4034 6214
452 218 549 282 911

1479 214 1840 275 EUTYCIIll
1888 213 2019 273 ALE

2120 214 2423 279 ιΝῡΒιΝι
2468 215 2685 275 ΡλΤΙὶ.
3583 218 3694 277 ΜΞ

453 343 627 383 tiones
682 343 828 391 suas,
883 336 1159 398 acceptant
1238 325 1457 379 habuit‘
1491 326 1629 379 Deus
1690 323 2101 385 oblationem},
2132 326 2306 378 sancti
2343 326 2799 388 conscendentes.
2861 324 3017 393 proni
3065 323 3232 379 Deum
3285 324 3606 390 adorabunt,
3644 340 3701 379 et

452 418 663 486 Abelis,
689 434 797 475 non
830 430 1006 475 autem
1042 420 1226 471 Kaini.
1257 418 1442 483 Quare
1492 415 1663 484 magis
1695 416 1748 468 in
1795 415 2016 469 Abeletit

452 512 533 567 ira
558 524 611 569 et
637 520 773 568 testu
806 519 1119 567 commotus
1150 510 1305 571 Kain,
1329 508 1520 561 invidit
1541 506 1695 561 fratri
1724 520 2019 572 suo,cum-

448 622 558 676 que
582 605 649 660 de
679 614 863 669 monte
890 601 1326 666 descendissent,
1362 600 1414 652 in
1446 600 1625 668 ipsum
1663 598 1905 660 irruens,
1956 610 2020 651 ac

451 694 630 765 lapide
660 702 824 762 caput
850 686 968 759 ejus
1000 690 1223 753 feriens,
1260 689 1437 758 ipsum
1468 685 1764 763 interfecit.
1790 690 2019 742 Summa

451 802 582 856 ergo
614 799 846 839 maerore
886 782 1059 837 affecti
1093 781 1261 836 Adam
1308 791 1362 835 et
1410 780 1521 835 Eva
1566 790 1785 834 centum
1847 794 2021 833 annos

450 880 667 934 Abelem
697 879 971 948 lugebant.
1004 876 1279 931 Maledixit
1331 884 1511 930 autem
1546 874 1690 929 Deus
1741 873 1918 927 Kaino
1967 880 2022 927 et

451 972 625 1027 Solloli
656 971 863 1040 ipsius;
913 969 1127 1038 fuitque
1157 969 1298 1021 Kain
1361 966 1609 1035 pavidus,
1661 964 1905 1032 trepidus
1958 977 2022 1016 ac

450 1061 798 1117 errabundus
826 1061 1083 1115 omnibus
1111 1060 1231 1113 vitae
1278 1073 1390 1113 suae
1418 1057 1641 1111 diebus.
1694 1055 1765 1108 Et
1814 1054 2021 1124 expulit

454 1156 631 1225 ipsum
655 1153 819 1216 Deus,
840 1155 966 1208 dum
989 1152 1168 1206 adhuc
1190 1150 1384 1205 caelebs
1408 1157 1575 1213 esset,
1604 1149 1654 1201 in
1704 1145 2022 1217 (regionem)

452 1251 594 1335 Nud
626 1246 779 1317 Cepit
814 1262 943 1316 ergo
969 1246 1106 1299 Kaiu
1137 1259 1321 1300 secum
1352 1258 1599 1297 sororem
1638 1256 1792 1297 suam
1834 1240 2016 1292 Azrun

453 1332 635 1411 ibique
665 1339 946 1394 habitavit.
986 1336 1117 1390 inde
1148 1349 1445 1405 congresso
1476 1333 1685 1387 Adamo
1731 1346 1851 1386 cum
1890 1332 2020 1395 Eva,

452 1432 703 1502 concepit
727 1430 839 1493 illa,
874 1444 998 1484 cum
1028 1427 1237 1482 Adamo
1276 1427 1404 1480 anni
1445 1435 1627 1480 essent
1658 1422 1880 1477 ducenti
1926 1422 2024 1475 tri-

457 1527 630 1595 ginta,
663 1522 981 1592 peperitque
1018 1535 1245 1590 puerum
1278 1534 1433 1588 quem
1466 1515 1687 1591 §ethum
1712 1512 2021 1585 appellavit.

449 1616 685 1687 Fuitque
714 1615 846 1670 Seth
875 1614 1101 1685 pulchra
1120 1611 1290 1689 facie,
1328 1598 1506 1673 fartis,
1547 1616 1757 1662 statura
1782 1604 2021 1676 perfecta

450 1710 628 1764 instar
659 1707 831 1777 patris
888 1705 995 1769 sui,
1037 1705 1260 1773 ipseque
1295 1710 1445 1770 pater
1475 1699 1750 1770 gigantum
1778 1698 1868 1767 qui
1899 1705 2023 1753 ante

451 1802 708 1855 diluvium
741 1796 983 1851 fuerunt.
1012 1794 1147 1862 17-
1166 1790 1271 1861 19
1295 1790 1543 1859 Cumque
1572 1787 1743 1844 Setho
1780 1789 2022 1867 dedisset

450 1894 622 1946 Adam
648 1893 701 1945 in
738 1902 965 1944 uxorem
1020 1885 1235 1946 Owain,
1294 1882 1477 1937 Abelis
1536 1896 1827 1945 sororem;
1862 1891 2021 1935 natus

450 1993 533 2038 est
553 1983 656 2053 ipsi
681 1997 744 2035 ex
780 1980 868 2033 illa
901 1978 1119 2043 Enosh;
1148 1983 1413 2045 natusque
1442 1987 1525 2029 est
1548 1971 2019 2038 Enosho,Kainan,

449 2089 551 2129 nec
582 2088 689 2127 non
726 2072 932 2124 Adamo
972 2066 1313 2135 postmodum
1367 2065 1521 2119 liberi
1578 2065 1911 2133 complures.

522 2162 767 2217 Adatnus
787 2169 966 2223 antea,
994 2157 1473 2227 appropinquante
1491 2157 1600 2223 jam
1626 2163 1800 2208 morte
1826 2154 2018 2222 ipsius,

452 2252 773 2312 convocatis
830 2251 946 2306 filio
997 2264 1099 2305 suo
1156 2246 1366 2312 Setho,
1428 2246 1694 2316 Sethique
1758 2245 2017 2309 Enosho,

453 2345 655 2402 Euoshi
679 2342 956 2405 Kainano,
988 2348 1042 2395 et
1075 2338 1307 2394 Kainani
1346 2338 1678 2401 Mahlaliele,
1746 2339 2017 2406 praecepit,

452 2441 643 2495 dicens
695 2433 991 2507 ipsis:Sit
1046 2435 1154 2487 hoc
1208 2432 1523 2489 mandatqu
1573 2431 1832 2485 omnibus
1894 2431 2019 2485 filiis

449 2528 671 2584 vestris.
710 2526 809 2582 Ubi
845 2533 1093 2578 mortuus
1124 2520 1302 2587 fuero,
1336 2533 1540 2589 corpus
1570 2533 1748 2572 meum
1774 2515 2018 2587 myrrha,

454 2624 615 2674 thure
662 2624 716 2673 et
766 2615 944 2672 cassia
998 2613 1287 2669 conditum
1349 2610 1597 2680 reponite
1649 2609 1707 2663 in
1760 2608 2018 2677 spelunca

451 2711 692 2765 Alcanuz
727 2723 745 2762 :
780 2717 836 2763 ct
867 2706 1182 2776 quicunque
1236 2700 1399 2757 fuerit
1450 2714 1481 2756 e
1530 2700 1656 2755 tiliis
1701 2699 1899 2754 vestris
1954 2713 2019 2753 eo

454 2811 696 2871 tempore
725 2814 849 2855 cum
877 2813 907 2852 e
946 2794 1201 2852 confiniis
1249 2792 1489 2863 paradisi
1524 2790 1831 2846 abeundum
1865 2790 2017 2845 vobis

452 2893 548 2955 sit,
576 2904 779 2959 corpus
819 2901 1000 2942 meum
1026 2898 1211 2940 secum
1247 2882 1522 2937 sublatum
1556 2889 1722 2951 ponat
1752 2880 1809 2934 in
1834 2879 2014 2934 media

452 2997 633 3049 terrae,
658 2981 917 3051 quoniam
949 2977 1077 3034 inde
1101 2976 1287 3031 futura
1313 2983 1398 3030 est
1430 2975 1582 3029 salus
1607 2988 1747 3036 mea,
1783 2980 1836 3027 et
1865 2971 2016 3026 salus

454 3074 696 3130 omnium
752 3071 984 3126 filiorum
1060 3082 1334 3125 meorum.
1396 3065 1594 3122 Totum
1663 3072 1842 3120 autem
1895 3064 2020 3119 vitae

451 3167 644 3223 Adami
684 3164 917 3235 spatium
951 3167 1070 3217 erat
1122 3167 1521 3231 nongentarum
1574 3155 1795 3225 triginta
1844 3168 2019 3209 anno-

454 3274 598 3323 rum,
658 3271 723 3311 ac
768 3264 1016 3310 mortuus
1070 3261 1154 3308 est
1187 3251 1275 3307 die
1309 3250 1560 3315 Veneris,
1628 3250 1759 3305 luna
1811 3246 2020 3305 decima

453 3355 673 3422 quarta,
703 3353 856 3405 sexta
889 3343 1056 3403 Nisau
1090 3343 1205 3415 (qui
1237 3354 1323 3400 est
1346 3342 1683 3413 Barmudah)
1715 3342 1849 3395 hora
1877 3353 2019 3394 nona

452 3444 561 3501 diei
581 3440 965 3511 Veneris;qua
994 3438 1156 3492 etiam
1185 3435 1318 3489 hora
1344 3449 1375 3488 e
1405 3432 1657 3502 paradiso
1692 3431 1880 3499 pulsus
1908 3436 2015 3483 est.

456 3533 732 3588 Mortuum
791 3543 923 3599 ergo
977 3526 1249 3581 Adamum
1306 3524 1578 3594 pollinxit,
1630 3522 1783 3591 juxta
1849 3522 2021 3592 ipsius

456 3622 797 3686 mandatum,
857 3618 1003 3672 filius
1056 3616 1177 3685 ejus
1228 3614 1385 3681 Seth,
1436 3628 1747 3683 corpusque
1795 3612 1917 3677 ejus
1952 3612 2020 3667 ad

457 3711 734 3781 fastigium
781 3707 989 3763 montis
1027 3707 1307 3762 sublatum
1364 3706 1418 3759 in
1471 3704 1727 3775 spelunca
1779 3702 2021 3758 Alcanuz

456 3802 708 3873 sepelivit
755 3818 769 3855 :
830 3799 1125 3870 ipsumque
1182 3808 1400 3854 centum
1465 3795 1827 3867 quadraginta
1905 3796 2023 3851 dies

455 3895 805 3963 planxerunt.

526 3985 717 4050 Setho,
764 3996 890 4038 cum
941 3979 1307 4036 ducentorum
1366 3986 1422 4033 et
1468 3976 1711 4048 quinque
1752 3990 2020 4032 annorum

457 4082 625 4141 esset,
661 4084 822 4129 natus
851 4081 936 4127 est
962 4071 1164 4125 Enosh.
1195 4068 1328 4123 Post
1358 4076 1590 4125 mortem
1618 4077 1798 4123 autem
1825 4068 2020 4121 Adami

456 4167 717 4221 subduxit
746 4180 806 4221 se
833 4164 1038 4218 familia
1064 4160 1219 4216 Sethi
1250 4175 1280 4214 a
1311 4158 1519 4213 familia
1540 4157 1698 4212 Kaini
1725 4156 2021 4212 maledicti.

460 4260 796 4328 Sctlterga,
856 4255 1161 4324 assumptis
1222 4266 1411 4307 secum
1489 4250 1600 4304 filio
1660 4249 2023 4320 primogenita

2122 432 2326 485 corpus
2369 417 2559 468 Adami
2597 417 2867 486 (visendo)
2897 416 3335 471 benedictionem
3376 418 3695 486 captabant.

2120 508 2371 577 Cumque
2427 506 2541 573 jam
2586 509 3046 577 appropinquaret
3100 507 3251 560 Sethi
3315 523 3485 573 mors,
3552 511 3698 565 ﬁlios

2122 614 2254 653 suos
2290 614 2388 669 per
2420 598 2607 653 Abelis
2638 600 2961 667 sanguinem
2997 598 3291 667 adjnravit,
3333 599 3604 653 neminem
3631 616 3697 653 ex

2122 693 2257 761 ipsis
2287 692 2355 745 de
2394 700 2579 745 monte
2604 691 2710 746 ista
2754 700 2948 745 sancto
2974 690 3392 751 descensurum,
3444 707 3543 745 nec
3571 709 3699 757 per-

2121 784 2391 839 missuros
2440 797 2500 838 se
2549 791 2607 837 ut
2643 784 2914 853 quispiam
2955 798 2985 837 e
3022 783 3210 836 liberis
3259 782 3372 838 suis
3411 784 3475 835 ad
3524 782 3701 837 Kaino

2121 876 2412 931 maledicto
2462 886 2761 947 prognatos
2806 878 3090 946 migraret.
3136 874 3334 929 Totqu
3368 891 3499 944 ergo
3546 878 3696 945 quod

2121 966 2256 1019 vixit
2288 965 2489 1022 Scthus
2524 977 2645 1021 erat
2696 982 2968 1021 annormn
3027 977 3430 1035 nongentarum
3462 976 3515 1019 et
3556 967 3699 1019 duo-

2120 1060 2323 1113 decim.
2382 1060 2624 1121 Enosho,
2683 1075 2807 1113 cmn
2857 1076 3127 1113 annorum
3164 1067 3326 1114 esset
3372 1070 3589 1113 centum
3639 1069 3696 1112 et

2121 1153 2442 1222 nonaginta,
2478 1161 2639 1206 natus
2663 1161 2748 1206 est
2792 1150 3044 1214 Kainan;
3089 1152 3247 1221 cujus
3287 1162 3532 1220 tempore
3568 1167 3699 1205 con-

2123 1244 2490 1297 ficiebantlilii
2546 1244 2703 1297 Kaini
2758 1244 3039 1297 maledicti
3100 1252 3375 1313 tympana,
3424 1244 3696 1313 cymbala,

2122 1337 2335 1391 barbita
2366 1346 2420 1391 et
2473 1338 2841 1390 instrumenta
2887 1335 3121 1400 musica,
3176 1335 3450 1404 primique
3489 1335 3695 1389 ferruut

2121 1436 2276 1482 ctaes
2300 1428 2683 1491 elaborabant,
2734 1441 2962 1496 qumque
3011 1442 3075 1481 ex
3132 1427 3264 1495 ipsis
3321 1427 3691 1479 conficiuntur

2122 1521 2303 1575 omnia
2341 1519 2688 1575 tabernacula
2728 1518 2973 1589 21—23
2997 1521 3159 1572 etiam
3204 1521 3441 1572 fixerunt
3474 1520 3524 1570 in
3557 1518 3681 1586 qui-

2126 1614 2229 1667 bus
2258 1613 2535 1683 degerent.
2572 1611 2744 1665 Porro
2798 1628 2943 1666 anno
2994 1611 3118 1665 vita:
3172 1610 3379 1664 Euoshi
3429 1619 3699 1662 trecente-

2058 1680 2508 1761 Bsiuiooccisus
2561 1714 2645 1760 cst
2682 1704 2816 1758 Kain
2873 1684 3217 1764 male‘dictus.
3274 1703 3469 1757 Adami
3528 1702 3695 1765 filius.

2126 1798 2216 1865 qui
2264 1797 2488 1852 fratrem
2541 1814 2700 1851 suum
2760 1796 2983 1851 Ahelem
3044 1794 3340 1850 interfecit.
3417 1795 3699 1864 Septimus

2124 1889 2267 1943 enim
2294 1906 2323 1944 e
2357 1890 2596 1959 posteris
2647 1887 2829 1952 Kaini,
2865 1887 3083 1942 nomine
3110 1887 3365 1948 La’meth,
3396 1891 3485 1955 qui
3512 1896 3699 1955 pastor

2125 1980 2248 2044 fuit,
2288 1957 2509 2050 sagitta,
2563 1957 2726 2051 quam
2788 1982 2933 2034 inter
2983 1979 3280 2034 ludendqu
3330 1979 3486 2046 jeeit.
3531 1979 3701 2032 corde

2122 2075 2203 2126 avi
2232 2074 2313 2126 sui
2348 2072 2499 2125 Kaiui
2534 2073 2818 2136 transfixo,
2850 2074 3023 2140 ipsum
3059 2070 3364 2134 interfecit;
3402 2069 3537 2122 Kaizt
3584 2070 3701 2122 sci-

2124 2161 2249 2215 licet
2276 2162 2331 2215 in
2361 2176 2583 2215 nemore
2612 2161 3145 2231 circumvagabatur,
3194 2168 3382 2229 utpote
3427 2160 3516 2227 qui
3565 2173 3701 2210 cou-

2123 2262 2399 2309 sternatus
2428 2269 2536 2306 uno
2560 2254 2612 2306 in
2648 2253 2767 2307 loco
2800 2269 2904 2305 non
2940 2252 3287 2307 consisteret.
3339 2251 3585 2305 Mortuus
3615 2259 3699 2303 est

2120 2360 2248 2415 ergo
2280 2346 2417 2398 Kaiu
2452 2345 2781 2400 maledictus
2824 2360 2946 2397 cum
2997 2358 3172 2398 annos
3226 2342 3601 2412 septingentos
3641 2350 3700 2393 et

2122 2438 2341 2508 triginta
2373 2439 2620 2492 vixisset.
2656 2436 2852 2491 Tutum
2900 2447 3079 2489 autem
3128 2434 3255 2489 vita:
3307 2434 3511 2487 Enoshi
3564 2448 3699 2501 spa-

2122 2527 2256 2581 tium
2321 2536 2437 2580 crat
2503 2543 2769 2583 annorum
2829 2535 3225 2597 nongentarum
3302 2536 3355 2581 ct
3430 2527 3695 2595 quinque.

2120 2619 2369 2673 Kainano
2414 2634 2541 2673 vero
2572 2634 2694 2672 cum
2746 2634 3013 2671 annorum
3048 2628 3193 2672 esset
3241 2625 3461 2670 ccntmn
3510 2624 3565 2669 et
3610 2630 3703 2670 se-

2127 2711 2433 2781 ptuagiuta,
2460 2721 2618 2763 natus
2647 2719 2727 2764 est
2753 2709 3038 2764 Maltlaliel.
3069 2709 3283 2763 liainan
3315 2723 3467 2778 ergo,
3500 2721 3702 2776 appro-

2120 2809 2420 2875 pinquante
2443 2802 2554 2872 jam
2588 2813 2784 2866 morte,
2811 2803 3138 2856 accersitum
3189 2801 3546 2855 Mahlalieletn
3599 2798 3701 2852 ad-

2117 2896 2323 2966 juravit
2357 2910 2451 2965 per
2484 2894 2671 2948 Abelis
2720 2893 3070 2964 sanguinem,
3127 2908 3234 2947 non
3287 2892 3694 2963 permissurum

2042 3007 2087 3071 ο
2121 3003 2181 3044 se
2206 2998 2261 3043 ut
2291 3002 2331 3067 er
2354 2986 2548 3042 liberis
2574 2986 2687 3041 suis
2714 2986 3012 3057 quispiam,
3063 2986 3130 3041 de
3182 2996 3362 3039 monte
3412 2984 3479 3037 ad
3527 2982 3696 3036 Kaini

2123 3066 2396 3132 maledicti
2477 3084 2727 3147 posteros
2827 3075 3206 3132 descenderet.
3307 3074 3438 3127 'l‘ota
3512 3083 3696 3128 autem

2122 3167 2355 3223 Kainani
2425 3176 2558 3224 aetas
2615 3183 2886 3222 annorum
2979 3178 3096 3223 erat
3177 3178 3573 3236 nongentarum
3641 3174 3699 3219 et

2126 3262 2334 3317 decem.
2363 3258 2659 3316 Mahlalieli
2687 3260 2799 3331 jam
2829 3275 3100 3315 annorum
3126 3267 3347 3312 centum
3408 3258 3695 3327 sexaginta

2120 3351 2361 3421 quinque
2395 3361 2558 3406 natus
2590 3360 2675 3406 est
2721 3350 2905 3418 Jared,
2974 3363 3224 3420 annoque
3262 3349 3557 3405 centesimo
3603 3349 3698 3400 tri-

2121 3439 2326 3493 cesimo
2346 3439 2541 3510 quinto
2555 3441 2731 3495 reti-itis
2754 3439 3096 3502 Mahlalielis,
3123 3448 3365 3495 mortuus
3382 3450 3463 3494 est
3485 3437 3693 3491 Kaiuan

2121 3543 2174 3586 et
2204 3533 2453 3601 sepultus
2505 3531 2558 3586 in
2608 3531 2868 3602 spelunca
2926 3529 3134 3586 Canuz.
3188 3529 3458 3584 Mahlaliel
3509 3536 3688 3581 autem

2122 3624 2598 3693 appropinquante
2619 3622 2731 3693 jam
2772 3631 2947 3676 morte
2976 3623 3150 3692 ipsius
3180 3622 3352 3675 tilium
3410 3635 3566 3674 suutu
3596 3615 3695 3670 Ja-

2126 3715 2317 3768 rednm
2357 3716 2682 3770 accersitum
2714 3729 2809 3785 per
2833 3715 3151 3784 sanguinem
3188 3713 3371 3767 Abelis
3398 3711 3696 3780 adjuravit,

2123 3822 2193 3861 ne
2223 3808 2567 3875 permitteret
2590 3817 2649 3861 ut
2679 3821 2708 3861 ε
2735 3806 2881 3861 natis
2908 3806 3080 3876 ipsius
3109 3805 3382 3875 quispiam
3413 3805 3480 3859 de
3512 3812 3699 3858 mante

2123 3898 2189 3950 ad
2223 3909 2469 3965 posteros
2501 3896 2659 3951 Kaini
2688 3898 2958 3952 maledicti
2984 3897 3271 3950 homicida:
3313 3896 3697 3950 descenderet.

2124 3984 2320 4039 Totum
2347 4001 2476 4057 ergo
2508 3988 2651 4055 quod
2688 3986 2821 4040 vixit
2847 3985 2957 4057 24
2984 3985 3281 4050 Mahlaliel,
3316 3985 3550 4053 spatium
3596 3999 3701 4035 an-

2125 4091 2321 4130 norum
2370 4088 2487 4132 erat
2555 4078 3001 4148 octingentorum
3056 4076 3351 4148 nonaginta
3430 4077 3699 4144 quinque.

2121 4163 2346 4229 Jaredo,
2404 4182 2529 4220 cum
2588 4181 2858 4221 annorum
2933 4175 3082 4222 esset
3134 4180 3352 4221 centum
3412 4168 3702 4234 sexaginta

2124 4258 2381 4322 duorum,
2413 4268 2573 4313 natus
2593 4270 2677 4314 est
2712 4259 2918 4313 Enoch.
2946 4256 3104 4324 Quod
3143 4258 3209 4312 ad
3237 4264 3484 4328 posteros
3512 4266 3696 4310 autem

458 4351 704 4411 linoslto,
755 4357 807 4403 et
865 4332 1114 4399 Kaittiano
1174 4342 1381 4397 Eltoslli
1444 4342 1553 4397 ﬁlio
1610 4350 1665 4396 ει
1716 4340 2019 4395 Mahlitliele
2052 4348 2279 4412 DKaini
2310 4350 2615 4412 homicidae,
2652 4349 3050 4404 adhinnicbant
3092 4351 3190 4403 viri
3238 4348 3557 4402 mulieribus
3611 4338 3704 4400 in-

457 4440 720 4504 Kainani,
752 4453 857 4492 una
889 4437 997 4506 20
1020 4451 1143 4489 cum
1168 4434 1430 4488 uxoribus
1459 4441 1513 4489 et
1542 4422 2019 4501 liberisipsorum,

457 4532 694 4587 traduxit
751 4531 803 4583 in
867 4529 1067 4581 montis
1120 4527 1423 4597 fastigium,
1479 4525 1573 4580 ubi
1630 4525 1879 4594 sepultus
1940 4532 2023 4579 est

454 4624 648 4686 Adam,
686 4619 823 4674 Ka’m
855 4632 1004 4684 vero,
1041 4633 1340 4687 omnesque
1373 4618 1544 4687 ipsius
1585 4615 1679 4671 ﬁlii
1712 4616 1848 4671 infra
1885 4616 2020 4672 sub-

456 4714 714 4767 stiterunt
751 4710 804 4765 in
834 4708 973 4766 valle
1007 4709 1100 4764 ubi
1136 4710 1354 4764 occisus
1384 4716 1470 4763 est
1509 4708 1663 4764 Abel.

525 4805 826 4861 Coluerunt
869 4812 1052 4857 autem
1081 4801 1176 4855 lilii
1216 4799 1365 4855 Sethi
1406 4802 1462 4853 in
1499 4801 1602 4855 ista
1639 4808 1821 4855 monte
1865 4800 2019 4870 puri-

457 4907 624 4953 tatem
660 4904 713 4953 et
752 4895 1195 4957 sanctimoniam,
1223 4908 1408 4949 vocem
1452 4893 1791 4963 angelorum,
1828 4910 1856 4946 a
1891 4894 2012 4963 qui-

457 4991 562 5045 bus
598 5003 770 5060 prope
794 4986 1044 5051 aberant,
1073 4983 1384 5046 audientes,
1437 4998 1657 5053 unaque
1707 4998 1832 5037 cum
1886 4984 2023 5052 ipsis

460 5084 626 5139 Deum
666 5081 949 5136 laudantes
984 5086 1039 5132 et
1066 5076 1446 5141 celebrantes;
1479 5076 1850 5145 appellatique
1895 5085 2023 5129 sunt

458 5178 559 5247 ipsi
593 5191 715 5229 cum
753 5171 1017 5227 uxoribus
1060 5177 1114 5224 et
1141 5168 1330 5223 liberis
1364 5170 1505 5233 suis,
1533 5169 1624 5221 lilii
1674 5168 1789 5223 Dei.
1834 5167 2024 5237 Neque

457 5273 572 5319 erat
605 5266 735 5334 ipsis
764 5262 1060 5330 apiticium,
1114 5272 1216 5311 nec
1265 5271 1445 5327 seges,
1496 5272 1597 5311 nec
1644 5258 1882 5322 messis;
1916 5258 2009 5311 sed

456 5360 659 5411 victum
725 5352 1038 5425 praebebant
1100 5348 1359 5403 arborum
1392 5350 1653 5404 fructus:
1716 5362 1817 5401 nec
1879 5348 2019 5400 nllus

460 5448 600 5515 apud
653 5450 801 5517 ipsos
860 5444 1012 5498 locus
1067 5440 1305 5512 invidiae,
1358 5439 1664 5509 injustitiae,
1719 5449 1815 5493 aut
1869 5455 2020 5492 men-

462 5541 653 5600 dacia;
684 5541 1059 5606 juratnentum
1091 5536 1334 5605 ipsorqu
1368 5542 1522 5586 erat:
1557 5531 1698 5595 Non,
1754 5547 1848 5600 per
1895 5546 2023 5585 san-

466 5628 678 5691 guinem
726 5627 898 5679 Abeli.
941 5628 1196 5691 Quotidie
1248 5635 1427 5679 autem
1480 5625 1753 5695 fastigium
1814 5627 2018 5693 montis

2126 4454 2242 4497 Star
2288 4457 2578 4511 equarum,
2629 4442 2937 4512 eodemque
2991 4443 3151 4496 modo
3207 4443 3415 4510 absque
3488 4440 3705 4510 pudore

2126 4533 2256 4585 viris
2284 4530 2519 4596 femiuaa,
2548 4540 2871 4594 scortantcs,
2909 4531 3118 4599 aliique
3162 4544 3286 4583 cum
3335 4528 3459 4582 aliis
3515 4526 3698 4595 turpia

2124 4630 2425 4693 patrantes,
2482 4623 2771 4692 palamque
2825 4620 3267 4691 congredientes,
3317 4619 3507 4674 eadem
3566 4632 3699 4671 cum

2126 4713 2324 4768 femina
2374 4712 2507 4767 viris
2545 4712 2762 4767 duobus
2801 4722 2896 4765 aut
2947 4712 3125 4766 tribus
3186 4724 3299 4762 rem
3334 4709 3697 4774 habentibus,

2124 4812 2387 4872 erantque
2414 4802 2913 4869 vetulaejuvenibus
2963 4803 3294 4866 salaciores;
3351 4810 3533 4870 patres
3566 4816 3698 4855 cum

2126 4893 2361 4956 filiabus,
2415 4894 2647 4963 juvenes
2675 4908 2798 4948 cum
2848 4896 3118 4949 matribus
3178 4894 3296 4950 suis
3332 4909 3529 4948 venere
3568 4906 3700 4960 pro-

2126 4983 2336 5039 miscua
2380 4985 2690 5051 utebantur,
2725 4984 2863 5040 adeo
2897 4994 2958 5039 ut
2990 5002 3093 5042 nec
3123 4985 3280 5039 liberi
3328 4994 3510 5054 patres
3548 4998 3687 5037 suos

2127 5090 2228 5129 nec
2261 5085 2447 5144 patres
2480 5077 2688 5133 liberos
2720 5078 3130 5147 dignoscerent,
3166 5078 3423 5133 omnibus
3475 5077 3700 5131 interim

2127 5166 2511 5222 instrumentis
2544 5170 2771 5222 musicis
2808 5171 3123 5236 utebantur,
3164 5172 3303 5227 adeo
3329 5180 3388 5226 ut
3435 5170 3702 5224 clamoris

2126 5267 2181 5312 et
2203 5260 2360 5315 lusus
2390 5260 2628 5329 ipsorum
2654 5274 2825 5315 sonus
2858 5262 2927 5315 ad
2958 5262 3231 5333 fastigium
3263 5263 3463 5317 montis
3512 5262 3700 5316 sancti

2125 5356 2663 5421 ascenderet;quem
2716 5368 2838 5407 cum
2885 5354 3227 5410 audivissent
3272 5354 3420 5409 Sethi
3462 5354 3692 5425 posteri,

2123 5456 2501 5499 convenerunt
2544 5461 2608 5498 ex
2660 5445 2793 5515 ipsis
2819 5454 3038 5502 centum
3081 5448 3180 5500 viri
3228 5458 3285 5501 ut
3321 5463 3350 5502 e
3388 5455 3567 5500 monte
3619 5449 3691 5501 ad

2124 5546 2373 5603 posteros
2403 5535 2562 5591 Kaini
2602 5538 2875 5593 maledicti
2896 5539 3326 5604 .descendereut,
3361 5555 3498 5609 quos
3534 5540 3698 5606 jura-

2127 5612 2308 5679 men‘to
2345 5643 2438 5696 per
2464 5630 2786 5698 sanguinem
2841 5630 3028 5685 Abelis
3071 5632 3448 5687 oltStrinxerat
3498 5630 3693 5693 Jared,
