4034 6214
320 378 355 442 9
370 381 430 440 lii

1779 387 2156 450 ANNALES.

3491 409 3596 474 t'li

317 513 387 551 ne
427 497 495 551 de
542 507 728 553 monte
783 511 978 557 sancto
1039 504 1462 561 descenderent.
1528 505 1638 578 Ipsi
1701 515 1906 567 tamen,
1941 501 1986 558 Λ
2019 501 2246 557 Sabbati
2279 507 2563 563 occidente
2608 511 2719 582 jam
2753 513 2891 578 sole,
2932 515 3096 570 tertio
3126 513 3346 573 Tishriu
3375 523 3596 589 prieris.

313 592 524 645 dictum
555 593 680 658 ejus
705 593 842 648 nihil
892 597 1111 662 morati,
1166 599 1620 667 descenderunt;
1667 616 1906 672 cumque

313 685 741 740 descendissent
771 686 909 745 ﬁlias
940 691 1106 746 Kaini
1135 692 1410 748 maledicti
1437 695 1622 764 specie
1642 695 1901 764 pulchras

313 787 366 832 ct
434 765 554 832 sine
607 780 816 849 pudore
878 783 1057 840 nudas
1123 787 1557 857 conspicientes,
1646 789 1904 858 cupidine

313 882 672 927 exarserunt:
700 889 796 928 eos
843 877 1094 932 similiter
1121 880 1524 949 conspicientes
1561 882 1722 937 Kaini
1758 884 1899 949 ﬁlim,

314 963 460 1014 viros
480 964 662 1032 Specie
684 965 936 1034 pulchra.
960 978 1169 1024 statura
1192 971 1460 1043 gigantea,
1483 974 1632 1043 ipsos
1655 973 1900 1031 ferarum

314 1049 493 1107 instar
562 1055 872 1112 insilientes
939 1074 1173 1122 corpora
1250 1077 1443 1117 eorum
1509 1065 1896 1134 inquinarunt,

312 1156 479 1216 atque
517 1149 588 1203 ita
625 1165 749 1205 cum
804 1151 1022 1209 ﬁliabus
1055 1153 1215 1211 Kaini
1259 1159 1562 1214 scortando
1615 1161 1901 1230 perierunt

313 1239 408 1293 ﬁlii
466 1239 642 1296 Sethi.
686 1241 1019 1313 Peperernnt
1053 1257 1233 1304 autem
1265 1250 1515 1323 25-27
1563 1252 1683 1307 ﬁlia:
1740 1253 1897 1309 Kaini

312 1331 584 1386 maledicti
636 1333 969 1423 ﬁliis.Sethi
1035 1339 1304 1408 gigantes.
1357 1342 1416 1397 In
1455 1343 1572 1411 lege
1621 1345 1895 1413 siquidem

312 1427 388 1479 ait
425 1443 438 1479 :
483 1425 653 1482 Filias
693 1429 789 1484 Dei
817 1431 973 1499 (Bani
1009 1432 1220 1488 Elohim
1257 1436 1580 1506 appellatos)
1631 1455 1747 1492 cum
1774 1455 1896 1492 con-

313 1520 607 1585 spexissent
632 1522 776 1589 ﬁlias
796 1522 961 1578 Kaini
985 1527 1260 1595 pulchras.
1286 1529 1356 1582 ad
1375 1531 1520 1598 ipsas
1545 1531 1895 1598 descendisse,

313 1623 469 1681 atque
499 1631 563 1667 ea:
596 1616 722 1684 ipsis
755 1630 1045 1688 prognatos
1079 1623 1316 1691 gigantes
1342 1626 1386 1677 ¹.

384 1706 488 1772 Qui
547 1717 728 1763 autem
781 1722 991 1775 errant,
1025 1729 1202 1783 neque
1253 1715 1440 1771 sciunt
1486 1717 1618 1787 quid
1683 1718 1894 1781 dicant.

313 1799 470 1851 aiunt
497 1801 722 1870 angelos
749 1801 1105 1859 descendisse
1136 1807 1201 1859 ad
1249 1807 1388 1863 ﬁlias
1419 1808 1731 1872 hominum.
1763 1827 1887 1865 cum

314 1892 700 1965 (intelligendi)
747 1896 859 1951 sint
914 1897 1008 1951 ﬁlii
1062 1897 1216 1954 Setbi
1253 1901 1346 1969 qui
1407 1917 1434 1954 a
1480 1911 1664 1958 monte
1697 1913 1892 1959 sancto

312 1985 378 2039 ad
438 1985 575 2039 ﬁlias
600 1986 758 2042 Kaini
813 1990 1086 2046 maledicti
1135 1994 1566 2050 descenderunt.
1622 1995 1896 2051 Sethiada:

311 2078 458 2132 enim
493 2080 563 2132 ob
590 2081 939 2137 sanctitatem
975 2100 1158 2148 suam.
1187 2094 1240 2141 et
1273 2089 1418 2155 quod
1471 2099 1712 2144 montem
1761 2106 1894 2146 san-

310 2181 460 2226 ctum
513 2173 840 2235 incolerent.
891 2178 1146 2246 appellati
1201 2190 1332 2234 sunt
1379 2179 1520 2235 Boni
1571 2183 1801 2244 Elohim,
1841 2183 1894 2236 id

312 2277 416 2329 est,
455 2263 588 2320 Filii
670 2266 784 2323 Dei.
821 2269 1018 2324 Errant
1074 2286 1224 2340 ergo.
1274 2273 1370 2340 qui
1433 2273 1622 2330 dicunt
1671 2277 1897 2346 angelos

312 2357 668 2414 descendisse
702 2359 769 2414 ad
823 2359 964 2416 ﬁlias
1025 2361 1335 2429 hominum,
1398 2381 1523 2421 cum
1584 2369 1895 2423 substantia

313 2450 634 2520 angelorum
670 2452 984 2507 substantia
1035 2454 1267 2523 simplex
1328 2456 1418 2518 sit.
1477 2472 1578 2511 nec
1622 2467 1900 2528 competat.

317 2553 533 2597 natura:
569 2543 813 2614 ipsorum
865 2545 1082 2601 veneris
1118 2562 1272 2610 usus,
1313 2547 1481 2603 homo
1527 2558 1706 2604 autem
1770 2551 1898 2605 sub-

315 2636 530 2689 stantire
582 2637 901 2706 composita:
961 2641 1051 2700 sit.
1099 2640 1258 2706 cuius
1320 2649 1532 2696 natum
1587 2642 1709 2711 ejus
1762 2659 1898 2700 usus

315 2735 609 2794 competat,
659 2729 976 2798 pariterque
1013 2733 1199 2788 omnia
1253 2734 1577 2789 animantia.
1631 2735 1789 2800 Quod
1842 2736 1886 2790 si

316 2819 493 2887 angeli
545 2818 694 2889 (cum
747 2821 1094 2888 mulieribus)
1140 2825 1633 2894 congrederentur,
1695 2826 1898 2881 nullam

316 2910 528 2978 uspiam
556 2927 586 2966 e
619 2911 835 2968 liliahns
878 2916 1160 2970 hominum
1194 2917 1489 2986 virginem,
1522 2920 1900 2990 incorruptam

317 3005 688 3075 reliquissent.
717 3007 854 3062 Cum
886 3017 1073 3065 autem
1125 3012 1328 3066 vellent
1367 3013 1458 3067 lilii
1496 3012 1672 3078 Sethi,
1737 3015 1829 3085 qui
1872 3031 1903 3070 e

318 3107 502 3152 monte
528 3099 596 3152 ad
645 3100 786 3155 ﬁlias
831 3099 990 3156 Kaini
1047 3104 1325 3158 maledicti
1381 3105 1806 3169 descenderant.
1847 3111 1899 3164 in

2014 598 2108 668 qui
2141 598 2282 654 idem
2306 611 2393 657 est
2423 620 2485 658 ac
2517 603 2724 674 Babah,
2759 623 2882 661 cum
2934 608 3164 665 vixisset
3199 626 3379 669 autios
3423 617 3599 686 quin-

2013 703 2121 757 que
2182 692 2322 746 ultra
2365 707 2674 765 nongentos
2727 719 2740 754 :
2798 717 2961 771 quem
3012 705 3260 774 myrrha,
3307 707 3488 775 thure,
3543 719 3598 765 et

2014 784 2189 839 cassia
2221 786 2540 855 pollinctum
2592 794 2808 862 sepeliit
2838 796 2982 853 ﬁlius
3033 798 3208 867 ipsius
3259 801 3478 857 Kainan
3541 805 3597 860 in

2014 873 2272 939 Spelunca
2304 873 2548 932 Alcanuz
2584 895 2598 932 :
2637 881 3082 956 planxeruntque
3130 888 3311 958 ipsum
3359 894 3600 961 quadra-

2013 961 2162 1030 ginta
2247 965 2384 1020 dies.
2461 968 2738 1028 Lamecito
2823 978 3033 1032 exactis
3109 981 3270 1036 annis
3375 994 3595 1039 centum

2011 1054 2290 1121 octoginta
2351 1057 2590 1125 duobus,
2655 1071 2818 1120 natus
2858 1073 2943 1120 est
2979 1067 3169 1133 Noah;
3225 1079 3398 1126 totum
3467 1090 3599 1144 ergo

2011 1144 2122 1214 29
2156 1145 2258 1216 31
2318 1151 2462 1216 quod
2496 1152 2630 1207 vixit
2680 1153 2990 1216 Lamecbtts
3032 1162 3272 1230 spatium
3324 1180 3596 1224 annorum

2013 1234 2114 1288 fuit
2183 1243 2656 1311 septingentorum
2711 1251 3056 1320 septuaginta
3129 1238 3336 1324 septeu't
3393 1273 3407 1310 :

2011 1514 2171 1570 Edris
2201 1522 2442 1590 vocant),
2487 1525 2795 1598 habuitque
2832 1532 3109 1600 Enochus,
3147 1536 3370 1604 quando
3414 1537 3594 1608 ipsum

2007 1606 2074 1660 ad
2104 1623 2162 1662 se
2191 1613 2395 1682 recepit
2430 1615 2717 1681 Dominus.
2745 1637 2923 1679 annos
2956 1636 3266 1682 tercentum
3311 1629 3596 1700 sexaginta

2007 1700 2270 1770 quinque.
2306 1702 2648 1778 Sublatoque
2676 1712 2791 1781 jam
2827 1713 3080 1783 Enocho,
3117 1719 3275 1774 Kaini
3321 1721 3596 1776 maledicti

2009 1794 2236 1858 posteri,
2270 1812 2395 1852 cum
2435 1800 2541 1855 illis
2580 1802 2732 1859 Sethi
2772 1805 2896 1862 ﬁliis
2928 1809 3020 1876 qui
3057 1810 3125 1864 ad
3180 1812 3333 1882 ipsos
3363 1813 3598 1869 descen-

1947 1867 1969 1920 ⁸
1997 1884 2211 1976 derant,
2243 1893 2624 1964 unusquisque
2647 1899 2791 1966 quod
2823 1899 2926 1969 ipsi
2946 1867 3215 1971 placeret;
3235 1914 3332 1960 aut
3447 1867 3596 1976 quod

1999 1971 2306 2047 inclinaret,
2331 1989 2803 2060 propenderetque
2827 1993 3049 2052 animus
3071 1995 3593 2072 ipsius,coluerunt.

2073 2074 2234 2130 Anno
2281 2087 2460 2134 autem
2528 2082 2651 2137 vita:
2703 2083 2973 2147 Lamechi
3010 2083 3358 2159 sexagesimo
3411 2093 3593 2160 primo

1999 2165 2138 2221 obiit
2173 2167 2413 2235 Kainan.
2447 2171 2537 2229 die
2559 2175 2821 2232 Mercurii
2857 2179 3006 2234 circa
3039 2181 3334 2238 meridiem
3371 2183 3590 2241 decimo

2000 2262 2167 2317 tertio
2226 2262 2517 2332 llazirani,
2556 2269 2760 2337 quiest
2816 2269 3077 2338 Baunab;
3127 2289 3288 2340 quem
3341 2276 3594 2347 myrrha.

2002 2355 2165 2412 thure.
2211 2366 2267 2417 et
2316 2359 2496 2414 cassia
2554 2361 2876 2435 pollinctum
2939 2365 3161 2435 sepeliit
3216 2367 3366 2424 lilius
3415 2368 3593 2440 ipsius

2001 2448 2276 2508 liablaliel
2336 2452 2388 2504 in
2445 2453 2709 2518 spelunca
2762 2455 3043 2520 Alcanuz;
3093 2458 3388 2530 ipsumque
3455 2477 3594 2534 qua-

2003 2540 2256 2612 draginta
2318 2543 2438 2600 dies
2461 2538 2834 2615 'planxerunt.
2870 2547 3130 2620 Vixitque
3171 2536 3382 2607 Kaiuan
3416 2567 3595 2628 annos

2002 2633 2194 2690 decem
2253 2635 2399 2692 ultra
2459 2648 2795 2708 nongentos.
2849 2639 3078 2708 Noaho,
3135 2659 3260 2699 cum
3320 2661 3592 2703 annorum

2003 2735 2151 2782 esset
2182 2728 2638 2799 quingentorum,
2679 2733 2792 2786 nati
2837 2744 2970 2790 sunt
3018 2743 3133 2792 tres
3181 2736 3300 2802 ﬁlii,
3356 2755 3592 2808 quorum

2006 2817 2270 2887 majorem
2321 2820 2614 2890 appellavit
2673 2823 2924 2889 Semum,
2975 2828 3282 2884 secundum
3334 2829 3593 2897 Hamum.

2007 2913 2231 2968 tertium
2271 2912 2588 2983 Japhetum.
2638 2915 2837 2971 Totum
2867 2925 3050 2976 autem
3103 2921 3228 2976 vita:
3270 2921 3422 2978 Noah
3462 2939 3595 2994 spas-

2008 3003 2143 3058 tium
2198 3005 2300 3060 fuit
2351 3021 2626 3084 aun‘orum
2678 3020 3088 3081 nongentorum
3129 3015 3596 3087 quinquaginta,

2010 3110 2264 3166 annoque
2292 3098 2578 3154 tricesimo
2610 3112 2812 3172 quarto
2842 3104 2970 3158 vitae
3001 3102 3177 3160 Noahi
3219 3107 3359 3166 obiit
3387 3107 3598 3163 Mahla-

320 3197 556 3243 montem
605 3199 858 3246 sanctum
921 3194 1259 3260 ascendere,
1324 3196 1454 3251 facti
1508 3208 1639 3254 sunt
1692 3199 1899 3270 lapides

2009 3189 2120 3251 liel,
2160 3190 2247 3244 die
2282 3191 2439 3254 solis.
2478 3191 2612 3247 hora
2649 3192 2756 3248 diei
2800 3195 2961 3249 tertia
3013 3206 3212 3260 exacto
3239 3196 3429 3254 Nisani
3463 3199 3596 3270 (qui

320 3281 525 3335 montis
580 3283 744 3354 ignis,
801 3286 875 3340 ita
914 3294 974 3340 ut
1024 3289 1184 3342 nullo
1224 3289 1388 3344 modo
1419 3300 1631 3360 pateret
1685 3292 1822 3362 ipsis
1855 3293 1909 3348 in

2018 3278 2158 3332 idem
2199 3290 2284 3336 est
2331 3297 2394 3334 ac
2435 3280 2784 3354 Barmudah)
2841 3285 3103 3352 secundo,
3131 3303 3292 3362 quem
3349 3290 3594 3361 myrrha.

317 3385 558 3432 momen,
596 3380 826 3437 manus.
869 3380 1073 3436 Deinde
1127 3391 1418 3452 οωρθι-ηηι
1467 3385 1558 3438 am
1597 3393 1721 3454 ροδι
1772 3387 1912 3442 alios
1986 3373 2178 3428 .tl.ure
2230 3384 2283 3426 et
2325 3375 2504 3429 cassia
2555 3374 2906 3444 pollinctum,
2960 3378 3176 3446 sepeliit
3228 3379 3372 3434 ﬁlius
3419 3381 3598 3450 ipsius

319 3472 385 3526 de
427 3481 614 3528 monte
665 3483 856 3530 sancto
905 3475 1243 3532 descendere
1288 3477 1356 3533 ad
1400 3477 1561 3532 Kaini
1624 3479 1907 3535 maledicti

319 3565 476 3620 ﬁlias.
506 3566 642 3620 Cum
680 3583 814 3637 ergo
846 3567 956 3637 jam
991 3571 1464 3640 appropinquaret
1493 3569 1678 3627 Jaredi
1729 3589 1902 3636 mors.

317 3661 640 3712 convocatis
685 3657 797 3712 ﬁlio
821 3675 922 3715 suo
962 3661 1213 3727 Enocho,
1268 3663 1478 3720 Enochi
1528 3664 1908 3722 Mathushalc-

317 3748 443 3814 rb,o,
485 3749 922 3808 Matbusbalechi
951 3755 1247 3818 Lamecho.
1282 3766 1337 3812 et
1378 3757 1638 3814 Lamecbi
1692 3759 1905 3824 Noalao.

315 3840 450 3894 dixit
488 3844 642 3915 :28
681 3845 882 3901 Cavete
939 3863 1006 3902 ne
1049 3850 1344 3903 descendat
1391 3857 1638 3904 vestrum
1676 3851 1801 3920 quis
1839 3850 1907 3906 de

317 3932 504 3985 monte
534 3935 635 3989 hoc
661 3944 877 3990 sancto.
912 3935 1035 3990 Filii
1084 3939 1231 3992 enim
1268 3939 1436 3995 vestri
1493 3940 1635 4010 lapsi
1685 3951 1815 3996 sunt
1853 3952 1908 3996 et

318 4023 630 4088 perierunt.
662 4026 800 4080 Novi
823 4035 1005 4081 autem
1035 4028 1202 4083 Deum
1231 4037 1506 4098 potentem
1534 4030 1901 4100 etgloriosum

319 4128 428 4166 non
460 4115 782 4172 relicturum
817 4135 914 4174 vos
941 4120 993 4174 in
1034 4120 1134 4174 hoc
1171 4130 1359 4177 monte
1390 4133 1604 4176 sancto.
1637 4121 1904 4191 Quisquis

316 4221 447 4274 ergo
480 4216 722 4262 vestrum
765 4227 829 4264 ex
866 4212 970 4266 hoc
1011 4213 1131 4267 loco
1157 4214 1496 4276 discesserit,
1532 4215 1682 4270 tollat
1710 4229 1900 4273 secum

315 4315 520 4367 corpus
551 4300 772 4366 Adami,
801 4320 903 4356 una
937 4319 1062 4358 cum
1094 4306 1469 4363 oblationibus
1514 4307 1660 4371 istis.
1691 4309 1903 4375 ipsum-

318 4405 429 4457 que
455 4390 656 4444 condat
689 4391 1000 4463 ubicunque
1030 4395 1230 4453 dixerit
1257 4395 1360 4468 ipsi
1388 4397 1669 4451 Dominus.
1697 4395 1898 4452 Totum

319 4490 499 4536 autem
527 4483 658 4537 vitae
706 4483 888 4540 Jaredi
924 4489 1160 4557 spatium
1217 4504 1487 4544 annorum
1516 4499 1898 4561 eratnongen-

317 4583 496 4629 torum
523 4578 809 4645 sexaginta
853 4579 1110 4638 duorum.
1143 4579 1366 4636 Enocbo
1405 4597 1536 4637 vero
1561 4597 1686 4638 cum
1721 4597 1898 4637 anno-

318 4684 437 4722 rum
471 4677 617 4724 esset
664 4679 885 4725 centum
951 4674 1236 4743 sexaginta
1289 4676 1556 4745 quinque,
1617 4686 1778 4730 natus
1817 4685 1901 4731 est

319 4760 766 4827 Mathushalech;
815 4778 1068 4833 annoque
1149 4763 1358 4818 Enochi
1431 4767 1693 4821 vicesimo
1759 4767 1896 4822 obiit

317 4853 448 4906 Seth
476 4855 562 4907 die
595 4853 808 4920 Martis,
847 4854 979 4909 hora
1009 4855 1116 4911 diei
1147 4872 1313 4920 nona,
1345 4858 1612 4912 vicesimo
1658 4860 1896 4928 septimo

318 4946 524 5000 mensis
578 4946 662 4999 Ab
710 4947 823 5017 (qui
865 4957 955 5003 .est
1001 4948 1228 5016 Meshri)
1277 4964 1400 5003 cum
1449 4949 1676 5005 vixisset
1725 4966 1898 5006 annos

317 5035 602 5092 duodecim
624 5041 766 5094 ultra
790 5050 1113 5110 nongentos,
1135 5042 1425 5111 ipsumque
1443 5042 1685 5113 myrrha.
1709 5043 1896 5109 thure,

279 5145 284 5147 '
318 5139 371 5183 ct
396 5131 571 5185 cassia
598 5133 917 5202 pollinctum
948 5134 1160 5202 sepeliit
1202 5134 1348 5190 ﬁlius
1400 5134 1577 5203 ipsius
1623 5135 1808 5190 Enosh
1841 5139 1894 5190 in

319 5225 577 5290 spelunca
626 5226 869 5281 Alcanuz
908 5227 1062 5296 juxta
1105 5227 1399 5292 Adamum,
1461 5228 1901 5298 planxeruntqnc

319 5330 500 5383 Ipsum
557 5319 917 5390 quadraginta
969 5320 1107 5374 dies.
1158 5320 1637 5385 Mathushalecho,
1691 5324 1901 5376 exactis

319 5408 482 5462 annis
520 5422 742 5464 centum
768 5414 1051 5480 octoginta
1077 5420 1311 5480 septem.
1337 5423 1498 5468 natus
1528 5422 1610 5467 est
1633 5412 1906 5478 Latnech;

320 5507 496 5554 totum
533 5510 718 5556 autem
749 5504 895 5571 quod
930 5503 1066 5557 vixit
1119 5504 1534 5560 Mathushalech
1582 5505 1710 5558 anui
1767 5513 1899 5559 sunt

320 5592 583 5660 nongenti
609 5595 897 5664 sexaginta
924 5611 1142 5651 novem.
1192 5595 1360 5651 Porro
1387 5612 1532 5648 anno
1558 5596 1903 5668 quinquage-

320 5682 466 5735 simo
521 5684 687 5738 tertio
715 5687 838 5743 vita:
899 5687 1330 5744 Mathushalcchi
1374 5686 1509 5743 obiit
1560 5685 1764 5754 Enosh,
1812 5686 1902 5743 die

400 5862 414 5887 '
451 5857 587 5914 Cen.
620 5876 695 5921 γι,
721 5863 774 5916 4.

2012 3463 2172 3520 Jared
2222 3469 2273 3523 in
2303 3469 2562 3536 spelunca
2615 3469 2881 3538 Alcanuz,
2913 3471 3202 3542 ipsumque
3230 3474 3597 3544 quadraginta

2013 3558 2130 3613 dies
2156 3559 2503 3628 planxerunt.
2525 3560 2673 3616 Vixit
2705 3569 2886 3619 autem
2922 3562 3194 3620 Mablaliel
3216 3580 3395 3632 annos
3418 3568 3599 3624 octin-

2012 3659 2204 3720 gentos
2231 3654 2527 3724 nonaginta
2558 3655 2824 3725 quinque.
2849 3654 3020 3710 Porro
3068 3672 3213 3724 anno
3261 3657 3388 3722 vitae
3417 3659 3596 3726 Noahi

2009 3740 2115 3810 32
2162 3741 2505 3812 sexagesimo
2555 3753 2735 3809 sexto,
2789 3730 3143 3812 obiitiared,
3200 3746 3290 3804 die
3340 3747 3595 3820 Veneris,

2008 3832 2294 3888 occidente
2339 3834 2476 3898 sole,
2526 3835 2693 3889 Adari
2743 3835 2858 3910 (qui
2891 3845 2975 3892 est
3025 3836 3350 3908 Bormabat)
3382 3839 3602 3903 decimo,

2010 3922 2206 3987 tertio;
2241 3938 2400 3993 quem
2455 3925 2780 3994 pollinctum
2825 3929 3186 3997 sepelierunt.
3241 3931 3384 3987 ﬁlius
3420 3933 3597 4004 ipsius

2006 4017 2444 4082 Mathusbalech.
2462 4019 2695 4086 Lamech
2709 4032 2763 4076 et
2782 4020 3030 4088 Noab,‘in
3047 4025 3304 4092 spelunca
3327 4027 3594 4094 Alcanuz;

2008 4110 2301 4184 ipsumque
2349 4111 2714 4181 quadraginta
2765 4113 2883 4169 dies
2927 4115 3295 4184 planxerunt;
3344 4117 3594 4188 vixitque

2003 4202 2165 4262 Jared
2200 4218 2374 4262 annos
2407 4217 2718 4277 nongentos
2748 4207 3216 4277 sexagintaduos.
3251 4197 3426 4269 Porro
3447 4225 3596 4268 anno

2005 4297 2127 4352 vitae
2164 4296 2799 4369 Noabiquingentesimo
2841 4299 3416 4370 nonagesimoquinto
3455 4301 3596 4358 obiit

2003 4399 2158 4460 pater
2181 4391 2356 4460 ipsius
2389 4387 2650 4444 Lamech.
2683 4388 2923 4444 Lamech
2971 4398 3154 4452 autem
3189 4372 3316 4454 anie
3358 4398 3592 4460 mortem

2003 4477 2181 4549 suam,
2211 4483 2402 4540 Noabo
2435 4484 2546 4538 ﬁlio
2587 4497 2690 4538 suo
2738 4482 3029 4549 accersito,
3070 4481 3210 4537 dixit
3245 4501 3260 4539 :
3293 4480 3415 4542 Non
3449 4483 3594 4538 sinet

2009 4585 2061 4630 te
2109 4575 2250 4632 Deus
2301 4582 2516 4644 potens,
2567 4573 2865 4645 gloriosus,
2911 4574 2964 4628 in
3018 4581 3201 4634 monte
3262 4573 3409 4642 isto;
3462 4589 3591 4630 cum

2007 4667 2497 4744 ergodescendes,
2526 4667 2686 4722 tollas
2717 4675 2897 4723 tecum
2924 4667 3117 4723 Adami
3143 4682 3347 4738 corpus
3373 4683 3594 4739 unaque

2007 4773 2120 4818 tres
2146 4763 2471 4828 oblationes,
2504 4761 2713 4817 scilicet
2745 4777 2966 4827 aurum,
3017 4761 3323 4834 myrrham,
3373 4771 3430 4819 et
3461 4762 3594 4820 thus

2010 4857 2245 4919 deferas,
2297 4855 2516 4924 ﬁlioque
2551 4863 2645 4910 tuo
2679 4848 2914 4924 principe
2948 4862 3008 4909 ut
3059 4869 3185 4910 mox
3229 4870 3260 4909 a
3289 4868 3469 4911 morte
3499 4866 3592 4913 tua

2010 4962 2213 5015 corpus
2263 4945 2456 4999 Adami
2513 4945 2790 5000 sublatum
2845 4944 2900 4998 in
2958 4945 3138 5000 tnedio
3193 4953 3354 5002 terra:
3399 4957 3588 5017 ponat,

2010 5040 2193 5106 ibique
2229 5039 2300 5092 ad
2327 5037 2678 5092 serviendum
2715 5052 2744 5091 e
2780 5035 2906 5092 ﬁliis
2955 5036 3073 5101 suis
3117 5038 3409 5106 quemdam
3451 5055 3587 5094 con-

2009 5132 2220 5194 stituat,
2252 5129 2344 5200 qui
2377 5130 2448 5186 sit
2482 5145 2580 5200 per
2627 5137 2798 5184 totam
2842 5129 3013 5183 vitam
3069 5144 3228 5190 suam
3275 5128 3586 5198 religiosus,

2007 5223 2224 5284 czelebs.
2265 5231 2441 5292 neque
2469 5222 2793 5290 sanguinem
2837 5219 3052 5288 fundat,
3109 5235 3286 5290 neque
3332 5221 3385 5274 in
3415 5219 3590 5276 sacri-

2008 5313 2190 5368 ﬁcium
2220 5313 2411 5367 oﬁ‘erat
2452 5315 2536 5367 vel
2567 5312 2849 5368 volucrem
2883 5312 2966 5367 vel
3019 5311 3211 5374 feram,
3258 5309 3355 5365 sed
3390 5324 3586 5380 panem

2009 5412 2218 5458 tantum
2251 5411 2306 5455 et
2333 5400 2552 5466 vinum;
2583 5399 2840 5470 quoniam
2875 5399 2942 5452 ab
2967 5398 3071 5454 isto
3103 5398 3224 5452 loco
3259 5396 3363 5451 erit
3390 5398 3585 5454 Adami

2006 5499 2192 5564 salus;
2247 5496 2617 5564 iuduaturque
2678 5493 2913 5564 pellibus
2970 5489 3198 5554 ferinis,
3251 5504 3354 5546 nec
3401 5491 3587 5548 crines

2009 5591 2187 5656 radat,
2225 5605 2326 5645 nec
2360 5603 2570 5660 ungues
2599 5593 2888 5657 praesccet,
2924 5581 3184 5650 solusque
3215 5592 3532 5653 permaneat
3565 5602 3584 5641 :

2009 5681 2301 5738 vocabitur
2323 5679 2468 5735 cnim
2507 5673 2764 5733 sacerdos
2797 5671 3044 5738 Domini;
3087 5673 3324 5728 iunuens
3360 5671 3585 5728 Melchi-
