4034 6214
479 332 583 396 915

1538 339 1903 399 ΕυΤΥΟΗΙΙ
1948 338 2474 399 ALEXANDRINI
2518 340 2735 400 PATR.

3600 284 3733 397 ωε

472 447 790 501 sedeebum.
837 449 970 501 Cum
1020 466 1148 519 ergo
1200 452 1549 529 plrarcepiSset
1578 450 1755 519 (ista)
1814 448 2047 503 Lamecb
2082 474 2123 533 Α
2150 449 2362 513 cribu's,
2399 448 2550 508 feris.
2588 450 2898 515 reptilibus,
2944 452 3168 509 dicens:
3200 453 3529 507 lntroducas
3552 460 3733 506 tecum

475 539 590 594 ﬁlio
615 555 717 593 suo
749 538 965 605 Nolma,
995 551 1245 595 mortuus
1275 552 1380 605 ρει,
1400 542 1485 595 die
1519 540 1800 594 Dominico
1825 540 1926 594 sub
1956 555 2049 593 oc-

472 642 663 687 casum
715 630 880 695 solis,
934 632 1096 685 Adari
1153 632 1266 701 (qui
1323 644 1407 686 est
1463 626 1776 701 Bormahat)
1834 630 2050 684 decimo

470 730 654 790 nono;
711 724 997 791 ipsumque
1048 724 1367 793 pollinctum
1401 724 1614 793 sepeliit
1657 721 1807 778 Noah
1841 724 1892 776 in
1927 737 2050 791 spe-

471 818 634 872 lunca
663 816 926 879 Alcanuz,
961 817 1395 885 planxerttnt'ltte
1418 820 1596 887 ipsum
1642 817 1766 871 dies
1809 816 2049 884 quadra—

473 910 643 978 ginta.
681 902 923 979 33.35
951 907 1075 961 Fuit
1110 917 1292 961 autem
1324 908 1434 961 vita
1478 905 1731 961 Lamecbi
1774 920 2045 958 annorum

400 1036 405 1037 ί
471 1001 945 1071 Septingentorurn
988 1004 1332 1070 septuaginta
1387 1012 1617 1067 septem.
1669 1000 1836 1053 Porro
1901 1011 2046 1052 anno

372 1134 381 1135 κ
469 1086 599 1151 +in
628 1094 755 1150 Nate
786 1096 1184 1152 sexcentesimo
1229 1103 1474 1150 mortuus
1505 1106 1584 1149 est
1618 1092 2048 1158 Matbusltalecb,

471 1187 562 1243 die
606 1178 832 1243 Veneris
864 1189 1007 1243 circa
1032 1188 1339 1254 meridiem,
1391 1187 1649 1242 vicesimo
1699 1187 1873 1256 primo
1922 1184 2047 1247 Ilul,

471 1282 565 1351 qui
601 1290 684 1337 est
712 1282 901 1335 'l'but:
942 1297 1101 1350 quem
1146 1281 1466 1348 pollinctum
1519 1280 1855 1350 sepelierunt
1896 1275 2047 1332 Noab

471 1385 525 1427 et
559 1373 681 1427 Sem
716 1373 768 1426 ln
800 1372 1055 1443 spelunca
1083 1374 1343 1431 Alcanuz‘,
1374 1372 1664 1441 ipsumque
1688 1358 2049 1439 quadraginta

472 1460 589 1517 dies
643 1461 991 1531 planxerunt.
1046 1459 1167 1513 Fuit
1221 1472 1401 1514 autem
1460 1460 1567 1513 vita
1618 1456 2050 1510 Mathusbaleebi

474 1569 742 1613 annorum
812 1562 1210 1623 nongentorum
1266 1552 1544 1621 sexaginta
1589 1565 1803 1604 novem.
1867 1548 2051 1616 Neque

469 1646 581 1715 jam
611 1647 733 1715 quis
774 1645 1041 1716 superfuit
1075 1652 1126 1700 in
1165 1656 1345 1699 monte
1394 1655 1582 1699 sancto
1636 1649 1832 1713 praiter
1872 1641 2049 1695 solum

472 1727 723 1793 Noaltum
761 1742 1039 1809 ipsiusque
1071 1755 1293 1794 uxorem
1322 1739 1431 1806 (cui
1464 1753 1658 1791 nomen
1687 1745 1804 1791 erat
1838 1731 2045 1803 llaical)

2152 550 2217 594 ex
2278 539 2386 594 illis
2436 530 2683 609 37-39
2719 555 2841 609 qua:
2898 542 3040 595 inter
3094 543 3209 596 haec
3271 541 3475 595 munda
3533 540 3738 595 fuerint

2151 643 2358 704 septem
2394 637 2568 704 paria,
2600 651 2779 691 mares
2810 646 3041 705 septem,
3072 647 3125 691 et
3159 634 3405 692 femellas
3445 636 3672 689 totidem
3706 654 3720 694 ;

2148 734 2215 774 ex
2263 719 2559 775 immundis
2626 729 2806 775 autem
2869 724 3036 786 bina,
3113 739 3316 778 marem
3393 723 3603 778 scilicet
3680 726 3737 777 et

2152 810 2431 866 feminam.
2464 811 2749 883 Ingressus
2784 829 2912 884 ergo
2953 814 3104 869 Noah
3156 814 3337 869 navim
3371 830 3494 868 cum
3541 831 3733 879 uxore,

2150 902 2297 967 ﬁliis,
2332 903 2678 976 ﬁliorumque
2706 908 2992 969 uxoribus,
3020 922 3220 975 corpus
3244 906 3435 959 Adami
3467 906 3522 959 in
3550 907 3729 959 navim

2150 996 2500 1066 importatum
2536 998 2588 1052 in
2619 998 2739 1068 ejus
2770 1000 2948 1054 medio
2975 1000 3286 1063 collocavit,
3323 1000 3600 1069 impositis
3628 999 3731 1068 ipsi

2150 1088 2550 1145 oblationibus.
2585 1089 2934 1161 Fuerunlque
2964 1090 3121 1145 Noab
3158 1101 3211 1146 et
3244 1092 3333 1145 ﬁlii
3373 1091 3492 1157 eius
3519 1092 3583 1143 ad
3611 1106 3737 1159 par-

2151 1190 2258 1237 tem
2295 1181 2450 1237 navis
2484 1183 2845 1249 orientalem;
2876 1199 3014 1237 uxor
3043 1199 3169 1237 vero
3199 1184 3374 1252 ipsius
3404 1192 3453 1236 et
3494 1183 3731 1235 ﬁliorum

2154 1289 2352 1329 uxores
2386 1273 2450 1327 ad
2486 1274 2904 1339 occidentalem,
2972 1291 3037 1330 ne
3084 1277 3185 1329 viri
3232 1276 3297 1327 ad
3334 1274 3587 1335 feminas.
3640 1285 3736 1328 aut

2154 1369 2369 1422 femina:
2413 1369 2479 1423 ad
2512 1369 2661 1424 viros
2694 1371 3041 1425 accederent.
3072 1368 3319 1438 Cumque
3379 1370 3562 1422 omnia
3608 1378 3732 1437 qua)

2102 1512 2103 1515 η
2152 1462 2340 1517 inferri
2386 1462 2629 1531 jusserat
2673 1462 2817 1517 Deus
2872 1477 3065 1535 secum.
3102 1461 3415 1521 intulisset,
3449 1461 3728 1527 aperiente

2155 1554 2382 1608 Domino
2433 1569 2697 1627 aquarum
2746 1554 2955 1620 fontes,
3002 1554 3291 1608 scaturivit
3344 1562 3526 1616 terra,
3579 1566 3736 1611 com.-

2154 1647 2307 1700 mista
2348 1657 2476 1701 sunt
2508 1648 2699 1712 maria,
2741 1649 3096 1718 pluviamque
3143 1646 3283 1701 Dens
3327 1661 3357 1701 e
3391 1646 3530 1699 caelo
3564 1645 3742 1698 demi-

2154 1740 2247 1791 sit.
2294 1737 2525 1808 Fuitqu‘e
2570 1739 2836 1793 diluvium
2891 1754 3019 1793 cum
3055 1738 3207 1793 Noalt
3261 1752 3529 1791 annorum
3586 1742 3743 1791 esset

478 1820 642 1887 ﬁliam
696 1832 946 1884 Namusa:
1000 1831 1093 1883 lilii
1146 1830 1376 1895 Euoelti,
1431 1846 1551 1883 cum
1602 1830 1780 1884 tribus
1807 1828 2048 1898 ipsorum
2084 1838 2123 1892 Β
2153 1840 2561 1897 sexcentornm,
2595 1831 2739 1887 ﬁlius
2772 1846 2900 1887 vero
2930 1832 3109 1901 ipsius
3139 1830 3267 1885 Sam
3298 1843 3541 1885 centum.
3596 1828 3734 1881 Pro-

474 1918 603 1974 ﬁliis
650 1918 835 1984 Semo,
889 1917 1082 1981 Ilamo,
1132 1927 1183 1970 et
1226 1914 1475 1987 Japbeto,
1529 1920 1816 1986 tribusque
1860 1922 2050 1970 eorum

472 2011 805 2079 eoujugibus
838 2026 958 2080 ipse
1005 2027 1035 2065 e
1083 2010 1302 2065 liliabus
1360 2010 1802 2065 Mathusbalecbi
1853 2007 2049 2062 luere:

476 2104 631 2157 uxori
663 2102 807 2157 Semi
843 2119 1040 2158 nomen
1095 2100 1261 2163 Salit;
1310 2102 1490 2167 Ilami,
1534 2103 1778 2168 Nablat;
1816 2101 2051 2172 Japheti,

475 2196 746 2249 Arisisab.

548 2284 965 2355 Ingravescente
1010 2297 1190 2342 autem
1247 2289 1299 2342 in
1352 2297 1497 2342 terra
1553 2278 1880 2357 Iniquitate,
1925 2298 2050 2340 cum

475 2366 627 2432 Sétbi
673 2378 898 2447 posteri,
950 2378 1107 2432 Kaini
1155 2378 1435 2434 maledicti
1481 2377 1724 2449 posteris
1775 2376 2050 2448 permisti,

476 2470 682 2525 scelera
733 2472 1159 2535 committerent,
1213 2471 1389 2541 turpia
1432 2477 1732 2543 patrantes,
1768 2476 1821 2524 et
1867 2467 1932 2522 ad
1971 2467 2054 2520 lu-

477 2558 629 2616 dicra
666 2564 954 2626 conversi,
1005 2563 1267 2618 indicavit
1321 2560 1464 2619 Deus
1517 2578 1612 2632 per
1662 2561 2050 2616 revelationem

476 2648 666 2709 Noalto
701 2674 714 2709 :
758 2655 1025 2712 Missurus
1053 2673 1172 2712 sum
1207 2656 1258 2711 in
1289 2664 1491 2711 terram
1522 2655 1811 2718 diluvium,
1848 2663 1903 2708 et
1934 2668 2053 2707 om-

477 2746 568 2799 nia
608 2758 730 2814 qute
758 2762 924 2815 super
952 2762 1012 2800 ea
1063 2748 1404 2817 reperientur
1439 2747 1779 2815 perditurus.
1831 2742 2053 2813 Ipsique

476 2836 545 2890 de
593 2845 773 2891 n.onte
806 2846 1019 2903 sancto,
1077 2852 1184 2893 una
1223 2854 1345 2893 cum
1394 2838 1520 2893 ﬁliis
1561 2845 1613 2892 et
1664 2851 1854 2900 uxore,
1911 2834 2053 2888 ﬁlio.

454 2918 709 2996 rumque
741 2931 1027 2993 uxoribus,
1054 2930 1388 2986 descendere
1420 2931 1600 2999 iusso,
1639 2928 1897 3000 prmeepit
1928 2936 1988 2982 ut
2021 2942 2051 2980 e

478 3018 639 3089 lignis
674 3004 959 3090 quadratis
989 3021 1169 3076 navim
1197 3030 1503 3077 exstrueret
1536 3022 1713 3091 (juxta
1749 3018 2051 3074 nonnullos

475 3127 507 3164 e
540 3111 705 3181 lignis
726 3114 925 3181 platani
958 3102 1177 3183 Indicae)
1220 3114 1379 3183 cujus
1413 3113 1698 3183 longitudo
1724 3120 1871 3168 esset
1904 3110 2054 3164 cubi-

476 3210 661 3258 ισηηι
696 3212 779 3259 tet‘
808 3216 1053 3270 centum,
1090 3181 1320 3261 latitudo
1356 3181 1774 3277 quinquaginta,
1818 3202 2051 3258 altitudo
2078 3181 2123 3242 (ἶ

478 3299 747 3368 triginta;
770 3317 999 3372 eamque
1035 3301 1269 3357 interius
1300 3310 1355 3356 et
1391 3303 1633 3357 exterius
1668 3302 1785 3372 pice
1811 3316 1874 3356 ac
1908 3300 2055 3355 bitu-

479 3395 628 3449 mine
672 3395 900 3449 oblitam
948 3397 999 3449 in
1053 3406 1163 3451 tres
1212 3396 1655 3465 contignationes
1705 3394 1814 3465 36
1855 3386 2087 3449 distiné

478 3493 692 3557 Queret,
740 3496 971 3556 quarum
1016 3488 1223 3552 inﬁma,
1284 3487 1411 3543 leris
1464 3500 1613 3543 esset
1655 3494 1711 3543 et
1752 3488 2053 3556 iumentis;

461 3576 678 3643 tmedia,
726 3577 1077 3642 volucribus;
1132 3591 1410 3647 suprema,
1462 3579 1563 3649 ipsi
1623 3588 1677 3633 et
1722 3578 1850 3633 ﬁliis
1899 3581 2054 3647 suis;

477 3673 738 3734 essetque
789 3680 945 3736 porta
988 3668 1144 3722 navis
1198 3669 1251 3723 in
1305 3668 1472 3723 latere
1523 3668 1696 3739 ipsius
1739 3670 1805 3723 ad
1844 3677 2054 3739 partem

478 3757 825 3821 orientalem,
850 3758 1151 3829 ﬁerentque
1173 3760 1224 3815 in
1250 3762 1363 3831 ipsa
1397 3762 1501 3815 loci
1524 3778 1681 3832 aqua:
1709 3763 2053 3831 recipiendte,

478 3862 545 3901 ac
580 3848 736 3905 locus
764 3850 910 3904 cibo.
947 3848 1234 3921 Ingressus
1261 3864 1392 3924 ergo
1436 3852 1586 3909 Noab
1618 3855 1933 3926 speluncam
1962 3856 2055 3910 ΑΙ·-

478 3952 675 4006 canuz,
732 3951 787 3995 et
847 3941 1035 4008 Setbi,
1091 3942 1324 4010 Enocbi,
1383 3944 1655 4011 Kainani,
1706 3938 2054 4013 Mablalielis,

476 4024 681 4099 Jaredi,
706 4032 1161 4101 Matbnsbalecbi,
1184 4048 1237 4092 et
1258 4037 1514 4093 Lamecbi
1542 4054 1773 4109 corpora
1822 4038 2054 4107 deoscu-

480 4127 647 4190 latus,
682 4136 887 4199 corpus
942 4128 1135 4183 Adami
1189 4146 1404 4200 unaque
1450 4130 1757 4186 oblationes
1808 4132 2055 4199 sustulit,

480 4215 687 4274 lerente
735 4219 898 4275 Semo
937 4236 1167 4285 aurum,
1216 4219 1387 4275 Ilamo
1442 4226 1756 4295 myrrham,
1822 4222 2055 4295 Japheto

479 4313 627 4367 tbus.
662 4305 878 4382 Egressi
917 4314 1081 4384 igitur
1116 4320 1174 4368 ut
1226 4332 1255 4369 e
1293 4328 1473 4371 monte
1514 4327 1707 4372 sancto
1757 4318 2057 4373 descende-

480 4412 622 4469 rent,
655 4407 889 4462 sublatis
921 4408 987 4461 atl
1020 4406 1337 4475 paradisum
1380 4410 1581 4476 oculis,
1628 4410 1823 4465 ﬂevere
1868 4408 2057 4464 dicen-

478 4502 562 4552 tes
596 4517 609 4551 :
644 4497 791 4563 Vale,
823 4500 1070 4568 paradise
1097 4514 1286 4556 sancte
1324 4519 1338 4555 :
1376 4502 1696 4571 lapidesque
1728 4502 2051 4568 deosculati,
2088 4529 2132 4584 ι)

478 4603 543 4643 ac
570 4591 793 4646 arbores
822 4592 1053 4661 amplexi
1082 4592 1149 4646 de
1174 4602 1355 4648 monte
1401 4605 1590 4649 sancto
1616 4595 2053 4662 descenderunt;

481 4680 891 4753 fabricatusque
923 4693 1006 4738 est
1045 4682 1197 4737 Noab
1226 4685 1429 4740 navim.
1461 4687 1559 4741 Cui
1599 4687 1859 4741 indicavit
1891 4688 2053 4743 etiam

480 4768 746 4827 Dominus
790 4784 848 4827 nt
879 4788 1195 4845 campanam
1231 4794 1261 4833 e
1286 4776 1432 4848 ligno
1463 4775 1666 4847 platani
1700 4778 1899 4834 Indica:
1933 4795 2057 4834 can-

482 4860 671 4920 ﬁceret
707 4876 819 4921 tres
857 4867 1073 4923 cubitos
1127 4864 1371 4939 Iungam,
1421 4871 1710 4926 latitudine
1762 4874 2055 4939 sesquicu-

481 4959 725 5022 bitalem,
756 4961 912 5029 cuius
947 4960 1107 5013 etiam
1155 4960 1382 5016 malleus
1409 4978 1472 5016 ex
1520 4963 1708 5018 eadem
1754 4971 1900 5024 esset
1948 4979 2058 5016 ma-

482 5051 615 5106 teria
648 5069 662 5106 :
691 5064 853 5121 quam
893 5060 975 5104 ter
1016 5051 1262 5118 quotidie
1313 5054 1595 5121 pulsaret;
1635 5067 1815 5117 mane,
1849 5069 1958 5120 quo
1988 5053 2054 5105 ad

481 5143 659 5211 ipsum
690 5150 1160 5210 congregarentur
1188 5157 1388 5212 operte,
1425 5140 1625 5197 deinde
1656 5140 1723 5195 ad
1750 5143 2053 5207 meridiem,

480 5240 729 5304 tempore
757 5231 1010 5304 prandii;
1039 5248 1102 5288 ac
1125 5248 1317 5289 rursus
1350 5234 1728 5303 vesperi,cum
1770 5233 2055 5288 disceden-

480 5325 610 5380 dum
640 5333 818 5391 esset;
853 5325 1101 5395 dixitque
1132 5326 1232 5395 ipsi
1273 5344 1286 5379 :
1321 5325 1457 5380 Cum
1491 5326 1777 5381 audientes
1823 5336 1873 5380 te
1906 5341 2057 5379 cam-

482 5426 680 5488 panam
724 5417 1052 5488 pulsantem,
1082 5416 1320 5471 dixerint
1354 5418 1450 5470 tibi
1490 5436 1502 5471 :
1538 5416 1679 5483 Quid
1719 5419 1818 5472 hoc
1857 5418 1929 5472 rei
1976 5426 2059 5472 est

482 5511 629 5579 quod
662 5508 832 5566 lacis?
866 5510 1134 5581 responde
1187 5512 1364 5579 ipsis:
1423 5505 1779 5565 Immissurus
1823 5520 1906 5565 est
1949 5507 2056 5564 Do-

486 5600 671 5654 minus
694 5601 980 5656 diluvium.
1006 5601 1159 5657 Fecit
1192 5617 1319 5672 ergo
1352 5600 1504 5657 Noab
1533 5603 1714 5657 omnia
1744 5619 1865 5670 qua:
1890 5601 2055 5669 jussit

487 5688 665 5754 ipsum
721 5689 1000 5747 Dominus.
1056 5693 1310 5763 Misitque
1357 5695 1425 5749 ad
1487 5712 1608 5750 eum
1677 5693 1939 5748 Dominus
1988 5711 2055 5748 ex

491 5775 639 5831 omni
670 5778 1027 5837 animantium
1061 5801 1280 5855 genere,
1309 5787 1522 5844 scilicet
1548 5788 1868 5856 pecudibus,
1904 5786 2055 5842 volu-

2158 1928 2442 1987 rumpente
2471 1929 2648 1973 autem
2689 1929 2889 1974 eterra
2933 1935 3094 1990 aqua,
3126 1921 3418 1991 pluviaque
3463 1918 3531 1972 de
3569 1921 3739 1980 cceln,

2157 2012 2514 2083 quadraginta
2546 2012 2665 2068 dies
2697 2023 2998 2082 noctesque
3031 2014 3326 2069 c0ntinnos
3374 2029 3549 2083 usque
3597 2013 3739 2065 adeo

2159 2106 2388 2162 invaluit
2434 2122 2573 2177 aqua
2629 2123 2792 2177 super
2828 2116 3055 2172 terram,
3088 2116 3144 2163 ut
3188 2109 3516 2163 altissimum
3547 2110 3641 2175 qui
3677 2108 3735 2163 iu

2156 2206 2299 2255 terra
2337 2200 2508 2271 (sunt)
2540 2201 2802 2255 montium
2843 2201 3154 2271 quindecim
3184 2201 3386 2255 cubitis
3422 2211 3742 2269 superaret,

2154 2299 2426 2360 terraeque
2459 2289 2805 2359 superﬁciem
2837 2298 3057 2346 centum
3093 2297 3147 2345 et
3180 2292 3578 2361 quinquaginta
3612 2291 3736 2345 dies

2156 2388 2415 2453 operiret,
2451 2387 2625 2443 donec
2657 2402 2766 2442 non
2792 2396 3107 2457 superesset
3136 2387 3191 2439 in
3227 2396 3374 2441 terra
3409 2385 3615 2439 animal
3653 2383 3738 2439 vel

2158 2481 2339 2549 planta
2375 2481 2503 2548 quin
2556 2480 2896 2549 perderetur.
2955 2479 3074 2534 .Iam
3128 2483 3197 2538 ab
3228 2480 3436 2534 Adauto
3487 2479 3554 2532 ad
3598 2479 3742 2532 diluo

2158 2572 2299 2624 vium
2352 2571 2481 2624 anni
2518 2580 2679 2623 erant
2727 2569 2815 2624 bis
2864 2571 3011 2625 mille
3058 2571 3281 2625 ducenti
3339 2569 3737 2639 quinquaginta

2157 2674 2273 2717 sex.
2305 2659 2435 2715 Post
2463 2659 2577 2715 dies
2613 2676 2739 2715 vero
2771 2676 2800 2715 a
2842 2661 3052 2718 diluvio
3083 2669 3302 2717 centum
3356 2672 3411 2716 et
3458 2662 3741 2729 quinqua-

2156 2753 2329 2824 ginta,
2366 2753 2613 2808 mittente
2651 2752 2761 2806 Deo
2793 2760 3014 2807 ventum
3049 2753 3144 2823 qui
3180 2767 3346 2821 super
3392 2762 3596 2807 terram
3644 2748 3741 2804 Ila-

2158 2854 2263 2911 r‘et,
2290 2844 2428 2899 adeo
2462 2853 2519 2898 ut
2546 2843 2858 2913 quiesceret
2910 2859 3067 2913 aqua,
3116 2850 3397 2898 cessarent
3447 2843 3650 2905 fontes,
3687 2852 3742 2896 et

2157 2946 2508 2992 coerceretur
2537 2936 2747 3007 pluvia,
2782 2937 2949 3008 coepit
2999 2952 3135 3006 aqua
3176 2936 3436 2991 continue
3463 2935 3572 3005 40
3601 2934 3739 2988 sub-

2157 3030 2334 3087 sidere
2372 3036 2427 3084 et
2458 3030 2775 3086 decrescere
2804 3045 2976 3101 usque
3019 3028 3087 3083 ad
3116 3045 3357 3084 mensem
3411 3029 3735 3096 septimum.

2162 3119 2368 3175 Mensis
2413 3127 2595 3175 autem
2648 3118 2890 3189 septimi,
2952 3120 3169 3173 scilicet
3222 3120 3427 3173 mensis
3470 3118 3572 3171 llul
3615 3118 3737 3187 (qui

2158 3211 2299 3267 idem
2350 3220 2435 3266 est
2468 3210 2637 3282 Thut)
2693 3211 2781 3266 die
2818 3211 3027 3266 decimo
3059 3212 3291 3280 septimo
3334 3210 3544 3265 resedit
3586 3212 3741 3264 navis

2158 3320 2323 3375 super
2352 3312 2537 3358 monte
2580 3302 2730 3359 dicto
2773 3302 2991 3363 Ararat.
3029 3302 3123 3372 qui
3151 3310 3235 3357 est
3271 3317 3428 3357 mons
3459 3300 3654 3354 Alluda
3684 3302 3736 3353 in

2157 3392 2350 3458 Musal,
2408 3392 2461 3447 in
2489 3391 2709 3463 regione
2769 3391 3104 3458 Diarrabite,
3161 3394 3213 3446 in
3281 3392 3401 3445 viro
3466 3391 3743 3461 appellato

2157 3484 2371 3549 Korda;
2416 3492 2647 3538 vocatur
2682 3488 2863 3538 autem
2902 3485 3067 3539 hodie
3110 3493 3256 3539 terra
3308 3476 3635 3547 Tbamauin,
3680 3487 3741 3536 et

2158 3578 2335 3632 insula
2366 3575 2496 3631 Bani
2536 3576 2720 3631 Omar.
2751 3577 3001 3648 Cumque
3035 3592 3142 3632 non
3181 3585 3427 3634 cessaret
3463 3590 3601 3647 aqua
3637 3575 3738 3629 de—

2157 3683 2407 3723 crescere
2434 3678 2486 3723 et
2521 3668 2808 3724 subsidere
2847 3685 3021 3739 usque
3060 3668 3125 3722 ad
3158 3684 3401 3724 mensem
3432 3669 3739 3732 decimum,

2161 3760 2336 3829 primo
2371 3761 2457 3815 die
2490 3762 2693 3814 mensis
2722 3759 2921 3813 decimi
2955 3774 3256 3830 apparuere
3290 3760 3554 3813 montium
3579 3757 3739 3826 juga,

2160 3850 2357 3905 deinde
2385 3859 2510 3919 post
2550 3834 2912 3920 quadraginta
2962 3849 3102 3915 dies,
3146 3860 3335 3920 aperta
3367 3851 3521 3906 navis
3555 3860 3738 3919 porta,

2158 3945 2334 3999 emisit
2371 3941 2523 3997 Noalt
2565 3958 2791 3997 corvum
2853 3943 2917 3997 ad
2966 3941 3359 4013 explorandqu
3393 3958 3521 3997 num
3559 3942 3744 3997 exsic-

2158 4045 2277 4090 cata
2324 4042 2466 4090 esset
2514 4049 2652 4103 aqua
2685 4048 2713 4086 a
2744 4034 3034 4103 superlicie
3072 4041 3253 4097 terras,
3290 4033 3382 4103 qui
3426 4034 3618 4088 abiens
3652 4049 3744 4087 re-

2159 4143 2351 4183 versus
2408 4142 2517 4181 non
2559 4135 2661 4181 est.
2706 4124 2857 4180 Misit
2900 4141 3031 4197 ergo
3079 4127 3415 4191 columbam,
3447 4141 3567 4194 quae
3615 4126 3751 4180 sine

2161 4234 2313 4274 mora
2349 4234 2568 4273 reversa
2608 4227 2692 4273 est
2722 4218 2956 4289 pedibus
2992 4232 3133 4288 aqua
3168 4218 3539 4282 madentibus,
3592 4218 3753 4274 unde

2158 4312 2582 4383 cognovitNoah
2615 4312 2793 4367 adhuc
2829 4328 2953 4368 esse
2993 4328 3187 4383 aquam
3219 4327 3386 4381 super
3417 4321 3635 4365 terram.
3671 4312 3757 4366 At

2160 4416 2280 4475 post
2302 4416 2503 4475 septem
2539 4403 2659 4459 dies
2690 4420 2814 4457 cum
2861 4406 3099 4458 mitteret
3143 4416 3338 4459 rursm
3392 4403 3746 4468 columbam,

2160 4510 2224 4548 ea
2263 4493 2329 4547 ad
2365 4495 2541 4564 ipsum
2578 4492 2814 4563 vesperi,
2867 4493 2919 4545 in
2954 4506 3049 4545 ore
3083 4491 3272 4547 lolium
3317 4491 3471 4547 0“th
3514 4508 3748 4563 gerens,

2160 4594 2373 4640 reversa
2424 4592 2527 4640 est.
2576 4581 2714 4637 Tum
2751 4582 2841 4636 ubi
2879 4594 3082 4651 septem
3138 4584 3321 4639 adhuc
3368 4585 3486 4640 dies
3532 4600 3750 4656 exspe—

2158 4685 2382 4741 ctasset,
2413 4675 2720 4731 columbam
2766 4675 2961 4731 iterum
3010 4675 3213 4740 emisit,
3260 4694 3381 4748 qute
3434 4678 3500 4733 ad
3546 4680 3748 4749 ipsum

2160 4785 2264 4823 non
2294 4770 2639 4825 rerliithutn
2688 4784 2819 4840 ergo
2854 4777 2974 4835 post
3014 4769 3127 4824 haec
3158 4784 3362 4841 septem
3404 4774 3520 4828 dies
3551 4788 3756 4828 moras

2160 4874 2269 4925 tus,
2323 4865 2479 4919 navis
2516 4872 2725 4935 portam
2774 4867 3103 4934 aperuisset,
3146 4866 3451 4936 prospexit,
3491 4874 3544 4920 et
3598 4880 3755 4921 ecce

2159 4964 2302 5010 terra
2359 4957 2581 5012 herbam
2621 4958 2847 5012 viridem
2884 4951 3235 5028 produxerat,
3291 4967 3346 5014 et
3390 4958 3459 5012 ab
3496 4958 3612 5028 ipsa
3649 4975 3763 5015 rc-

2159 5058 2441 5103 eesserant
2476 5062 2652 5119 aquae.
2696 5048 2961 5121 Egressus
2994 5059 3077 5107 est
3128 5066 3257 5121 ergo
3318 5051 3475 5108 Noab
3525 5068 3556 5106 e
3593 5069 3759 5111 nave

2159 5156 2283 5194 cum
2320 5142 2445 5195 ﬁliis
2476 5142 2611 5205 suis,
2641 5142 2823 5209 Suno,
2868 5142 3038 5197 Hamo
3067 5151 3120 5199 et
3152 5136 3759 5215 .Iapbeto,'suaque,‘et

2163 5232 2394 5286 ﬁliorum
2428 5234 2713 5298 uxoribus,
2760 5236 3130 5307 omnibusque
3163 5254 3283 5307 qua:
3333 5238 3383 5292 iu
3432 5238 3554 5292 navi
3604 5254 3759 5295 cum

2161 5326 2279 5394 ipso
2320 5324 2471 5380 fuere
2516 5327 2906 5389 animantibus,
2960 5338 3086 5399 post
3142 5330 3279 5384 duos
3334 5330 3475 5384 ultra
3524 5345 3763 5385 annum

2159 5432 2397 5482 menses,
2435 5419 2519 5473 die
2549 5419 2761 5473 decimo
2814 5422 3043 5490 septimo
3087 5418 3336 5493 51043
3390 5424 3592 5476 mensis
3641 5440 3761 5478 se-

2159 5510 2345 5576 cundi,
2376 5509 2563 5566 Nisani
2590 5511 2800 5566 scilicet
2825 5513 2917 5581 qui
2947 5522 3000 5565 et
3021 5513 3162 5568 idem
3195 5511 3523 5567 Barmndalt.
3552 5514 3708 5567 Cum
3741 5548 3757 5557 -

2160 5619 2265 5668 quc
2312 5603 2520 5673 egressi
2575 5612 2759 5658 essent
2828 5604 3018 5658 urbem
3070 5613 3505 5669 exstruxerunt,
3563 5620 3761 5674 quam

2161 5693 2465 5749 Tliamanin
2532 5696 2912 5764 appellarunt,
2984 5695 3142 5763 juxta
3199 5710 3487 5755 numerum
3567 5709 3760 5754 suum

2161 5788 2316 5858 quasi
2352 5788 2492 5844 dicat
2526 5808 2537 5844 :
2611 5787 2722 5843 Nos
2770 5797 2892 5843 octo
2929 5802 3142 5842 sumus.
3167 5788 3419 5858 Dixitque
3459 5786 3755 5846 Dominus
