4034 6214
288 240 293 251 “
373 258 391 289 \

382 288 485 366 Ωιτ
872 288 873 291 ‘
1638 318 1646 325 ·
1823 296 2195 357 ANNALES.
3523 302 3628 366 ets

379 427 599 488 pote-ns,
630 415 920 486 gloriosus,
952 414 1143 469 Noalto
1182 430 1195 465 :
1237 412 1353 466 Non
1388 413 1635 467 futurum
1687 421 1772 466 est
1805 417 1954 481 βοει-
1982 406 2031 466 Δ
2061 427 2175 471 ιιιιιι
2216 427 2395 470 autem
2431 418 2553 470 vita:
2586 415 2818 471 Kainani
2867 415 2994 470 anni
3043 414 3419 484 quadringenti
3454 423 3503 467 et
3532 420 3631 471 tri.

377 512 484 567 hac
517 526 755 580 unquam
791 509 1083 585 diluvium.
2061 511 2233 582 ginta.
2296 509 2567 565 Sbalecho
2624 520 2746 579 post
2800 524 2975 566 annos
3024 518 3257 583 centum.
3301 518 3354 561 ct
3407 509 3630 578 triginta

448 600 595 667 Quin
646 607 706 653 et
743 600 927 667 posuit
986 601 1247 654 Dominus
1286 597 1473 655 Noabo
1510 599 1709 665 fmdus,
1750 599 1960 654 scilicet
2062 617 2226 659 natus
2284 617 2368 661 est
2428 606 2609 669 Eber;
2667 614 2950 674 totumque
3006 602 3150 673 quod
3208 601 3345 655 vixit
3397 600 3627 655 Shalcch

384 708 575 748 arcum
606 692 660 746 ill
703 692 941 746 "ilbiblls
992 703 1377 762 θρρθιέιὶῑθιην
1424 694 1615 748 dicens
1659 694 1763 763 ipSi
1802 712 1812 747 τ
1852 691 1954 749 Ubi
2059 701 2445 769 quadringenti
2477 712 2521 753 et
2560 700 2867 768 sexaginta,
2902 697 3040 753 Eber
3066 704 3246 751 autem
3282 694 3630 749 llcbrteornm

378 783 732 854 conspexeris
762 799 948 838 arcum
979 785 1171 849 istum,
1201 787 1307 840 erit
1344 787 1457 857 ipse
1480 788 1576 843 tibi
1605 789 1821 857 signum
1856 788 1956 843 ἴων
2059 803 2213 862 pater
2240 801 2343 855 est.
2380 808 2542 861 quem
2578 792 2782 845 Arabes
2815 790 2933 844 llud
2965 790 3263 859 appellant.
3298 784 3479 841 Ebero
3511 795 3631 855 post

372 878 547 933 deris.
583 876 1018 947 Plantaruntque
1055 878 1150 932 lilii
1187 877 1312 933 Noae
1346 882 1586 945 vineam,
1633 897 1663 935 e
1693 897 1799 951 qua
1831 897 1951 937 cum
2057 900 2229 940 annos
2269 894 2488 939 centum
2540 885 2759 954 triginta
2796 892 3032 952 quatuor
3069 892 3227 936 natus
3269 892 3351 934 est
3384 876 3628 945 Pbalek;

376 968 563 1022 vinum
595 983 785 1023 recens
822 982 1141 1037 expressum
1168 972 1307 1039 patri
1338 988 1443 1026 suo
1473 972 1660 1029 Noaho
1687 975 1955 1043 praebitis-
2056 980 2150 1046 qui
2188 978 2311 1032 ideo
2349 978 2453 1031 hoc
2505 978 2726 1030 nomine
2759 978 3068 1046 appellatus
3121 982 3205 1028 est
3256 974 3399 1043 quod
3454 972 3629 1042 ipsius

375 1070 522 1125 sent,
583 1060 777 1115 bibens
835 1061 953 1130 ipse
1009 1063 1319 1119 inebriatus
1367 1074 1473 1129 est,
1509 1068 1647 1119 adeo
1699 1066 1757 1121 ut
1810 1068 1966 1136 inter.
2056 1081 2305 1142 tempore
2333 1071 2510 1127 divisa
2539 1080 2692 1127 esset
2723 1079 2893 1125 terra.

370 1152 837 1209 obdormiendum
888 1163 1227 1223 retegeretur
1258 1158 1538 1226 turpitudo
1570 1160 1771 1229 ipsius;
1807 1159 1951 1229 quod
2125 1162 2297 1217 Porro
2326 1160 2525 1226 Ebero,
2575 1170 2697 1233 post
2728 1160 3051 1224 Pbalekum,
3087 1165 3248 1214 natus
3278 1167 3365 1213 est
3391 1156 3628 1220 Kabtan,

374 1245 571 1300 videns
618 1245 846 1308 ﬂauius,
892 1245 1037 1311 risit,
1072 1262 1135 1301 ac
1189 1247 1457 1305 fratribus
1497 1251 1612 1306 suis
1660 1250 1951 1309 indicavit.
2054 1258 2145 1327 qui
2196 1258 2432 1312 Arabum
2476 1264 2648 1326 pater.
2685 1256 2815 1324 Ejus
2849 1266 3090 1325 tempore
3120 1255 3365 1324 cujusvis
3397 1253 3480 1307 vel
3517 1252 3629 1306 for-

375 1338 668 1407 Arceptam
718 1353 853 1408 ergo
890 1347 1096 1395 vestem
1154 1340 1280 1396 Sem
1334 1349 1387 1397 et
1425 1344 1623 1413 Japbet
1677 1344 1778 1398 sibi
1828 1345 1954 1414 inji-
2055 1350 2311 1411 titudine,
2355 1348 2439 1402 vel
2488 1348 2677 1402 forma:
2720 1348 3032 1417 prmstantia
3067 1346 3321 1416 insignis,
3371 1346 3457 1399 vel
3492 1361 3626 1400 cun-

370 1434 607 1494 cientes,
660 1431 953 1500 aversique
999 1440 1221 1499 euntes,
1272 1449 1339 1488 ne
1370 1436 1630 1504 pudorem
1664 1440 1836 1507 patris
1868 1440 1951 1494 sui
2055 1442 2180 1497 silio
2213 1442 2544 1510 praestantis,
2587 1440 2666 1495 vel
2702 1439 2842 1493 fama
2877 1438 3102 1493 illustris
3144 1438 3436 1508 imaginem
3473 1428 3627 1505 depi-

374 1525 786 1594 conspicercnt,
837 1525 1018 1595 patris
1056 1512 1321 1595 pudorem
1355 1528 1949 1601 obtexerunt..Exper-
2052 1541 2197 1587 ctam
2225 1532 2478 1586 colebant
2507 1532 2779 1587 homines.
2811 1531 2990 1587 Causa
3037 1532 3183 1586 enim
3220 1530 3405 1585 cultus
3437 1529 3630 1599 imagi-

375 1628 562 1673 rectus
614 1627 796 1673 autem
847 1634 878 1672 e
914 1632 1110 1673 somno
1162 1634 1264 1675 suo
1314 1619 1490 1684 Noalt,
1536 1636 1796 1679 narrante
1845 1624 1947 1694 ipsi
2050 1625 2213 1679 nibus
2244 1624 2472 1693 praestiti
2503 1624 2617 1678 haec
2650 1622 2772 1686 luit,
2804 1621 2946 1693 quod
2978 1623 3108 1678 olim
3141 1637 3263 1676 cum
3317 1631 3629 1677 moreretur

379 1711 509 1779 quid
559 1718 774 1778 gestum
813 1709 1013 1774 fuerat,
1062 1728 1255 1777 uxore,
1290 1715 1464 1768 Hamo
1493 1731 1595 1772 suo
1632 1716 1744 1771 tilio
1774 1718 1949 1773 iratus
1981 1756 2022 1810 Β
2051 1732 2115 1771 ex
2160 1716 2291 1785 ipsis
2323 1716 2408 1771 vir
2445 1716 2645 1786 aliquis
2677 1715 2967 1787 prudentia
3000 1725 3053 1770 et
3081 1714 3315 1771 consilio
3364 1716 3480 1772 sive
3517 1714 3631 1767 for-

371 1801 674 1866 maledixit,
707 1802 1285 1861 dicens:Maledictus
1339 1805 1411 1861 sit
1460 1808 1619 1874 llam,
1647 1818 1701 1865 et
1754 1826 1947 1877 servus
1981 1801 2020 1810 ”
2056 1810 2294 1865 titudine
2336 1818 2631 1875 praestans,
2677 1808 2909 1878 elIigiem
2948 1808 3122 1877 ipsius
3168 1808 3223 1861 in
3268 1806 3627 1861 concessibus

374 1894 645 1949 fratribus
687 1895 823 1950 suis.
861 1897 993 1950 Post
1028 1897 1165 1961 haec,
1195 1914 1317 1952 cum
1347 1901 1646 1966 accepisset
1676 1902 1778 1957 sibi
1811 1902 1944 1957 llam
1982 1960 1985 1961 ν
2055 1903 2453 1975 depingerent;
2487 1900 2684 1957 deinde
2727 1916 2851 1954 eum
2888 1900 3017 1969 quid
3056 1900 3191 1969 grati
3229 1900 3367 1971 ipsis
3412 1899 3625 1953 accide-

368 1988 557 2040 omnia
610 1986 976 2041 instrumenta
1030 1986 1265 2054 ludicra,
1314 1992 1415 2045 bac
1466 1994 1631 2046 etiam
1682 2010 1744 2049 ex
1793 2006 1948 2064 parte
2056 2005 2138 2049 ret
2171 1996 2237 2051 de
2265 2010 2376 2064 quo
2403 1992 2732 2063 captandum
2764 2001 2911 2048 esset
2957 1992 3276 2055 consilium,
3311 1994 3453 2063 apud
3486 1991 3631 2044 ima-

370 2080 726 2135 maledictum
756 2091 839 2135 est
870 2082 997 2151 ipsi,
1031 2082 1318 2153 factusque
1345 2096 1429 2140 eat
1460 2101 1654 2142 servus
1685 2086 1945 2145 fratribus
2055 2088 2235 2157 ginem
2270 2087 2430 2141 istam
2472 2086 2865 2141 convenientes
2895 2083 3006 2157 48
3039 2084 3438 2149 consultarent,
3472 2083 3628 2152 quasi

370 2174 529 2236 suis;
595 2173 712 2241 ipse
770 2174 983 2228 scilicet
1036 2189 1099 2228 ac
1157 2177 1361 2245 posteri
1416 2177 1613 2247 ipsius,
1667 2180 1759 2249 qui
1816 2189 1945 2234 sunt
2055 2183 2274 2236 adesset
2321 2180 2453 2248 ipsis
2509 2180 2653 2235 inter
2697 2178 3128 2234 consultandum
3170 2179 3351 2247 imago
3400 2177 3527 2243 ista,
3562 2191 3630 2230 ne

372 2262 639 2335 JEgyptii,
693 2262 937 2335 Nigritae,
970 2258 1281 2337 Ethiopes,
1310 2279 1366 2323 et
1409 2268 1507 2339 (ut
1543 2270 1777 2337 dicitur)
1811 2271 1944 2326 Bar-
2053 2274 2271 2329 deesset
2324 2272 2462 2341 ipsis
2517 2271 2569 2325 in
2625 2272 2862 2327 consilio
2919 2269 3156 2336 alicujus
3212 2277 3625 2323 antecessorum

372 2353 511 2408 bari.
557 2354 778 2408 Duobus
837 2366 1021 2440 autem
1072 2366 1198 2425 post
1248 2358 1514 2414 diluvium
1571 2362 1732 2417 annis
1780 2371 1945 2419 natus
2055 2361 2233 2435 imago
2271 2382 2285 2418 :
2320 2365 2464 2434 quod
2500 2379 2623 2418 cum
2662 2363 2841 2418 facere
2870 2371 3308 2433 perseverarent,
3337 2362 3401 2415 ad
3435 2348 3629 2432 imagi-

369 2455 457 2501 est
481 2443 647 2501 Semo
692 2447 1110 2513 Arpltaebsltad,
1141 2447 1307 2505 Semo
1337 2451 1450 2519 jam
1473 2460 1690 2507 centum
1726 2463 1779 2508 et
1810 2455 1947 2510 duos
2055 2471 2185 2525 num
2222 2457 2428 2511 cultum
2480 2455 2689 2524 delapsi
2724 2465 2875 2509 sunt.
2918 2456 2963 2511 Α
2993 2464 3241 2525 tempore
3272 2465 3453 2509 autem
3488 2454 3631 2508 diln-

368 2554 551 2594 annos
591 2548 747 2594 nato.
781 2538 1038 2608 Vixitque
1063 2538 1216 2594 Noalt
1250 2540 1361 2613 44
1390 2553 1512 2612 post
1551 2544 1815 2598 diluvium
1845 2560 1943 2599 an-
2054 2550 2126 2604 vii
2174 2549 2238 2604 ad
2279 2548 2619 2603 nativitatem
2653 2545 2874 2602 Phaleki
2951 2545 3444 2617 (intercesserunt)
3499 2546 3626 2601 anni

286 2640 291 2643 ‘
366 2646 471 2686 nos
516 2640 820 2687 tercentum
857 2643 909 2687 et
944 2633 1363 2703 quinquaginta.
1982 2626 1987 2631 ’
2054 2640 2335 2711 quingenti
2368 2640 2591 2709 triginta
2622 2647 2676 2694 et
2705 2655 2870 2695 unus.
2898 2639 2979 2693 Ab
3003 2640 3213 2693 Adamn
3234 2638 3297 2694 ad
3329 2620 3626 2693 Phalcltum

439 2721 599 2777 Morti
627 2735 809 2778 autem
847 2722 957 2792 jam
995 2724 1206 2779 vicinus
1233 2727 1491 2795 praecepit
1510 2725 1663 2783 Noab
1690 2726 1854 2783 Semo
1886 2730 1944 2784 ἢ·
2055 2741 2248 2789 natum
2282 2731 2408 2787 anni
2436 2732 2521 2787 bis
2554 2732 2699 2787 mille
2727 2731 3051 2802 septingenti
3081 2732 3355 2800 octoginta
3390 2740 3624 2799 septem.

365 2816 443 2869 lio
468 2830 588 2877 suo,
614 2817 754 2870 clam
794 2817 897 2887 ipsi
941 2818 1127 2874 dicens
1154 2819 1298 2873 :Fae
1324 2828 1383 2875 ut
1422 2836 1657 2891 corpore
1697 2823 1890 2879 Adami
1916 2840 1945 2880 e
2055 2822 2229 2881 Natus
2269 2836 2354 2881 est
2405 2836 2586 2880 autem
2641 2823 2879 2879 Pbaleko
2929 2823 3295 2880 lvlelchisedek
3347 2823 3625 2876 sacerdos.

366 2908 513 2974 navi,
546 2908 763 2997 nemine
787 2910 1035 2971 conscio,
1076 2910 1319 2979 sublato,
1371 2915 1724 2985 acceptisque
1766 2926 1943 2971 tecum
2055 2917 2207 2974 Fecit
2253 2933 2385 2987 ergo
2421 2918 2548 2972 Sem
2584 2918 2725 2971 sicut
2778 2925 3113 2988 prmeepcrat
3155 2917 3255 2984 ipsi
3291 2927 3443 2986 pater
3481 2916 3623 2984 ejus,

362 2996 425 3054 in
464 2996 887 3069 viaticumpane
929 3016 992 3057 ac
1033 3003 1183 3066 vino,
1224 3012 1277 3059 et
1303 3006 1476 3061 ascito
1515 3004 1947 3064 Melchisedecbn
2054 3008 2251 3072 Noah;
2310 3020 2364 3065 et
2424 3012 2601 3064 navim
2665 3018 2826 3063 noctu
2890 3008 3171 3080 ingressus
3236 3008 3362 3063 inde
3419 3022 3620 3077 corpus

367 3093 589 3151 Pltaleki
616 3096 746 3163 tilio,
773 3097 1387 3167 proﬁciscaminiZdonec
1409 3101 1482 3156 ibi
1507 3101 2269 3173 ipsumdepona-CAdami,
2346 3103 2563 3157 neruine
2620 3102 2745 3156 facti
2805 3103 3054 3166 conscio,
3116 3101 3371 3166 susrulit;
3428 3100 3625 3154 deinde

364 3189 444 3244 tis
486 3188 575 3244 ubi
606 3189 954 3245 indicaturus
985 3201 1071 3246 est
1095 3194 1325 3261 angelus
1356 3192 1597 3249 Domini.
1624 3192 1691 3251 Et
1716 3196 1943 3253 Melclii-
2047 3196 2362 3252 convocatis
2413 3193 2694 3259 fratribus,
2737 3192 2917 3247 dixit:
2945 3193 3007 3248 In
3036 3191 3311 3247 mandatis
3358 3191 3490 3245 mihi
3526 3193 3628 3245 sub

367 3282 603 3339 sedecim
631 3284 1170 3355 pra-eipiensjubeas
1211 3287 1386 3359 ipsum
1440 3304 1505 3344 eo
1546 3289 1649 3345 loci
1677 3293 1836 3348 sedes
1885 3295 1948 3348 ﬁ.
2050 3298 2225 3343 morte
2275 3304 2371 3341 sua
2429 3286 2578 3341 dedit
2629 3293 2803 3355 pater,
2843 3293 2903 3340 ut
2958 3284 3013 3339 in
3068 3292 3214 3339 terra
3268 3282 3629 3354 progrederer

369 3388 515 3442 gere,
564 3390 788 3431 uxorem
836 3392 946 3430 non
998 3377 1221 3443 ducere,
1250 3379 1346 3434 sed
1388 3381 1586 3449 pietati
1632 3397 1729 3451 per
1775 3391 1945 3439 totam
2051 3395 2222 3450 usque
2271 3380 2401 3435 dum
2436 3376 2503 3432 ad
2527 3377 3071 3447 marepertingerem,
3105 3372 3460 3443 videremqnc
3488 3389 3627 3441 quo-

366 3468 529 3521 vitam
558 3484 617 3523 se
645 3470 1212 3541 addicere;quoniam
1254 3472 1431 3542 ipsum
1477 3474 1640 3542 elegit
1679 3477 1947 3532 Dominus
2050 3473 2212 3527 modo
2256 3487 2315 3526 se
2365 3471 2590 3527 haberet
2632 3478 2779 3525 terra
2827 3469 3059 3539 ejusque
3102 3466 3253 3521 ﬂuvii
3318 3482 3381 3521 ac
3436 3467 3625 3528 valles,
3696 3456 3699 3457 ⁷

370 3571 431 3614 ιιι
454 3560 623 3614 cultui
667 3562 786 3629 ejus
817 3562 1108 3619 inserviat.
1134 3561 1245 3619 Nec
1286 3579 1415 3632 ergo
1455 3566 1675 3621 domum
1719 3566 1823 3622 sibi
1852 3585 1947 3623 ex-
2050 3576 2164 3620 tum
2204 3562 2271 3619 ad
2330 3578 2429 3619 vos
2479 3570 2809 3618 reverterer.
2847 3557 3083 3616 Uxorem
3134 3575 3267 3632 ergo
3314 3575 3378 3615 ac
3428 3559 3629 3613 liberos

366 3654 1044 3722 struat;necsanguinem
1070 3653 1140 3707 ibi
1168 3653 1506 3717 loeifundat,
1530 3656 1839 3722 velbcstiaa,
1866 3658 1949 3711 vel
2053 3674 2202 3715 meos
2263 3657 2404 3724 apud
2461 3671 2557 3711 vos
2617 3654 2887 3726 relinquo,
2946 3668 3087 3725 quos
3148 3652 3380 3710 servetis
3460 3652 3625 3706 velim

368 3744 630 3809 volucris,
666 3744 751 3798 vel
797 3744 1050 3799 animalis
1090 3745 1376 3812 cujusvis;
1438 3762 1618 3817 neque
1652 3748 1815 3801 alia'n
1874 3748 1948 3803 ibi
2051 3767 2224 3821 usque
2273 3751 2404 3803 dum
2451 3751 2516 3802 ad
2553 3765 2650 3805 vos
2696 3756 2979 3813 revertar;
3019 3746 3257 3802 Phaleko
3311 3753 3491 3799 autem
3529 3744 3627 3798 di-

361 3836 561 3890 otferat
620 3835 957 3891 oblationem
1014 3853 1177 3907 quam
1224 3851 1418 3907 panem
1470 3847 1526 3893 et
1568 3838 1777 3903 vinum,
1827 3854 1949 3908 quis
2052 3844 2130 3897 xit
2167 3864 2179 3897 :
2222 3840 2368 3897 Cede
2412 3841 2543 3895 mihi
2597 3840 2763 3894 tilimn
2809 3849 2959 3893 tuum
3013 3836 3474 3893 ltlelcbisedekum
3534 3836 3626 3904 qui

370 3928 605 3983 Domino
639 3929 857 3991 offeret.
906 3930 1089 4000 sitque
1138 3945 1168 3985 e
1222 3929 1452 4000 pellibus
1506 3930 1739 3986 leoninis
1788 3931 1950 3985 indu-
2052 3936 2187 3991 mihi
2237 3934 2440 3988 auxilio
2477 3934 2551 3989 sit
2592 3935 2645 3986 in
2695 3933 2808 3987 via.
2840 3931 2977 3986 Cum
3010 3946 3167 4001 ergo,
3214 3930 3513 3998 assumptis
3545 3944 3632 3982 se-

372 4031 617 4078 tnentum
670 4024 878 4093 ipsius;
929 4040 1031 4079 nec
1070 4025 1257 4080 crines
1307 4024 1549 4088 tondeat,
1594 4041 1694 4080 nec
1737 4041 1949 4097 ungues
2053 4044 2174 4084 cum
2227 4026 2419 4082 Adami
2464 4041 2696 4095 corpore
2729 4033 2782 4079 et
2843 4024 3307 4087 Melchisedecbo,
3354 4025 3633 4093 profectus

371 4115 654 4185 prmc‘dat,
716 4116 977 4186 solusque
1031 4127 1375 4187 permaneat,
1439 4119 1643 4188 quippe
1702 4120 1793 4188 qui
1855 4120 1947 4174 Dei
2054 4128 2200 4176 esset
2251 4118 2401 4182 Sem,
2430 4117 2676 4174 occurrit
2718 4117 2853 4187 ipsis
2883 4116 3111 4186 angelus
3146 4115 3390 4177 Domini,
3430 4131 3530 4169 nec
3564 4117 3632 4168 ab

366 4207 626 4261 altissimi
680 4210 943 4264 sacerdos
976 4218 1082 4264 est.
1118 4209 1338 4265 Precibit
1378 4218 1563 4265 autem
1591 4212 1749 4268 vobis
1782 4227 1948 4281 ange-
2053 4214 2191 4283 ipsis
2241 4212 2516 4275 discessit,
2569 4210 2743 4265 donec
2791 4208 2873 4264 eis
2909 4208 2976 4262 ad
3026 4208 3262 4262 medium
3311 4214 3470 4260 terrae
3502 4222 3629 4274 per-

372 4299 460 4353 lus
509 4298 723 4353 Domini
780 4300 956 4356 donec
1009 4302 1076 4357 ad
1131 4302 1314 4357 locum
1352 4303 1441 4358 ubi
1497 4304 1767 4375 sepulturi
1815 4303 1950 4359 estis
2056 4307 2233 4379 ductis
2285 4305 2469 4361 locum
2502 4304 2871 4370 ostendisset;
2913 4302 2999 4357 cui
3032 4317 3155 4357 cum
3203 4316 3408 4370 corpus
3440 4301 3630 4354 Adami

374 4389 569 4443 Adami
636 4405 838 4461 corpus
896 4392 1269 4461 perveniatis;
1325 4394 1470 4449 scias
1528 4403 1710 4449 autem
1765 4396 1943 4450 locum
2056 4386 2471 4468 imposuissent,
2540 4404 2733 4466 Sponte
2802 4409 2901 4449 sua
2971 4392 3294 4457 dehiscebat.
3358 4409 3372 4446 :
3437 4392 3635 4447 deinde

376 4484 542 4551 istum
598 4490 757 4537 terra:
813 4484 1051 4539 medium
1101 4500 1244 4542 esse.
1278 4483 1406 4541 Haec
1436 4502 1560 4541 cum
1610 4486 1777 4541 Semo
1807 4502 1949 4557 prre-
1981 4471 2027 4527 θ
2058 4489 2310 4561 deposito
2360 4489 2415 4542 in
2464 4489 2584 4559 ipso
2631 4502 2883 4557 corpore,
2942 4500 3167 4540 rursum
3220 4484 3476 4540 occlusns
3525 4495 3629 4539 est.

372 4576 633 4643 cepisset,
687 4584 936 4631 mortuus
975 4586 1059 4633 est
1110 4577 1287 4641 Noah.
1342 4580 1432 4634 die
1480 4576 1759 4642 Mercurii,
1816 4581 1947 4634 hora
2054 4580 2259 4636 Nomen
2307 4592 2483 4633 autem
2525 4579 2628 4636 loci
2672 4579 2830 4635 istius
2867 4588 2951 4634 est
2987 4575 3241 4646 Jaljalah,
3274 4575 3514 4649 49-51
3576 4577 3628 4630 id

374 4666 484 4721 diei
534 4668 801 4731 secunda,
837 4669 1084 4724 secundo
1128 4672 1336 4726 mensis
1367 4672 1532 4743 Ayar,
1569 4672 1660 4739 qui
1692 4672 1834 4725 idem
1871 4683 1954 4726 est
2053 4678 2160 4738 est,
2198 4670 2469 4724 cranium.
2610 4722 2615 4725 _

381 4772 447 4811 ac
509 4756 792 4825 Bas’hnes;
833 4760 1047 4829 fuitque
1099 4762 1211 4826 vita
1262 4760 1437 4815 Noabi
1489 4777 1754 4816 annorum
1808 4777 1950 4817 non-
2127 4762 2265 4818 Tum
2298 4763 2553 4833 praecepit
2581 4760 2705 4816 Sem
2732 4756 3127 4815 Melcliisedeko
3161 4760 3344 4813 omnia
3375 4760 3635 4828 qumjus-

372 4860 664 4921 geniorum
702 4853 1120 4922 quinquaginta.
1154 4852 1397 4922 Contigit
1440 4865 1619 4907 autem
1658 4853 1761 4908 hoc
1808 4869 1953 4908 anno
2057 4864 2204 4913 serat
2234 4856 2409 4925 ipsum
2446 4853 2618 4919 Noah,
2653 4852 2840 4907 dicens
2871 4851 2945 4906 illi
2980 4846 3122 4905 :Hic
3151 4866 3378 4906 manens
3410 4850 3488 4905 sis
3524 4850 3633 4904 Do-

374 4942 555 4996 2tatis
579 4941 728 4997 Semi
757 4943 1306 5014 quadringentesimo
1332 4944 1804 5013 quinquagesimo.
1831 4944 1954 4999 Pol-
2058 4947 2209 5001 mino
2240 4944 2520 5007 sacerdos,
2548 4944 2806 5012 quoniam
2842 4943 3007 5012 elegit
3040 4948 3092 4998 te
3118 4941 3384 4997 Dominus
3416 4941 3481 4994 ad
3516 4941 3637 4994 cul-

374 5036 604 5105 linctum
634 5052 766 5107 ergo
794 5038 973 5108 ipsum
1005 5038 1337 5111 sepelierunt
1382 5038 1626 5110 45-47
1661 5040 1754 5094 filii
1778 5039 1953 5110 ipsius
2062 5047 2177 5091 tum
2208 5037 2310 5091 sibi
2346 5036 2754 5106 praestandum;
2788 5020 2953 5106 atque
3001 5035 3229 5107 angelus
3278 5035 3380 5089 iste
3422 5033 3635 5086 Domini

380 5128 529 5195 Sem,
560 5125 723 5195 llam,
775 5139 830 5185 et
864 5128 1082 5201 Japltet,
1117 5147 1180 5186 ac
1222 5132 1587 5202 quadraginta
1642 5131 1759 5187 dies
1796 5112 1954 5201 plan-
1996 5152 1999 5155 δ
2063 5131 2131 5186 ad
2162 5138 2215 5185 te
2246 5130 2508 5185 continue
2538 5128 2853 5183 descendet.
2898 5127 3105 5184 Deinde
3144 5128 3209 5183 ad
3260 5129 3458 5182 fratres
3513 5140 3639 5178 suos

376 5230 601 5276 xerunt.
633 5221 831 5277 Totum
878 5232 1063 5278 autem
1121 5227 1266 5294 quod
1321 5209 1459 5277 vixit
1492 5222 1640 5287 Sem,
1685 5238 1953 5279 annorum
2062 5238 2338 5286 reversus,
2380 5223 2739 5291 interroganti
2780 5220 3037 5287 Phaleko,
3073 5221 3292 5276 ubinam
3323 5226 3469 5272 esset
3503 5215 3638 5269 Mel-

374 5320 493 5365 erat
524 5323 955 5381 sescentorum;
987 5329 1219 5385 quorum
1254 5325 1471 5369 centum
1504 5323 1634 5371 ante
1669 5315 1959 5380 diluvium,
2065 5313 2323 5369 cbisedek
2349 5314 2521 5384 puer?
2546 5313 2850 5383 respondit,
2876 5328 2936 5369 se
2969 5313 3144 5382 ipsum
3175 5314 3227 5365 in
3252 5312 3333 5363 via
3362 5319 3637 5363 mortuum

384 5413 509 5475 post
555 5406 822 5463 diluvium
860 5407 1169 5477 quingenti.
1206 5408 1660 5478 Arphacltshado,
1706 5416 1831 5476 post
1861 5423 1960 5461 an-
2067 5405 2385 5475 sepeliisse;
2423 5420 2614 5477 magna
2648 5421 2776 5474 ergo
2830 5404 2900 5457 ob
2954 5404 3131 5474 ipsum
3186 5400 3408 5454 tristitia
3463 5400 3638 5454 aﬂ‘ecti

379 5513 483 5552 nos
531 5508 751 5555 centum
813 5501 1043 5570 triginta
1091 5500 1355 5570 quinque,
1394 5508 1554 5555 natus
1598 5508 1680 5554 est
1711 5497 1959 5565 Kainan;
2068 5510 2218 5556 sunt.
2253 5498 2411 5554 Anno
2446 5508 2624 5553 autem
2658 5500 2781 5552 vitae
2813 5495 2975 5550 Eberi
3040 5492 3442 5561 septuagesimo
3468 5508 3642 5547 'mor-

374 5598 549 5645 totum
580 5604 761 5648 autem
789 5594 938 5664 quod
962 5593 1099 5648 vixit
1126 5592 1516 5659 Arpbacbsbad
1539 5603 1657 5648 erat
1688 5606 1953 5645 annorum
2070 5600 2196 5646 tuus
2231 5598 2316 5645 est
2338 5589 2753 5659 Arpliachsltad,
2787 5601 2973 5640 mense
3005 5586 3172 5641 Nisan
3204 5583 3318 5653 (qui
3370 5592 3454 5637 est
3504 5584 3640 5637 Bar-

378 5683 907 5756 quadringentornm
938 5687 1218 5757 sexaginta
1249 5686 1510 5756 quinque.
1549 5683 1799 5739 Kainano
1834 5692 1953 5753 post
2071 5684 2327 5754 mudab);
2366 5682 2577 5751 fuitque
2612 5681 2722 5734 vita
2756 5678 2932 5748 ipsius
2969 5692 3237 5731 annorum
3269 5676 3639 5745 quadringen-

384 5789 562 5832 annos
613 5787 835 5835 centum
858 5788 919 5837 et
962 5781 1189 5851 triginta
1239 5787 1399 5836 natus
1434 5788 1515 5836 est
1548 5777 1820 5844 Sitaleclt;
1874 5788 1956 5833 ιο·
2072 5786 2250 5834 torum
2296 5774 2577 5843 sexaginta
2633 5770 2893 5841 quinque.
2940 5769 3096 5824 Anno
3143 5782 3270 5825 vero
3304 5768 3423 5823 vita:
3480 5764 3638 5819 Eberi
