4034 6214
398 238 503 325 sua

1450 242 1813 321 E‘U'i'YClllI
1864 242 2394 305 ALEXANDRINI
2444 247 2657 305 PATR.

3542 246 3657 313 920

398 348 700 402 centesimo
733 352 889 406 tertio
909 366 1153 411 mortuus
1176 365 1258 411 est
1289 357 1412 409 Sent
1442 397 1455 419 ,
1490 356 1658 411 Noahi
1692 357 1856 418 ﬁlius,
1890 358 1977 412 die
2004 360 2050 417 Α
2082 359 2378 429 'l'ogmgar,
2406 360 2669 423 Al-‘l'obt,
2704 358 2860 428 Yajui
2891 369 2944 413 et
2972 358 3159 427 \lajui,
3190 358 3518 425 Al-Chozar,
3560 362 3656 416 Al-

399 440 648 504 Veneris,
680 458 865 499 mense
902 445 998 499 llul
1033 450 1142 516 (qui
1174 457 1256 502 est
1285 446 1454 513 Thut)
1489 464 1611 502 cum
1639 464 1815 504 annos
1839 465 1966 504 sex-

397 539 587 585 centos
622 535 871 589 vixisset.
912 537 1217 607 Totumque
1256 539 1399 606 quod
1437 540 1569 592 vixit
1611 540 1749 595 [iber
1786 557 1962 595 anno-

396 637 515 677 rum
545 634 662 678 erat
688 628 1213 698 quadringentorum
1242 640 1524 700 sexaginta
1552 644 1808 702 quatuor.
1841 633 1971 687 Fuit

398 724 529 771 tunc
570 719 832 786 temporis
862 720 1040 789 lingua
1076 722 1355 776 hominum
1378 739 1504 785 una,
1541 740 1722 777 sermo
1763 741 1906 780 unus
1948 740 1964 776 :

395 808 579 878 lingua
638 810 849 864 scilicet
873 810 1027 881 juxta
1063 816 1358 869 nonnullos
1386 814 1631 885 Syriaca,
1653 817 1809 886 juxta
1834 817 1971 873 alios

396 901 689 966 llehraica,
743 902 898 971 juxta
960 905 1100 961 alios
1141 905 1356 974 Graeca;
1411 923 1641 977 quorum
1696 910 1971 964 sententia

394 996 526 1049 mihi
564 997 874 1051 verisimilis
914 1000 1133 1054 videtur
1165 1041 1181 1065 ,
1216 1003 1357 1071 quod
1391 1003 1573 1073 lingua
1612 1004 1822 1072 Graeca,
1869 1003 1971 1076 Sy-

395 1091 542 1143 riaca
577 1100 631 1146 et
677 1089 942 1146 Hebraica
988 1093 1198 1149 firmius
1233 1094 1482 1159 fundata,
1516 1095 1786 1164 latiorque
1812 1098 1882 1153 sit
1913 1112 1977 1152 ac

395 1182 648 1251 amplior.
683 1182 1011 1253 Congregati
1044 1199 1177 1256 ergo
1211 1200 1273 1239 ex
1306 1186 1442 1255 ipsis
1487 1188 1587 1240 viri
1635 1189 1976 1259 septuaginta

396 1279 505 1324 duo
552 1271 811 1325 dixerunt
865 1291 879 1327 :
927 1271 1245 1329 Condamus
1280 1275 1471 1329 urbem
1503 1315 1518 1340 ,
1573 1290 1805 1344 eamque
1853 1291 1978 1333 arce

395 1365 710 1421 muniamus
745 1366 800 1420 in
837 1381 942 1436 qua
974 1367 1163 1420 turrim
1195 1376 1546 1423 exstruamns
1583 1384 1703 1438 qua:
1741 1370 1804 1422 ad
1855 1384 1974 1426 cm-

398 1461 509 1511 lum
549 1461 846 1528 pertingat,
879 1470 940 1515 ut
977 1465 1024 1515 si
1060 1460 1201 1515 forte
1243 1462 1528 1531 contingat
1562 1464 1855 1531 aliquando
1892 1463 1978 1516 di-

398 1551 626 1631 luvi‘um,
657 1551 726 1606 ab
750 1567 814 1606 eo
835 1551 1154 1606 liberemur.
1179 1551 1314 1606 Tres
1340 1566 1470 1620 ergo
1505 1567 1679 1606 annos
1709 1552 1979 1608 lateribus

397 1638 756 1693 conﬁciendis
774 1650 827 1693 et
845 1639 1148 1709 coquendis
1170 1640 1600 1707 insumpserunt;
1622 1639 1725 1709 52
1748 1656 1978 1709 quorum

2072 452 2207 509 lam.
2250 452 2593 512 Al-Anchaz.
2629 451 2687 503 Al
2723 449 3039 504 Sauarehah
3065 491 3077 512 ,
3111 450 3310 504 Jarzan
3335 491 3350 513 ,
3388 451 3650 505 Armenia

2073 544 2246 609 major
2284 553 2338 597 et
2368 545 2569 605 minor,
2608 541 2850 607 llauran,
2892 542 3206 607 Antiochia,
3236 540 3655 605 Al—Chalediab,

2073 636 2476 706 Aphlaguniah,
2503 635 2873 704 Cappadocia,
2904 634 3286 697 Charshenab,
3319 632 3516 698 Grazci,
3549 634 3658 689 Ro-

2078 728 2221 781 mani
2249 769 2264 793 ,
2299 727 2620 797 Byzantium
2650 767 2665 791 ,
2711 727 2949 781 Rutheni
2978 766 2993 792 ,
3029 725 3296 780 Al-Dilam
3325 765 3339 789 ,
3396 725 3610 796 Bolgari
3637 769 3653 792 ,

2080 818 2287 881 Sclavi,
2317 818 2711 883 Al-Aneirdah,
2762 816 2982 883 Franci,
3013 816 3370 879 Al-lalfatini,
3405 817 3653 888 Hispani.

2077 911 2323 981 Suntque
2353 910 2488 981 ipsis
2521 912 2718 966 insulae
2752 910 3066 977 duodecim,
3093 924 3124 965 e
3155 912 3359 980 quibus
3395 912 3648 979 Rhodus,

2079 1002 2290 1065 Sicilia,
2328 1004 2564 1074 Cyprus,
2601 1003 2817 1065 Samos,
2851 1012 2985 1063 etc.;
3020 1013 3073 1057 et
3098 1004 3383 1073 scriptura:
3411 1005 3655 1075 (genera)

2078 1113 2196 1162 sex,
2227 1098 2446 1151 scilicet
2473 1096 2661 1151 Graeca
2688 1135 2702 1160 ,
2734 1096 2977 1151 Romana
3006 1140 3019 1157 .
3051 1097 3378 1152 Armeniaca
3407 1139 3423 1161 ,
3459 1094 3661 1167 Hispa-

2077 1190 2223 1255 nica,
2243 1188 2520 1252 Francica,
2542 1187 2844 1244 Darbanica
2874 1206 2891 1254 ;
2936 1196 2989 1242 et
3014 1187 3244 1258 Japbeto
3276 1203 3306 1243 e
3340 1188 3522 1243 ﬂuviis
3553 1188 3661 1260 56

2078 1279 2463 1350 grandioribus
2514 1276 2718 1349 Tigris.
2805 1277 2979 1332 Porro
3036 1292 3066 1331 a
3113 1278 3322 1332 diluvio
3374 1294 3544 1348 usque
3590 1278 3661 1333 ad

2078 1371 2491 1426 aedificationem
2549 1371 2715 1426 turris
2796 1368 2850 1424 et
2906 1370 3218 1438 linguarum
3275 1370 3655 1426 confusionem

2080 1464 2207 1517 anui
2254 1470 2384 1530 sunt
2430 1462 2710 1532 quingenti
2750 1462 3023 1528 octaginta
3075 1473 3306 1531 septem;
3338 1465 3407 1517 ab
3454 1463 3660 1519 Adamn

2081 1562 2261 1609 autem
2309 1553 2376 1608 ad
2434 1555 2626 1608 turrim
2662 1554 2939 1610 conditam
2975 1554 3104 1607 anni
3155 1553 3240 1608 bis
3289 1554 3439 1607 mille.
3483 1554 3663 1609 octin-

2082 1648 2227 1715 genti
2273 1648 2492 1714 triginta
2520 1658 2777 1717 quatuor.
2807 1645 3044 1702 Pbaleko
3084 1657 3205 1716 post
3235 1661 3411 1701 annos
3439 1654 3660 1701 centum

398 1729 594 1799 singuli
628 1729 890 1784 tredecim
918 1730 1132 1784 cubitos
1166 1731 1336 1800 longi,
1370 1732 1558 1784 decem
1590 1731 1707 1794 lati,
1728 1747 1791 1786 ac
1822 1732 1983 1800 quin-
2012 1724 2053 1779 Β
2085 1739 2303 1807 triginta
2343 1748 2502 1792 natus
2530 1748 2622 1809 .est
2654 1737 2807 1807 Ragu
2835 1754 2850 1802 ;
2880 1752 3027 1792 anno
3062 1746 3244 1792 autem
3296 1739 3416 1792 vita:
3441 1737 3663 1793 Phaleki

397 1840 505 1893 que
526 1825 620 1878 alti
646 1838 867 1891 essent;
900 1825 1203 1893 urbemque
1245 1825 1386 1878 inter
1409 1823 1612 1893 Tyrmn
1642 1833 1693 1879 et
1724 1824 1975 1885 Babelem

397 1924 790 1970 exstruxerunt
811 1930 1008 1986 orgyas
1035 1916 1247 1986 longam
1275 1925 1576 1971 tercentum
1611 1926 1665 1970 et
1695 1916 1979 1975 tredecim,

399 2010 564 2062 latam
597 2018 815 2064 centum
852 2010 1245 2080 quinquaginta
1276 2025 1439 2067 unam
1476 2026 1489 2063 :
1526 2009 1686 2077 cujus
1712 2009 1853 2063 muri
1879 2010 1976 2063 alti

401 2115 601 2171 ogyras
655 2102 951 2172 quinquies
1002 2102 1151 2158 mille
1197 2103 1529 2173 quingentas
1571 2102 1793 2171 triginta
1822 2111 1979 2167 tres;

404 2195 499 2247 lati
536 2194 759 2263 triginta
795 2204 940 2262 tres;
967 2196 1138 2250 turris
1178 2204 1357 2250 autem
1397 2210 1597 2265 orgyas
1623 2194 1980 2250 deeies‘mille

401 2285 509 2339 alta
540 2304 554 2339 :
582 2286 780 2356 quibus
813 2287 1159 2343 exstruendis
1175 2288 1537 2357 quadraginta
1564 2301 1736 2342 annos
1768 2288 1982 2342 insum-

402 2386 652 2445 pserunt.
712 2378 904 2433 Adhuc
971 2389 1154 2434 autem
1210 2379 1612 2434 aediﬁcantibus
1663 2378 1798 2449 ipsis
1854 2393 1983 2432 ecce

402 2471 633 2526 immisit
665 2471 805 2528 Deus
839 2471 1091 2543 angelum
1130 2487 1159 2526 e
1192 2473 1333 2527 cmlo
1359 2472 1451 2539 qui
1485 2471 1701 2541 linguas
1732 2463 1980 2540 ipsorum

401 2561 803 2629 confunderet,
835 2574 889 2619 et
926 2562 1185 2619 dialectos
1233 2572 1515 2627 mutaret,
1566 2562 1703 2617 adeo
1748 2568 1808 2616 ut
1856 2576 1980 2615 cum

402 2653 526 2721 quis
556 2654 872 2722 loqueretur
911 2670 1018 2709 non
1057 2642 1381 2723 intelligeret
1411 2655 1554 2709 alius
1588 2655 1717 2724 quid
1752 2653 1979 2709 diceret.

403 2743 532 2798 lude
562 2746 865 2814 appellatus
907 2756 991 2801 est
1020 2747 1172 2801 locus
1208 2746 1309 2801 iste
1339 2745 1525 2808 Babel,
1560 2745 1707 2815 quod
1742 2744 1813 2797 ibi
1847 2758 1979 2798 con-

406 2838 543 2891 fusa:
573 2846 756 2892 essent
792 2839 989 2909 linguae
1034 2850 1047 2893 :
1089 2847 1255 2904 atque
1295 2839 1368 2893 ita
1400 2838 1636 2907 dispersi
1671 2837 1893 2891 fuerunt
1924 2837 1980 2890 in

403 2938 595 2994 terra;
626 2928 786 2997 idque
819 2944 962 2983 anno
1013 2945 1041 2983 a
1090 2929 1326 2985 Phaleko
1377 2938 1507 2987 nato
1557 2929 1984 3000 quadragesimo

406 3027 581 3073 sexto.
619 3018 691 3072 Ex
727 3018 834 3074 illis
867 3031 1048 3075 autem
1082 3021 1425 3091 septuaginta
1481 3030 1536 3075 et
1578 3019 1793 3074 duobus
1826 3016 1981 3081 viris,

405 3120 563 3165 erant
596 3127 625 3166 e
661 3112 787 3166 [iliis
838 3110 985 3166 Semi
1034 3111 1225 3184 viginti
1281 3113 1568 3183 quinque,
1621 3111 1713 3182 qui
1755 3110 1826 3166 ab
1877 3108 1985 3163 Ευ-

407 3203 601 3271 phrate
626 3213 675 3258 et
698 3203 871 3259 Musal
902 3202 969 3258 ad
1000 3212 1306 3260 extremum
1335 3220 1507 3275 usque
1527 3201 1803 3258 Orientem
1836 3199 1989 3254 habi-

407 3304 594 3349 tarunt
632 3314 645 3350 :
689 3312 719 3351 e
755 3296 954 3363 quibus
985 3305 1113 3352 sunt
1147 3295 1271 3368 Syri
1303 3337 1316 3358 ,
1371 3295 1566 3351 incolae
1600 3295 1765 3363 Diyar
1802 3291 1987 3346 Rabiaa

405 3400 459 3441 nt
495 3388 919 3458 Mesopotamiae,
950 3388 1289 3453 Jarmakani,
1328 3387 1563 3442 Chaldaei
1595 3386 1813 3455 (incolae
1878 3383 1987 3439 sci-

409 3480 534 3533 licet
564 3480 796 3548 Babelis)
825 3489 878 3535 et
912 3479 1149 3550 (pepuli)
1199 3480 1398 3533 Persize
1420 3521 1436 3545 ,
1469 3488 1522 3533 et
1552 3478 1831 3532 Chorasan
1861 3515 1876 3541 ,
1925 3487 1996 3532 et‘

407 3570 731 3640 Pharganah
760 3610 774 3635 ,
804 3578 857 3625 et
882 3571 1120 3639 Sindize,
1151 3578 1205 3625 et
1232 3569 1420 3635 Indiae,
1453 3579 1506 3624 et
1541 3568 1734 3624 insula:
1764 3567 1859 3623 Sin
1892 3607 1907 3631 ,
1937 3575 1991 3622 et

409 3661 643 3726 llebrzei,
681 3669 735 3715 et
767 3661 1005 3732 (incolae)
1036 3659 1268 3725 Yaman.
1296 3671 1349 3717 et
1376 3660 1667 3733 Al-Payei‘,
1699 3673 1755 3716 et
1781 3659 1988 3715 Al-Ya-

412 3751 653 3816 mamah,
684 3759 739 3807 et
760 3750 1114 3816 Al-Bahrain,
1141 3759 1193 3806 et
1220 3754 1437 3807 diversa
1476 3751 1715 3806 Arabum
1749 3766 1987 3821 genera;

410 3850 647 3911 suntque
678 3842 809 3911 ipsis
862 3843 1149 3912 scriptura:
1180 3859 1377 3913 genera
1414 3853 1577 3909 octo;
1631 3842 1843 3898 scilicet
1873 3842 1987 3897 He-

410 3933 623 4008 brqica,
661 3932 908 4003 Syriaca,
946 3932 1185 3995 Persica,
1212 3932 1418 3996 Indica,
1447 3931 1696 3987 Chaldrea
1742 3932 1886 3999 (quae
1928 3940 1983 3986 et

411 4025 767 4097 Babylonica)
803 4024 1074 4089 Sinensis,
1107 4023 1528 4095 Hamyarensis;
1564 4023 1808 4095 53-55
1855 4024 1991 4078 Ara-

414 4120 534 4173 hica
571 4136 585 4172 :
619 4127 857 4188 suntque
888 4118 1052 4175 Semo
1103 4117 1257 4173 ﬂuvii
1302 4116 1538 4188 majores
1586 4116 1891 4188 Euphrates
1936 4123 1992 4171 et

413 4209 612 4265 ﬂuvius
646 4210 837 4265 Balcb.

485 4300 527 4352 E
559 4300 685 4362 [iliis
732 4310 915 4355 autem
964 4301 1123 4355 Hami
1154 4300 1253 4354 viri
1292 4300 1514 4369 triginta
1546 4300 1676 4363 duo,
1706 4299 1797 4368 qui
1831 4299 1989 4352 incoo

2056 1829 2362 1905 tricesimo
2396 1836 2551 1885 sexto
2605 1829 2741 1884 obiit
2783 1829 2999 1883 Kainan
3026 1868 3041 1893 ,
3101 1843 3286 1883 mense
3336 1829 3420 1883 Ab
3456 1829 3661 1898 (quiet
3742 1868 3749 1877 ,

2084 1922 2281 1978 llleshri
2329 1923 2436 1991 est)
2482 1923 2692 1991 fuitque
2728 1923 2834 1975 vita
2877 1921 3051 1990 ipsius
3082 1936 3350 1974 annorum
3386 1920 3659 1990 quadrin-

2083 2024 2369 2083 gentorum
2407 2023 2459 2069 et
2492 2014 2735 2082 triginta.
2769 2012 3081 2082 Totumque
3111 2014 3257 2080 quod
3295 2011 3427 2065 vixit
3462 2011 3667 2066 Pbalek

2082 2106 2208 2160 anni
2250 2113 2553 2159 tercentum
2591 2105 2815 2175 triginta
2852 2118 3072 2159 novem.
3101 2104 3277 2173 Ragu,
3312 2112 3437 2173 post
3471 2119 3654 2158 annos

2082 2205 2300 2251 centum
2334 2195 2553 2266 triginta
2578 2196 2740 2259 duos,
2772 2204 2931 2250 natus
2958 2202 3045 2249 est
3070 2193 3304 2256 Sharua,
3331 2194 3494 2265 cujus
3524 2203 3668 2249 rem-

2082 2282 2305 2356 poribus
2338 2288 2632 2342 coluerunt
2664 2286 2918 2341 homines
2950 2284 3115 2346 idola,
3150 2299 3485 2353 unoquoque
3510 2284 3664 2354 quod

2084 2378 2185 2433 sibi
2219 2377 2469 2432 alliberet
2499 2378 2716 2432 colente
2752 2388 2807 2432 et
2839 2376 3126 2433 adorante.
3163 2374 3411 2430 Fuerunt
3439 2390 3569 2444 ergo
3594 2390 3666 2430 ex

2086 2469 2224 2536 ipsis
2250 2467 2339 2522 alii
2368 2468 2463 2537 qui
2498 2468 2722 2531 cmlum,
2752 2467 2844 2522 alii
2873 2468 2963 2537 qui
2989 2467 3186 2529 solem,
3218 2466 3310 2520 alii
3334 2468 3426 2536 qui
3453 2467 3671 2531 lunam,

2083 2560 2173 2613 alii
2213 2559 2307 2630 qui
2341 2559 2531 2614 stellas
2558 2599 2572 2625 ,
2607 2557 2698 2613 alii
2730 2557 2822 2627 qui
2858 2557 3133 2619 volucres,
3162 2556 3253 2610 alii
3286 2556 3378 2624 qui
3423 2565 3621 2610 terram
3644 2597 3665 2621 ,

2084 2650 2177 2705 alii
2213 2651 2305 2721 qui
2343 2650 2509 2715 feras,
2542 2650 2632 2704 alii
2672 2650 2763 2720 qui
2815 2648 3010 2704 ﬂuvios
3047 2690 3062 2714 ,
3110 2648 3200 2702 alii
3255 2649 3346 2717 qui
3384 2647 3614 2703 arbores
3642 2687 3661 2712 ,

2085 2742 2174 2796 alii
2209 2743 2303 2812 qui
2332 2750 2547 2797 montes
2575 2742 2853 2808 colerent;
2890 2740 2981 2794 alii
3012 2740 3105 2810 qui
3137 2739 3204 2793 ad
3236 2740 3662 2795 similitudinem

2085 2835 2257 2905 patris
2291 2843 2387 2889 aut
2422 2834 2616 2890 matris
2645 2835 2752 2900 sui,
2789 2843 2884 2889 aut
2910 2833 3029 2902 ejus
3057 2848 3218 2903 quem
3252 2849 3317 2887 ex
3349 2832 3452 2887 sibi
3483 2830 3675 2886 charis

2085 2927 2294 2982 honore
2329 2935 2812 2996 prosequerentur,
2850 2940 2973 2979 cum
3026 2931 3277 2979 mortuus
3327 2930 3496 2985 esset,
3533 2924 3673 2977 ima.

2094 3022 2275 3091 ginem
2309 3019 2613 3075 conﬂarent
2641 3033 2804 3089 quam
2844 3017 3118 3078 colerent,
3161 3031 3224 3070 ac
3258 3015 3361 3070 sibi
3404 3015 3457 3068 in
3498 3014 3668 3069 Deum

2093 3120 2479 3176 assumerent;
2524 3111 2617 3165 alii
2653 3110 2744 3181 qui
2796 3109 3087 3179 imaginem
3126 3123 3192 3162 ex
3226 3122 3383 3171 auro,
3416 3114 3667 3174 argento,

2092 3198 2293 3268 lapide,
2336 3210 2427 3251 aut
2460 3199 2607 3270 ligno
2650 3198 3008 3255 conﬁcerent.
3034 3197 3201 3251 Primi
3232 3207 3412 3252 autem
3446 3196 3550 3251 hoc
3585 3196 3669 3251 ie-

2092 3296 2289 3344 cerunt
2340 3289 2609 3360 Egyptii,
2659 3287 2968 3360 Babylonii,
3020 3285 3244 3353 Franci,
3300 3296 3356 3344 et
3416 3289 3669 3342 locorum

2097 3378 2501 3434 maritimorum
2551 3379 2771 3434 incolae.
2803 3378 3013 3434 Dicitur
3060 3381 3224 3434 etiam
3260 3379 3444 3434 cultus
3486 3379 3664 3435 idolo-

2093 3488 2213 3526 rum
2248 3472 2513 3542 originem
2569 3472 2707 3527 hane
2749 3471 2947 3532 fuisse,
2990 3471 3134 3541 quod
3183 3486 3308 3527 cum
3361 3483 3666 3526 moreretur

2094 3566 2236 3634 apud
2268 3564 2390 3620 illos
2425 3565 2700 3634 quispiam
2737 3563 3028 3633 imaginem
3078 3564 3144 3618 ad
3194 3565 3316 3634 ejus
3350 3564 3665 3621 similitudi-

2095 3673 2217 3712 nem
2251 3657 2495 3729 57-59
2524 3657 2814 3714 conﬂatam
2848 3658 3060 3714 tumulo
3092 3658 3264 3729 ipsius
3297 3660 3665 3728 imponerent,

2093 3767 2201 3821 quo
2246 3753 2428 3807 minus
2471 3752 2731 3808 oblivioni
2785 3752 3097 3807 traderetur
3141 3752 3403 3806 memoria
3454 3751 3672 3821 ipsius.

2094 3845 2223 3915 (qua
2254 3845 2488 3915 ratione)
2521 3846 2738 3916 impleta
2767 3854 2852 3902 est
2885 3855 3027 3901 terra
3058 3844 3255 3900 idolis:
3283 3845 3527 3900 virorum
3558 3846 3673 3902 sci-

2094 3940 2243 4003 licet,
2286 3936 2611 3993 feminarum
2641 3945 2696 3992 et
2725 3951 3016 4006 puerorum
3053 3936 3388 3991 simulacris.

2165 4029 2365 4084 Eodem
2397 4038 2637 4100 tempore
2670 4044 2793 4084 cum
2827 4038 3078 4086 mortuus
3129 4035 3277 4084 esset
3323 4030 3407 4083 vir
3443 4027 3671 4099 quidam

2094 4121 2267 4184 dives,
2305 4120 2450 4176 illius
2483 4122 2661 4192 ipsius
2698 4129 2932 4176 statuam
2969 4123 3109 4185 sibi,
3160 4122 3228 4191 ad
3260 4121 3431 4191 patris
3460 4121 3545 4178 sui
3598 4123 3681 4177 si-

2097 4212 2459 4267 militudinem
2518 4212 2847 4279 confectam,
2890 4213 3096 4268 tunmlo
3141 4213 3314 4284 ipsius
3365 4213 3671 4283 imposuit,

2095 4306 2365 4361 collocato
2389 4305 2548 4361 etiam
2579 4306 2649 4360 ibi
2678 4322 2837 4361 servo
2857 4306 2950 4377 qui
2980 4305 3157 4374 ipsam
3184 4306 3507 4362 custodiret.
3531 4304 3672 4362 Cum

366 4448 371 4453 .
414 4391 635 4448 luerunt
664 4391 899 4461 Syriam,
933 4406 1054 4460 qua;
1083 4398 1139 4445 et
1167 4399 1308 4444 terra
1347 4390 1688 4444 Chanaanaaa
1737 4389 1879 4443 dicta
1909 4402 1992 4443 est
2025 4402 2067 4456 1)
2096 4397 2450 4451 advenientes
2498 4396 2695 4451 deinde
2731 4396 2879 4452 fures
2910 4396 3177 4468 quidquid
3216 4397 3331 4452 ﬁlio
3366 4396 3509 4452 domi
3556 4411 3675 4451 sua

415 4486 579 4553 (quod
611 4492 759 4537 esset
788 4482 959 4536 llamo
983 4481 1125 4536 ﬁlius
1155 4482 1241 4535 cui
1281 4496 1478 4535 nomen
1501 4481 1781 4548 Chanaan)
1814 4495 1989 4550 usque

414 4577 479 4629 ad
507 4583 789 4629 extremos
825 4573 1138 4628 Occidentis
1162 4566 1463 4629 terminos:
1490 4582 1726 4642 sinitque
1758 4588 1822 4627 ex
1857 4572 1990 4641 ipsis

413 4666 739 4722 Chanaanaei
762 4707 777 4731 ,
816 4666 1073 4721 Philistrei
1102 4706 1116 4729 .
1152 4667 1341 4721 incola:
1371 4665 1585 4738 IEgypti
1610 4706 1625 4730 ,
1654 4664 1928 4735 Kophtita:
1959 4706 1973 4729 ,

416 4758 880 4821 lil.trisii.diversa
912 4758 1246 4828 Nigritarnm
1280 4775 1501 4829 genera,
1536 4758 1847 4829 IEthiopes,
1880 4756 1991 4812 Nu-

417 4852 656 4914 hienses,
706 4851 1041 4918 Al—Bajaitaa,
1093 4851 1367 4917 Al-Zenii,
1413 4851 1678 4916 ΑΙ-Ζυιιί,
1713 4846 1940 4905 Kal‘rani
1972 4890 1987 4913 ,

419 4943 725 5003 Samaritm.
759 4942 1068 5007 Al-Zabeii,
1103 4943 1516 5014 AI-Mogrebini,
1554 4943 1799 4998 Barbari.
1828 4942 1997 4996 Sunt-

416 5052 523 5102 que
579 5034 685 5087 illis
737 5034 928 5090 insul..e
976 5035 1166 5103 viginti
1212 5049 1331 5099 sex,
1369 5051 1398 5089 c
1436 5035 1634 5105 quibus
1689 5032 1942 5088 Sardinia
1974 5074 1987 5097 ,

418 5128 577 5182 Malta
601 5172 614 5191 ,
645 5126 844 5188 Creta,
886 5138 940 5182 ct
973 5143 1100 5197 pars
1149 5128 1344 5182 insula:
1394 5127 1556 5199 Cypri
1581 5170 1594 5187 .
1646 5141 1768 5180 eum
1825 5126 1992 5191 aliis;

419 5222 703 5290 scriptura:
730 5229 910 5275 autem
944 5222 1188 5291 (genera)
1223 5238 1316 5275 sex
1345 5239 1358 5273 :
1391 5221 1621 5276 scilicet
1647 5220 1991 5291 Egyptiaca.

425 5312 748 5381 Nubiensis,
779 5314 1116 5387 AZthiopica,
1152 5313 1415 5369 Francica
1452 5355 1466 5377 ,
1506 5313 1732 5378 Punica,
1776 5314 1995 5369 Kanke—

428 5406 555 5459 lica.
597 5406 765 5461 Porro
796 5407 968 5462 Hamo
997 5423 1027 5461 e
1054 5407 1234 5462 ﬂuviis
1262 5406 1644 5477 grandioribus
1674 5405 1847 5461 Nilus.
1895 5407 1999 5461 Eo-

424 5513 548 5551 rum
597 5499 835 5568 denique
869 5516 899 5555 e
933 5502 1061 5555 (iliis
1108 5499 1305 5571 Japbet
1362 5500 1461 5554 viri
1514 5499 1851 5569 quindecim,
1905 5499 1998 5569 qui

426 5586 740 5640 habitarunt
771 5604 798 5641 a
822 5590 970 5661 Tigri
992 5608 1167 5661 usque
1185 5592 1251 5646 ad
1277 5602 1551 5648 extremas
1577 5591 1615 5645 S
1635 5590 1997 5660 cptentrionis

429 5685 644 5744 νανιεες
689 5688 927 5750 suntque
960 5698 1024 5738 ex
1083 5684 1219 5755 ipsis
1269 5684 1462 5742 Turcze
1490 5727 1503 5753 ,
1558 5682 1862 5751 Al-Baitae,
1904 5683 1997 5738 Λι-

2098 4487 2197 4541 fuit
2228 4489 2658 4557 subripuissent,
2685 4488 2958 4559 profectus
2984 4487 3161 4560 illejad
3186 4489 3359 4559 patris
3383 4488 3469 4543 sui
3491 4497 3679 4543 tumu-

2096 4581 2205 4634 lum
2248 4580 2374 4635 ﬂere
2403 4592 2456 4635 et
2494 4582 2758 4650 conqueri
2785 4581 2927 4651 apud
2960 4590 3200 4637 statuam
3227 4582 3387 4636 istam
3426 4594 3675 4645 auream,

2096 4672 2253 4740 quasi
2301 4672 2442 4742 apud
2490 4680 2697 4742 patrem
2751 4688 2939 4728 suum.
2976 4673 3262 4728 Allocutus
3311 4688 3442 4743 ergo
3495 4673 3678 4741 ipsum

2097 4763 2347 4819 diabolus
2378 4779 2409 4819 e
2434 4774 2623 4819 ventre
2661 4772 2851 4819 statua:
2877 4780 2894 4819 :
2921 4762 2997 4820 Ne
3024 4762 3175 4828 ﬂeas,
3211 4764 3408 4835 inquit,
3435 4763 3519 4818 abi
3555 4774 3686 4817 tan—

2099 4864 2235 4916 tum,
2267 4862 2321 4909 et
2351 4855 2511 4910 allato
2536 4853 2643 4910 ﬁlio
2672 4863 2767 4909 tuo
2798 4862 2929 4907 natu
2965 4854 3191 4909 minimo
3222 4857 3400 4924 ipsum
3430 4855 3560 4908 mihi
3609 4853 3666 4907 in

2100 4946 2429 5002 sacriﬁcium
2455 4956 2701 5002 mactans
2726 4947 2991 5017 sanguine
3010 4948 3129 5016 ejus
3153 4945 3353 5001 calenti
3381 4955 3434 5001 te
3459 4946 3679 5006 abluas.

2100 5039 2173 5092 ita
2238 5038 2351 5106 (ﬂet
2394 5040 2470 5108 ut)
2502 5054 2602 5105 ego
2640 5036 2824 5093 omnia
2870 5038 2969 5093 tibi
3005 5054 3129 5108 qua:
3170 5038 3471 5109 perdideris
3523 5039 3686 5093 resti-

2103 5139 2273 5183 tuam.
2323 5128 2459 5185 Cum
2490 5144 2621 5197 ergo
2667 5129 2757 5184 ille
2803 5128 2977 5183 [ilium
3014 5142 3176 5184 suum
3223 5126 3444 5182 allatum
3494 5141 3681 5182 coram

2104 5221 2246 5276 idolo
2296 5228 2611 5286 mactasset,
2664 5221 2896 5291 ejusque
2949 5220 3217 5291 sanguine
3268 5235 3327 5274 se
3381 5218 3679 5281 abluisset,

2104 5328 2356 5382 egressus
2389 5328 2451 5367 ex
2487 5311 2633 5367 idolo
2664 5313 2938 5375 diabolus,
2973 5314 3367 5380 hominemque
3403 5311 3556 5365 illum
3589 5311 3683 5365 in-

2106 5420 2354 5473 gressus,
2376 5405 2549 5474 ipsum
2586 5404 2889 5475 praestigias
2911 5414 2964 5459 et
2987 5404 3391 5459 incantamenta
3416 5400 3675 5457 edocuit:

2108 5488 2271 5565 atque
2301 5495 2427 5551 hinc
2479 5506 2767 5567 coeperunt
2814 5495 3063 5556 homines
3098 5495 3240 5551 ﬂlios
3287 5509 3418 5550 suos
3446 5492 3681 5549 diabolis

2108 5599 2369 5653 mactare,
2400 5600 2455 5644 et
2485 5589 2776 5660 pratstigiis
2801 5588 2926 5660 (uti)
2958 5587 3288 5644 didicerunt.

2182 5682 2349 5739 Porro
2374 5681 2564 5738 diebus
2594 5680 2743 5754 Ragu
2768 5681 2969 5740 multos
2999 5696 3175 5739 annos
3221 5678 3466 5753 regnavit
3495 5674 3681 5748 regina
