4034 6214
334 327 435 393 9211

1778 346 2156 411 ANNALES.

3490 356 3599 421 993.

339 448 500 503 Saba?
524 488 538 509 ,
571 461 633 500 ca
671 461 790 515 qua:
818 447 1005 502 urbem
1037 446 1237 504 Sabam
1273 452 1539 509 condidit.
1575 453 1707 510 Post
1744 464 1911 525 quam
1943 476 1989 531 Α
2018 458 2309 527 accedens,
2346 462 2522 533 ipsum
2562 465 2874 521 adoravcrit
2902 484 2915 520 :
2948 467 3132 537 ibique
3167 470 3455 537 quemdam
3487 482 3600 527 sta-

334 541 455 595 urhi
490 538 664 604 Sabaa,
703 554 874 609 usque
911 541 976 595 ad
1009 555 1238 611 regnum
1266 541 1580 600 Salomonis
1610 544 1705 599 [ilii
1751 545 1913 601 Davi-

333 635 442 701 dis,
470 636 730 690 continue
756 637 1093 707 imperarunt
1118 640 1230 710 60
1260 638 1495 695 feminae.
1522 642 1720 698 Diebus
1746 644 1912 698 etiam

336 726 487 797 Ragu
530 728 781 798 regnavit
820 730 1008 785 Karon
1041 732 1132 801 qui
1179 733 1369 787 urbem
1402 733 1602 789 Ukinin
1637 735 1910 791 condidit.

335 820 529 873 Fertur
570 828 754 873 autem
785 822 961 890 ipsum
990 823 1253 881 lateribus
1285 841 1350 881 ex
1383 809 1519 882 auro
1556 830 1680 884 fuso
1705 829 1913 885 conﬂa-

336 913 406 966 tis
454 912 644 968 urbem
699 911 903 969 Ukinin
958 919 1328 993 exstruxisse.
1388 920 1549 975 Anno
1592 922 1713 977 vitae
1764 923 1913 994 lingu

335 1007 682 1076 sexagesimo
740 1016 896 1062 sexto
958 1018 1212 1065 mortuus
1270 1018 1355 1066 est
1422 1013 1679 1078 Shalech,
1730 1030 1916 1070 mense

333 1097 615 1167 Adar(qui
649 1107 734 1153 est
761 1100 1106 1173 Bormahut,)
1147 1119 1271 1158 eum
1304 1105 1535 1161 vixisset
1564 1123 1740 1163 annos
1774 1124 1904 1176 qua-

335 1186 659 1259 dringentos
687 1201 740 1245 et
788 1194 1095 1261 sexaginta.
1128 1193 1326 1250 Totum
1363 1208 1543 1252 autem
1588 1197 1735 1268 quod
1784 1199 1917 1251 \‘i\it

335 1281 487 1352 llagu
520 1297 789 1338 annorum
819 1294 936 1339 erat
976 1294 1279 1342 tercentum
1316 1289 1535 1359 triginta
1562 1306 1777 1345 novent.
1812 1290 1915 1342 Sa-

337 1392 497 1445 rugo,
527 1388 647 1447 post
675 1392 851 1433 annos
879 1388 1100 1433 centum
1131 1390 1186 1434 et
1223 1381 1468 1452 triginta,
1494 1391 1655 1438 natus
1692 1394 1777 1438 est
1804 1382 1916 1437 Na-

335 1470 503 1535 chor;
532 1484 674 1525 anno
706 1479 887 1525 autem
922 1471 1049 1525 vitae
1083 1472 1277 1542 Sarugi
1333 1476 1673 1543 sexagesimo
1713 1486 1910 1530 octavo

332 1561 469 1615 obiit
514 1560 656 1616 Eber
699 1559 886 1617 mense
937 1562 1133 1617 Canun
1169 1565 1439 1629 secundo,
1478 1567 1593 1637 (qui
1634 1574 1688 1621 et
1727 1565 1913 1620 Tubah

333 1654 507 1725 audit)
541 1669 665 1710 cum
700 1655 929 1711 vixisset
955 1671 1129 1711 annos
1160 1658 1604 1727 quadringentos
1632 1659 1915 1729 sexaginta

330 1758 601 1818 quatuor.
624 1749 896 1820 Annoque
941 1749 1066 1803 vitae
1096 1749 1293 1821 Sarugi
1332 1752 1741 1821 septuagesimo
1776 1766 1910 1820 sep-

2023 551 2189 604 tuerit
2219 554 2313 621 qui
2349 553 2459 624 igni
2492 555 2798 623 inserviret,
2834 559 2991 627 eique
3025 560 3153 614 thus
3186 559 3434 636 injiceret
3465 580 3478 615 :
3510 572 3599 618 at—

2021 657 2128 711 que
2167 658 2232 698 ex
2263 659 2329 699 eo
2362 654 2604 716 tempore
2649 659 2935 717 coeperunt
2988 650 3133 721 magi
3176 650 3354 721 ignem
3397 653 3599 722 colere,

2016 749 2253 806 eumque
2302 738 2553 795 adorare.
2595 739 2730 797 Fuit
2764 750 2946 797 autem
2980 742 3114 810 viri,
3156 760 3316 814 quem
3370 746 3437 799 ad
3490 746 3600 816 igni

2018 826 2392 885 famulandum
2425 834 2711 888 constituit
2738 833 2986 901 Nimrod,
3017 853 3215 893 nomen
3254 835 3547 895 Andesban
3580 856 3596 907 ;

2018 920 2127 985 cui,
2154 935 2185 975 e
2218 922 2397 976 medio
2438 923 2586 993 ignis
2623 926 2802 994 ipsum
2836 928 3134 992 allocutus,
3160 929 3412 987 diabolus
3439 932 3598 988 dixit:

2017 1009 2136 1065 Non
2202 1021 2386 1080 potest
2438 1016 2562 1085 quis
2613 1016 2722 1087 igni
2776 1018 3069 1085 inservire,
3127 1029 3221 1074 aut
3285 1022 3602 1090 religionem

2020 1118 2196 1157 meam
2229 1104 2534 1171 addiscere,
2571 1109 2673 1162 nisi
2713 1110 2866 1179 prius
2891 1126 3017 1165 cum
3070 1123 3246 1168 matre
3292 1128 3413 1179 sua,
3446 1130 3605 1169 soro-

2020 1210 2187 1266 reque
2215 1206 2269 1252 et
2304 1198 2411 1255 ﬁlia
2464 1216 2577 1256 rem
2632 1203 2907 1257 habuerit.
2939 1202 3095 1261 Fecit
3127 1221 3259 1276 ergo
3310 1207 3603 1262 Andeshan

2019 1291 2166 1344 sicut
2191 1291 2333 1346 dixit
2358 1293 2463 1363 ipsi
2499 1294 2787 1362 diabolus;
2822 1307 2989 1367 atque
3020 1299 3216 1355 exinde
3250 1300 3420 1365 (soliti
3452 1300 3599 1364 sunt)

2021 1398 2303 1451 magorum
2343 1387 2655 1442 sacerdotes
2686 1403 2808 1441 cum
2867 1391 3157 1454 matribus,
3192 1392 3511 1454 sororibus,
3550 1399 3604 1445 et

2022 1473 2234 1527 ﬁliabus
2271 1475 2384 1528 suis
2419 1491 2527 1528 rem
2561 1476 2779 1532 habere.
2811 1478 3025 1533 Primus
3057 1489 3238 1535 autent
3278 1480 3442 1551 hujus
3476 1497 3597 1535 scu-

2022 1562 2203 1618 lentiae
2236 1576 2428 1619 auctor
2464 1565 2565 1619 fuit
2599 1568 2894 1624 Andeshan
2949 1571 3076 1626 iste.
3114 1572 3285 1627 Porro
3336 1575 3604 1628 exstruxit

2020 1653 2210 1708 Nimio
2232 1655 2269 1718 l,
2296 1656 2612 1725 Aderbijan,
2645 1658 2921 1722 Babelem,
2958 1659 3201 1716 Nineven
3225 1661 3481 1726 ..R.tsett,
3513 1679 3605 1717 ur-

2023 1748 2228 1818 besque
2276 1763 2437 1817 quam
2490 1749 2784 1818 plurimas.
2820 1749 3021 1805 Totum
3073 1761 3253 1807 autem
3291 1754 3435 1822 quod
3470 1754 3604 1808 vixit

334 1843 485 1905 timo,
524 1841 661 1895 obiit
686 1840 954 1905 Phalech,
990 1858 1179 1899 mense
1214 1844 1315 1898 llul
1349 1845 1462 1914 (qui
1494 1855 1547 1899 et
1593 1844 1759 1908 Thut)
1787 1858 1911 1898 cum
1950 1838 1991 1895 Β
2021 1839 2267 1894 ΤΙιπεεῙὶ
2325 1840 2453 1894 anni
2509 1852 2641 1895 ὃιιηι
2694 1842 2912 1897 ἀυοεηίί
2978 1845 3266 1915 sexaginta
3320 1846 3562 1916 ειυίηηιιθ
3586 1887 3602 1911 ν

331 1935 558 1989 vixisset
602 1949 779 1988 annos
837 1942 1113 1990 trecentos
1162 1935 1385 2005 triginta
1446 1952 1663 1992 novem.
1720 1936 1916 1991 Totum

337 2034 515 2080 autem
546 2024 690 2093 quod
725 2024 863 2079 vixit
905 2025 1085 2096 Sarug
1118 2027 1247 2081 anni
1296 2038 1426 2082 sunt
1470 2029 1696 2082 trecenti
1732 2035 1787 2083 et
1818 2027 1917 2082 tri-

330 2119 502 2188 ginta.
544 2116 796 2172 Nachoro
827 2127 950 2187 post
996 2134 1174 2173 annos
1201 2118 1546 2189 septuaginta
1586 2134 1779 2175 novem
1812 2136 1920 2175 na-

331 2221 418 2267 tus
451 2219 533 2265 est
565 2210 816 2266 Tharech
845 2228 860 2278 ;
892 2213 1122 2281 ejusque
1165 2212 1361 2267 diebus
1396 2213 1750 2282 multiplicati
1783 2220 1917 2268 sunt

238 2302 243 2307 ’
331 2305 600 2372 gigantes.
658 2303 893 2374 Fuitque
928 2306 1040 2360 Aad
1094 2306 1239 2362 (ilius
1284 2307 1491 2371 Arami,
1544 2307 1684 2362 (ilius
1727 2307 1911 2373 Semi,

331 2396 475 2449 [ilius
514 2393 643 2449 Noae
679 2412 692 2449 :
737 2395 839 2450 sub
865 2396 1056 2450 eodem
1093 2396 1359 2451 instituta?
1386 2405 1517 2451 sunt
1562 2412 1831 2452 mensurae
1860 2404 1917 2451 et

331 2488 595 2558 pondera.
645 2489 781 2557 Ejus
822 2490 988 2544 etiam
1032 2499 1279 2559 tempore
1311 2490 1518 2545 accidit
1572 2499 1914 2545 terraemotus

331 2581 586 2652 insignis,
615 2580 939 2644 vehemens,
971 2596 1096 2634 cum
1148 2580 1331 2636 nullus
1364 2589 1523 2636 antea
1573 2587 1916 2636 terraemotus

332 2673 548 2736 fuisset,
579 2673 741 2741 idque
769 2672 911 2739 quod
942 2671 1031 2726 ubi
1066 2671 1418 2741 multiplicati
1447 2669 1943 2727 essentidololatra:

330 2767 422 2835 qui
455 2766 595 2821 lilios
623 2781 756 2821 suos
805 2776 858 2821 et
902 2762 1051 2820 tilias
1087 2765 1380 2820 daemoniis
1410 2766 1781 2829 immolarent,
1809 2766 1913 2819 im-

328 2861 570 2914 mitteret
597 2861 649 2913 in
706 2861 856 2929 ipsos
908 2870 1132 2916 ventum
1194 2860 1602 2930 procellosum,
1653 2866 1910 2926 essetque

326 2952 488 3006 turbo
514 2953 605 3021 qtti
644 2951 783 3006 idola
829 2954 1014 3007 omnia
1048 2954 1395 3023 contingeret
1422 2990 1437 3015 ,
1473 2964 1779 3019 eorumque
1810 2948 1909 3001 de-

278 3042 283 3047 ’
329 3045 486 3099 luhra
519 3028 797 3111 dirueret;
829 3046 1080 3117 61-63
1105 3046 1243 3100 adeo
1290 3052 1350 3099 ut
1396 3042 1640 3114 pulveris
1688 3040 1913 3096 tunmlis

327 3137 717 3199 obruerentur;
749 3136 842 3206 qui
871 3138 1170 3190 etiamnum
1202 3137 1501 3191 exsistunt.

398 3229 555 3293 Anno
581 3214 758 3283 aut'eIn
794 3229 916 3282 vita:
939 3227 1177 3282 Nachori
1211 3230 1617 3298 septuagesimo
1652 3229 1896 3297 septimo

330 3329 581 3374 mortuus
620 3331 706 3376 est
727 3320 905 3391 Ragu,
939 3337 1128 3376 mense
1157 3320 1324 3377 Nisan
1356 3323 1473 3392 (qui
1506 3321 1646 3375 idem
1676 3329 1757 3377 est
1787 3321 1915 3375 Bar-

330 3412 557 3482 mudah)
587 3427 711 3467 cum
746 3429 921 3469 annos
952 3423 1231 3469 trecentos
1269 3416 1491 3485 triginta
1524 3430 1717 3469 novem
1742 3414 1915 3468 vixis-

327 3511 428 3557 set.
468 3501 723 3573 Ejusdem
774 3513 1017 3574 tempore
1066 3505 1248 3561 ﬂoruit
1280 3507 1362 3560 vir
1400 3507 1621 3574 quidam
1654 3506 1910 3574 (origine)

327 3595 518 3657 Persa,
551 3597 771 3650 nomine
800 3595 1105 3653 Zorodasht
1132 3638 1146 3661 ,
1177 3598 1269 3665 qui
1306 3597 1584 3667 religionis
1617 3596 1909 3651 Sabiorum

336 3697 529 3743 auctor
570 3688 716 3750 fuit,
775 3698 1034 3759 regnante
1091 3692 1144 3744 in
1198 3690 1380 3746 Persia
1435 3706 1559 3761 rege
1613 3689 1914 3744 Tachmurt

328 3775 620 3844 appellato.
686 3776 988 3832 Autumant
1027 3794 1155 3834 vero
1205 3779 1450 3833 nonnulli
1503 3782 1734 3848 primum
1780 3779 1911 3832 reli-

329 3870 511 3938 gionis
546 3868 834 3925 Sabiorum
869 3882 1151 3926 auctorem
1191 3872 1365 3927 fuisse
1413 3871 1662 3926 Graecum
1712 3887 1913 3941 quem-

327 3961 450 4014 dam
485 3961 707 4015 nomine
737 3960 940 4025 Juuan,
977 3961 1303 4019 Jearakliusi
1341 3963 1536 4025 ﬁlium,
1569 3964 1727 4032 cujus
1751 3963 1911 4019 sedes

326 4052 431 4107 fuit
457 4053 623 4124 Alyas
654 4069 670 4108 :
699 4063 753 4109 at
777 4054 931 4122 juxta
954 4056 1092 4109 alios
1126 4055 1226 4110 fuit
1254 4072 1318 4110 ex
1352 4055 1486 4109 urbe
1510 4043 1908 4118 AllZaitunah,

325 4160 448 4214 qua:
470 4145 690 4199 condita
718 4154 800 4200 est
832 4146 886 4199 in
913 4145 1250 4201 Athenarum
1286 4147 1578 4217 (regione.)
1606 4145 1776 4201 Graeci
1806 4163 1910 4201 au-

329 4250 436 4293 tem
480 4239 641 4307 primi
694 4238 837 4294 hanc
891 4239 1220 4294 sententiam
1259 4239 1493 4308 amplexi
1531 4248 1701 4303 sunt,
1737 4239 1912 4310 deque

326 4340 605 4386 astrorum
667 4329 929 4393 scientia,
982 4346 1046 4385 ac
1105 4332 1320 4386 orbium
1398 4331 1703 4387 ctelestium
1757 4340 1909 4387 motu

326 4422 496 4475 libros
530 4420 729 4474 multos
766 4423 1238 4490 conscripserunt.
1280 4422 1479 4478 Fertur
1531 4424 1696 4479 etiam
1752 4425 1904 4480 illutn

2021 1929 2216 1986 deinde
2247 1931 2405 1987 obiit.
2436 1930 2554 1987 Jam
2590 1943 2620 1987 a
2650 1935 2891 1990 Phaleko
2937 1935 3002 1990 ad
3054 1937 3424 1991 Abrahamum
3477 1939 3603 1991 anni

2021 2034 2150 2079 sunt
2195 2024 2482 2094 quingenti
2516 2026 2878 2097 quadraginta
2913 2036 2969 2081 et
3001 2043 3179 2093 unus;
3217 2044 3246 2081 a
3292 2027 3500 2082 diluvio
3535 2030 3603 2083 ad

2018 2114 2387 2169 Abrahamum
2420 2115 2569 2171 mille
2611 2118 2959 2187 septuaginta
2989 2118 3141 2185 duo;
3179 2118 3247 2173 ab
3292 2119 3499 2173 Adamo
3532 2120 3602 2173 ad

2017 2207 2391 2263 Abrahamum
2448 2218 2532 2264 ter
2589 2210 2737 2264 mille
2789 2218 2875 2281 ter
2920 2220 3141 2266 centum
3203 2211 3395 2281 viginti
3454 2221 3600 2266 octo.

2016 2299 2354 2366 Abrahamo,
2384 2317 2510 2356 cum
2546 2318 2816 2359 annorum
2845 2276 3009 2360 [esset
3051 2306 3396 2374 septuaginta
3435 2305 3602 2373 quit.-

2018 2407 2145 2460 que,
2183 2393 2440 2464 praecepit
2476 2391 2621 2447 Deus
2652 2402 2711 2449 ut
2737 2410 2766 2449 e
2798 2403 2941 2449 terra
2968 2397 3143 2465 patria
3179 2396 3385 2451 Harran
3411 2412 3602 2467 egres-

2018 2498 2115 2538 sus
2150 2482 2203 2538 in
2238 2491 2384 2539 terra
2416 2483 2724 2539 Chauanaza
2760 2485 2903 2555 (quat
2930 2485 3152 2541 Alshatn
3176 2485 3282 2553 est)
3307 2486 3598 2541 habitaret.

2016 2576 2243 2646 Accepit
2271 2591 2401 2648 ergo
2429 2576 2705 2633 Abraham
2752 2591 2977 2633 uxorem
3022 2577 3268 2649 65-67
3312 2592 3468 2632 suam
3500 2576 3602 2632 Sa-

2017 2686 2158 2735 ram,
2185 2685 2306 2740 qua:
2335 2681 2388 2726 et
2416 2671 2518 2740 ipsi
2552 2685 2619 2725 ex
2653 2679 2805 2740 patre
2829 2686 2991 2725 soror
3020 2672 3433 2733 eratz'l‘harerh
3452 2672 3596 2725 enim

2014 2759 2309 2816 Abrahami
2338 2770 2513 2830 pater,
2549 2769 2763 2815 mortua
2804 2759 3021 2825 Yuana,
3061 2760 3355 2815 Abrahami
3390 2769 3593 2826 matre,

2015 2854 2177 2909 aliam
2209 2852 2366 2907 duxit
2400 2869 2625 2909 uxorem
2656 2853 2874 2909 nomine
2904 2853 3176 2917 Tohwait,
3211 2869 3278 2908 ex
3330 2868 3438 2921 qua
3472 2863 3600 2907 nata

2013 2956 2098 3004 est
2137 2948 2235 3018 ipsi
2271 2948 2469 3010 Sarah,
2499 2964 2665 3018 quam
2695 2948 2851 3002 duxit
2880 2948 3200 3015 Abraham;
3235 2954 3403 3018 atque
3456 2948 3598 3002 hanc

2014 3042 2085 3097 ob
2115 3056 2336 3095 causam
2371 3040 2509 3095 dixit
2548 3040 2824 3095 Abraham
2856 3057 2869 3094 :
2904 3040 3071 3096 Soror
3116 3057 3231 3095 mea
3273 3050 3355 3095 est
3381 3079 3397 3099 .
3430 3040 3603 3109 patris
3678 3034 3684 3053 '

2016 3134 2118 3187 mei
2146 3174 2161 3196 ,
2202 3143 2255 3185 at
2297 3150 2402 3187 non
2448 3134 2633 3187 matris
2669 3149 2799 3187 mea:
2852 3133 2969 3202 [ilia
3001 3132 3043 3186 ⁸.
3077 3132 3391 3201 Assumpsit
3438 3134 3602 3186 etiam

2026 3224 2297 3289 Lothum,
2336 3225 2523 3281 fratris
2554 3224 2636 3280 sui
2661 3224 2829 3279 tilium
2856 3264 2871 3288 ,
2910 3232 2966 3278 et
2998 3224 3050 3277 in
3085 3232 3284 3278 terram
3318 3222 3604 3276 Al-Mana-

2018 3316 2282 3370 riensium
2341 3316 2745 3370 Amorrazorum
2806 3316 3084 3383 profectus
3143 3321 3267 3375 est,
3335 3312 3425 3365 ubi
3476 3325 3599 3379 cum

2017 3408 2221 3477 egressi
2248 3417 2434 3461 contra
2458 3408 2634 3476 ipsum
2665 3408 2913 3462 nonnulli
2945 3406 3175 3461 Lollium
3200 3404 3471 3474 captivqu
3504 3404 3599 3457 ab-

2028 3498 2336 3563 duxissent,
2370 3499 2654 3553 insecutus
2681 3498 2829 3568 ipsos
2854 3497 3155 3561 Abraham,
3188 3495 3422 3551 Lothum
3442 3509 3471 3550 e
3490 3508 3604 3546 ma-

2018 3594 2179 3648 nibus
2215 3592 2462 3662 ipsorum
2493 3592 2766 3648 liberavit.
2804 3590 3046 3646 Reverso
3074 3596 3255 3644 autem
3283 3587 3351 3642 ad
3385 3594 3601 3641 montes

2015 3685 2387 3744 Jebuszeorum
2426 3687 2668 3743 occurrit
2707 3684 3095 3750 Melchisedek,
3141 3683 3235 3753 qui
3263 3681 3540 3753 pacis’rcx
3573 3717 3589 3741 ,

2019 3779 2111 3833 Dei
2155 3780 2446 3836 celsissimi
2500 3780 2761 3835 sacerdos
2783 3820 2799 3845 ,
2830 3780 3005 3835 audit.
3043 3779 3217 3846 Quem
3247 3793 3278 3833 e
3305 3776 3603 3848 longinquo

2018 3880 2374 3941 conspectum
2409 3871 2657 3926 adoravit
2681 3871 2980 3933 Abraham,
3009 3870 3208 3926 deinde
3240 3871 3419 3940 ipsum
3453 3883 3604 3923 com-

2020 3964 2213 4034 plexus
2265 3971 2430 4034 atque
2475 3946 2854 4025 deosculatus,
2905 3964 3343 4018 benedictionem
3379 3962 3446 4016 ab
3480 3964 3602 4030 ipso

2016 4058 2190 4127 petiit.
2226 4054 2515 4112 Benediin
2540 4072 2671 4124 ergo
2704 4056 2807 4127 ipsi
2836 4055 3206 4112 Melchisedek
3237 4094 3252 4118 ,
3290 4068 3602 4124 panemque

2015 4158 2070 4204 et
2097 4149 2279 4203 vinum
2317 4150 2417 4218 ipsi
2468 4149 2709 4217 obtulit;
2761 4150 2911 4205 dedit
2942 4155 3122 4203 autetn
3153 4146 3429 4201 Abraham
3466 4146 3601 4200 Mel-

2015 4241 2311 4298 chisedeko
2345 4242 2591 4297 omnium
2622 4257 2742 4312 quae
2797 4242 2986 4297 habuit
3037 4239 3300 4295 decimas.
3331 4237 3471 4293 Tum
3504 4252 3602 4308 per

2018 4333 2405 4389 revelationem
2452 4333 2591 4388 dixit
2646 4333 2787 4389 Deus
2821 4333 3132 4388 A-brahanto
3171 4351 3185 4387 :
3224 4333 3299 4387 Ab
3334 4332 3432 4385 hoc
3463 4339 3599 4384 tem-

2018 4442 2151 4495 pore
2180 4440 2402 4494 magnus
2424 4423 2632 4489 evades,
2673 4423 2975 4479 benedicam
3018 4427 3157 4479 enim
3190 4423 3315 4487 tibi,
3348 4431 3396 4477 et
3428 4436 3601 4474 semen

326 4513 419 4577 qui
449 4513 657 4582 primus
679 4512 971 4568 Sabiorum
1009 4513 1325 4584 religionem
1358 4515 1597 4579 instituit
1620 4532 1686 4571 ex
1711 4532 1901 4572 eorum
1940 4527 1983 4581 ῑ)
2013 4524 2163 4568 tuum
2185 4512 2564 4579 multiplicabo.
2601 4512 2846 4582 Cumque
2868 4512 2979 4583 jam
3016 4512 3347 4567 iunotuisset
3377 4509 3601 4565 Melchi-

325 4618 557 4657 nutnero
591 4603 762 4661 fuisse
793 4606 886 4675 qui
928 4606 1071 4659 turri
1104 4605 1319 4660 Babelis
1350 4609 1692 4664 exstruendse
1716 4608 1911 4663 adfue-

325 4706 474 4751 runt.
522 4696 721 4753 Totum
755 4708 933 4755 autem
972 4698 1115 4770 quod
1157 4699 1290 4754 vixit
1342 4698 1578 4765 Nachor,
1628 4715 1898 4754 annorum

322 4789 426 4843 luit
456 4790 818 4847 ducentorum
857 4805 909 4849 et
937 4804 1084 4853 octo.
1118 4792 1405 4851 Tharecho
1439 4803 1564 4864 post
1596 4808 1772 4848 annos
1813 4807 1901 4848 se-

324 4887 604 4958 ptuaginta
647 4894 806 4943 natus
836 4900 921 4945 est
974 4891 1274 4945 Abraham.
1326 4887 1506 4957 Hujus
1536 4896 1777 4953 tempore
1810 4885 1913 4940 fuit

323 4976 549 5031 Nimrod
607 4979 782 5046 gigas,
832 4994 925 5032 rex
980 4979 1213 5047 Babelis,
1265 4979 1357 5033 ubi
1404 4977 1617 5049 primus
1667 4975 1908 5029 omnium

324 5081 583 5136 regnasse
617 5067 824 5134 fertur;
869 5084 1107 5141 cumque
1137 5071 1192 5125 in
1231 5070 1374 5127 cmlo
1422 5083 1642 5125 coronae
1676 5067 1916 5122 formam

320 5171 351 5208 e
384 5158 526 5211 nube
561 5157 808 5220 vidisset,
853 5164 1120 5216 accersito
1151 5159 1545 5232 [metallorum]
1579 5158 1767 5213 fusore
1797 5170 1896 5210 co-

322 5260 514 5299 ronam
546 5248 650 5302 sibi
685 5248 978 5315 conﬂasse,
1009 5267 1173 5320 quam
1205 5250 1373 5320 capiti
1400 5249 1730 5319 imponeret,
1763 5242 1909 5299 unde

319 5337 525 5403 factum
556 5354 616 5397 ut
640 5342 887 5399 dicerent
917 5344 1169 5400 homines
1215 5359 1480 5401 coronam
1536 5343 1641 5413 ipsi
1687 5357 1716 5398 e
1761 5342 1905 5396 caelo

320 5430 606 5503 delapsam
637 5451 785 5492 esse.
820 5437 1031 5492 Dicitur
1058 5436 1168 5508 6h.
1198 5446 1252 5491 et
1282 5436 1430 5491 hunc
1456 5434 1691 5505 primum
1722 5432 1901 5503 ignem

316 5525 576 5594 coluisse,
614 5528 765 5597 quod
798 5528 1013 5584 scilicet
1060 5527 1128 5582 ad
1167 5530 1366 5600 ignem,
1411 5541 1575 5597 queat
1623 5525 1810 5595 procul
1844 5524 1898 5577 in

314 5615 538 5676 Oriente
558 5636 587 5676 e
616 5631 761 5675 terra
786 5624 1146 5691 prodeuntem
1174 5622 1576 5693 conspexisset,
1602 5618 1894 5676 videntium

396 5796 575 5856 'Cven.
614 5817 705 5870 xx,
742 5800 828 5854 12.

2013 4604 2199 4669 sedek,
2232 4606 2325 4675 qui
2357 4604 2425 4660 de
2462 4604 2918 4661 emandivissent
2943 4618 3119 4673 reges,
3149 4601 3217 4657 ad
3241 4602 3421 4674 ipsum
3466 4614 3603 4655 con-

2014 4700 2223 4769 gregati
2255 4707 2419 4763 sunt;
2459 4714 2489 4753 e
2518 4698 2720 4768 quibus
2765 4705 2885 4751 erat
2929 4696 3243 4752 Abimelech
3274 4710 3369 4751 rex
3401 4694 3597 4755 Gerar,

2018 4791 2221 4847 Matkal
2250 4807 2343 4847 rex
2375 4791 2538 4854 Zoar,
2569 4790 2773 4845 Ariush
2803 4804 2895 4845 rex
2922 4788 3139 4853 Destar,
3165 4788 3485 4843 Jardaomer
3506 4802 3600 4842 rex

2015 4885 2130 4940 llan
2159 4926 2174 4947 ,
2207 4883 2425 4954 Targali
2459 4899 2552 4939 rex
2602 4883 2787 4955 Zaglai
2814 4923 2829 4945 ,
2861 4882 3001 4937 Baaz
3039 4897 3133 4936 rex
3168 4881 3381 4937 Gailath
3408 4918 3424 4944 ,
3457 4881 3598 4944 Yaez

2019 4994 2112 5034 rex
2144 4977 2389 5039 Sudomi,
2434 4975 2638 5030 Barsha
2688 4991 2780 5029 rex
2820 4973 3142 5031 Gomorrhze
3167 5013 3183 5035 ,
3213 4973 3448 5028 Sebath
3480 4971 3592 5040 68

2019 5085 2112 5123 rex
2144 5068 2336 5133 Edom,
2366 5069 2556 5124 Banbu
2592 5081 2685 5121 rex
2716 5048 3229 5127 Damasci,‘Baktar
3263 5080 3356 5119 rex
3388 5060 3595 5117 Al-Ra-

2018 5162 2147 5218 bah.
2180 5160 2415 5216 Samaan
2448 5176 2543 5216 rex
2578 5158 2998 5214 Amorhteorum
3042 5173 3056 5209 :
3090 5172 3246 5225 reges
3278 5155 3365 5210 isti
3393 5152 3598 5207 duode-

2020 5255 2126 5310 cim
2155 5255 2221 5309 ad
2247 5252 2727 5317 Melchisedeltum,
2747 5251 2839 5323 qui
2867 5260 3026 5307 etrex
3062 5250 3211 5321 pacis
3242 5245 3413 5307 audit,
3439 5258 3598 5298 acce-

2017 5347 2227 5407 dentes,
2268 5345 2361 5400 ubi
2406 5345 2581 5413 ipsum
2618 5343 3062 5415 conspexissent,
3100 5349 3155 5396 et
3186 5338 3358 5407 ipsius
3385 5348 3597 5389 sermo-

2015 5454 2113 5493 nes
2148 5436 2478 5501 audiissent,
2504 5437 2572 5493 ab
2622 5436 2718 5492 illo
2777 5445 2835 5490 ut
2862 5450 2965 5489 una
2986 5448 3107 5488 cum
3137 5428 3466 5501 ipsisjabiret
3501 5440 3596 5483 ro-

2011 5539 2209 5600 garunt
2238 5570 2251 5595 ,
2306 5530 2400 5599 qui
2464 5529 2788 5597 respondit:
2822 5527 2940 5582 Non
2978 5538 3202 5595 possum
3236 5535 3336 5593 ego
3363 5518 3432 5574 ab
3485 5518 3589 5573 hoc

2006 5621 2125 5677 IOtO
2143 5619 2756 5679 discedere.Cousilium
2781 5616 3069 5687 crgolinter
3089 5629 3150 5672 se
3171 5612 3237 5671 de
3259 5607 3589 5671 exstruenda
