4034 6214
515 324 619 387 923

1544 294 1907 388 EUTrcuit
1946 326 2486 393 ALEXANDRINI
2518 335 2736 394 PATR.

3664 344 3776 408 924

516 435 617 504 ipsi
673 436 806 490 urbe
860 447 1161 505 ceperunt,
1202 439 1448 495 dicentes
1485 454 1497 493 ε
1541 439 1747 495 Revera
1800 443 1886 495 hic
1916 442 2085 496 totius
2117 444 2157 496 A
2191 444 2306 505 bib,
2342 461 2477 499 uxor
2508 446 2624 502 Sini
2659 448 2958 504 sacerdotis
3013 450 3239 516 montis,
3288 464 3408 520 qua:
3454 449 3669 508 Nisibin
3714 469 3771 512 et

511 538 670 583 teme
696 546 787 582 rex
820 542 921 593 est,
958 548 1251 602 regumque
1277 535 1521 587 omnium
1587 547 1763 605 pater.
1799 536 2085 592 Exstructa

512 636 643 688 ergo
684 623 787 690 ipsi
829 623 983 687 urbe,
1022 640 1199 691 regem
1253 626 1306 678 in
1340 641 1399 680 ea
1434 627 1608 695 ipsum
1659 631 2081 685 constituerunt.

511 716 1028 785 Appellavitantem
1067 716 1435 773 Melclnisedck
1479 736 1677 775 nomen
1729 723 1880 777 urbis
1927 724 2088 779 istius

508 796 839 862 Jerusalem.
870 806 1039 863 Porro
1073 825 1197 863 cum
1230 815 1297 864 de
1329 827 1496 881 regno
1538 814 1917 870 Melchisedeki
1956 833 2083 886 per-

511 898 754 952 venisset
790 898 932 952 fama
985 901 1051 954 ad
1111 898 1423 957 Machnlum
1478 902 1817 960 Al-Taiuani
1862 924 2083 977 regem.

513 991 783 1047 accedens
815 993 903 1048 ille
929 994 995 1048 ad
1040 996 1215 1064 ipsum
1247 998 1698 1067 conspiciendum
1741 1011 1905 1068 atque
1942 1003 2081 1056 allo-

510 1086 811 1152 qui-udum,
846 1102 1092 1153 magnam
1128 1088 1231 1157 ipsi
1277 1105 1439 1159 opum
1476 1092 1688 1160 copiam
1724 1092 1893 1147 dedit.
1930 1091 2083 1148 Fuit.

509 1190 616 1241 que
643 1176 1004 1233 Melchisedek
1038 1180 1180 1247 apud
1215 1195 1407 1236 omnes
1440 1196 1596 1252 reges
1630 1182 1682 1236 in
1713 1184 1922 1239 honore
1951 1184 2081 1238 dum

509 1266 688 1335 ipsum
719 1285 904 1338 regum
949 1280 1155 1341 patrem
1188 1275 1540 1342 appellarent.
1582 1274 1700 1330 Jam
1752 1278 1841 1345 qui
1896 1277 2082 1332 dicunt

508 1360 913 1417 hlclcliisedcko
940 1379 1041 1418 nec
1078 1366 1289 1420 initium
1325 1368 1536 1421 dierum
1565 1408 1578 1431 ,
1613 1385 1711 1423 nec
1754 1372 1876 1423 vitm
1920 1372 2079 1424 linem

509 1451 682 1507 fuisse
710 1496 725 1518 ,
763 1456 1000 1511 adducto
1032 1457 1096 1511 ad
1131 1458 1234 1512 hoc
1267 1459 1700 1514 conﬁrmandum
1751 1460 1903 1513 l’auli
1952 1477 2082 1533 apo-

508 1546 633 1599 Sloli
662 1548 831 1611 dicto,
862 1550 949 1602 ubi
985 1551 1059 1604 ait
1102 1569 1115 1604 :
1152 1550 1317 1620 Cujus
1351 1554 1533 1606 diebus
1558 1569 1648 1607 nec
1694 1552 1903 1607 initium
1935 1551 2038 1623 fuit
2064 1596 2078 1619 ,

507 1656 599 1693 uec
632 1641 749 1693 vitae
774 1641 938 1710 ipsius
977 1644 1227 1696 terminus
1250 1644 1294 1707 ⁸,
1323 1644 1502 1697 locum
1530 1644 1679 1697 Pauli
1707 1648 1935 1711 apostoli
1972 1665 2077 1702 non

504 1731 829 1801 intelligunt.
869 1732 999 1786 Nam
1028 1749 1149 1788 cum
1175 1735 1323 1797 Sem,
1349 1735 1521 1789 Noahi
1548 1736 1708 1801 ﬁlius,
1731 1737 2084 1793 Melchisede-

506 1818 635 1876 ktiiii
674 1834 1014 1887 assumptum
1052 1840 1081 1877 a
1119 1828 1435 1892 parentibus
1472 1830 1587 1884 suis
1614 1829 1923 1897 abduxerit,
1967 1848 2075 1887 non

505 1915 827 1984 inscriptum
855 1925 937 1969 est
963 1916 1103 1969 libro
1133 1915 1334 1987 [sacro]
1362 1928 1494 1987 quot
1525 1934 1698 1975 annos
1723 1930 1883 1977 natas
1909 1933 2075 1987 esset,

504 2007 724 2071 quando
755 2022 818 2060 ex
855 2003 1085 2062 Oriente
1114 2010 1575 2076 proﬁcisceretur,
1607 2028 1703 2067 nec
1741 2023 1876 2082 quot
1903 2029 2079 2070 annos

505 2110 664 2151 natus
695 2098 838 2152 diem
882 2101 1099 2153 obiecit.
1145 2101 1389 2167 Cumque
1430 2103 1787 2159 Melcliiscdek
1831 2107 2072 2177 69-71

506 2193 647 2244 titius
680 2202 824 2245 esset
858 2191 1097 2256 Phaleki,
1129 2192 1221 2246 ﬁlii
1254 2194 1411 2249 Eberi
1442 2236 1456 2257 ,
1496 2196 1589 2249 ﬁlii
1640 2198 1901 2252 Shalecbi
1928 2243 1942 2261 ,
1979 2202 2075 2254 lilii

505 2281 756 2344 Kainani,
795 2284 887 2337 ﬁlii
929 2285 1482 2352 Arpltacbslladi,ﬁlii
1530 2285 1700 2351 Serui,
1751 2290 2075 2362 iilii‘jNoalti,

503 2377 687 2431 nullus
717 2376 914 2431 horum
946 2387 1181 2447 patrum,
1225 2380 1397 2449 ipsius
1438 2392 1598 2451 pater
1643 2393 1891 2439 voc.trr.
1941 2387 2076 2441 Dicit

499 2467 641 2520 enim
678 2466 877 2525 Paulus
912 2487 925 2524 :
962 2469 1131 2525 Nemo
1160 2473 1224 2526 de
1252 2475 1417 2540 ipsius
1463 2492 1649 2543 genere
1697 2480 1885 2545 templo
1915 2482 2077 2535 serui-

498 2556 570 2606 vit
600 2557 660 2619 ⁸;
697 2571 872 2626 ncque
908 2570 1114 2625 patrem
1158 2562 1260 2629 ipsi
1298 2564 1434 2618 inter
1464 2567 1640 2621 tribus
1674 2569 2075 2638 ascripserunt.

503 2645 787 2702 Mattbmus
834 2651 977 2702 enim
1035 2660 1090 2706 et
1145 2651 1324 2708 Lucas
1382 2658 1747 2726 evangilistze.
1800 2663 2076 2731 principes

499 2746 710 2791 tantum
744 2740 988 2795 tribuum
1022 2743 1475 2813 descripserunt;
1504 2748 1737 2818 ideoque
1771 2768 1872 2807 nec
1901 2756 2075 2822 patris

497 2842 599 2881 nec
648 2833 839 2885 matris
875 2834 1047 2902 ipsius
1080 2852 1279 2891 nomen
1315 2840 1569 2908 ascripsit
1617 2843 1816 2900 Paulus
1849 2858 2069 2914 aposto-

495 2921 601 2975 lus.
631 2921 746 2980 Non
775 2932 953 2978 autem
984 2928 1116 2981 dicit
1144 2927 1343 2983 Paulus
1374 2944 1482 2987 non
1513 2931 1681 2987 fuisse
1710 2936 1809 3004 ipsi
1838 2951 2068 3005 patrem;

493 3028 721 3079 verum,
759 3031 862 3070 non
899 3020 1194 3086 ascriptum
1235 3022 1403 3078 fuisse
1452 3025 1629 3090 ipsum
1670 3028 1816 3081 inter
1864 3032 2064 3085 tribus.

2192 536 2403 591 ltobam
2447 542 2716 594 exstruxit
2773 556 3035 610 muroque
3082 542 3255 596 cinxit
3295 559 3308 595 :
3345 544 3477 614 quin
3525 557 3578 599 et
3634 557 3772 601 tem-

2190 628 2334 697 plum
2388 646 2642 698 maguuni
2699 629 2750 681 in
2808 631 3060 688 llarrauo
3091 634 3368 699 condidit,
3409 636 3644 690 conﬂato
3699 655 3766 693 ex

2189 733 2323 774 auro
2355 721 2504 775 idolo
2540 723 2629 775 cui
2686 738 2885 777 nomen
2938 726 3032 779 Sin
3088 725 3323 789 indidit,
3368 726 3659 797 ipsumque
3712 729 3765 785 in

2190 810 2369 865 medio
2409 814 2593 882 templi
2642 815 2875 883 positum
2908 831 3100 871 omnes
3142 815 3372 871 llarrani
3410 819 3588 873 incola
3636 823 3769 874 adoo

2189 917 2312 957 rare
2338 904 2519 973 jussit.
2568 904 2684 960 Non
2733 906 3016 962 desierunt
3069 922 3198 979 ergo
3246 908 3622 966 Harranenses
3666 929 3767 982 per

2188 1007 2365 1047 annos
2413 995 2809 1065 quinquaginta
2866 997 3072 1051 idolum
3137 998 3351 1053 colere.
3382 996 3579 1056 Postea
3636 1018 3766 1059 vero

2186 1084 2313 1155 Baal
2359 1086 2575 1152 Samio,
2615 1088 2853 1143 Alolraki
2904 1104 3052 1159 rege.
3083 1088 3303 1155 Talbin,
3338 1090 3637 1147 Thamurze
3675 1111 3764 1148 re-

2185 1180 2270 1247 gis
2300 1179 2469 1235 Musa!
2504 1196 2731 1236 uxorem
2759 1222 2775 1246 ,
2807 1182 3156 1250 depereunte,
3199 1179 3415 1251 fugiens
3464 1198 3601 1237 euur-
3640 1185 3756 1254 ipsa

2188 1271 2432 1327 ilarrano
2458 1273 2634 1342 ignem
2671 1272 2860 1341 injecit
2903 1289 3012 1341 quo
3052 1274 3226 1339 arsit,
3271 1290 3504 1356 .unaque
3534 1286 3590 1330 ct
3621 1286 3761 1331 tem-

2186 1366 2334 1434 plum
2364 1374 2417 1419 et
2446 1365 2672 1421 idolum.
2709 1367 2871 1419 Anno
2922 1366 3047 1419 vita:
3082 1365 3382 1419 Abrabaini
3416 1366 3759 1436 quinquage-

2185 1457 2325 1511 simo
2378 1472 2545 1523 nono,
2577 1466 2829 1511 mortuus
2871 1466 2955 1510 est
3004 1455 3224 1512 Nachor
3274 1473 3465 1512 mense
3496 1457 3761 1513 Tammuz

2187 1550 2299 1616 (qui
2346 1558 2427 1603 est
2471 1549 2633 1619 Abih)
2673 1563 2797 1603 eum
2858 1564 3032 1603 annos
3069 1549 3338 1603 ducentos
3375 1560 3426 1604 et
3468 1560 3591 1604 octo
3641 1553 3766 1604 vix~

2186 1639 2338 1693 isset.
2384 1641 2542 1693 Anno
2588 1638 2751 1692 etiam
2797 1640 2935 1694 vitae.
2974 1636 3209 1709 73-75
3253 1642 3527 1693 Abraham
3577 1651 3765 1694 cente-

2184 1731 2322 1785 simo
2354 1731 2635 1785 tricesimo
2669 1731 2906 1800 septimo
2935 1732 3097 1802 jussit
3152 1733 3332 1800 ipsum
3390 1733 3529 1787 Deus
3576 1733 3749 1787 ﬁlium

2188 1822 2434 1876 lsaacum
2470 1832 2768 1876 mactatum
2803 1823 3276 1878 inbolucaustum
3313 1826 3435 1893 igne
3467 1841 3762 1881 assumen-

2184 1915 2314 1969 dum
2357 1915 2592 1977 tradere,
2625 1933 2804 1971 annos
2855 1929 2965 1969 tum
3019 1917 3239 1985 triginta
3296 1927 3503 1987 septem
3542 1927 3757 1972 natum.

2254 2007 2410 2072 Quod
2439 2008 2483 2061 si
2518 2008 2717 2060 dixerit
2766 2009 2923 2076 quis:
2973 2007 3259 2073 Quomodo
3296 2010 3555 2078 probatur
3607 2010 3759 2063 lsaa-

2182 2113 2306 2152 cum
2356 2114 2530 2151 annos
2579 2100 2803 2167 triginta
2845 2110 3051 2167 septem
3096 2100 3359 2156 habuisse
3407 2118 3528 2156 cum
3576 2102 3758 2169 ipsum

2182 2200 2423 2243 mactare
2465 2191 2516 2242 in
2566 2190 2753 2243 animo
2799 2191 2988 2244 habuit
3041 2203 3189 2262 pater
3225 2191 3421 2262 ipstus?
3470 2204 3762 2263 regeretur

2182 2280 2283 2345 illi,
2320 2282 2595 2350 peperisse
2624 2283 2797 2352 ipsum
2830 2292 3057 2338 matrem
3084 2284 3275 2338 Suram
3297 2286 3408 2355 jam
3445 2302 3759 2356 nonagena.

2180 2375 2341 2437 riam,
2396 2374 2567 2444 ipsam
2601 2385 2780 2431 autem
2840 2377 3029 2430 audito
3070 2376 3441 2431 Abrahamum
3508 2379 3755 2433 lsaacum

2180 2467 2351 2523 lilium
2382 2484 2539 2522 suum
2589 2479 2928 2538 assumptum
2967 2469 3021 2522 in
3058 2478 3297 2525 montem
3326 2470 3654 2532 sustulisse.
3697 2479 3760 2524 ut

2163 2574 2304 2613 eum
2347 2559 2679 2625 immolaret,
2712 2576 2907 2630 niagna
2952 2560 3202 2615 aﬂcctam
3247 2562 3470 2616 tristitia
3496 2602 3516 2624 .
3553 2571 3609 2616 et
3643 2578 3759 2631 pra:

2178 2648 2386 2703 doloris
2438 2664 2597 2718 quem
2628 2653 2883 2721 concepit
2914 2651 3255 2705 vehementia
3292 2650 3345 2704 in
3387 2652 3635 2705 morbum
3665 2652 3759 2704 in-

2180 2740 2413 2807 cidisse,
2443 2760 2509 2796 cx
2566 2758 2675 2811 quo
2727 2754 2940 2797 mortua
2982 2751 3087 2808 est,
3156 2757 3335 2796 annos
3368 2752 3491 2795 nata
3528 2752 3756 2795 centqu

2175 2834 2363 2905 viginti
2401 2843 2605 2902 septem
2634 2854 2647 2902 ;
2679 2851 2903 2891 necesse
2945 2843 3030 2891 est
3069 2850 3199 2904 ergo
3242 2834 3410 2891 fuisse
3449 2846 3580 2899 tunc
3612 2844 3761 2891 tein.

2184 2926 2332 2993 poris
2375 2925 2564 2980 lsaaco
2615 2941 2791 2984 annos
2837 2927 3057 2998 triginta
3115 2937 3345 2996 septem.
3394 2928 3755 2997 Assumptum

2172 3031 2302 3085 ergo
2340 3016 2584 3073 lsaacum
2616 3019 2784 3073 lilium
2833 3036 2992 3073 suum
3052 3034 3175 3073 cum
3220 3022 3270 3074 iu
3309 3030 3546 3074 montem
3577 3021 3751 3075 addu-

495 3104 686 3169 Porrn,
734 3123 876 3167 armo
918 3111 1039 3164 vitae
1072 3112 1358 3168 Abraltazui
1391 3118 1842 3187 quinquagesimo
1900 3125 2067 3191 primo

2177 3111 2350 3164 xissct
2380 3110 2679 3178 Abraham,
2706 3111 2867 3180 lignis
2887 3126 2940 3165 et
2970 3112 3092 3182 igne
3124 3112 3223 3181 ipsi
3247 3112 3537 3182 impositis.
3566 3128 3631 3166 ac
3666 3112 3757 3165 fu-

492 3210 741 3255 morluus
768 3211 852 3256 est
872 3203 1065 3275 Sarug,
1092 3221 1279 3263 mense
1304 3208 1449 3263 Adar
1476 3212 1590 3280 (qui
1624 3227 1706 3267 est.
1740 3214 2063 3288 Bnrmahat)

488 3309 613 3347 cum
650 3311 824 3350 annos
857 3307 1131 3353 trecentos
1154 3310 1207 3353 et
1231 3303 1449 3369 triginta
1481 3305 1726 3359 vixisset.
1760 3307 2058 3362 Abrahami

489 3386 654 3438 etiam
706 3393 951 3454 tempore
998 3391 1201 3445 scelera
1260 3396 1657 3463 patraruntqui
1709 3414 1830 3450 cum
1885 3398 2065 3454 Lollio

487 3474 653 3529 Arani
691 3477 801 3532 ﬁlio
828 3490 1003 3541 erant.
1025 3482 1243 3535 urbium
1274 3485 1486 3539 scilicet
1516 3487 1735 3542 Sodomi
1763 3501 1814 3544 et
1838 3493 2068 3547 Gomor-

488 3569 840 3626 rhzeincola‘.
882 3570 1122 3655 Perdidit
1170 3590 1301 3644 ergo
1354 3577 1502 3644 ipsos
1538 3578 1799 3639 Dominus
1842 3596 2063 3639 servato

495 3658 695 3716 Letho.
729 3663 866 3717 Cum
903 3674 1081 3723 autem
1130 3669 1330 3724 sterilis
1372 3680 1515 3725 esset
1542 3671 1714 3728 Sarah
1766 3677 2063 3734 Abrahami

488 3764 629 3811 uxor
657 3757 729 3810 ita
760 3767 817 3810 ut
848 3773 951 3811 non
1005 3761 1342 3831 conciperet.
1390 3765 1666 3818 Abraham
1721 3784 1854 3823 vero
1895 3788 2058 3841 opum

488 3849 661 3913 dives,
702 3849 923 3904 tradidit
956 3849 1127 3907 Sarah
1183 3855 1493 3912 Abrahamo
1542 3861 1797 3915 ancillam
1833 3868 2056 3919 nomine

488 3940 704 4011 llagar,
738 3958 859 4012 quae
900 3945 1121 4013 gravida
1158 3962 1222 4001 ex
1272 3949 1587 4005 Abrahamo
1654 3956 1797 4008 facta
1847 3960 2061 4024 peperit

418 4084 419 4087 η
486 4033 591 4101 ipsi
631 4035 823 4096 lilium,
855 4050 1014 4102 quem
1056 4035 1341 4091 lsmaclem
1388 4040 1714 4107 nominavit,
1766 4054 1891 4098 nato
1946 4058 2059 4101 tum

484 4125 797 4179 Abrahamo
826 4142 1002 4181 annos
1064 4130 1339 4197 octoginta
1374 4146 1490 4183 sex.
1519 4133 1777 4201 Cumque
1820 4137 1930 4203 jam
1963 4155 2062 4190 an-

483 4231 587 4269 nos
616 4218 910 4286 nonaginta
945 4234 1141 4272 novem
1184 4221 1475 4287 attingeret
1512 4222 1784 4277 Abraham
1822 4226 2060 4280 circum--

483 4310 635 4364 cisus
664 4319 769 4375 est,
804 4312 1083 4381 liliumque
1113 4329 1271 4367 suum
1309 4312 1615 4377 lsmaelem,
1651 4334 1918 4371 annorum
1945 4322 2056 4389 jam

483 4402 772 4465 tredecim,
798 4404 1160 4459 circumcidit.
1192 4404 1328 4458 Cum
1367 4416 1546 4459 autem
1591 4408 1746 4474 plene
1783 4409 1895 4478 jam
1936 4428 2063 4466 cen-

482 4494 729 4547 tenaritts
764 4505 909 4549 esset
938 4495 1238 4560 Abraham,
1279 4500 1485 4565 peperit
1510 4501 1612 4568 ipsi
1650 4518 1785 4555 uxor
1818 4503 1923 4572 72
1956 4508 2058 4560 Sa-

481 4587 581 4640 rah
627 4604 856 4654 puerum
887 4604 1045 4655 quem
1096 4589 1343 4645 lsaacum
1380 4594 1690 4661 appellavit,
1721 4595 1893 4652 Saraii
1940 4607 2053 4653 tum

482 4682 869 4747 nonagenaria.
912 4681 976 4734 Et
1018 4683 1379 4740 circumcisus
1419 4695 1504 4741 est
1540 4680 1690 4744 lsaac
1721 4691 1808 4746 die
1833 4707 1861 4744 a
1897 4704 2052 4762 partu

478 4780 698 4826 octavo.
729 4773 901 4826 Sarab
943 4784 1125 4827 autem
1163 4791 1287 4830 cum
1312 4777 1422 4846 jam
1455 4779 1701 4835 lsaacum
1735 4786 2055 4853 peperisset,

478 4863 974 4919 dixit‘Ahrahamo
1029 4867 1231 4935 :Ejice
1282 4884 1312 4923 e
1357 4882 1653 4942 conspectu
1706 4890 1827 4928 meo
1879 4873 2059 4945 Hagar

472 4971 601 5010 cum
647 4957 757 5011 lilio
788 4957 1035 5015 lsmaele.
1080 4960 1353 5016 Abraham
1401 4981 1531 5036 ergo
1577 4965 1745 5020 lilium
1786 4982 1945 5021 suum
1981 4966 2057 5023 Is.

476 5048 707 5104 maciem
733 5050 928 5119 apibus
955 5058 1008 5105 et
1036 5054 1238 5115 viatico
1273 5055 1601 5110 instructum
1636 5072 1743 5110 una
1774 5072 1898 5111 cum
1937 5075 2055 5113 ma-

473 5145 563 5195 tre
600 5154 702 5196 sua
731 5141 942 5210 expulit
973 5142 1026 5195 in
1056 5150 1256 5197 terram
1307 5136 1544 5199 Yathreb
1573 5156 1624 5200 et
1652 5145 1859 5201 Yaman
1887 5190 1901 5212 ,
1938 5148 2030 5203 ubi

472 5233 744 5289 habitavit
769 5247 843 5301 et,
868 5252 1037 5291 uxore
1060 5237 1247 5303 ducta,
1266 5238 1404 5293 ﬁlios
1417 5239 1620 5309 genuit.
1644 5237 1838 5293 Totum
1871 5253 2050 5296 autem

472 5326 618 5395 quod
648 5328 783 5381 vixit
815 5328 1011 5383 lsmael
1065 5344 1332 5384 annorum
1383 5339 1500 5385 erat
1550 5338 1767 5384 centum
1823 5330 2045 5399 triginta

474 5430 706 5488 septem.
749 5421 938 5487 Porro,
978 5431 1222 5491 tempore
1274 5424 1568 5478 Abrahami
1602 5424 1703 5479 luit
1736 5425 1788 5478 in
1822 5423 2046 5479 Oriente

478 5518 570 5559 rex
608 5512 830 5566 nomine
860 5511 1057 5581 Cyrus,
1098 5512 1173 5566 illi
1210 5513 1301 5579 qui
1352 5513 1647 5579 Somaisat,
1682 5513 1962 5569 Claudiam
1995 5523 2050 5569 et

476 5599 689 5655 M-lrak
723 5606 966 5660 condidit
998 5620 1011 5658 :
1042 5605 1161 5674 ejus
1192 5605 1356 5661 etiam
1390 5607 1585 5663 diebus
1617 5605 1865 5679 regnavit
1902 5606 2047 5662 Cha-

551 5774 571 5803 ⁶
600 5771 765 5825 llcbr.
801 5790 893 5837 γη,
926 5780 977 5833 5.
1057 5782 1074 5809 ³
1109 5780 1242 5836 ibid.
1276 5786 1327 5837 li.

2090 4454 2138 4514 D

2187 3220 2252 3256 ne
2277 3205 2593 3272 colligatum
2623 3213 2679 3258 et
2715 3220 2879 3274 super
2914 3205 3056 3272 ligna
3095 3205 3448 3268 collocatum,
3486 3221 3750 3273 procum-

2169 3293 2296 3348 bere
2318 3294 2536 3350 fecisset
2561 3304 2619 3349 ιιι
2659 3296 2833 3365 ipsum
2878 3306 3177 3358 mactaret,
3208 3298 3522 3351 inclamavit
3554 3312 3587 3352 θ
3628 3311 3747 3351 cce-

2168 3387 2219 3440 lo
2244 3386 2503 3457 angelus:
2540 3386 2690 3442 lleus
2724 3387 3020 3455 Abraham,
3056 3389 3223 3443 lilium
3260 3387 3747 3464 tuumnejugules:

2169 3478 2487 3546 patientiam
2519 3480 2662 3534 enim
2689 3489 2743 3533 et
2772 3481 3136 3537 obedientiam
3178 3491 3325 3535 tuam
3354 3482 3583 3550 experti,
3618 3481 3755 3532 iuti-

2167 3588 2396 3640 mosque
2417 3574 2587 3626 animi
2618 3573 2843 3628 aﬁ‘ectus
2865 3575 3169 3642 explorati,
3201 3574 3401 3641 ipsum,
3432 3575 3508 3627 tui
3534 3572 3749 3627 miser-ti

2165 3664 2517 3718 redemimus.
2562 3665 2747 3719 Ariete
2806 3681 2934 3733 ergo
2983 3681 3180 3735 magno
3216 3664 3460 3719 lsaacum
3510 3664 3750 3717 redemit

2166 3752 2448 3809 Dominus.
2482 3756 2615 3809 Sara
2669 3767 2886 3822 autem,
2920 3756 3106 3810 audito
3148 3756 3548 3820 Abrahamum,
3596 3754 3758 3807 lsaa-

2168 3862 2291 3903 cum
2323 3860 2663 3917 assuuipmni
2695 3850 2747 3902 in
2778 3859 3015 3903 montem
3044 3850 3392 3904 inactandum
3420 3850 3753 3916 abduxisse,

2166 3940 2482 3993 exclamans
2510 3980 2525 4005 ,
2552 3949 2715 4007 atque
2738 3940 2969 4009 ejulans,
3006 3956 3115 4010 pra:
3150 3955 3381 4005 summa,
3413 3957 3522 4010 qua
3550 3939 3752 3996 ασθαι

2164 4044 2265 4098 CSI,
2287 4033 2714 4088 tristitia'iuorbo
2734 4034 2842 4104 76
2858 4043 3137 4103 correpta,
3152 4035 3338 4089 eodem
3357 4050 3503 4089 anno
3526 4045 3748 4088 mortua

2162 4135 2267 4189 est,
2309 4142 2430 4179 cum
2478 4142 2653 4181 annos
2704 4135 2926 4181 centum
2985 4128 3176 4195 viginti
3230 4137 3436 4195 septem
3486 4127 3754 4182 vixisset.

2167 4217 2438 4286 Duxitque
2472 4217 2766 4283 Abraham,
2807 4227 2931 4287 post
2970 4228 3198 4272 tuortcm
3234 4217 3406 4282 Sarus,
3442 4220 3744 4274 mulierem

2175 4310 2395 4363 nomine
2431 4309 2697 4373 Keturab,
2723 4308 2941 4363 Bactari
2990 4311 3134 4379 regis
3176 4310 3379 4366 ltabbte
3407 4311 3590 4377 ﬁliam;
3619 4328 3763 4381 qua:

2169 4404 2266 4472 ipsi
2314 4405 2452 4457 ﬁlios
2489 4405 2674 4474 plures
2702 4407 2930 4473 peperit,
2950 4419 3089 4471 quos
3117 4403 3318 4457 viatico
3345 4404 3649 4459 instructos
3676 4406 3765 4460 ab

2170 4496 2333 4549 lsaaci
2374 4498 2660 4564 praesentia
2705 4497 2905 4563 abegit.
2952 4494 3149 4549 Totum
3185 4507 3389 4551 autem,
3415 4495 3562 4565 quod
3602 4497 3766 4553 vixit

2168 4587 2464 4650 Abraham,
2505 4588 2628 4640 anui
2662 4597 2790 4641 sunt
2820 4596 3039 4641 centum
3094 4589 3437 4656 septuaginta
3473 4588 3766 4655 quinque.

2166 4674 2335 4731 Porro
2381 4694 2525 4731 anno
2558 4679 2871 4734 vitaelsaaci
2923 4679 3204 4735 tricesimo
3245 4680 3437 4747 quinto
3486 4687 3771 4738 mortuus

2163 4781 2245 4823 cst
2273 4770 2660 4824 'l'arabuicusc
2707 4770 2800 4823 llul
2828 4810 2843 4831 ,
2884 4770 3125 4838 (quiest
3176 4767 3344 4836 Tut,)
3390 4784 3514 4822 cum
3563 4784 3774 4825 annos

2162 4861 2433 4916 ducentos
2456 4870 2507 4913 et
2537 4860 2780 4930 quinque
2815 4859 3065 4919 vixisset,
3100 4870 3153 4913 et
3204 4860 3256 4912 in
3301 4859 3512 4912 llarran
3542 4862 3761 4926 Sepul-

2162 4961 2274 5007 tus.
2326 4952 2480 5007 lsaac
2531 4964 2715 5007 antem
2761 4953 3231 5021 quadragenarius
3283 4966 3505 5004 uxorem
3553 4950 3768 5020 duxit,

2160 5042 2246 5096 cui
2277 5058 2472 5096 nomen
2494 5041 2952 5109 Rcbeccarﬁliam
2985 5042 3286 5102 Bathuclis.
3320 5040 3415 5095 ﬁlii
3440 5040 3773 5108 Nacboris,

2160 5136 2347 5192 fratris
2375 5136 2698 5192 Abrahami.
2750 5136 2909 5192 Anno
2938 5152 3065 5189 vero
3095 5138 3217 5190 vitae
3254 5135 3423 5189 lsaaci
3457 5140 3775 5205 sexagesi-

2161 5224 2249 5284 mo
2286 5229 2570 5298 gravidata
2607 5243 2742 5283 uxor
2770 5228 2941 5298 ipsius
2974 5225 3239 5296 Rebecca,
3270 5226 3661 5295 angustiisque
3704 5237 3779 5284 et.

2159 5323 2349 5378 dolore
2378 5337 2566 5391 pressa
2602 5337 2726 5376 cum
2759 5319 3252 5375 Mclchisedecbum
3308 5319 3556 5384 adiisset,
3582 5332 3779 5374 com-

2160 5422 2417 5485 precatus
2442 5413 2568 5484 ipsi,
2595 5414 2733 5469 dixit
2756 5413 2881 5469 ille:
2915 5413 3030 5465 Duo
3078 5420 3208 5467 sunt
3240 5411 3291 5465 in
3325 5418 3481 5465 utero
3509 5420 3606 5462 tuo
3637 5427 3775 5479 po-

2161 5510 2296 5579 puli,
2340 5508 2587 5579 duasque
2613 5509 2854 5582 paritura
2878 5523 2938 5565 es
2972 5510 3173 5569 tribus,
3228 5505 3398 5575 major
3422 5516 3605 5560 autem
3627 5508 3779 5561 mi-

2160 5604 2281 5660 non'
2329 5602 2672 5674 subjicictur.
2711 5602 2925 5673 Peperit
2966 5617 3095 5672 ergo
3142 5599 3390 5657 Rebecca
3434 5613 3544 5653 uno
3576 5610 3782 5667 partu
