4034 6214
322 362 429 428 925

1763 372 2132 435 ANNALES.
2206 434 2215 443 ,

3472 374 3583 443 99.6

327 481 616 554 gemellos;
652 495 881 549 quorum
915 481 1149 551 primum
1174 482 1463 552 appellavit
1492 481 1642 537 lsaae
1675 480 1897 545 Esaum;
1928 488 1973 545 Α
2003 486 2111 556 83
2158 485 2316 541 Mane
2339 501 2468 556 ergo
2514 485 2653 543 dixit
2678 485 2849 543 Jaeob
2873 483 3144 542 avunculo
3182 500 3283 542 suo
3312 504 3318 513 '
3362 488 3583 557 Septem

322 571 652 635 secundum,
679 568 965 637 Jacobttm,
985 572 1072 624 cui
1108 571 1232 626 ideo
1256 570 1444 626 Jacobi
1482 585 1677 625 nomen
1702 572 1901 626 indidit

328 664 474 734 quod
502 680 625 719 cum
653 681 716 718 ex
761 674 915 719 utero
968 674 1212 721 materno
1245 666 1507 736 prodiret,
1534 680 1695 719 manu
1732 664 1905 728 Esaui

324 755 640 808 caleaneum
686 756 921 808 teneret.
981 754 1149 809 Porro
1201 753 1354 809 lsaac
1407 755 1607 810 Esaum
1672 755 1900 819 amavit,

323 844 573 902 Rebecca
614 861 743 900 vero
776 844 1065 901 Jacobum.
1112 846 1235 901 Fuit
1294 856 1472 903 autem
1524 847 1665 903 Esau
1718 849 1904 904 hirsu-

324 952 435 1007 tus,
462 941 697 1010 pilosus,
756 940 1068 996 subolidus.
1096 940 1282 995 Etate
1313 957 1441 1001 vero
1465 942 1576 1011 jam
1606 952 1899 1011 provectus

321 1034 471 1089 lsaac
503 1034 613 1088 tilio
671 1046 772 1088 suo
826 1033 1008 1089 Esauo
1056 1035 1326 1090 accersito
1356 1034 1528 1089 dixit:
1576 1035 1762 1089 Armis
1789 1035 1899 1090 tuis

320 1129 650 1194 assumptis,
696 1126 752 1180 in
784 1141 1039 1196 campum
1062 1141 1388 1196 progressus
1424 1128 1673 1199 77-79
1704 1142 1905 1181 venare

317 1219 453 1271 mihi
479 1219 715 1287 praedam
752 1235 783 1273 e
808 1232 914 1288 qua
945 1219 1129 1273 cibum
1166 1219 1298 1273 mihi
1325 1235 1486 1289 pares
1516 1235 1677 1288 quem
1710 1234 1899 1273 come-

318 1312 477 1371 dens.
512 1311 610 1365 tibi
642 1319 929 1380 antequam
960 1313 1165 1366 tuoriar
1211 1311 1557 1367 benedieam.
1587 1311 1737 1376 Quod
1769 1325 1895 1364 cum

321 1402 622 1457 audivisset
665 1402 935 1467 Rebecca,
981 1412 1264 1472 acceptum
1292 1402 1559 1458 Jacobum
1593 1402 1757 1457 Esaui
1806 1417 1898 1457 ve-

318 1498 500 1553 Stibus
525 1497 723 1565 induit,
766 1498 1015 1567 haedique
1055 1498 1189 1567 pelle
1220 1499 1489 1566 prehensa
1541 1506 1748 1565 partem
1779 1497 1903 1563 ejus

322 1591 556 1657 pectori,
599 1589 871 1653 humeris,
907 1599 961 1643 et
994 1589 1235 1644 brachiis
1263 1590 1438 1658 ipsius
1470 1589 1905 1658 superimposuit

320 1694 623 1753 paratoque
652 1684 777 1738 cibo
802 1683 939 1737 dixit
964 1683 1101 1751 ipsi:
1129 1686 1203 1738 Ad
1233 1691 1441 1751 patrem
1474 1693 1623 1737 tuum
1650 1683 1898 1738 lsaacum

321 1776 607 1846 ingressus
650 1775 834 1829 dicas:
884 1774 991 1844 Ego
1039 1789 1160 1830 sum
1212 1773 1356 1828 Esau
1406 1774 1551 1828 illius
1591 1784 1740 1841 tuus,
1793 1790 1903 1845 quo

320 1869 416 1922 tibi
455 1878 583 1923 ante
618 1879 849 1921 mortem
886 1880 1043 1921 suam
1079 1867 1386 1921 benedicat.

282 1968 298 1977 ‘
391 1962 639 2030 Ingresso
664 1975 793 2030 ergo
826 1962 890 2012 ad
917 1960 1159 2014 laaacum
1182 1956 1409 2026 Jacobo,
1432 1960 1569 2015 dixit
1600 1962 1701 2030 ipsi
1724 1962 1900 2016 lsaac:

318 2055 565 2109 Accedas
594 2053 660 2107 ad
698 2070 806 2107 me.
842 2052 1314 2120 Aeeedentémque
1340 2069 1462 2107 eum
1502 2063 1913 2109 contrectasset

318 2148 491 2202 dixit:
542 2147 736 2201 Sermo
772 2155 919 2200 certe
952 2140 1141 2198 Jacobi
1180 2160 1360 2199 sermo
1394 2154 1500 2208 est,
1535 2158 1587 2199 at
1614 2158 1899 2202 (‘OHlIlC'ttS

318 2237 483 2294 Esaui
513 2246 819 2292 contactus.
843 2235 1147 2305 Comedqns
1169 2251 1302 2303 ergo
1329 2236 1476 2290 lsaae
1505 2224 1711 2291 Iacobo
1734 2239 1837 2290 ben
1858 2254 1901 2278 ‘-

318 2331 478 2394 dixit,
497 2342 733 2397 eumque
772 2328 926 2381 fratri
963 2344 1064 2383 suo
1097 2329 1398 2398 principem
1427 2328 1735 2383 constituit.
1756 2326 1896 2382 Tum

318 2436 574 2477 reversus
607 2420 748 2475 Esau
788 2436 816 2475 a
848 2428 1050 2475 venatu
1086 2421 1298 2489 paravit
1333 2422 1495 2475 etiam
1521 2421 1702 2475 cibum
1734 2437 1896 2491 quem

320 2514 461 2583 patri
509 2529 609 2568 suo
650 2514 836 2567 lsaaco
880 2512 1101 2566 obtulit.
1148 2504 1251 2566 Cui
1311 2512 1448 2566 dixit
1493 2520 1646 2581 pater
1680 2512 1895 2582 ipsius:

320 2603 455 2669 Quis
504 2611 589 2657 est
635 2619 729 2672 qut
776 2615 828 2657 te
860 2603 1118 2671 praevenit
1169 2609 1228 2656 ttt
1273 2602 1707 2657 benedictionem
1755 2604 1898 2656 acci-

320 2696 507 2766 peret?
532 2696 695 2751 Flens
716 2710 843 2764 ergo
872 2692 1049 2751 Esau:
1081 2694 1126 2749 Ο
1146 2695 1214 2748 mi
1249 2705 1420 2763 pater,
1472 2694 1668 2762 inquit,
1714 2706 1895 2747 annon

319 2797 403 2842 est
429 2788 524 2842 tibi
564 2775 761 2857 praeter
790 2801 953 2841 unam
988 2784 1467 2840 benedictionem?
1518 2783 1663 2838 Dixit
1706 2780 1894 2839 ISaae:

321 2868 455 2933 Eum
480 2879 577 2933 tibi
606 2878 902 2947 principem
937 2877 1214 2940 constitui,
1274 2887 1328 2930 et
1357 2876 1487 2943 quid
1522 2876 1619 2930 tibi
1661 2875 1899 2931 faciam?

320 2971 635 3026 Aeeedente
682 2979 865 3024 autem
910 2969 1119 3033 Esauo,
1159 2968 1436 3022 benedixit
1475 2968 1577 3037 ipsi
1630 2967 1804 3034 Isaae,
1840 2975 1897 3022 at

317 3054 579 3119 Jacobum
608 3063 709 3131 ipsi
761 3062 1061 3131 principem
1106 3060 1426 3125 constituit;
1482 3074 1654 3131 quare
1713 3061 1898 3115 animo

1930 1817 1978 1877 B

2006 593 2179 634 annos
2206 579 2299 633 tibi
2326 581 2492 635 sevivi
2512 591 2564 635 ιιι
2589 580 2721 635 mihi
2747 579 3035 635 Rachelem
3060 579 3113 634 in
3141 594 3362 634 uxorem
3388 582 3580 646 dares;

2005 670 2279 736 quomodo
2302 686 2432 740 ergo
2460 671 2526 725 ad
2558 688 2643 725 me
2682 686 2928 727 sororem
2982 670 3101 737 ejus
3137 667 3299 723 Leam
3333 671 3586 724 intromi-

2009 761 2172 816 sisti?
2207 760 2507 831 Respondit
2534 764 2614 817 illi
2644 762 2865 818 Laban:
2920 760 2974 815 Si
3005 762 3134 815 mihi
3167 778 3338 816 annos
3375 771 3582 831 septem

2003 849 2145 903 alios
2177 851 2555 916 iuserviveris,
2595 854 2759 906 etiam
2790 853 3084 907 Rachelem
3112 853 3205 905 tibi
3242 851 3405 906 dabo.
3456 852 3586 918 Sep-

2005 950 2114 996 tem
2135 957 2267 1011 ergo
2297 958 2472 998 annos
2503 945 2645 999 alios
2677 960 2803 998 cum
2832 946 2928 1011 ipsi
2960 946 3265 1008 serviisset,
3290 945 3580 998 Raehelem

2006 1035 2107 1106 ipsi
2147 1051 2371 1091 uxorem
2414 1034 2584 1101 dedit,
2613 1046 2771 1107 atque
2802 1038 2873 1090 ita
2909 1038 3044 1089 duas
3081 1037 3238 1091 duxit
3269 1052 3504 1090 sorores.

2075 1129 2291 1199 Peperit
2324 1140 2505 1185 atttem
2537 1122 2642 1184 Lea
2669 1131 2892 1193 Jacobo,
2919 1129 3219 1192 llubeuem,
3244 1128 3580 1193 Simeonem,

2008 1225 2215 1290 Levim,
2250 1218 2468 1289 .Iudam,
2499 1226 2869 1289 issacharum,
2906 1225 3264 1286 Zabulonem,
3291 1238 3414 1278 cum
3440 1238 3583 1279 non-

2004 1317 2132 1369 dum
2168 1320 2467 1386 peperisset
2505 1317 2721 1370 Rachel.
2772 1316 2912 1370 Dixit
2942 1330 3070 1384 ergo
3102 1312 3302 1369 Rachel
3342 1310 3578 1370 Jacobo:

2006 1407 2258 1477 Accipias
2290 1410 2539 1464 ancillam
2575 1424 2750 1463 meam
2785 1410 3019 1471 Billtam,
3063 1418 3142 1475 ttt,
3170 1409 3260 1462 illa
3286 1423 3349 1462 ex
3380 1417 3430 1462 te
3460 1422 3581 1475 gra-

2009 1500 2129 1553 vida
2172 1500 2345 1566 facta,
2379 1502 2449 1555 sit
2480 1501 2623 1555 mibi
2648 1500 2846 1570 proles.
2880 1500 3093 1570 Peperit
3131 1499 3447 1569 igiturliilla
3473 1498 3580 1552 [la-

2006 1594 2182 1649 ehelis
2222 1594 2423 1648 ancilla
2467 1594 2671 1649 Jacobo
2713 1610 2914 1664 pueros
2965 1596 3126 1660 duos,
3168 1592 3279 1647 Dan
3314 1599 3367 1647 et
3395 1591 3580 1660 Naplt-s

2010 1672 2185 1749 talim;
2222 1696 2333 1739 tum
2363 1685 2504 1740 dixit
2530 1685 2634 1740 Lea
2660 1684 2886 1741 Ja‘eobo:
2919 1687 3065 1754 Cape
3101 1686 3265 1740 etiam
3320 1682 3579 1736 ancillam

2007 1790 2179 1829 meam
2210 1786 2270 1831 ut
2300 1773 2387 1830 illa
2421 1792 2485 1830 ex
2543 1787 2595 1831 te
2617 1758 2959 1847 concipiente
2993 1778 3101 1832 sint
3134 1775 3269 1828 mihi
3310 1775 3453 1829 ultra
3485 1789 3582 1827 na-

2006 1875 2092 1920 tos
2125 1882 2277 1922 meos
2306 1869 2441 1931 nati,
2488 1866 2706 1937 Peperit
2751 1883 2882 1937 ergo
2931 1869 3093 1921 etiam
3144 1865 3335 1934 Zilpha
3383 1865 3581 1920 ancilla

2004 1959 2128 2014 Leaa
2160 1960 2299 2015 duos
2320 1957 2525 2014 Jacobo
2548 1961 2707 2023 ﬁlios,
2741 1958 2856 2014 Gad
2879 1968 2934 2013 et
2959 1956 3159 2013 Asher.
3184 1954 3433 2011 Posthase
3462 1970 3585 2024 gra-

2004 2052 2185 2104 vidata
2232 2051 2432 2105 Rachel
2482 2053 2693 2119 peperit
2740 2049 3039 2119 Josephum
3083 2060 3135 2103 et
3180 2049 3580 2118 Benjaminum,

2005 2140 2253 2208 Suntque
2276 2143 2364 2197 isti
2388 2143 2673 2197 duodecim
2692 2142 2877 2196 Jacobi
2897 2141 3012 2205 lilii,
3041 2156 3071 2195 e
3092 2141 3290 2210 quibus
3333 2140 3437 2193 orti
3460 2147 3587 2193 sunt

2003 2248 2196 2288 omnes
2223 2234 2315 2287 filii
2342 2234 2579 2289 lsraelis.
2609 2232 2744 2286 Tum
2786 2249 3038 2288 reversus
3071 2240 3154 2287 est
3186 2230 3357 2286 Jaeoh
3394 2231 3449 2286 in
3477 2239 3586 2285 ter-

2005 2324 2411 2392 ramCltauaan;
2439 2322 2693 2381 lsraelem
2720 2339 2897 2380 autem
2917 2325 3090 2394 ipsum
3107 2326 3395 2397 appellavit
3419 2325 3584 2379 Deus.

2004 2422 2160 2473 Anno
2180 2421 2367 2475 Jacobi
2398 2421 2735 2488 octogesimo
2752 2424 2983 2488 septimo
3007 2420 3215 2486 peperit
3239 2419 3344 2473 Lea
3370 2417 3581 2480 Levim,

2004 2516 2224 2566 tertium
2287 2512 2459 2578 ipsius
2501 2511 2695 2565 lilium.
2746 2506 2921 2566 Porro
2973 2513 3309 2580 descriptum
3337 2520 3420 2565 cst
3449 2521 3587 2565 tem:

2003 2620 2107 2673 pus
2138 2606 2248 2658 nati
2280 2601 2406 2657 Levi
2449 2617 2559 2671 prae
2613 2606 2824 2657 caeteris
2878 2604 3167 2668 fratribus,
3220 2620 3285 2659 eo
3329 2604 3475 2674 quod
3516 2620 3584 2658 cx

2005 2693 2181 2762 ipsius
2219 2694 2389 2761 stirpe
2437 2694 2602 2748 fuerit
2652 2690 2850 2750 Moses.
2902 2691 3233 2751 Prosecutus
3286 2704 3368 2751 est
3398 2704 3582 2750 autem

2001 2784 2169 2841 Jacob
2221 2787 2523 2855 Josephum
2580 2802 2766 2843 amore
2818 2785 3149 2852 vehementi,
3195 2787 3306 2858 84,
3345 2802 3581 2856 eumque

2004 2879 2267 2934 fratribus
2307 2878 2421 2934 suis
2451 2880 2712 2948 praetulit,
2770 2881 2913 2935 unde
2955 2880 3032 2933 illi
3066 2879 3273 2935 invidia
3307 2880 3360 2934 in
3392 2882 3572 2949 ipsum

2001 2972 2260 3027 minmoti
2298 2970 2363 3027 de
2397 2971 2765 3042 ipsoetnedio
2800 2974 3035 3028 tollendo
3081 2974 3411 3043 cogitarunt.
3440 2973 3580 3027 Dum
3650 2974 3653 2981 “

2004 3066 2171 3133 igitur
2206 3066 2305 3135 ipsi
2348 3079 2478 3121 oves
2510 3082 2640 3121 suas
2679 3074 2735 3121 et
2790 3066 3031 3124 camelos
3067 3076 3379 3137 pascerent,
3446 3083 3575 3122 ecce

320 3155 513 3208 statuit
558 3154 699 3207 Esau
739 3151 1008 3207 Jaeobutn
1041 3151 1368 3206 interlicere.
1399 3151 1624 3221 Aufugit
1654 3166 1782 3222 ergo
1809 3148 1893 3207 Ja-
1926 3158 1967 3216 (ς
2005 3156 2221 3209 transiit
2275 3154 2431 3225 juxta
2478 3156 2639 3224 ipsos
2682 3168 3048 3211 mercatorum
3098 3156 3580 3228 Madayenitarum

320 3247 492 3301 cobus
520 3263 549 3301 a
582 3246 745 3300 fratre
774 3261 876 3301 suo
894 3244 1073 3300 Esauo
1103 3244 1435 3312 Hart-anum,
1469 3246 1534 3300 ad
1566 3245 1895 3298 avunculum

321 3355 477 3395 suum
506 3338 813 3394 Labanum.
841 3336 1014 3393 Porro
1049 3346 1295 3406 tempore
1323 3334 1525 3400 lsaaci,
1566 3336 1782 3391 condita
1819 3345 1900 3390 est

321 3430 566 3493 Jericho,
601 3428 1016 3484 exstruentibus
1046 3429 1223 3497 ipsam
1266 3434 1472 3495 septem
1511 3426 1735 3495 regibus
1767 3442 1901 3493 quo-

319 3541 439 3580 rum
468 3523 843 3592 unusquisque
883 3521 994 3591 80
1022 3535 1237 3573 murttm
1277 3519 1354 3572 illi
1399 3518 1691 3573 exstruxit.
1742 3521 1899 3572 Anno

320 3626 502 3673 autem
534 3618 655 3670 vita:
686 3613 853 3669 isaaei
879 3612 1283 3681 septuagesimo
1322 3610 1514 3676 quinto
1545 3617 1794 3663 mortuus
1816 3616 1900 3664 est

248 3696 253 3703 λ
319 3705 592 3763 Abraham
612 3719 799 3759 mense
830 3702 993 3758 Nisan
1020 3700 1234 3771 (quiest
1256 3698 1588 3765 Barmudah)
1614 3696 1694 3768 [at
1721 3698 1774 3752 in
1794 3698 1902 3751 alio

318 3798 617 3869 exemplari
648 3798 864 3867 legitur,
926 3810 1111 3849 mense
1162 3793 1351 3855 Adar,
1411 3792 1505 3860 qui
1548 3802 1635 3844 est
1678 3790 1900 3844 Borma-

322 3890 448 3962 ltatJ
485 3907 608 3945 cum
651 3888 880 3943 vixisset
916 3901 1093 3941 annos
1124 3894 1343 3939 centum
1371 3883 1717 3952 septuaginta
1740 3880 1903 3949 quin-

322 3999 449 4053 que.
497 3986 656 4036 Anno
695 3981 823 4034 vitm.
875 3978 1042 4033 isaaci
1091 3975 1394 4032 centesimo
1440 3974 1708 4029 vicesimo
1742 3973 1902 4027 tertio

324 4084 573 4130 mortuus
606 4083 694 4129 est
717 4072 931 4137 lsmacl,
964 4086 1155 4126 mense
1183 4069 1353 4124 Nisan
1395 4068 1529 4138 (qui
1560 4075 1646 4121 est
1674 4066 1903 4118 Barmu-

322 4168 461 4240 dab)
507 4184 630 4223 eum
679 4167 908 4221 vixisset
948 4180 1123 4220 annos
1163 4169 1381 4217 centum
1424 4160 1637 4231 triginta
1667 4166 1901 4227 septem.

323 4259 522 4314 Totum
558 4270 738 4313 autem
773 4259 918 4329 quod
946 4259 1082 4311 vixit
1110 4258 1262 4310 isaae
1292 4253 1419 4308 anni
1448 4260 1575 4307 sunt
1608 4260 1824 4305 centum
1849 4254 1904 4303 et

324 4352 624 4422 octoginta.
694 4352 837 4405 Esau
878 4365 1053 4404 annos
1121 4357 1284 4403 natus
1347 4343 1709 4416 quadraginta
1769 4355 1904 4395 uxo-

324 4460 440 4498 rem
488 4444 643 4499 duxit
685 4461 715 4499 e
752 4444 969 4506 filiabus
998 4444 1175 4513 patrui
1227 4442 1311 4496 sui
1355 4439 1623 4501 lsmaelis,
1682 4435 1904 4491 nomine

2004 3246 2128 3316 (qui
2185 3244 2467 3301 lsmaelitaz
2517 3260 2665 3314 sunt,
2694 3257 2747 3303 et
2786 3248 3072 3318 Arabes),
3102 3265 3335 3319 quorum
3374 3264 3583 3303 merces

2003 3344 2159 3393 erant
2182 3354 2348 3394 nuces
2376 3339 2569 3409 pineae,
2593 3338 2993 3405 terebinthinae,
3021 3351 3073 3395 et
3103 3342 3304 3403 oleum,
3332 3342 3382 3393 in
3413 3336 3583 3410 [Egy-

2002 3441 2154 3502 ptum
2190 3430 2529 3487 tendentium
2564 3444 2811 3497 caterva,
2850 3435 3051 3502 quibus
3080 3434 3409 3503 prehensum
3425 3431 3582 3488 Josco

2002 3527 2169 3595 phum
2202 3524 2575 3580 vendiderunt
2626 3523 2825 3578 fratres
2877 3525 3049 3593 ipsius
3080 3524 3270 3593 viginti
3317 3523 3579 3585 nummis,

2004 3631 2178 3671 annos
2226 3625 2413 3671 natum
2455 3616 2868 3686 septemdecim.
2891 3614 3028 3668 Tum
3062 3623 3312 3693 .aceepto
3357 3611 3581 3681 Josephi

2004 3708 2225 3763 indusio
2253 3708 2594 3777 manicisque
2634 3712 2759 3779 ejus
2824 3708 3089 3777 sanguine
3117 3707 3385 3777 impletis,
3428 3705 3584 3759 dixe-

2006 3809 2133 3853 runt
2158 3797 2370 3854 Jacobo
2394 3815 2407 3852 :
2455 3797 3048 3869 llevoravitJosephum
3066 3798 3250 3869 lupus.
3286 3795 3585 3867 Josephum

2007 3898 2186 3944 autem
2216 3890 2269 3943 in
2302 3886 2598 3960 Egyptum
2644 3906 2674 3944 a
2723 3892 3122 3947 mercatoribus
3172 3891 3467 3946 abductum
3517 3892 3585 3944 ab

2008 3980 2115 4035 illis
2157 3981 2291 4035 emit
2320 3980 2626 4035 Pharaonis
2673 3996 2867 4035 servus
2893 4023 2908 4044 ,
2960 3982 3258 4036 satellitum
3303 3984 3584 4052 princeps:

2006 4072 2166 4143 cujus
2197 4088 2336 4128 uxor
2359 4088 2482 4128 eum
2513 4072 2661 4127 illum
2697 4071 2988 4142 deperiret,
3017 4076 3084 4128 ab
3117 4088 3177 4127 ea
3217 4088 3277 4127 se
3311 4075 3583 4138 cohibuit;

1990 4164 2177 4236 ’qnare
2204 4166 2295 4227 illa
2322 4165 2389 4221 de
2419 4166 2536 4235 ipso
2556 4165 2694 4233 apud
2720 4166 2976 4219 maritum
3013 4177 3179 4220 suum
3202 4166 3425 4219 mentita
3458 4180 3581 4219 cum

2016 4258 2255 4313 diceret:
2291 4257 2435 4312 Puer
2459 4258 2562 4312 iste
2601 4256 2858 4312 llebrteus
2890 4272 2975 4310 me
3017 4257 3189 4326 petiit,
3221 4257 3457 4325 conjecit
3497 4257 3587 4310 ille

2008 4350 2185 4420 ipsum
2225 4351 2279 4403 in
2318 4364 2614 4404 carcerem.
2663 4350 2822 4403 Anno
2862 4347 3051 4404 Jacobi
3097 4350 3401 4403 centesimo
3438 4348 3585 4402 vice-

2011 4441 2157 4495 simo
2207 4440 2341 4493 obiit
2383 4440 2535 4493 Isaac
2584 4454 2774 4494 mense
2804 4440 2971 4510 Aiyar
3008 4438 3135 4509 (qui
3188 4448 3269 4493 est
3304 4438 3585 4505 Bashnes)

326 4538 591 4604 Nahalat,
630 4552 751 4606 quae
786 4538 925 4591 filios
960 4536 1061 4606 ipsi
1096 4535 1446 4605 quamplures
1470 4533 1697 4603 peperit.
1736 4526 1899 4583 Duxit
1935 4526 1979 4583 D
2009 4548 2131 4586 eum
2171 4546 2345 4586 annos
2369 4540 2589 4586 centum
2620 4540 2674 4585 et
2707 4532 2985 4601 octoginta
3020 4530 3269 4585 vixisset.
3304 4531 3463 4583 Anno
3490 4547 3589 4584 auo

324 4633 490 4687 etiam
544 4646 574 4686 e
637 4630 851 4687 ﬁliabus
907 4630 1132 4684 Canaan
1184 4629 1442 4682 feminam
1497 4626 1718 4681 nomine
1764 4622 1901 4686 Atla,

325 4725 491 4779 filiam
537 4726 671 4779 Elon
708 4723 927 4779 iiittaei:
979 4738 1081 4777 nec
1117 4737 1225 4776 non
1266 4739 1295 4774 e
1335 4720 1549 4774 filiabus
1584 4717 1901 4771 Graecorum

327 4820 472 4874 unde
504 4818 578 4873 illi
611 4819 752 4872 inter
778 4818 930 4887 ipsos
957 4816 1271 4885 progenies.
1304 4812 1595 4880 Progenies
1626 4814 1905 4863 autemest

330 4913 406 4968 illi
434 4913 882 4980 cepiosiorquam
918 4920 974 4964 ut
1000 4906 1274 4963 numerari
1310 4906 1501 4975 possit.
1539 4903 1676 4957 Sunt
1710 4916 1740 4955 e
1766 4900 1903 4956 stir-

329 5022 395 5076 pe
422 5005 544 5074 ejus
582 5002 897 5058 Amalekitze
926 5015 980 5057 et
1018 5000 1218 5055 Koraei.
1272 4997 1582 5065 ’l‘otumque
1624 4994 1770 5063 quod
1816 4993 1900 5048 vi—

331 5100 410 5154 xit
433 5098 572 5153 Esau
594 5113 861 5153 annorum
891 5103 1251 5153 eratcentum
1275 5090 1465 5160 viginti
1496 5103 1712 5143 novem.
1735 5086 1905 5142 Jaeoh

330 5204 459 5244 vero
506 5189 574 5243 ad
602 5186 933 5242 avunculum
976 5201 1136 5241 suum
1163 5182 1347 5237 Laban
1376 5180 1679 5235 ilarranum
1712 5192 1903 5248 perve-

331 5282 414 5337 nit
440 5323 452 5347 ,
481 5282 571 5337 eui
612 5282 754 5336 bime
782 5288 940 5335 erant
988 5277 1131 5341 filice,
1164 5290 1395 5346 quarum
1428 5283 1557 5327 natu
1582 5270 1776 5339 majori
1805 5284 1906 5323 no-

330 5389 455 5435 men
504 5374 762 5428 fuitLeah
795 5368 1195 5441 (eaqucoeulis
1221 5366 1424 5437 lippa),
1447 5365 1643 5419 minori
1680 5362 1903 5416 Rachel.

310 5464 548 5521 ‘Amavit
582 5473 769 5519 autem
788 5462 959 5517 Jaeob
977 5459 1294 5521 Rachelem,
1325 5471 1556 5525 eamque
1577 5454 1645 5511 ab
1665 5469 1908 5509 avuncu-

330 5559 383 5613 lo
412 5573 515 5613 suo
548 5558 602 5611 in
637 5571 864 5610 uxorem
898 5553 1079 5624 petiit;
1133 5552 1221 5606 cui
1257 5552 1380 5604 ille:
1420 5550 1477 5603 Si
1514 5549 1670 5610 mihi,
1704 5548 1904 5616 inquit,

330 5661 536 5718 septem
581 5664 755 5705 annos
784 5647 1165 5712 inserviret-is,
1208 5645 1507 5700 Rachclcm
1542 5644 1636 5696 tibi
1660 5657 1901 5709 ,uxorem

332 5739 495 5805 dabo;
520 5748 577 5794 at
602 5754 725 5794 cum
749 5748 954 5808 septem
988 5752 1164 5792 annos
1196 5736 1295 5805 ipsi
1330 5735 1613 5790 scrviisset
1643 5739 1803 5786 noctu
1835 5730 1901 5786 ad

336 5832 513 5904 ipsum
569 5829 761 5898 Lcatn,
808 5828 1059 5888 Racltclis
1100 5844 1343 5887 sororem
1392 5825 1717 5883 introduxit.
1765 5824 1903 5894 81-

2011 4632 2118 4679 tem
2157 4624 2280 4677 vita:
2319 4621 2504 4678 Jacobi
2532 4624 2832 4677 centesimo
2862 4622 3122 4677 vicesimo
3153 4638 3301 4676 nono
3332 4633 3585 4677 mortuus

2010 4724 2096 4771 est
2137 4715 2305 4782 Esau,
2347 4731 2536 4770 mense
2566 4710 2785 4771 Tishrin
2828 4717 3007 4785 primo
3061 4716 3191 4784 (qui
3238 4728 3295 4771 et
3343 4715 3585 4779 Babab).

2008 4820 2182 4861 annos
2208 4813 2365 4861 natus
2389 4817 2600 4863 centum
2632 4808 2819 4879 viginti
2845 4825 3060 4864 novem.
3110 4808 3280 4864 Porro
3312 4809 3364 4864 in
3395 4824 3586 4864 carcee

2008 4915 2122 4954 rem
2156 4916 2262 4953 una
2290 4915 2412 4954 cum
2445 4899 2705 4969 Josepho,
2733 4902 2968 4972 conjecit
3004 4899 3259 4963 Pltaraoh
3314 4903 3583 4971 pistorum

2007 5001 2057 5049 ct
2094 4994 2476 5064 pocillatorum
2514 4994 2813 5064 principes,
2850 4996 2940 5049 ubi
2975 4996 3365 5051 dormientium
3413 5008 3583 5057 more,

2007 5088 2140 5144 vidit
2171 5087 2317 5157 quia
2346 5086 2559 5156 poculis
2593 5096 2709 5142 erat
2746 5103 2803 5142 se
2825 5088 2985 5156 qnasi
3019 5091 3274 5145 manibus
3306 5095 3583 5141 tenentem

2009 5196 2231 5235 uvarum
2258 5194 2563 5243 racemum,
2586 5195 2616 5235 e
2639 5195 2746 5249 quo
2761 5178 2870 5250 85
2900 5178 3009 5250 87
3033 5196 3255 5235 succum
3276 5180 3583 5248 exptimens

2009 5273 2278 5329 Pharaoni
2320 5274 2613 5328 bibendum
2661 5273 2945 5343 preberet;
3002 5274 3088 5327 cui
3146 5269 3451 5340 Iosephus:
3505 5270 3580 5322 lta

2008 5365 2260 5435 (inquit)
2292 5366 2397 5420 erit
2428 5365 2577 5421 sicut
2608 5364 2815 5429 vidisti;
2846 5366 2945 5420 mei
2992 5376 3193 5418 autem
3218 5362 3358 5430 apud
3386 5358 3583 5414 ‘dontia

2009 5472 2135 5510 nutu
2173 5466 2324 5511 tuum
2354 5455 2671 5512 memoriam
2690 5456 3033 5511 facias.Vidit
3060 5457 3219 5509 etiam
3250 5453 3424 5522 pistor
3445 5468 3583 5521 qua-

2006 5550 2050 5605 si
2071 5549 2367 5604 eanistrum
2405 5551 2557 5619 panis
2577 5565 2743 5620 super
2765 5548 2944 5616 capite
2976 5560 3098 5611 suo,
3134 5561 3163 5601 e
3198 5560 3306 5615 quo
3329 5545 3585 5600 comede-

2010 5648 2133 5697 rent
2162 5642 2459 5698 volucres:
2496 5642 2583 5697 cui
2612 5641 2917 5712 Josepltus:
2950 5637 3134 5704 Cruci,
3173 5635 3371 5707 inquit,
3405 5636 3585 5705 allige-

2009 5736 2105 5801 ris,
2143 5735 2541 5806 eomedentque
2575 5747 2794 5790 carnem
2830 5741 2978 5789 tuam
3016 5731 3308 5787 volucres:
3339 5729 3484 5801 quoi
3526 5736 3579 5779 rt

2011 5828 2210 5883 factum
2252 5836 2356 5883 cst.
2794 5841 2797 5845 ‘
