4034 6214
402 288 525 351 927ι

1428 285 1797 346 ΕΗΤΥέμΗΙΙ
1840 284 2381 365 ΑιΕΧΑΝΙηΗΝΙ
2427 282 2649 343 PATR.

2108 98 2127 124 ι

3540 274 3646 335 928

495 398 692 452 Deinde
723 414 844 452 cum
881 399 1104 454 vidisset
1137 400 1299 453 etiam
1333 399 1581 453 l‘ltaraoh
1620 399 1972 464 insomnium,
2012 401 2050 456 Α
2084 402 2219 455 uixit
2247 418 2259 455 :
2302 400 2357 453 Si
2384 412 2604 452 veraces
2620 394 2738 449 sitis
2762 408 2860 447 nec
2881 392 3274 464 exploratores,
3304 385 3495 439 relicto
3515 385 3659 451 apud

402 495 539 545 dixit
585 492 659 545 illi
697 492 787 561 qui
838 509 867 545 a
922 493 1132 562 poculis
1182 492 1279 562 ipsi
1312 508 1451 557 erat,
1499 508 1621 547 esse
1672 494 1723 547 in
1760 508 1980 548 carcere

407 601 635 652 puerum
674 586 956 639 llcbrzeum
993 585 1085 654 qui
1119 585 1331 639 somnia
1382 585 1858 655 interpretaretur;
1892 587 1978 641 cui

406 694 538 747 ergo
569 677 764 732 adduci
790 678 947 747 jusso
975 677 1110 732 dixit
1144 677 1421 742 l'haraoh,
1452 678 1657 733 vidisse
1681 693 1741 732 se
1772 687 1979 747 septem

402 784 602 824 vaccas
626 812 639 834 ,
676 772 902 839 pingues
937 785 966 823 e
997 771 1135 825 mari
1173 771 1522 842 prodeuntes,
1551 779 1604 825 et
1641 781 1761 839 post
1787 785 1878 825 eas
1900 785 1985 825 sc-

412 874 554 933 ptem
574 863 1037 932 macilentas,qua:
1057 864 1285 933 pingues
1306 865 1661 919 devorarent:
1687 875 1799 917 tmn
1819 866 1983 918 etiam

389 956 614 1010 ,vidisse
646 969 706 1009 se
735 965 940 1024 septem
975 956 1155 1024 spicas
1180 970 1395 1011 crassas
1425 972 1455 1009 e
1487 967 1626 1010 terra
1654 957 1984 1026 prodeuntes

410 1049 609 1102 deinde
648 1058 854 1116 septem
886 1048 1142 1117 graciles,
1175 1047 1377 1109 aridas,
1432 1064 1551 1116 qum
1599 1063 1815 1103 crassas
1866 1048 1987 1101 illas
2022 1105 2029 1108 ,

413 1129 955 1207 (ἲεδιυιίι·ρηι;ἰιίχίι
993 1154 1121 1209 ergo
1166 1141 1244 1193 illi
1279 1138 1513 1207 Jeseph:
1556 1138 1745 1195 Futuri
1778 1153 1905 1195 sunt
1932 1141 1987 1194 in

414 1249 580 1302 regno
610 1242 700 1285 tuo
729 1241 935 1301 septem
970 1233 1097 1286 anni
1124 1232 1334 1286 feraces
1358 1271 1372 1295 ,
1400 1233 1595 1288 deinde
1618 1242 1738 1302 post
1761 1249 1856 1288 eos
1898 1248 1988 1287 se-

412 1334 557 1394 ptem
612 1326 738 1378 anni
794 1326 996 1392 quibus
1025 1325 1126 1378 erit
1162 1340 1393 1379 annona:
1443 1325 1669 1393 penuria
1727 1337 1781 1378 et
1821 1324 1990 1380 fames

416 1417 673 1485 insignis.
705 1417 841 1470 Tum
876 1416 1134 1486 imposuit
1172 1416 1419 1471 Pharaon
1453 1416 1691 1487 Josepho
1724 1419 1873 1486 regni
1903 1418 1991 1472 sui

419 1508 842 1562 administrandi
876 1523 1088 1573 curam,
1131 1510 1332 1563 tradito
1353 1509 1452 1578 ipsi
1474 1511 1679 1564 annulo
1701 1525 1822 1565 suo.
1844 1510 1990 1565 Con-

417 1600 554 1653 didit
587 1614 715 1668 ergo
747 1597 1019 1669 Josephtts
1045 1609 1248 1668 septem
1282 1600 1440 1655 annis
1467 1601 1725 1655 uberibus
1752 1600 1995 1655 frumen-

418 1703 532 1745 tum
576 1693 626 1745 iu
662 1692 831 1761 spicis
861 1692 1013 1755 suis,
1047 1693 1222 1747 donec
1252 1692 1609 1762 implerentnr
1636 1710 1754 1762 quae
1802 1708 1990 1747 nume-

421 1800 538 1836 rum
582 1792 844 1853 snperant
900 1785 1175 1851 granaria.
1213 1785 1355 1839 Anni
1401 1794 1530 1840 tunc
1559 1795 1713 1841 erant
1753 1785 1993 1857 Josepho

423 1875 645 1944 triginta
671 1914 686 1936 ,
738 1876 831 1943 qui
862 1891 1085 1929 uxorem
1114 1876 1270 1930 duxit
1300 1877 1519 1932 nomine
1565 1878 1791 1933 Asinath
1842 1879 1995 1934 urbis

424 1967 745 2022 lﬁinshemes
766 1967 1069 2023 sacerdotis
1089 1968 1277 2035 filiam,
1310 1986 1431 2039 quae
1464 1970 1622 2025 binos
1653 1972 1754 2040 ipsi
1786 1973 1993 2041 peperit

425 2062 585 2121 ﬁlios.
618 2077 847 2131 quorum
870 2061 1154 2131 majorem,
1184 2064 1602 2133 primogenitum
1627 2065 1857 2126 Scilicet,
1887 2063 1999 2115 Ma-

424 2166 624 2205 nassen
659 2151 771 2225 88
795 2152 1108 2221 appellavit,
1138 2154 1368 2221 alterum
1402 2152 1781 2220 Ephraimum.
1820 2152 1995 2207 Porro

424 2247 700 2297 exstruxit
731 2245 1007 2314 Josephus
1055 2246 1339 2300 columnas
1393 2245 1718 2309 mensorias,
1792 2248 1999 2313 quibus

424 2353 598 2406 aqum,
629 2347 910 2394 crescente
941 2337 1083 2404 Nilo,
1111 2352 1367 2394 mensura
1404 2338 1619 2407 capitur
1645 2339 1697 2393 in
1737 2339 1996 2410 Egypto,

434 2432 552 2487 loco
576 2448 734 2501 quem
771 2433 1041 2502 Memphin
1076 2440 1291 2487 vocant.
1354 2432 1543 2487 Sinum
1597 2434 1759 2487 ctiam
1793 2433 2001 2497 effodit,

433 2524 525 2589 qui
555 2523 745 2576 Metilia
778 2522 928 2576 audit
959 2538 973 2584 ;
1028 2522 1159 2591 quin
1197 2532 1250 2576 et
1287 2521 1494 2591 lapides
1534 2522 1743 2575 viarum
1797 2521 2007 2577 indices

431 2614 622 2667 erexit.
649 2613 818 2667 Natus
839 2624 924 2669 est
946 2623 1129 2667 autem
1159 2613 1310 2677 Levi,
1339 2613 1527 2668 Jacobi
1554 2615 1685 2677 ﬁlio,
1719 2623 1840 2684 post
1870 2626 2010 2683 quae

429 2706 678 2774 draginta
716 2721 890 2760 annos
926 2706 1130 2767 Kahat,
1162 2706 1215 2759 in
1243 2715 1383 2760 terra
1403 2705 1788 2769 Chauanitica,
1831 2705 2008 2761 tribus

430 2807 726 2867 antequam
759 2798 1057 2869 {Egyptum
1082 2800 1501 2868 ingrederentur
1533 2799 1717 2853 annis.
1750 2798 1860 2852 lllis
1894 2799 2009 2853 die-

435 2890 539 2943 bus
566 2889 766 2944 accidit
797 2890 848 2942 in
892 2888 1126 2959 Egypto
1153 2898 1207 2943 et
1234 2891 1389 2959 Syria
1415 2890 1583 2945 fames
1615 2890 1863 2959 insignis;
1890 2903 2014 2944 coe-

437 2990 654 3036 merunt
688 2996 817 3051 ergo
840 2996 870 3035 a
906 2980 1143 3051 Josepho
1175 2981 1416 3053 Egyptii
1454 2980 1813 3046 frumentum,
1840 2981 2015 3036 donec

437 3074 573 3143 ipsis
606 3090 711 3128 non
741 3082 1050 3144 superesset
1076 3090 1330 3129 nummus
1358 3089 1561 3129 aureus
1591 3074 1677 3129 vel
1700 3080 2014 3143 argenteus.
2048 3101 2090 3159 ο
2122 3065 2358 3135 Josepho
2410 3061 2667 3116 dixerunt
2701 3072 2714 3108 ε

442 3166 586 3234 quod
616 3166 811 3221 deinde
834 3167 980 3237 agnis
1005 3208 1020 3233 ,
1052 3166 1318 3235 jumeutis
1345 3173 1399 3222 et
1450 3165 1659 3221 atdibus
1704 3167 1820 3220 suis
1865 3179 2016 3219 eme—

443 3266 689 3323 runt;ac
742 3270 952 3327 postea,
1000 3275 1120 3313 cum
1165 3260 1297 3313 nihil
1345 3258 1479 3328 ipsis
1509 3259 1780 3326 reliquum
1828 3266 2015 3323 esset,

442 3352 695 3405 dixerunt
721 3349 959 3422 Josepho
1002 3349 1155 3404 :Nos
1216 3352 1363 3419 ipsos
1416 3347 1684 3402 Pharaoni
1726 3348 1778 3401 in
1832 3362 2021 3402 servos

441 3443 764 3506 \‘endetnns,
791 3442 951 3496 modo
976 3443 1136 3496 nobis
1171 3441 1505 3496 frumentum
1540 3441 1605 3493 ad
1628 3439 2020 3494 comedendum

440 3542 494 3583 et
525 3532 813 3586 serendum
851 3532 1134 3600 largiatur.
1201 3530 1346 3584 Emit
1392 3544 1522 3598 ergo
1573 3529 1848 3599 Josephus
1885 3530 2023 3584 Pha-

444 3625 598 3676 raoni
632 3638 660 3675 a
694 3623 887 3692 seipsis
924 3622 1230 3692 Egyptios,
1265 3622 1389 3676 dato
1407 3621 1514 3675 illis
1550 3622 1846 3687 frumento,
1866 3623 2013 3692 quod

445 3716 675 3769 ederunt
698 3723 751 3769 et
774 3726 930 3769 terrae
951 3714 1303 3778 mandarunt,
1337 3713 1640 3783 accipiente
1673 3713 1742 3767 ab
1774 3714 1909 3783 ipsis
1930 3712 2023 3768 Jo-

448 3809 619 3876 sepho
652 3806 917 3859 decimam
963 3812 1193 3875 partem,
1225 3805 1369 3875 quod
1402 3805 1469 3858 ad
1493 3805 1595 3857 hoc
1617 3819 1786 3872 usque
1817 3813 2028 3873 tempus

450 3903 503 3953 in
540 3904 709 3968 legem
741 3897 896 3962 abiit,
931 3897 1168 3966 fac-tique
1192 3905 1319 3950 sunt
1344 3895 1582 3967 Egyptii
1621 3894 2026 3949 Pharaoniser-

450 3995 525 4048 vi.
565 3992 695 4061 Ejus
719 3991 914 4046 diebus
963 3989 1150 4043 floruit
1178 3988 1279 4043 Job
1305 3990 1391 4043 ille
1429 3990 1638 4057 justus,
1685 3989 1892 4043 scilicet
1922 3986 2027 4042 Job

454 4088 595 4145 filius
641 4086 827 4140 Amosi
861 4126 876 4150 ,
940 4084 1036 4138 ﬁlii
1103 4082 1374 4147 Zarachi,
1428 4084 1520 4137 lilii
1572 4080 1871 4150 Itaguelis,
1933 4080 2026 4134 ﬁlii

455 4179 643 4244 lisaui,
668 4178 758 4232 ﬁlii
785 4176 983 4241 lsaaki,
1001 4174 1422 4236 ﬁliiAbrahami,
1447 4188 1609 4241 opum
1629 4172 1804 4234 dives,
1829 4172 2033 4241 quique

455 4268 725 4335 allligente
749 4268 926 4336 ipsum
957 4265 1204 4328 Domino,
1238 4265 1441 4334 gratias
1464 4263 1573 4332 egit
1595 4271 1649 4315 et
1671 4256 1940 4330 patienter
1975 4276 2035 4316 se

455 4359 646 4425 gessit,
668 4368 846 4426 quare
880 4364 1059 4408 amota
1088 4353 1154 4407 ab
1180 4355 1296 4422 ipso
1338 4350 1633 4407 aﬂlictione
1663 4350 1900 4406 restituit
1930 4350 2031 4415 ipsi

460 4451 600 4505 Deus
640 4465 771 4518 opes
798 4463 950 4502 suas.

532 4539 925 4595 Aceiditetiam
947 4538 999 4591 in
1019 4537 1238 4606 regione
1260 4535 1430 4606 Syriae
1448 4535 1616 4591 fames
1638 4534 1882 4605 89-91
1909 4548 2035 4603 gra-

464 4634 569 4697 vis,
599 4632 733 4686 adeo
777 4639 832 4684 ut
864 4629 1069 4683 diceret
1098 4626 1332 4683 Jacobus
1364 4628 1490 4683 ﬁliis
1519 4643 1581 4683 su
1608 4642 1633 4681 s
1669 4644 1686 4684 :
1713 4626 1948 4681 Profecti
1982 4628 2037 4679 in

464 4725 757 4794 Egyptum
781 4722 943 4776 emite
974 4719 1128 4774 nobis
1159 4719 1511 4773 frumentum:
1539 4717 1816 4772 Venerunt
1840 4716 2037 4783 ergoiu

463 4813 756 4884 Egyptum
780 4810 998 4880 Josephi
1049 4809 1262 4873 fratres,
1287 4823 1421 4878 quos
1471 4809 1615 4863 visos
1638 4807 1818 4861 statim
1840 4820 2042 4875 cogno-

465 4910 541 4961 vit
566 4905 858 4974 Joseplms,
890 4905 1005 4993 ipse
1028 4904 1096 4959 ab
1118 4901 1223 4957 illis
1252 4902 1581 4971 incognitus,
1604 4917 1710 4954 non
1731 4908 1911 4955 autem
1940 4900 2042 4953 fuit

464 5017 587 5058 cum
624 4999 755 5072 ipsis
775 4998 942 5052 frater
972 4997 1091 5068 ejus
1124 4996 1372 5051 utcrinus
1397 4993 1677 5063 Benjamin
1703 5009 1716 5045 :
1750 4993 1885 5047 dixit
1912 5006 2043 5061 ergo

468 5094 603 5164 ipsis
649 5091 919 5162 Josephus
978 5107 990 5143 :
1042 5089 1274 5155 Quinam
1331 5088 1465 5142 estis
1508 5086 1655 5141 vos?
1693 5084 1836 5139 unde
1885 5084 2041 5138 veni-

470 5188 596 5241 stis?
628 5194 679 5240 et
714 5184 1188 5255 quidvultis?Cni
1223 5181 1300 5235 illi
1330 5197 1342 5233 :
1374 5179 1575 5233 Sumus
1599 5191 1698 5230 nos
1715 5174 2042 5239 Jacobi,lilii;

471 5277 763 5334 duodecim
798 5276 903 5346 ipsi
936 5290 1060 5331 cum
1097 5274 1209 5327 nati
1258 5285 1531 5334 essemus,
1584 5283 1754 5322 unum
1809 5266 2048 5321 comedit

477 5375 656 5441 lupus,
688 5371 849 5440 cujus
899 5368 1063 5424 etiam
1108 5367 1277 5422 frater
1337 5363 1587 5417 utcrinus
1639 5360 1781 5431 apud
1836 5368 2043 5430 patrem

477 5478 636 5517 suum
670 5472 793 5527 est;
823 5472 973 5531 pater
993 5469 1142 5516 entm
1166 5466 1374 5520 noster,
1409 5469 1532 5508 cum
1562 5468 1727 5508 senex
1756 5451 2047 5505 admodum

481 5556 576 5618 sit,
606 5565 766 5610 noctu
796 5568 957 5625 atque
977 5552 1216 5609 interdiu
1266 5550 1437 5604 filium
1474 5560 1633 5601 suum
1660 5560 1688 5597 a
1722 5545 1853 5613 lupo
1879 5541 2049 5597 devo-

489 5652 667 5695 ratum
710 5647 879 5709 luget.
949 5643 1249 5713 RCSpondit
1314 5640 1419 5693 illis
1468 5637 1706 5705 Juseph:
1752 5633 1869 5688 Non
1917 5632 2052 5688 estis

492 5748 588 5787 vos
619 5733 704 5784 alii
736 5749 897 5800 quam
923 5737 1316 5804 exploratores.
1346 5735 1408 5788 Et
1437 5731 1750 5803 jurantibus
1784 5726 1885 5795 ip~i
1917 5724 2048 5791 illis,

2084 510 2171 547 me
2208 501 2444 547 vestrum
2480 504 2607 553 uno,
2642 488 2707 541 ad
2745 474 2970 557 patrem‘
2988 492 3231 536 vestrum
3268 474 3607 532 revertimini
3642 517 3656 539 ,

2086 601 2148 640 ac
2179 587 2396 638 fratrem
2430 590 2673 637 vestrum
2712 576 3019 639 minimum,
3058 572 3220 641 cujus
3246 568 3473 623 fratrem
3504 567 3662 620 devo-

2089 678 2229 731 ravit
2260 676 2443 745 lupus,
2479 671 2889 736 adducite,’qno
2915 666 3185 720 dictorum
3218 668 3528 716 vestrorum
3566 671 3656 709 ve-

2089 770 2302 822 ritatem
2337 775 2671 835 perspectam
2711 763 2961 815 habeam.
3028 816 3044 831 ,

2196 860 2332 914 Cum
2381 872 2512 925 ergo
2582 855 2801 908 fratrem
2859 852 3102 920 ipsorum
3130 847 3445 900 Simeonem
3517 838 3658 909 apud

2092 956 2270 1024 ipsum
2339 951 2709 1020 reliquissent,
2758 946 2902 1000 sacci
2952 944 3197 1013 ipsorum
3238 937 3461 1005 Josephi
3504 937 3659 1002 jussu

2093 1022 2367 1099 frumento
2416 1039 2625 1109 impleti
2659 1046 2820 1098 sunt,
2860 1029 3298 1099 uniuscujusque
3351 1022 3576 1095 pecunia
3609 1022 3660 1072 in

2093 1150 2254 1193 sacco
2302 1148 2403 1186 suo
2451 1128 2715 1198 reposita.
2753 1126 2886 1179 Cum
2920 1122 3089 1190 igitur
3133 1119 3198 1173 ad
3247 1126 3457 1186 patrem
3506 1127 3661 1168 suum

2091 1226 2355 1282 Jacobum
2408 1220 2819 1291 pervenientes,
2863 1230 2927 1269 ac
2972 1212 3101 1282 quid
3147 1204 3488 1281 [accidisset]
3540 1219 3666 1256 uar-

2097 1328 2280 1372 rantes
2321 1318 2613 1385 pecuniam
2667 1325 2821 1365 suam
2872 1309 2926 1361 in
2971 1305 3150 1361 saccis
3185 1302 3557 1370 reperissent,
3600 1298 3668 1350 ad

2098 1412 2427 1466 frumentum
2475 1422 2538 1461 ex
2574 1404 2811 1474 Aigypto
2847 1399 3204 1455 coemendum
3241 1392 3468 1452 reversi,
3504 1405 3670 1459 pecu-

2098 1505 2240 1558 niam
2277 1502 2459 1562 istam,
2519 1514 2583 1551 ac
2618 1509 2862 1550 summas
2896 1493 3032 1546 istas
3077 1494 3429 1557 acceperunt,
3454 1495 3674 1549 unaque

2097 1594 2513 1663 Benjaminum,
2566 1589 2674 1659 92
2711 1584 2931 1654 Josepbi
2976 1583 3198 1637 fratrem
3246 1576 3541 1637 uterinum,
3571 1570 3671 1625 ad-

2099 1689 2396 1743 duxerunt.
2430 1684 2551 1749 Quo
2596 1683 2712 1735 viso
2748 1677 3055 1733 honorifice
3085 1674 3234 1742 ipsos
3256 1666 3478 1724 tractari
3508 1663 3679 1733 jussit

2100 1780 2300 1849 Joseph
2332 1773 2712 1831 misericordia
2752 1786 2876 1839 erga
2912 1767 3065 1836 ipsos
3095 1758 3676 1825 commotus.lmpleta

2104 1848 2245 1929 sunt,
2280 1884 2414 1939 ergo
2464 1882 2593 1921 vasa
2630 1865 2873 1934 ipsorum
2907 1858 3220 1917 frumento,
3270 1862 3327 1907 et
3414 1848 3682 1901 uniuscu-

2099 1970 2298 2037 jusque
2333 1961 2446 2015 vasi
2482 1959 2708 2028 pecunia
2733 1954 2912 2025 ipsius
2942 1950 3195 2017 imposita
3227 1951 3320 2011 ;at
3344 1943 3459 1997 vasi
3494 1939 3685 1995 fratris

2106 2026 2519 2121 sui-Benjamiui
2574 2043 2829 2115 poculum
2886 2052 3137 2099 aureum,
3187 2035 3333 2103 quod
3375 2026 3685 2082 Pharaonis

2108 2149 2305 2206 fuerat,
2332 2120 2645 2211 imposuit.
2697 2135 2945 2202 Cumque
2983 2146 3013 2185 a
3051 2126 3291 2195 Josepho
3329 2120 3551 2211 egressi
3586 2135 3687 2173 es-

2108 2248 2253 2301 sent,
2279 2238 2491 2309 Syriam
2526 2246 2715 2285 versus
2743 2226 3051 2285 tendentes,
3085 2217 3316 2275 insecuti
3346 2217 3497 2285 ipsos
3525 2210 3689 2265 Jose-

2110 2333 2202 2405 phi
2262 2301 2403 2386 servi
2453 2325 2714 2378 dixerunt
2775 2311 3312 2389 ipsis:0mnimode
3358 2307 3503 2360 bene
3527 2301 3689 2357 vobis

2111 2394 2239 2479 fecit
2293 2418 2547 2474 dominus
2601 2421 2805 2473 noster,
2858 2423 2955 2461 vos
2989 2418 3120 2458 vero
3154 2396 3469 2455 omnimode
3521 2394 3687 2453 male,

2111 2514 2372 2587 poculum
2399 2509 2543 2578 regis
2593 2518 2816 2558 aureum
2844 2497 3032 2553 furati.
3060 2490 3483 2563 Responderunt
3513 2486 3688 2554 ipsis:

2114 2577 2268 2676 ftpud
2294 2577 2679 2672 quemcunque
2705 2595 2879 2663 ipsum
2899 2586 3232 2657 repereritis,
3258 2580 3507 2636 abducite
3534 2577 3690 2631 illum

2118 2671 2178 2754 ut
2196 2699 2269 2754 sit
2306 2671 2534 2750 domino
2564 2695 2748 2744 vestro
2789 2698 3001 2741 servus.
3034 2679 3237 2734 Saccos
3271 2688 3401 2743 ergo
3424 2671 3692 2739 ipsorum

2118 2786 2473 2861 perscrutati,
2529 2782 2784 2854 poculum
2820 2778 2874 2831 in
2911 2768 3217 2841 Benjauiini
3264 2780 3424 2822 sacco
3459 2762 3696 2817 invene-

2118 2856 2289 2937 runt:
2346 2892 2508 2947 quem
2559 2887 2688 2942 ergo
2735 2869 3068 2940 prehensum
3116 2861 3180 2913 ad
3238 2856 3538 2926 Josephum
3602 2868 3696 2905 re-

2122 2978 2418 3033 duxerunt,
2456 2966 2817 3024 redeuntibus
2867 2974 2975 3014 una
3025 2954 3289 3011 fratribus
3326 2950 3540 3019 ipsius,
3598 2945 3691 3014 qui

2780 3050 3027 3109 Domine,
3074 3054 3225 3115 pater
3285 3051 3469 3096 noster
3523 3050 3695 3092 senex

2124 3166 2208 3212 est
2250 3130 2407 3209 mute
2441 3156 2752 3220 provectus,
2787 3142 2952 3211 hujus
2993 3148 3171 3223 ante~m
3213 3135 3432 3189 fratrem
3476 3147 3502 3182 a
3542 3130 3693 3196 lupo,

2124 3251 2202 3303 uti
2240 3247 2338 3301 tibi
2378 3241 2745 3302 narravimus,
2789 3237 3106 3291 devoratqu
3147 3230 3250 3283 hoc
3274 3240 3447 3294 usque
3482 3233 3695 3289 tempus

2123 3340 2318 3404 deﬁet;
2382 3337 2425 3390 si
2476 3348 2606 3404 ergo
2653 3333 2798 3385 hunc
2846 3342 2875 3381 a
2923 3324 3084 3379 nobis
3133 3320 3447 3380 abstuleris,
3493 3326 3699 3380 nequa—

2124 3450 2287 3505 quam
2322 3430 2477 3484 nobis
2519 3425 2694 3482 estad
2732 3430 2939 3492 patrem
2974 3415 3335 3476 redeundum,
3366 3417 3552 3477 utpote
3573 3405 3693 3473 qui,

2126 3499 2231 3580 nisi
2293 3523 2579 3578 nobiscum
2634 3512 2872 3569 adfuerit
2933 3524 3092 3579 puer,
3140 3504 3326 3561 dolore
3397 3499 3696 3552 moriturus

2090 3601 2238 3670 ‘est:
2264 3608 2493 3664 dimisso
2525 3617 2657 3671 ergo
2689 3600 2808 3669 ipso
2836 3605 2894 3649 ut
2924 3594 2991 3648 ad
3022 3602 3228 3662 patrem
3258 3588 3460 3650 redeat,
3486 3602 3513 3639 e
3539 3584 3696 3637 nobis

2128 3711 2509 3775 quemcunque
2543 3690 2783 3747 volueris
2827 3686 2923 3741 tibi
2975 3685 3026 3738 in
3067 3696 3285 3737 servum
3329 3677 3547 3730 habeas.
3586 3673 3694 3725 lle-

2130 3766 2348 3867 spondit
2366 3766 2565 3858 Joseph
2591 3805 2603 3840 :
2622 3784 2776 3838 Absit
2792 3792 2850 3834 ut
2868 3779 3035 3831 alium
3058 3788 3219 3844 quam
3240 3786 3362 3823 eum
3382 3766 3522 3837 apud
3538 3778 3697 3832 quem

2133 3858 2223 3944 res
2256 3894 2473 3940 nostras
2497 3874 2869 3933 invenerimus
2900 3870 3260 3921 detineamus.
3287 3860 3425 3913 Tum
3456 3858 3698 3927 ipsorum

2137 3987 2399 4041 misertus
2436 3996 2450 4031 :
2488 3976 2621 4042 Ego,
2665 3971 2860 4037 inquit,
2892 3959 3132 4033 93.95
3161 3958 3329 4011 frater
3366 3968 3487 4009 sum
3526 3957 3703 4005 vester

2056 4082 2066 4089 ’
2140 4074 2364 4142 Joseph,
2401 4086 2469 4123 ne
2512 4065 2651 4120 male
2680 4076 2779 4114 vos
2810 4058 3022 4118 habeat,
3053 4065 3229 4120 neque
3271 4045 3527 4101 timeatis.

2204 4134 2384 4222 Missis
2427 4174 2559 4228 ergo
2611 4156 2675 4209 ad
2720 4151 2989 4207 Jacobum
3027 4143 3280 4203 tentoriis
3332 4149 3385 4193 et
3416 4134 3706 4207 plaustris,

2136 4258 2310 4324 ipsum
2368 4269 2493 4307 cum
2556 4255 2667 4301 tota
2716 4241 2972 4313 progenie
3009 4252 3109 4293 sua
3161 4250 3191 4287 a
3240 4242 3383 4286 terra
3444 4230 3705 4283 Chanaan

2140 4315 2193 4402 in
2248 4344 2539 4413 Egyptqu
2590 4334 2855 4390 traduxit.
2913 4328 3314 4397 Ingressusque
3376 4327 3461 4373 est
3539 4315 3712 4370 Jacob

2070 4437 2112 4491 Ι)
2143 4406 2436 4508 Aigypltim
2494 4444 2637 4483 anno
2697 4425 2859 4479 famis
2909 4417 3150 4475 secundo
3211 4414 3319 4487 [vel
3360 4413 3515 4481 juxta
3563 4406 3711 4461 aliud

2138 4503 2435 4595 exemplar,
2466 4518 2671 4591 tertio],
2731 4529 2947 4583 unaque
2976 4527 3100 4566 cum
3123 4510 3244 4579 ipso
3290 4506 3403 4560 nati
3439 4503 3633 4573 ipsius,
3659 4510 3718 4553 et

2138 4594 2363 4688 nepotes
2392 4629 2456 4668 ex
2491 4611 2666 4681 ipsius
2707 4606 2909 4661 lumbis
2939 4600 3212 4673 prognati,
3248 4606 3443 4668 prmter
3476 4594 3715 4646 ﬁliorum

2141 4687 2338 4766 uxores
2382 4707 2450 4760 ab
2502 4706 2622 4773 ipso
2673 4717 2779 4755 non
2831 4705 3153 4769 prognatas,
3198 4707 3320 4746 cum
3364 4687 3603 4754 Josepho
3651 4699 3721 4735 ac

2141 4797 2547 4866 duobusipsius
2597 4794 2721 4848 filiis
2779 4788 3031 4845 homines
3080 4782 3425 4851 septuaginta
3457 4820 3471 4844 ,
3526 4775 3731 4830 Jacobo

2147 4908 2277 4951 tunc
2315 4889 2577 4959 temporis
2609 4898 2786 4939 annos
2814 4888 3033 4935 centum
3056 4885 3112 4930 et
3142 4876 3366 4943 triginta
3393 4880 3541 4927 nato.
3575 4868 3723 4922 Sub-

2144 4985 2279 5043 stitit
2310 4958 2490 5035 autem
2516 4977 2685 5032 Jacob
2720 4976 2772 5027 in
2794 4970 3028 5041 Egypto
3075 4979 3250 5019 annos
3286 4958 3674 5031 septemdecim
3702 4974 3720 5023 ;

2146 5080 2235 5134 ubi
2299 5090 2442 5131 anno
2472 5074 2595 5126 vita:
2631 5068 2757 5123 Levi
2788 5063 3129 5128 octogesimo
3172 5059 3313 5111 diem
3355 5055 3530 5109 obiit:
3575 5051 3727 5103 unde

2145 5174 2201 5227 in
2237 5180 2438 5225 terram
2486 5165 2744 5220 Clemaan
2778 5164 3108 5227 reportatum
3142 5150 3476 5221 sepelierunt
3508 5143 3714 5210 Joseph

2147 5261 2438 5327 czeterique
2494 5256 2613 5325 ejus
2650 5250 2740 5305 ﬁlii
2789 5248 2943 5318 juxta
2982 5244 3221 5300 Isaacum
3269 5246 3475 5311 patrem
3526 5251 3713 5289 suum.

2147 5358 2345 5410 Totum
2376 5359 2555 5405 autem
2594 5344 2740 5415 quod
2781 5340 2914 5394 vixit
2956 5337 3127 5392 Jacob
3154 5332 3278 5388 anni
3318 5340 3447 5387 sunt
3486 5335 3711 5383 centum

2150 5444 2508 5519 quadraginta
2547 5448 2778 5506 septem.
2812 5432 3027 5486 Kahato
3064 5436 3185 5498 post
3209 5424 3497 5492 sexaginta
3532 5434 3715 5473 annos

2155 5511 2319 5594 natus
2365 5511 2447 5588 est
2492 5533 2546 5584 in
2601 5527 2838 5598 Aigypto
2880 5524 3125 5583 Amram.
3168 5520 3326 5570 Anno
3367 5522 3549 5567 autem
3598 5511 3729 5563 vita:

2158 5625 2349 5683 liahati
2397 5622 2610 5675 decimo
2643 5618 2854 5687 quinto,
2900 5613 3037 5666 obiit
3082 5606 3325 5676 Josvph,
3372 5619 3533 5673 quem
3585 5618 3735 5657 arca:

2162 5717 2477 5790 impositum
2512 5710 2847 5781 sepelierunt
2918 5704 3113 5761 fratres
3164 5699 3337 5771 ipsius
3381 5697 3434 5753 in
3465 5693 3731 5765 Aigyptn,
