4034 6214
329 224 438 285 9ἶ9

1777 232 2145 297 ANNAIES.

3482 248 3586 311 9'30

326 360 450 395 cum
484 358 660 395 annos
700 353 919 397 centum
956 353 1007 398 et
1045 347 1228 401 decem
1276 347 1520 402 vixisset.
1570 346 1773 401 Ferunt
1817 350 1905 401 alii
1939 352 1981 407 Α
2013 351 2226 418 giouem
2262 352 2442 421 llejazi
2483 353 2731 425 aufugit,
2769 355 2858 408 ttbi
2909 356 2961 409 in
3007 358 3140 412 urbe
3170 359 3393 430 Madyau
3434 365 3585 419 habi-

324 432 548 503 Josephi
582 448 787 503 corpus
834 449 975 488 arcae
1021 451 1339 490 marmorea:
1371 437 1681 504 impositum
1720 434 1773 488 in
1809 435 1901 488 Ni-
1928 436 1941 515 ς

326 529 438 581 lttut
476 527 779 596 projectqu
839 526 1029 582 fuisse.
1073 528 1244 582 Porro
1282 531 1522 581 Amrano
1556 535 1680 594 post
1728 542 1902 579 annos

326 621 679 688 septuaginta
723 628 837 674 tres
884 629 1049 675 natus
1088 628 1173 676 est
1209 620 1460 683 Miriam;
1514 628 1637 686 post
1679 626 1900 687 septua-

325 715 474 780 ginta
528 721 734 780 septem
775 712 1011 767 Ahron:
1069 721 1192 780 post
1233 713 1512 781 octoginta
1558 709 1757 775 Moses,
1808 711 1896 764 cui

327 818 447 871 pas.
488 801 632 856 Vixit
665 812 846 857 autem
882 802 936 856 itt
969 811 1143 855 totum
1193 802 1395 855 Amran
1453 817 1627 856 annos
1674 814 1895 855 centum

326 894 541 963 triginta
594 909 712 948 sex.
750 894 909 948 Anno
938 894 1061 947 vita:
1090 894 1313 947 Amrani
1365 894 1641 948 tricesimo
1666 894 1899 963 septimo

325 970 578 1039 mortuus
610 996 693 1039 est
723 986 835 1056 96
866 985 1018 1049 Levi,
1052 1001 1177 1039 eutn
1215 1000 1390 1040 annos
1421 994 1638 1039 centum
1678 985 1897 1053 triginta

323 1087 532 1143 septem
580 1078 828 1132 vixisset.
876 1077 1036 1132 Auno
1079 1078 1205 1129 vita!
1260 1076 1506 1146 ejusdem
1556 1075 1899 1142 sexagesimo

324 1170 557 1239 septimo
589 1168 726 1221 obiit
767 1167 971 1233 Kaltat,
1024 1183 1199 1221 annos
1230 1177 1392 1255 natus
1440 1178 1661 1221 centum
1706 1163 1896 1232 viginti

322 1273 553 1326 septem.
613 1261 839 1314 Mortuis
868 1269 1046 1315 autem
1076 1258 1316 1330 Josepho
1346 1270 1401 1314 et
1434 1259 1698 1313 fratribus
1723 1258 1897 1325 ipsius

322 1351 653 1418 ueterisque
705 1352 822 1419 ejus
858 1352 1046 1405 satculi
1075 1352 1352 1415 omnibus,
1391 1367 1516 1405 cum
1554 1346 1895 1418 multiplicati

319 1453 503 1493 essent
559 1440 658 1494 ﬁlii
710 1442 927 1496 lsraelis
997 1441 1249 1512 ﬁliosque
1324 1444 1644 1510 genuissent
1695 1442 1898 1507 quibus

322 1531 640 1599 impleretur
689 1544 833 1587 terra
882 1531 1126 1603 (Egypti,
1178 1534 1469 1602 praefectus
1516 1533 1753 1605 Aigypto
1803 1551 1894 1590 rex

320 1627 411 1690 qui
461 1624 763 1694 Josephum
819 1641 926 1680 non
962 1634 1146 1689 uorat,
1189 1627 1330 1680 dixit
1369 1627 1709 1681 consiliariis
1742 1630 1891 1683 suis:

2016 446 2196 511 tavit,
2258 446 2440 515 ibique
2482 463 2707 503 uxorem
2752 448 2945 514 duxit,
3014 452 3233 505 nomine
3289 454 3582 523 Siphurant

2013 535 2180 590 ﬁliam
2232 536 2424 593 Jethro
2487 545 2669 610 (quem
2717 541 2923 597 Arabes
2976 541 3191 598 Shoat-b
3245 547 3584 615 appellant),

2010 625 2262 690 lsmacle,
2311 628 2605 683 Ahrahami
2661 630 2790 693 ﬁlio,
2840 630 3082 697 oriundi,
3118 635 3304 702 templi
3341 635 3391 688 in
3451 638 3589 690 urbe

2011 719 2253 790 Madyan
2323 723 2644 777 sacerdotis.
2702 724 3032 795 Peperitque
3088 725 3363 797 Siphurah
3423 729 3587 784 Mosis

2009 811 2145 864 duos
2177 813 2339 876 ﬁlios,
2372 813 2597 868 Gersom
2651 826 2705 869 et
2746 817 2989 887 Elyazer.
3021 816 3156 871 Dum
3191 830 3369 873 autem
3395 835 3587 888 pztsce~

2006 912 2088 956 ret
2125 903 2282 971 100
2314 903 2488 959 Moses
2525 921 2656 961 oves
2697 908 2875 962 soceri
2916 912 3000 964 sui
3040 908 3251 973 Jethro,
3290 926 3417 965 erce
3452 926 3586 965 con-

2006 996 2185 1064 spexit
2222 997 2274 1048 itt
2310 1005 2494 1051 monte
2522 997 2717 1050 rubum
2750 998 2894 1068 igne,
2930 1000 3109 1054 medio
3141 1000 3253 1061 die,
3292 1000 3585 1055 flammau-

2005 1097 2134 1153 tem,
2169 1088 2368 1142 arbore
2415 1088 2537 1157 igne
2571 1105 2677 1142 non
2715 1102 3060 1160 consumpta.
3094 1092 3250 1157 Quod
3282 1103 3340 1146 ut
3375 1094 3583 1148 videret

2005 1181 2691 1250 accedenteit'tjinclamavit
2716 1180 2980 1236 Dominus
3004 1185 3226 1252 eiruho:
3257 1183 3329 1237 Ne
3357 1186 3580 1249 timeas,

2006 1271 2201 1337 Moses,
2250 1288 2350 1342 ego
2403 1272 2673 1343 siquidem
2719 1274 2979 1329 Dominus
3011 1292 3155 1330 smn.
3197 1276 3277 1328 Ad
3330 1277 3579 1329 Pharao-

2005 1377 2127 1417 nem
2176 1364 2367 1419 abiens
2401 1366 2599 1436 jubeas
2633 1366 2807 1435 ipsum
2853 1366 2992 1420 ﬁlios
3048 1367 3267 1422 ISt-aelis
3304 1367 3581 1422 dimittere

2003 1471 2113 1525 quo
2164 1457 2303 1510 mihi
2354 1459 2618 1512 serviant.
2655 1459 2800 1512 Abiit
2843 1474 2975 1527 ergo
3009 1458 3188 1514 Moses
3232 1460 3297 1513 ad
3338 1458 3578 1514 Pharao—

2005 1546 2378 1612 nem,‘annos,
2410 1564 2519 1617 quo
2552 1561 2793 1618 tempore
2838 1550 3113 1606 allocutus
3144 1561 3226 1605 est
3256 1551 3431 1619 ipsum
3480 1551 3581 1604 Do-

2004 1641 2227 1703 minus,
2294 1649 2452 1693 natus
2507 1642 2809 1709 octoginta,
2850 1640 3072 1693 Ahrone
3126 1642 3398 1710 octoginta
3467 1650 3578 1695 tres

324 1716 482 1770 Multi
503 1726 799 1771 evaserunt
829 1717 1110 1781 Israelitte,
1146 1733 1322 1788 neque
1346 1720 1519 1773 securi
1555 1734 1675 1773 esse
1703 1735 1896 1788 pOSSu-
1937 1706 1976 1760 Β
2006 1743 2155 1796 nam,
2193 1730 2442 1784 Miriama
2491 1745 2681 1784 sorore
2727 1731 2969 1800 ipsorum
3011 1734 3287 1800 octoginta
3341 1744 3572 1801 septem,

322 1826 465 1872 mus,
494 1810 625 1877 quin
664 1810 707 1862 si
737 1810 964 1878 prodeat
996 1811 1051 1864 in
1086 1825 1187 1865 nos
1228 1811 1449 1865 rebellis
1495 1811 1697 1880 aliquis
1735 1826 1894 1880 Opt‘ltt

320 1900 420 1969 ipsi
458 1901 617 1953 laturi
652 1901 764 1955 sint
793 1902 856 1955 ad
894 1916 993 1957 nos
1034 1917 1101 1957 ex
1131 1902 1368 1975 Egypto
1394 1904 1698 1972 pellendos.
1750 1904 1897 1957 Prae-

321 1994 451 2047 fecit
478 2010 608 2063 ergo
646 1993 780 2062 ipsis
826 1993 1114 2064 IEgyptios
1153 1996 1246 2064 qui
1281 1995 1429 2063 ipsos
1462 1994 1517 2048 itt
1569 1994 1892 2051 servitutem

320 2084 648 2153 redigentes,
688 2086 822 2139 dure
868 2086 1076 2141 servire
1123 2094 1421 2155 coegerunt
1480 2086 1627 2139 circa
1685 2085 1892 2151 ltttum,

322 2175 543 2235 lateres.
581 2183 636 2230 et
681 2175 885 2246 lapides
928 2186 1253 2247 montesque
1292 2177 1663 2240 excavandos,
1711 2192 1899 2232 caver-

324 2284 421 2323 nas
480 2266 868 2340 [eﬁ'odiendas]
920 2277 974 2322 et
1013 2278 1215 2324 terram
1268 2269 1594 2324 colendam:
1670 2272 1800 2340 quin
1842 2281 1896 2325 et

324 2360 641 2413 mandatum
672 2359 1071 2414 obstetricibus
1102 2358 1250 2413 dedit
1276 2374 1468 2414 omnes
1498 2360 1587 2429 qui
1627 2359 1893 2415 lsraelitis

323 2458 686 2506 nascerentur
717 2466 896 2505 mares
930 2466 959 2504 e
991 2450 1173 2504 medio
1224 2450 1474 2516 tollendi,
1504 2461 1668 2519 atque
1700 2451 1752 2503 in
1795 2450 1895 2502 flu-

323 2545 468 2598 vium
532 2543 857 2612 projiciendi
914 2564 926 2599 :
995 2543 1131 2596 adeo
1181 2552 1237 2596 ut
1295 2542 1460 2597 occisi
1513 2552 1567 2597 et
1633 2544 1686 2596 itt
1730 2541 1894 2596 ﬂuvio

322 2633 597 2687 submersi
660 2632 865 2687 fuerint
928 2632 1163 2688 infantes
1212 2634 1305 2703 qui
1372 2649 1660 2688 numerum
1729 2650 1891 2689 exce-

319 2726 473 2780 dant.

392 2819 529 2872 Cum
584 2832 715 2889 ergo
769 2823 932 2871 natus
981 2825 1127 2872 esset
1168 2816 1367 2880 Moses,
1416 2825 1665 2873 metuens
1718 2828 1893 2873 mater

325 2910 497 2979 ipsius
527 2926 594 2964 ne
625 2926 655 2965 e
694 2910 873 2964 medio
916 2909 1223 2974 tolleretur,
1255 2908 1434 2977 ipsum
1470 2910 1648 2963 tribus
1691 2910 1893 2965 mensi-

320 3001 425 3055 bus
471 3002 754 3056 abscondit
788 3018 802 3055 :
854 3000 1048 3055 deinde
1084 3000 1186 3055 sibi
1238 3009 1487 3056 metuens
1518 3000 1741 3072 (nomen
1788 3003 1891 3072 ipsi
1924 3036 1967 3097 Ο

320 3104 439 3148 erat
471 3093 773 3164 Jochabad)
826 3107 1011 3147 arcam
1032 3108 1061 3148 e
1086 3094 1268 3164 juncis
1295 3094 1537 3147 confecit
1582 3094 1659 3162 (in
1699 3096 1835 3163 lege,
1864 3112 1895 3151 e

323 3170 485 3255 liytis
523 3186 696 3254 pineis
725 3184 972 3239 confecta
1006 3185 1233 3254 dicitur)
1283 3200 1347 3239 ae
1374 3186 1494 3255 pice
1527 3185 1694 3250 intus,
1729 3196 1895 3255 atque

322 3287 476 3332 extra
501 3278 727 3340 oblevit,
768 3278 856 3333 cui
888 3292 1113 3347 puerum
1149 3277 1467 3347 impositum
1506 3279 1558 3332 in
1608 3279 1795 3334 brevia
1827 3280 1895 3333 ad

321 3369 428 3424 Nili
463 3368 617 3424 littus
651 3368 903 3439 projecit,
938 3370 991 3422 in
1026 3370 1159 3423 urbe
1197 3368 1347 3423 Dhau
1378 3372 1643 3439 appellata
1671 3413 1685 3435 ,
1729 3374 1896 3429 ditio-

323 3461 409 3515 nis
458 3459 809 3529 Aigyptiaeze,
853 3473 961 3527 quo
998 3458 1246 3513 sublatus
1275 3459 1566 3522 fluetibus.
1621 3462 1737 3531 ipsa
1776 3448 1893 3518 iton

322 3552 542 3605 sidente
573 3552 1041 3621 submergeretur.
1079 3549 1332 3620 97-99
1386 3551 1535 3606 Sedit
1572 3565 1756 3607 autem
1804 3554 1895 3606 Mi-

323 3643 459 3696 riam
505 3656 666 3696 soror
718 3640 887 3695 Mosis
919 3655 950 3696 e
986 3641 1287 3712 longinquo
1336 3654 1393 3695 ttt
1444 3643 1577 3711 quid
1628 3644 1693 3699 de
1726 3661 1894 3713 puero

322 3732 749 3786 tieret‘videret.
810 3730 1156 3787 Descendens
1199 3748 1331 3801 ergo
1375 3731 1684 3789 Pharaonis
1746 3736 1890 3798 tilia,

322 3826 540 3877 nomine
574 3823 769 3893 Siyun,
800 3831 860 3876 ut
887 3837 946 3878 se
976 3823 1028 3876 itt
1053 3821 1174 3876 Nilo
1218 3825 1480 3888 ablueret,
1515 3826 1701 3880 audito
1736 3827 1889 3894 pueri

319 3917 375 3970 in
408 3930 535 3969 arca
570 3917 776 3984 vagitu,
810 3926 865 3970 et
896 3914 1296 3980 misericordia,
1351 3926 1651 3987 teneroque
1688 3919 1891 3972 affectu

318 4022 451 4075 erga
482 4007 661 4076 ipsunt
692 4015 991 4072 commota,
1030 4008 1209 4077 ipsum
1235 4007 1300 4061 ad
1331 4023 1390 4063 se
1418 4010 1645 4079 recepit,
1688 4010 1893 4077 jubens

319 4100 493 4169 quaeri
540 4100 806 4153 nutricem
854 4114 975 4168 quae
1021 4099 1200 4167 ipsum
1236 4099 1466 4155 iactaret
1496 4110 1663 4172 atque
1691 4103 1890 4157 educa-
1920 4100 1925 4109 “

320 4200 428 4244 ret.
462 4190 774 4245 Aceurreus
819 4203 950 4258 ergo
980 4189 1046 4242 ad
1093 4190 1274 4259 ipsum
1308 4191 1549 4256 Miriam,
1602 4192 1768 4249 Mosis
1796 4209 1891 4248 so-

318 4295 434 4343 ror,
489 4279 649 4345 dixit,
700 4280 1054 4349 quiesiturain
1102 4297 1162 4336 se
1217 4284 1483 4337 nutricem
1518 4299 1587 4345 ex
1622 4283 1889 4340 lsraelitis

2002 1821 2173 1875 Porro
2208 1836 2353 1875 anno
2382 1821 2504 1875 vitae
2538 1820 2704 1876 Mosis
2741 1822 3197 1891 quinquagesimo
3231 1834 3388 1879 sexto
3432 1840 3579 1877 mor-

1998 1925 2129 1968 tuus
2151 1924 2236 1969 est
2267 1923 2424 1983 pater
2456 1914 2628 1983 ipsius
2663 1918 2889 1977 Amran,
2921 1916 3081 1984 cujus
3107 1918 3216 1970 vita
3256 1925 3372 1970 erat
3406 1932 3578 1970 anno-

2001 2021 2116 2059 rum
2146 2015 2366 2059 eentum
2410 2005 2632 2075 triginta
2678 2020 2796 2059 sex.
2845 2004 3249 2075 Prophetarum
3292 2017 3472 2061 autem
3522 2009 3575 2061 itt

1996 2094 2234 2165 IEgypto
2274 2096 2326 2148 in
2356 2095 2620 2150 lsraelitis
2650 2094 2886 2159 Zarach,
2921 2111 2951 2150 e
2991 2096 3113 2151 ﬁliis
3141 2096 3314 2161 Judm,
3345 2096 3527 2149 Zamri
3554 2134 3569 2157 ,

1996 2186 2279 2250 Abiathar,
2323 2185 2576 2251 llaiman,
2630 2184 2853 2251 Halcuc,
2901 2186 3101 2251 Darda,
3138 2197 3193 2243 et
3228 2188 3425 2242 deinde
3460 2188 3577 2241 Mo-

1997 2291 2108 2331 ses.
2153 2275 2277 2330 Fuit
2318 2275 2583 2331 numerus
2617 2276 2854 2329 ﬁliorum
2907 2276 3076 2332 Israel
3115 2292 3235 2332 cum
3270 2278 3573 2349 [Egyptum

1998 2370 2410 2438 ingrederentur
2433 2367 2714 2422 hominum
2742 2368 3108 2437 septuaginta,
3149 2370 3576 2438 habiial‘ttlthtte

1997 2461 2049 2514 in
2076 2444 2310 2531 Egypto
2341 2473 2517 2515 annos
2543 2460 2808 2514 ducentos
2841 2468 2897 2514 et
2917 2460 3330 2530 septemdecim,
3371 2476 3397 2512 a
3437 2460 3575 2515 Pha-

1997 2555 2257 2608 raooibus
2296 2552 2397 2607 sibi
2431 2553 2664 2606 invicem
2700 2552 3128 2607 succedentilms
3165 2555 3219 2606 in
3247 2554 3570 2606 servitutmn

1996 2643 2226 2697 redacti.
2251 2640 2405 2707 Quod
2434 2640 2481 2695 si
2511 2641 2713 2695 dixerit
2732 2641 2878 2708 quis,
2904 2642 3170 2709 scriptum
3198 2656 3317 2695 esse
3341 2642 3392 2694 in
3430 2641 3571 2711 lege,

1996 2725 2133 2781 ﬁlios
2188 2727 2486 2781 Abrahami
2539 2727 2593 2781 in
2655 2727 2915 2782 servitute
2963 2730 3241 2783 detentum
3290 2730 3354 2782 iri
3396 2744 3572 2783 annos

1995 2815 2448 2885 quadringentos,
2500 2816 2577 2889 [in
2631 2818 2741 2873 alio
2794 2820 3114 2887 exemplari,
3148 2820 3286 2874 ﬁlios
3334 2820 3572 2894 lsraelis]

1996 2900 2272 2973 quomodo
2303 2918 2432 2974 ergo
2462 2904 2613 2960 dicas
2640 2906 2793 2976 ipsos
2826 2908 3087 2963 serviisse
3106 2923 3282 2965 annos
3302 2912 3571 2973 ducentos

1997 3003 2051 3048 et
2086 2995 2514 3063 septemdecim?
2549 2999 2942 3066 respondemus
2988 3000 3113 3069 ipsi,
3150 3002 3369 3059 nescire
3392 3009 3567 3079 ipsum

1996 3100 2026 3139 a
2058 3099 2167 3154 quo
2193 3095 2434 3153 tempore
2468 3094 2766 3155 supputare
2806 3088 3002 3144 debeat
3040 3101 3097 3145 ut
3130 3108 3397 3151 annorum
3435 3116 3570 3169 qua-

1996 3179 2409 3245 dringentorum
2451 3180 2685 3246 spatium
2727 3181 3001 3237 conﬁciat.
3058 3184 3214 3240 Scias
3247 3187 3387 3242 libro
3434 3193 3568 3261 legis

1972 3273 2172 3340 primo
2223 3271 2566 3341 101-103
2620 3270 2785 3324 Deum
2840 3274 3021 3341 (Cujus
3062 3276 3178 3331 laus
3219 3282 3566 3353 celebranda)

1996 3363 2202 3418 dixisse
2232 3363 2543 3418 Abrahamo
2575 3382 2589 3418 :
2619 3364 2809 3431 Aspice
2837 3367 3024 3420 caelum
3064 3379 3111 3422 et
3156 3373 3359 3437 ste/Ias,
3396 3377 3443 3426 si
3474 3392 3569 3444 po-

1997 3458 2143 3516 teris.
2173 3473 2464 3521 enumeres,
2513 3458 2589 3510 ita
2647 3460 2786 3511 enim
2816 3476 2871 3513 se
2923 3460 3127 3515 habebit
3174 3480 3344 3517 semen
3395 3476 3566 3533 tuum,

1998 3548 2145 3602 Dixit
2177 3548 2344 3603 etiam
2380 3546 2483 3617 ipsi
2519 3545 2783 3602 Dominus
2811 3565 2823 3601 :
2856 3548 2976 3618 Ego
3024 3566 3143 3602 sunt
3196 3550 3448 3604 Dominus
3482 3556 3570 3620 qui

1995 3655 2045 3695 te
2073 3642 2233 3695 eduxi
2266 3657 2291 3693 e
2323 3639 2501 3693 Karra
2525 3640 2895 3695 Chaldaeorum
2947 3642 2998 3694 in
3028 3644 3182 3704 hanc,
3205 3660 3362 3711 quam
3393 3644 3487 3696 tibi
3518 3646 3571 3696 in

1996 3730 2354 3783 Itarrcddatem
2408 3730 2527 3782 dedi
2577 3741 2793 3784 terram.
2867 3732 2927 3785 Et
2977 3732 3181 3786 dicanti
3241 3734 3566 3797 Abrabamu,

1996 3820 2219 3873 Domine
2260 3822 2350 3883 mi,
2396 3824 2656 3889 quomodo
2716 3824 2880 3875 sciant
2930 3840 3007 3875 me
3048 3842 3165 3876 eam
3221 3826 3568 3879 Ita'redituttt-

1996 3913 2163 3965 rum?
2216 3911 2352 3965 dixit
2384 3910 2646 3965 Dominus
2677 3931 2689 3965 :
2722 3912 2985 3979 Acceptis,
3007 3914 3255 3983 juvenco,
3290 3920 3473 3984 ariete,
3521 3929 3570 3970 et

1995 4021 2157 4074 capra
2189 4003 2497 4064 triennibus,
2548 4018 2754 4072 unaque
2781 4013 2986 4056 turture
3015 4015 3063 4059 et
3098 4007 3364 4075 columba,
3409 4011 3572 4077 ipsis-

1993 4115 2089 4167 que
2115 4096 2388 4167 qualiter
2416 4096 2621 4160 divisis,
2657 4098 2838 4149 omnia
2866 4097 3104 4163 ipsorum
3131 4101 3364 4153 membra
3407 4117 3434 4153 e
3480 4119 3565 4154 re-

1994 4191 2142 4259 gione
2185 4190 2398 4257 parium
2448 4204 2665 4242 suorum
2700 4197 2929 4252 statuas,
2979 4180 3164 4243 avibus
3219 4202 3423 4245 tantum
3467 4209 3511 4245 ιι.
3538 4210 3569 4245 ιι

1994 4283 2176 4336 divisis
2201 4288 2244 4336 ⁸.
2308 4281 2459 4347 Quod
2541 4297 2660 4336 rutn
2730 4280 2955 4337 fecisset
3040 4282 3341 4347 Abraham,
3390 4289 3569 4353 prape

316 4388 441 4442 quae
474 4373 574 4442 ipsi
602 4374 768 4427 ubera
799 4372 1067 4442 praeberet
1091 4384 1145 4427 et
1174 4374 1402 4429 foveret.
1438 4376 1757 4446 Abieusque
1782 4391 1887 4429 tna-
1923 4367 1965 4421 ι)
1996 4377 2182 4431 aberat
2232 4383 2290 4430 ut
2345 4375 2649 4429 involarent
2688 4390 2814 4431 aves
2882 4375 2935 4430 in
2983 4382 3165 4445 partes
3218 4375 3290 4428 ita
3338 4376 3564 4443 divisas,

318 4475 455 4518 trem
494 4480 648 4517 suam
688 4468 831 4532 (qua:
862 4464 1034 4517 Mosis
1065 4464 1226 4518 etiam
1267 4468 1459 4535 mater)
1507 4468 1757 4534 adduxit,
1790 4485 1885 4524 ne—

317 4559 526 4611 sciente
565 4554 866 4611 Pharaonis
895 4555 1005 4611 ﬁlia
1036 4557 1210 4627 ipsam
1250 4568 1475 4613 matrem
1519 4560 1639 4628 ejus
1671 4560 1843 4616 fuisse
1870 4602 1885 4627 ,

318 4667 441 4719 qua:
505 4666 729 4720 puerum
796 4652 900 4721 ipsi
950 4652 1262 4707 lactandum
1314 4660 1481 4721 atque
1535 4652 1880 4706 educandum

321 4745 566 4798 tradidit.

388 4838 524 4892 Cum
577 4847 756 4892 autem
801 4837 868 4892 ad
896 4848 1111 4893 aetatem
1142 4836 1254 4905 jam
1290 4834 1508 4890 virilem
1547 4834 1887 4903 pervenisset

321 4930 522 4996 Moses,
554 4943 848 5000 conspeCto
892 4928 1137 4985 Israelita
1179 4927 1415 4998 quodam
1443 4927 1536 4995 qui
1572 4942 1693 4980 cum
1722 4925 1890 4996 Αἰξων-

321 5024 432 5091 ptio
460 5022 841 5084 contenderet,
876 5022 993 5090 ipse
1023 5019 1344 5089 [Egyptium
1379 5015 1585 5070 inﬂicto
1633 5017 1740 5069 ictu
1792 5031 1887 5069 oc-

319 5116 471 5178 cidit,
501 5123 665 5184 atque
692 5116 747 5167 in
786 5128 954 5167 arena
985 5112 1275 5181 sepelitit;
1306 5118 1473 5179 atque
1513 5108 1722 5176 aliquot
1771 5115 1891 5176 post

320 5210 533 5273 diebus,
588 5224 709 5261 cum
744 5208 887 5262 inter
920 5222 980 5261 se
1005 5205 1350 5260 certantibus
1376 5202 1642 5258 lsraclitis
1671 5201 1888 5254 duobus

317 5313 666 5370 sequestrum
694 5316 753 5355 se
782 5302 1074 5368 ingereret,
1118 5299 1379 5351 dixerunt
1414 5296 1488 5349 illi
1528 5313 1540 5347 :
1591 5294 1798 5350 Forsan
1836 5302 1888 5348 et

317 5407 567 5451 nostrum
596 5395 827 5448 alterum
882 5390 1275 5446 interfecturus
1332 5405 1392 5444 es
1441 5390 1516 5444 uti
1573 5387 1687 5443 heri
1722 5386 1887 5457 {Egy-

315 5491 488 5561 ptium
511 5484 856 5541 interfecisti.
884 5482 1064 5550 Quare
1093 5496 1344 5538 metuens
1377 5483 1477 5537 sibi
1513 5480 1690 5537 Moses
1717 5482 1771 5534 itt
1808 5496 1884 5535 re-

388 5665 660 5733 'GCD.XV,
686 5665 805 5721 5—9.
885 5664 1062 5725 ‘ibid.
1098 5666 1184 5728 15,
1219 5664 1306 5719 15.

1996 4485 2133 4539 quas
2166 4482 2289 4522 cum
2325 4473 2575 4523 vocasset
2622 4465 2924 4532 Abraham,
2961 4468 3065 4521 illa:
3093 4470 3158 4520 ad
3192 4467 3368 4537 ipsum
3404 4483 3565 4521 vene-

1999 4570 2147 4616 runt.
2183 4560 2410 4614 Factum
2436 4570 2521 4621 est
2555 4559 2658 4613 hoc
2683 4561 2747 4611 ad
2778 4574 3036 4613 occasum
3064 4559 3200 4615 solis
3226 4576 3240 4624 ;
3284 4570 3570 4631 occuparit

1995 4660 2122 4705 aute
2148 4670 2175 4702 ιι
2223 4650 2593 4704 Abrahamum
2650 4649 2831 4717 quies,
2875 4658 2928 4703 et
2955 4648 3117 4701 timor
3143 4664 3392 4719 tnagnus,
3443 4668 3570 4719 opo-

1995 4744 2264 4796 rieutibus
2297 4744 2473 4810 ipsum
2512 4740 2755 4795 tenebris
2809 4739 3027 4810 spissis.
3077 4737 3329 4809 Dixitque
3390 4738 3571 4795 Domi-

1996 4848 2097 4886 nus
2113 4831 2424 4884 Abrahamo
2452 4846 2465 4883 :
2496 4828 2658 4883 Certo
2682 4830 2819 4882 scias
2840 4845 3010 4883 semen
3039 4838 3187 4881 tuum
3206 4830 3567 4883 habitatur-unt

1989 4924 2044 4977 in
2100 4934 2239 4977 terra
2286 4923 2589 4992 peregrina,
2626 4922 2679 4974 in
2702 4938 2805 4991 qua
2838 4921 3160 4975 laborabunt
3192 4924 3244 4974 in
3270 4925 3566 4975 servitutem

1992 5013 2195 5067 redacti
2240 5015 2394 5067 annis
2446 5012 2867 5082 quadringentis.
2894 5013 3005 5082 Ego
3049 5026 3169 5067 vero
3215 5013 3563 5080 iudicaturus

1992 5122 2107 5159 sum
2130 5114 2328 5174 gentem
2356 5120 2473 5173 qua:
2496 5098 2584 5158 eos
2616 5106 2669 5158 in
2690 5107 2993 5159 servitutem
3018 5103 3218 5176 rediget
3256 5106 3570 5172 exibuntqne

1999 5197 2206 5250 tondent
2254 5199 2307 5250 in
2349 5200 2486 5251 hunc
2509 5201 2683 5253 locum
2713 5218 2830 5254 cum
2866 5203 3050 5271 opibus
3092 5203 3320 5273 magnis.
3361 5202 3437 5255 Tu
3465 5218 3566 5253 au-

2001 5302 2101 5343 tem
2150 5290 2215 5342 ad
2256 5301 2433 5359 patres
2494 5304 2609 5347 tuos
2657 5295 2709 5347 in
2758 5310 2891 5362 pace
2941 5288 3263 5357 translatus,
3307 5304 3569 5348 senectute

2000 5385 2122 5437 bene
2148 5394 2269 5435 acta
2303 5386 2563 5450 sepelieris
2588 5387 2625 5439 ⁸.
2661 5384 2778 5439 Jam
2803 5390 2870 5441 ab
2896 5389 3001 5441 isto
3026 5398 3267 5455 tempore
3294 5401 3402 5454 quo
3430 5390 3566 5442 duit

2001 5475 2257 5531 Dominus
2318 5476 2646 5544 Abrabttmo,
2674 5477 2859 5533 Semen
2884 5490 3031 5534 tuum
3061 5478 3251 5532 servire
3279 5479 3469 5546 facient
3495 5497 3564 5533 an
