4034 6214
514 239 611 306 931

1536 244 1907 303 EUTYCHII
1937 239 2470 300 ALEXANDRINI
2504 238 2723 298 PATR.

3653 234 3764 305 939.

511 358 591 409 nis
633 356 1055 427 quadringentis,
1085 357 1490 425 supputandum
1517 368 1594 410 eSt
1628 356 1698 409 ad
1734 364 1949 424 tempus
1967 354 2152 418 exi-pA
2186 352 2367 422 fregit,
2415 352 2612 405 deinde
2665 353 2861 406 iterum
2910 350 3167 405 collectas
3215 350 3266 404 in
3317 363 3441 403 arca
3496 351 3764 417 reposuit.

508 463 598 507 tus
644 452 1008 506 lsraelitarnm
1043 467 1109 504 ex
1145 452 1403 521 )Egypto.
1432 450 1573 517 quod
1600 450 1867 517 intelligas
1892 449 2073 502 velim.

511 544 802 599 Dimittens
828 545 988 615 igitur
1010 544 1221 599 Pharao
1241 541 1399 613 104.
1421 540 1869 608 lsraelitas,dixit
1899 540 2031 608 ipsis
2063 556 2075 591 :

507 638 643 693 Cum
703 637 852 692 Mose
899 636 1130 707 profecti
1164 652 1287 693 cum
1321 635 1552 689 Domino
1582 641 1766 689 vestro
1806 632 1858 685 in
1899 641 2081 685 monte

509 739 701 788 sancto
737 733 1058 791 servieritis,
1090 739 1211 800 post
1242 729 1484 783 triduum
1544 727 1595 780 in
1631 727 1809 781 locum
1840 735 2079 778 vestrum

510 824 871 880 revertimini.
904 823 1075 880 Iussit
1103 833 1285 877 autem
1328 821 1504 875 Moses
1549 818 1779 873 feminas
1825 815 2081 871 Israeliti-

510 933 604 972 cas
644 925 823 972 vestes
856 924 909 969 et
956 922 1277 969 ornamenta
1331 912 1400 965 ab
1449 908 1722 980 Egyptiis
1770 914 1962 961 mutuo
1993 919 2085 957 ac-

512 1019 669 1078 cepta
700 1000 969 1068 induere.
1015 1007 1160 1076 quod
1206 1016 1259 1060 et
1310 1005 1581 1060 fecerunt.
1630 1003 1782 1070 Ipsos
1812 1001 1980 1070 igitur
2016 1012 2082 1051 ex

513 1102 751 1171 Algypto
803 1101 989 1153 eduxit
1042 1099 1236 1162 Moses,
1291 1110 1518 1151 numero
1568 1092 1881 1149 sexcenties
1914 1090 2080 1143 mille.

512 1195 651 1257 Quin
700 1201 753 1244 ct
800 1190 953 1258 jussu
983 1189 1147 1242 Mosis
1172 1188 1409 1241 divisum
1442 1194 1527 1239 est
1558 1183 1694 1253 ipsis
1734 1182 2075 1249 maregadeo

513 1297 570 1341 ut
595 1284 1031 1350 medinmipsum
1063 1281 1484 1350 pertransirent.
1532 1276 1859 1332 l’mnitentia
1900 1283 2082 1326 autem

511 1387 694 1432 motus
726 1377 938 1429 Pharao
974 1374 1121 1443 quod
1159 1373 1436 1426 Israelitas
1476 1370 1778 1425 dimisisset
1814 1367 1945 1437 (fuit
1984 1380 2086 1420 au-

514 1479 620 1524 tem
678 1467 950 1521 Pharaoni
1013 1466 1079 1519 de
1131 1480 1240 1533 quo
1286 1462 1529 1533 loquitur
1600 1460 1816 1522 Moses,
1888 1474 2084 1513 nomen

512 1558 728 1626 Antius)
765 1573 887 1612 cum
931 1556 1203 1611 sexcentis
1247 1569 1471 1608 suorum
1506 1551 1748 1606 millibus
1789 1559 2085 1622 egressus,

514 1652 797 1707 insecutus
823 1658 907 1706 est
934 1651 1126 1719 ipsos;
1163 1655 1212 1701 at
1260 1646 1621 1703 reﬂuentibus
1660 1647 1714 1700 in
1751 1646 1899 1712 ipsos
1931 1649 2088 1715 aquis

511 1745 835 1799 Submersus
880 1751 962 1796 est
1010 1756 1135 1793 cum
1180 1739 1333 1804 suis,
1381 1738 1517 1791 adeo
1562 1745 1620 1790 nt
1672 1752 1774 1791 nec
1832 1753 1973 1792 unus
2024 1754 2088 1791 ex

515 1836 651 1903 ipsis
681 1834 865 1888 salvus
892 1832 1168 1887 evaderet.
1201 1830 1320 1886 1am
1350 1832 1418 1886 ab
1435 1832 1748 1887 Abrahamo
1777 1831 1840 1885 ad
1871 1832 2091 1887 israeli-

517 1936 695 1980 tarum
734 1941 799 1979 ex
852 1924 1084 1993 Egypto
1132 1925 1339 1978 exitum
1374 1925 1501 1978 anni
1550 1935 1678 1979 sunt
1718 1926 1996 1992 quingenti
2040 1933 2093 1979 et

514 2028 744 2086 septem.
779 2015 821 2069 A
855 2014 1091 2069 Phaleko
1116 2014 1183 2069 ad
1222 2016 1470 2083 ipsorum
1498 2015 1704 2069 exitum
1730 2054 1744 2077 ,
1786 2015 1914 2068 anni
1947 2014 2093 2068 mille

518 2108 879 2177 quadraginta
924 2114 1067 2160 octo.
1110 2106 1157 2161 A
1221 2106 1425 2160 diluvio
1478 2105 1623 2160 mille
1659 2106 1940 2175 quingenti
2004 2119 2092 2159 se-

519 2202 802 2272 ptuaginta
833 2215 1033 2254 novem
1088 2218 1102 2253 :
1153 2198 1221 2253 ab
1257 2198 1468 2252 Adamn
1498 2208 1578 2253 ter
1618 2198 1764 2252 mille
1795 2198 2092 2267 octingenti

515 2293 742 2361 triginta
788 2291 1053 2359 quinque.
1088 2288 1548 2344 Permanentibus
1597 2298 1778 2341 autem
1822 2285 2092 2347 Israelitis

519 2386 573 2439 in
606 2384 824 2439 deserto
848 2383 1213 2452 quadraginta
1247 2382 1409 2437 annis
1450 2380 1664 2448 depluit
1696 2380 1763 2434 ad
1812 2381 1960 2449 ipsos
1987 2379 2094 2433 Do-

519 2478 701 2531 minus
733 2489 988 2531 mannam
1021 2483 1073 2528 et
1106 2476 1435 2535 coturnices,
1475 2473 1643 2527 Porro
1678 2474 1732 2526 in
1754 2464 1972 2529 deserto
1994 2489 2093 2543 op-

520 2576 829 2638 pugnarunt
864 2567 991 2621 illos
1018 2564 1337 2625 Amalekitze
1365 2576 1419 2619 et
1459 2564 1727 2620 Philistaei
1748 2606 1761 2629 ,
1799 2566 1934 2619 adeo
1964 2574 2021 2619 ut
2050 2564 2092 2620 si

520 2660 740 2729 quando
784 2657 1117 2711 Palestinam
1183 2665 1448 2727 peterent,
1506 2657 1575 2711 ab
1628 2673 1691 2711 ea
1734 2664 2092 2720 arcerentur;

522 2761 616 2807 aut
637 2754 680 2807 si
720 2751 1149 2805 Amalekitarum
1182 2754 1398 2820 plagam
1423 2794 1435 2815 ,
1472 2751 1612 2805 bello
1644 2753 1714 2805 ab
1744 2751 1876 2820 ipsis
1921 2751 2097 2806 laces-

529 2844 644 2903 siti,
700 2856 865 2912 atque
914 2845 1160 2914 impediti
1193 2843 1434 2906 fuerint;
1471 2842 1614 2911 quod
1653 2844 1698 2896 si
1765 2842 1997 2895 reditum
2042 2842 2094 2896 in

516 2936 816 3006 Egyptum
871 2935 1294 2997 meditarentur,
1367 2935 1434 2987 ab
1505 2933 1627 3001 ejus
1657 2934 1856 2988 incolis
1895 2934 2097 2989 liniue-

2181 446 2440 502 Confecto
2460 446 2618 498 etiam
2640 445 2991 499 tabernaculo
3019 445 3302 513 Temporis
3317 460 3380 498 ex
3408 443 3767 500 lsraelindum

2182 550 2338 605 ncto,
2375 539 2558 607 posuit
2590 538 2643 591 in
2684 538 2800 606 ipso
2823 537 3004 592 Moses
3042 539 3346 592 sacrarium
3379 576 3393 599 ,
3432 536 3486 589 in
3531 552 3639 605 quo
3682 552 3771 589 sa-

2184 632 2424 687 cerdotis
2456 644 2655 684 munus
2690 629 2859 684 obivit
2900 629 3066 685 frater
3099 630 3269 698 ipsius
3325 630 3535 684 Ahrou.
3598 627 3770 683 Cum-

2184 740 2292 793 que
2324 740 2352 777 a
2386 723 2758 792 serpentibus,
2788 738 3029 793 quorum
3058 739 3260 793 magna
3288 723 3390 777 fuit
3439 724 3492 776 in
3551 725 3771 776 deserto

2185 818 2365 887 copia,
2401 818 2490 872 icti
2520 826 2684 887 atque
2739 816 3013 871 interfecti
3062 815 3326 870 Israelita:
3366 830 3525 884 opem
3550 829 3579 867 a
3624 813 3772 867 Maso

2188 910 2565 979 implorarent,
2606 911 2771 979 jussit
2820 912 2995 980 ipsum
3057 909 3320 963 Dominus
3360 908 3655 962 conflatum
3702 922 3768 959 ex

2186 1018 2292 1057 aere
2317 1014 2623 1079 serpentem
2654 1005 2873 1065 vexillo,
2905 1003 3051 1072 quod
3084 1004 3137 1055 in
3168 1002 3362 1055 mediis
3396 1001 3767 1054 lsraelitarnm

2189 1096 2389 1150 castris
2415 1097 2665 1163 erigeret,
2696 1105 3067 1149 transversum
3102 1094 3359 1162 infigere;
3392 1109 3501 1161 quo
3527 1132 3541 1155 ,
3568 1093 3609 1145 si
3646 1093 3768 1161 quis

2188 1204 2253 1244 ex
2291 1190 2425 1259 ipsis
2457 1206 2485 1243 a
2516 1196 2773 1258 serpente
2810 1204 3030 1243 morsus
3078 1200 3385 1256 serpentem
3438 1202 3639 1240 :ereum
3689 1203 3770 1238 re-

2190 1283 2443 1353 spiceret,
2479 1284 2685 1335 nullam
2719 1298 2747 1335 a
2784 1297 2995 1336 veneno
3023 1296 3220 1334 noxam
3271 1281 3519 1334 sentiret.
3571 1278 3766 1331 Mortui

2192 1384 2319 1428 sunt
2344 1386 2522 1429 autem
2559 1374 2761 1439 Moses,
2795 1375 2978 1427 Ahron
3014 1382 3068 1427 et
3096 1373 3305 1426 Miriam
3341 1386 3497 1425 soror
3526 1372 3769 1440 ipsorum

2193 1466 2383 1521 eodem
2417 1483 2559 1520 anno
2591 1468 2643 1521 in
2669 1469 2909 1531 deserto,
2951 1478 3069 1536 post
3122 1481 3299 1519 annos
3351 1466 3405 1518 in
3456 1464 3575 1533 ipso
3638 1476 3776 1531 qua-

2193 1560 2441 1629 draginta
2501 1560 2815 1628 insumptos
2867 1560 3143 1612 :obeunte
3206 1558 3380 1627 primo
3429 1555 3637 1608 Miriam
3685 1554 3778 1606 die

2194 1662 2352 1705 sexto
2391 1650 2557 1705 Nisan
2588 1651 2719 1721 (qui
2757 1660 2840 1705 est
2874 1650 3220 1719 Barmndab)
3274 1662 3448 1703 annos
3493 1658 3613 1700 nata
3648 1662 3783 1699 ceu-

2196 1752 2308 1796 tum
2343 1744 2531 1811 viginti
2574 1759 2631 1797 se
2646 1753 2792 1815 ptem
2824 1762 2837 1808 ;
2871 1743 3067 1797 deinde
3093 1742 3331 1804 Alirone,
3358 1741 3536 1808 primo
3573 1736 3779 1791 mensis

2195 1837 2275 1890 Ah
2304 1837 2415 1907 (qui
2445 1846 2528 1889 est
2552 1837 2814 1901 Meshra),
2855 1836 3031 1906 quiet
3060 1835 3311 1903 sepultus
3368 1842 3454 1887 est
3501 1834 3553 1885 iu
3594 1839 3779 1883 tuente

2195 1932 2346 1994 Hor,
2382 1947 2554 1985 annos
2602 1941 2763 1984 natus
2811 1939 3029 1984 centum
3059 1928 3247 1999 viginti
3293 1938 3438 1990 tres;
3498 1921 3779 1996 [ultimo]

2193 2024 2341 2078 Mose
2368 2024 2439 2092 (r.
2475 2024 2555 2093 p.)
2592 2025 2679 2077 die
2708 2024 2943 2091 septimo
2983 2022 3147 2075 Adari
3182 2020 3297 2089 (qui
3348 2028 3429 2073 est
3460 2013 3779 2085 Bormahat]

2193 2118 2248 2171 in
2276 2119 2494 2186 regione
2525 2116 2703 2179 Moab,
2738 2116 2827 2171 ubi
2860 2124 2912 2170 et
2941 2116 2994 2169 in
3054 2114 3193 2168 valle
3241 2112 3476 2182 quodam
3528 2108 3783 2178 sepultus

2193 2217 2299 2271 est,
2334 2223 2457 2263 cum
2516 2193 2785 2261 annorum
2842 2215 2989 2261 esset
3032 2216 3248 2261 centum
3314 2204 3524 2273 viginti.
3567 2201 3782 2254 Mortuo

2194 2302 2362 2363 Mose,
2396 2302 2598 2370 populo
2636 2300 2868 2370 regendo
2919 2298 3210 2367 prarfectus
3254 2305 3337 2352 est
3379 2294 3586 2356 Josua,
3632 2291 3779 2345 Nttni

2197 2391 2362 2457 filius,
2396 2408 2571 2447 annos
2601 2394 2821 2460 triginta
2850 2400 2900 2445 et
2937 2406 3106 2444 unum
3142 2407 3157 2444 :
3186 2389 3281 2459 qui
3305 2404 3429 2441 cum
3481 2384 3779 2440 Iordanem

2197 2484 2525 2547 transiissct,
2567 2493 2770 2553 septem
2838 2484 2957 2537 dies
3016 2482 3081 2535 ad
3134 2480 3491 2536 obsidendam
3559 2476 3791 2543 Iericho

2199 2576 2559 2645 109-111
2600 2576 2865 2635 substitit,
2898 2574 2991 2629 Die
3021 2576 3274 2644 septimo,
3296 2586 3417 2627 cum
3440 2570 3587 2624 tubis
3632 2569 3781 2621 circa

2198 2671 2382 2721 urbem
2414 2669 2793 2738 clangentibus
2825 2707 2840 2732 ,
2866 2677 3033 2737 atque
3083 2665 3513 2721 vociferantibus
3562 2662 3786 2716 Israeli-

2199 2762 2293 2825 tis,
2336 2776 2445 2829 pra:
2474 2762 2734 2816 clamoris
2768 2770 2822 2815 et
2851 2761 3129 2830 clangoris
3160 2758 3506 2814 vehementia
3540 2755 3780 2810 cecidis-

2198 2863 2279 2908 set
2308 2853 2460 2910 urbis
2491 2854 2799 2918 munimen,
2826 2861 3095 2923 quotquot
3130 2852 3183 2907 in
3212 2850 3344 2905 urbe
3366 2851 3585 2905 fuerant
3606 2848 3780 2912 viros,

2198 2962 2422 3016 pueros,
2458 2945 2713 3009 feminas,
2745 2947 2864 3000 neci
2894 2945 3064 3000 dedit.

521 3041 669 3081 runt.
702 3028 767 3080 Et
802 3028 1196 3096 prophetat-unt
1252 3024 1602 3099 1051,07
1646 3025 1697 3077 in
1739 3024 1963 3078 deserto
1998 3023 2090 3075 ﬁlii

2270 3040 2443 3108 Capta
2474 3037 2795 3094 Jericbunte
2839 3040 2892 3092 in
2948 3038 3068 3109 ejus
3118 3037 3517 3107 campestribus
3570 3037 3783 3092 Pascha

520 3119 723 3175 Korahi
753 3132 917 3187 quem
946 3116 1219 3186 absorpsit
1245 3126 1409 3181 terra,
1433 3113 1691 3169 videlicet
1725 3114 1908 3178 Asliir,
1934 3112 2095 3169 Elka-

521 3212 654 3275 nali,
677 3220 731 3263 et
753 3211 1017 3280 Anisapli.
1041 3212 1346 3278 Absorptus
1367 3218 1545 3261 autem
1565 3219 1647 3261 εει
1669 3206 1847 3264 Korah
1867 3204 2010 3274 quod
2036 3219 2095 3261 se

520 3318 686 3373 supra
738 3302 924 3355 Mosen
979 3301 1268 3356 extolleret
1321 3300 1483 3368 eique
1526 3298 1858 3352 convitiatus
1924 3305 2091 3360 esset,

519 3414 641 3467 quae
673 3405 725 3451 et
751 3397 1075 3465 (imperante
1124 3403 1287 3447 terrm
1338 3391 1505 3457 Mose)
1534 3391 1711 3458 ipsum
1743 3403 1869 3442 cum
1910 3390 2093 3442 taber—

521 3492 717 3544 naculo
764 3504 886 3552 suo,
934 3502 1166 3555 qumque
1212 3485 1316 3555 ipsi
1365 3494 1519 3541 crant
1576 3484 1830 3538 omnibus
1861 3485 2092 3537 devora-

522 3586 620 3636 vit.

593 3676 760 3730 Porro
791 3670 1206 3725 numer-antibus
1249 3669 1396 3724 Mosc
1439 3678 1494 3724 et
1541 3670 1762 3726 A‘hrone
1820 3670 2093 3726 lsraelitas

519 3784 642 3821 cum
668 3766 721 3819 in
750 3765 968 3818 deserto
1000 3771 1208 3829 essent,
1244 3777 1434 3816 omnes
1464 3764 1633 3817 armis
1670 3764 1947 3833 gestandis
1981 3763 2095 3816 ido—

523 3872 677 3919 neos,
702 3856 890 3925 viginti
932 3867 987 3911 et
1018 3856 1161 3924 quod
1190 3856 1435 3909 excurrit
1467 3870 1641 3909 annos
1669 3862 1844 3921 natos,
1868 3871 2035 3925 excep
2066 3872 2095 3910 a

530 3951 672 4002 tribu
708 3949 858 4011 Levi,
901 3949 1122 4003 fuerunt
1151 3948 1432 4002 hominum
1457 3948 1595 4002 ultra
1628 3949 1930 4002 sexcenties
1952 3950 2095 4003 mille

527 4042 630 4094 tria
674 4041 839 4094 millia
872 4041 1157 4111 quingenti
1192 4052 1244 4094 et
1300 4041 1717 4110 quinquaginta.
1761 4040 1959 4094 Levitze
2004 4058 2098 4095 au-

521 4141 650 4197 tem,
679 4148 801 4185 cum
834 4134 1096 4201 ipsorum,
1125 4141 1391 4201 quotquot
1416 4148 1651 4185 mensem
1681 4148 1849 4185 unum
1874 4140 1926 4185 et
1950 4134 2094 4200 quod

521 4228 660 4280 ultra
696 4238 778 4281 est
802 4230 910 4280 nati
944 4238 1145 4291 essent,
1173 4242 1455 4280 numerum
1492 4227 1790 4295 cepissent,
1824 4228 1989 4281 vicies
2014 4228 2095 4282 bis

521 4311 680 4372 mille’
704 4320 924 4373 ducenti
955 4320 1299 4389 septuaginta
1332 4328 1444 4373 tres
1484 4320 1724 4373 fuerunt.
1752 4319 1824 4372 lta
1876 4320 2097 4373 fuerunt

2202 3130 2518 3187 celebravit.
2548 3129 2759 3184 Deinde
2792 3131 3096 3184 exercitum
3126 3130 3192 3184 ad
3232 3131 3420 3185 urbem
3468 3129 3572 3184 Ani
3596 3138 3650 3185 et
3684 3129 3787 3183 Be-

2204 3223 2314 3276 thel
2348 3223 2633 3292 prmmisit,
2667 3223 2757 3292 qni
2793 3223 2945 3276 urbis
2972 3230 3173 3276 statum
3200 3223 3568 3291 explorarent.
3609 3222 3784 3276 Cum-

2203 3331 2309 3385 que
2338 3316 2615 3385 congressi
2661 3315 2763 3368 Ani
2843 3315 3035 3369 incolae
3088 3330 3118 3369 e
3170 3312 3355 3368 Josua:
3410 3314 3575 3370 sociis
3632 3314 3783 3367 viros

2205 3403 2425 3472 triginta
2464 3418 2559 3457 sex
2601 3403 3028 3469 interfecissent,
3064 3403 3233 3458 Josua
3271 3412 3461 3460 contra
3506 3419 3623 3458 eam
3678 3405 3783 3456 tri-

2203 3494 2318 3548 cies
2352 3495 2497 3549 mille
2524 3496 2725 3562 emisit,
2770 3511 2909 3566 quos
2943 3508 3163 3551 secutus
3207 3508 3292 3550 est
3342 3497 3455 3564 ipse
3483 3510 3603 3549 cum
3642 3495 3787 3549 insi-

2201 3587 2329 3640 diis.
2364 3587 2664 3657 Progresso
2688 3604 2817 3659 ergo
2860 3603 2985 3660 rege
3014 3589 3113 3642 Ani
3147 3587 3211 3642 ad
3238 3604 3396 3643 exere
3424 3596 3533 3641 tum
3574 3585 3613 3638 J.
3638 3602 3665 3641 s
3694 3604 3784 3656 ιη’,

2201 3690 2485 3733 cesserunt
2515 3680 2647 3749 ipsis
2679 3678 2935 3735 Israelita:
2968 3680 3141 3733 donec
3170 3678 3236 3732 ab
3266 3679 3400 3731 urbe
3451 3678 3661 3745 longius
3689 3676 3779 3727 di,

2202 3771 2552 3835 scessissent,
2582 3786 2743 3841 quam
2773 3772 3055 3841 ingressus
3092 3769 3260 3825 Josua
3314 3786 3436 3824 cum
3490 3768 3785 3823 insidiato-

2205 3863 2357 3917 ribus
2389 3864 2563 3932 ipsam
2600 3871 2863 3916 vastatam
2914 3862 3037 3931 igne
3099 3860 3427 3930 absumpsit,
3478 3857 3787 3913 interfectis
3874 3925 3893 3939 θ

2203 3952 2297 4021 qui
2325 3954 2377 4006 in
2403 3968 2464 4007 ea
2501 3952 2717 4006 fuerant
2748 3961 2857 4005 tam
2903 3952 3035 4006 viris
3070 3967 3233 4021 quam
3285 3951 3525 4005 feminis.
3578 3949 3785 4020 Regem

2205 4044 2404 4099 deinde
2428 4046 2547 4113 ejus
2572 4045 2875 4109 insecutus,
2906 4044 3086 4099 socios
3122 4044 3296 4114 ipsius
3320 4042 3543 4106 OCt‘itlil,
3581 4043 3789 4110 ipsum,

2204 4137 2298 4204 qui
2336 4135 2493 4188 vivus
2539 4144 2732 4203 captus
2783 4143 2901 4198 est,
2960 4134 3121 4188 morti
3170 4133 3426 4187 traditqu
3472 4132 3793 4201 suspendit.

2206 4229 2577 4294 Ascenditque
2660 4224 2828 4280 Josua
2914 4240 3036 4279 cum
3099 4225 3361 4280 lsraelitis
3418 4227 3473 4278 in
3539 4234 3789 4293 montem

2205 4316 2413 4390 [terrai]
2440 4320 2866 4373 Cbanaanitieze.
2896 4318 3069 4372 Porro
3094 4334 3216 4372 eum
3246 4319 3504 4371 lsraelitaa
3530 4316 3803 4387 quadra-

518 4427 882 4480 omnes,quos
914 4421 1276 4465 numerarunt
1309 4411 1485 4466 Moses
1519 4422 1571 4468 et
1602 4412 1811 4477 Ahron,
1836 4410 2091 4468 Israelita:
2130 4417 2172 4472 ι)
2203 4414 2370 4480 ginta,
2401 4411 2602 4480 quibus
2638 4414 2688 4465 in
2738 4412 2960 4467 deserto
3020 4420 3199 4477 erant,
3252 4411 3413 4466 annis
3467 4409 3798 4466 circumcisi

522 4521 753 4559 numero
784 4506 925 4557 ultra
949 4506 1255 4558 sexcenties
1275 4505 1421 4559 mille
1446 4507 1613 4560 vicies
1634 4506 1924 4575 quinquies
1952 4508 2098 4562 mille

521 4596 818 4665 octingenti
854 4595 1039 4664 viginti
1076 4607 1206 4651 tres.
1240 4596 1410 4650 Porro
1449 4599 1723 4656 interfecit
1762 4601 1939 4655 Moses
1968 4603 2094 4655 dum

521 4689 574 4742 in
607 4691 824 4742 deserto
851 4699 1019 4751 esset,
1057 4688 1319 4743 Sinonem
1354 4705 1531 4759 regem
1560 4690 1858 4756 Heshboui,
1884 4704 1935 4747 et
1965 4695 2095 4749 viris

520 4780 739 4844 occisis,
777 4778 1107 4849 feminisque
1136 4780 1364 4849 captivis
1400 4782 1558 4837 lactis
1597 4822 1610 4845 .
1663 4784 1903 4851 ipsorum
1930 4800 2095 4855 pagos

520 4870 777 4924 vastavit.
808 4872 971 4925 Caeso
999 4871 1161 4926 etiam
1194 4888 1316 4940 rege
1354 4872 1548 4927 Midian
1582 4916 1595 4933 .
1624 4883 1785 4944 atque
1816 4876 1947 4930 urbe
1992 4892 2097 4931 ex-

519 4962 637 5015 cisa
675 4962 823 5017 viros
857 4977 1168 5030 puerosque
1204 4962 1319 5016 neci
1360 4963 1509 5016 dedit
1540 5003 1552 5022 ,
1592 4963 1820 5018 feminas
1847 4964 2095 5032 captivas

519 5053 767 5109 abduxit.
807 5054 1119 5124 Eodeque
1151 5053 1311 5109 modo
1336 5070 1514 5123 regem
1533 5054 1613 5124 Og
1639 5070 1669 5108 e
1698 5054 1876 5108 medio
1907 5066 2096 5109 sustu-

516 5147 603 5211 lit,
646 5148 780 5201 urbe
818 5147 992 5215 ipsius
1032 5148 1301 5212 desolata,
1344 5146 1648 5201 interfectis
1683 5146 1815 5201 viris
1867 5161 1928 5201 ac
1962 5164 2096 5216 pue-

514 5240 616 5303 ris,
655 5238 871 5293 feminis
895 5239 1092 5309 captis.
1118 5238 1532 5293 Conscendente
1559 5248 1741 5291 autem
1767 5237 1912 5294 Mose
1940 5256 2094 5293 mon-

517 5343 622 5387 tem
655 5334 799 5388 Sina:
824 5332 1047 5388 tradidit
1082 5332 1185 5401 ipsi
1237 5332 1499 5386 Dominus
1540 5331 1707 5401 legem
1760 5331 1956 5388 tabulis
2010 5334 2093 5387 in-

513 5426 771 5493 scriptam
806 5442 820 5478 :
853 5434 906 5477 at
942 5440 1064 5479 cum
1101 5424 1167 5477 de
1227 5431 1410 5476 monte
1455 5422 1829 5478 descendisset
1885 5424 2091 5478 invenit

430 5518 433 5521 ‘
512 5514 808 5578 Israelitas,
838 5517 982 5585 quod
1013 5531 1075 5569 ex
1116 5514 1275 5583 108
1321 5514 1460 5568 fusis
1517 5516 1806 5568 mulierum
1863 5531 2089 5569 suarum

514 5610 848 5661 ornanentis
878 5608 1195 5676 prodierat,
1224 5608 1373 5660 vituli
1427 5616 1594 5677 caput
1653 5607 1915 5663 colentes.
1959 5608 2092 5674 Qui-

516 5696 615 5747 hns
649 5700 957 5764 conspectis
986 5701 1201 5754 tabulas
1232 5716 1259 5754 c
1290 5717 1451 5755 manu
1492 5718 1588 5756 sua
1654 5701 1892 5771 abjectas
1951 5716 2077 5755 con-

2201 4518 2312 4557 non
2347 4504 2603 4568 fuissent,
2635 4505 2746 4565 ubi,
2772 4502 3012 4557 Iordane
3045 4513 3099 4557 et
3130 4494 3251 4574 quae
3304 4503 3698 4572 circumjace‘nt
3732 4520 3801 4565 in

2202 4604 2524 4665 potestatem
2560 4596 2816 4662 redactis,
2846 4611 2969 4650 cum
3006 4578 3262 4665 gentibus
3292 4598 3797 4666 permiseerentur,

2196 4685 2363 4756 jussit
2388 4686 2648 4741 Dominus
2675 4686 2927 4753 .Iosuatn,
2968 4688 3163 4743 cultris
3197 4703 3228 4743 e
3261 4688 3439 4759 lapide
3478 4689 3615 4742 duro
3652 4705 3801 4743 con.

2202 4780 2361 4835 fectis
2390 4781 2538 4849 ipsos
2564 4781 2985 4844 circumcidere,
3019 4781 3165 4851 quod
3190 4791 3242 4835 et
3271 4782 3416 4837 fecit.
3446 4780 3562 4852 (Est
3596 4791 3795 4837 autem

2202 4874 2524 4945 Aithiopum
2558 4891 2690 4945 gens
2716 4880 2961 4945 quaedam
2993 4874 3257 4946 Al-Najab
3306 4878 3451 4931 dicta
3484 4894 3603 4947 qua:
3639 4879 3796 4933 idem

2208 4968 2385 5021 adhuc
2416 4968 2608 5037 facit.)
2638 4968 2795 5038 112
2831 4967 3130 5040 Descripsit
3151 4971 3310 5023 etiam
3348 4969 3797 5026 fsraelitisDeu-

2202 5058 2599 5120 terouomium,
2636 5040 2865 5127 quaeque
2897 5060 2947 5111 in
2981 5074 3044 5112 ea
3074 5059 3425 5113 continentur
3447 5059 3703 5114 benedict
3729 5078 3797 5117 o—

2205 5164 2302 5202 nes
2325 5159 2381 5203 et
2421 5151 2857 5204 maledictiones.
3546 5144 3556 5153 ’

2274 5240 2375 5295 Ubi
2404 5250 2583 5296 autem
2622 5245 2687 5294 ad
2722 5257 2901 5311 regem
2928 5243 3190 5301 Gibeonis
3221 5247 3559 5316 pervenisset
3600 5245 3796 5300 Josu;e

2198 5331 2361 5397 fama,
2395 5333 2484 5387 ille
2509 5349 2603 5400 per
2649 5336 2855 5391 litteras
2920 5338 2988 5390 ab
3044 5337 3163 5406 ipso
3221 5339 3571 5393 securi:atem
3628 5341 3800 5408 petiit

2196 5423 2382 5477 multis
2415 5422 2511 5492 ipsi
2546 5423 2727 5480 missis
2754 5428 3102 5496 muneribus;
3136 5445 3307 5498 quare
3331 5430 3509 5500 ipsum
3540 5432 3593 5484 in
3614 5434 3793 5487 fidem

2196 5526 2472 5584 receptum
2523 5516 2643 5572 loco
2696 5534 2797 5573 suo
2861 5535 3178 5589 permanere
3230 5524 3502 5593 permisit.
3563 5524 3636 5577 At
3694 5543 3799 5581 rex

2195 5607 2524 5676 Jerusalem,
2561 5613 2650 5666 cui
2686 5628 2880 5667 nomen
2913 5613 3143 5670 Niscdck
3172 5656 3186 5681 ,
3230 5631 3327 5671 rex
3380 5617 3595 5671 llehron
3627 5660 3645 5683 ,
3694 5635 3796 5674 rex

2196 5701 2479 5768 Yarmuth,
2514 5718 2605 5759 rex
2642 5703 2876 5761 Lachisli
2924 5716 2974 5761 ct
3014 5721 3102 5761 rex
3142 5707 3379 5764 Askelon
3408 5748 3423 5774 ,
3460 5707 3651 5763 audito
3702 5727 3796 5765 rc-
