4034 6214
315 303 419 363 9¹ῑῖξ

1757 303 2134 364 ANNALES.

3471 303 3579 367 934

292 438 413 487 gem
445 419 701 473 Gibeonis
734 432 790 473 se
824 420 875 471 in
914 416 1092 472 Josua:
1118 419 1209 473 filii
1264 418 1381 472 Non
1422 418 1580 474 tidem
1629 420 1846 475 dedisse
1869 464 1881 485 ,
1917 427 1957 481 Α
1992 423 2093 475 cim
2126 438 2299 475 allllOS
2335 422 2627 491 insumpsit
2665 420 2861 493 [tum]
2897 422 3155 492 populum
3210 422 3262 475 in
3305 425 3577 493 tranquil-

295 514 544 569 collectis
570 512 769 580 copiis,
810 510 997 564 urbem
1023 509 1193 565 Gibcn
1230 512 1470 581 aggressi
1496 528 1613 565 eam
1658 513 1885 567 obsede-

294 604 633 673 runt,cujus
687 605 759 659 rei
812 602 1032 656 Josuam
1097 605 1321 673 scriptis
1357 604 1421 657 ad
1462 604 1636 673 ipsum
1688 604 1885 660 litteris

290 702 583 752 certiorem
618 696 742 752 fecit
775 712 865 752 rex
899 695 1133 752 Giheon.
1174 697 1340 753 Josua
1396 706 1697 750 convocato
1727 712 1885 751 exer-

290 792 405 844 citu
433 789 499 843 ad
532 790 679 859 ipsos
730 789 1130 858 impugnandos
1190 777 1479 858 profectus
1530 789 1758 843 victoria
1818 790 1872 843 in

288 885 438 952 ipsos
467 883 702 935 donatus
730 890 833 941 est,
872 880 1207 949 fugientibus
1238 881 1345 935 illis
1373 896 1558 935 coram
1622 883 1741 952 ipso
1786 899 1878 935 us-

287 988 393 1043 que
423 974 586 1027 urbes
614 972 793 1026 Azeka
820 982 870 1025 et
898 971 1120 1025 Makeda
1148 1013 1162 1035 ,
1239 973 1370 1042 quin
1432 983 1486 1027 et
1559 975 1879 1044 grandinem

287 1064 559 1134 lapideum
587 1080 754 1133 super
790 1066 937 1133 ipsos
970 1066 1104 1133 pluit
1149 1063 1443 1131 Dominus,
1475 1066 1675 1135 quibus
1712 1067 1879 1121 occisi

282 1165 414 1211 sunt
454 1175 465 1209 :
495 1158 833 1211 subsistente
869 1160 1035 1211 etiam
1080 1157 1132 1211 in
1168 1155 1358 1213 losum
1390 1160 1623 1227 gratiam
1656 1158 1770 1212 sole
1805 1159 1878 1211 ita

286 1258 339 1300 ut
381 1266 478 1303 nec
518 1252 783 1304 orientem
852 1267 953 1306 nec
1010 1267 1266 1307 occasum
1319 1268 1513 1309 versus
1574 1263 1881 1306 moveretur

281 1340 457 1395 donec
488 1344 773 1396 victoriam
800 1342 853 1396 in
891 1344 1015 1398 illos
1039 1345 1142 1413 ipsi
1184 1346 1563 1399 concessisSct
1595 1344 1875 1400 Dominus.

284 1434 579 1502 Fugientes
610 1444 790 1489 autem
817 1436 1067 1506 quinque
1102 1452 1257 1507 reges
1306 1439 1398 1492 isti
1429 1440 1685 1508 spelunca
1711 1453 1871 1491 mon-

284 1524 355 1577 tis
388 1540 553 1593 quam
589 1525 831 1594 ingressi
863 1538 996 1581 sunt
1032 1542 1090 1581 se
1120 1527 1454 1583 abdiderunt
1486 1547 1497 1581 :
1529 1528 1671 1582 unde
1698 1535 1879 1581 extra-

283 1623 403 1667 etos
433 1621 485 1665 et
518 1622 690 1668 morte
730 1614 951 1670 affectos
989 1617 1282 1686 suspendit
1310 1615 1503 1671 Josua.
1558 1616 1762 1672 Deinde
1809 1616 1879 1671 ab

285 1707 418 1759 urbe
448 1705 693 1761 Makkida
732 1708 798 1760 ad
828 1710 1016 1763 urbem
1058 1708 1229 1763 Libua
1260 1709 1545 1778 profectus
1574 1716 1680 1774 est,
1709 1726 1871 1778 quam

280 1800 561 1853 obsessam
585 1801 751 1869 cepit,
783 1816 905 1871 rege
930 1802 1162 1871 aliisque
1183 1804 1271 1871 qui
1296 1803 1348 1856 in
1369 1817 1430 1857 ea
1447 1813 1604 1856 erant
1622 1805 1877 1858 oninibus

280 1891 600 1947 interfectis.
626 1893 707 1947 Ab
749 1895 884 1949 urbe
910 1892 1083 1949 Libna
1118 1893 1183 1947 ad
1213 1894 1399 1966 urbem
1434 1892 1669 1949 Lachish
1698 1894 1874 1964 profe-

279 1993 399 2037 ctus
424 1993 527 2044 est,
551 1984 709 2050 cujus
729 1985 891 2038 etiam
915 1996 1085 2053 captae
1105 2001 1280 2055 regem
1302 2000 1599 2055 omnesque
1621 1988 1830 2041 incolas
1846 2002 1877 2042 e

278 2074 461 2128 medio
503 2075 857 2145 113-115
882 2078 1119 2132 sustulit.
1162 2076 1282 2143 Quo
1333 2077 1520 2132 audito
1549 2078 1760 2133 scilicet
1787 2077 1873 2132 Jo-

280 2169 639 2233 Suam;urbem
664 2168 1474 2240 Lacbishlobsedisse,cgressus
1486 2178 1567 2225 est
1586 2186 1675 2225 rex
1692 2170 1870 2238 Gaza‘,

279 2272 402 2311 cum
425 2261 667 2313 exercitu
709 2276 811 2316 suo
849 2264 959 2331 regi
995 2263 1227 2317 Lachisli
1250 2272 1439 2316 contra
1462 2260 1704 2318 Josuam.
1730 2262 1870 2319 Nuni

280 2348 473 2417 filium,
501 2366 661 2421 opem
716 2355 926 2410 laturus
954 2394 970 2419 ,
1027 2356 1080 2410 in
1137 2372 1298 2425 quem
1324 2356 1488 2409 etiam
1513 2357 1741 2410 victoria
1773 2372 1871 2426 po.

280 2444 416 2497 titus
436 2441 621 2510 Josua,
650 2446 827 2516 ipsum
849 2462 972 2501 cum
1002 2448 1330 2517 sequacibus
1352 2449 1469 2501 suis
1501 2447 1802 2503 interfecit.

349 2539 394 2592 A
424 2539 656 2594 Lachish
682 2540 748 2593 ad
776 2542 964 2594 urbem
989 2539 1224 2595 Askelon
1253 2539 1536 2609 profectus
1562 2557 1680 2594 eam
1706 2541 1866 2595 etiam

279 2643 407 2681 cum
441 2630 730 2685 obsidione
755 2631 1016 2701 cepisset,
1052 2646 1233 2702 regem
1272 2647 1394 2686 cum
1426 2632 1643 2685 etetcris
1696 2632 1868 2702 ipsius

282 2720 478 2775 incolis
508 2724 735 2779 occidit.
772 2723 977 2777 Deinde
998 2722 1064 2777 ad
1099 2725 1288 2779 urbem
1322 2723 1538 2779 llebrou
1564 2724 1865 2794 profectus,

283 2812 405 2881 ejus
436 2813 600 2867 etiam
626 2816 866 2869 obsessae
882 2832 943 2868 ac
976 2826 1145 2882 capta:
1171 2802 1349 2885 regem
1376 2825 1429 2871 et
1453 2817 1659 2871 incolas
1678 2834 1868 2874 omnes

284 2903 547 2972 perdidit.
584 2904 710 2958 Inde
736 2905 800 2958 ad
836 2905 1025 2959 urbem
1054 2904 1213 2959 Debir
1237 2906 1536 2975 profectus,
1558 2923 1676 2962 eam
1699 2908 1863 2963 etiam

282 2993 574 3049 obsidione
606 2998 769 3064 cepit,
812 3012 1103 3066 regemque
1138 3013 1198 3052 ac
1230 3006 1455 3055 caeteros
1495 3000 1613 3070 ejus
1661 3001 1866 3056 incolas

281 3085 577 3144 interfecit.
617 3088 709 3142 llis
743 3090 949 3144 auditis
976 3090 1127 3145 misit
1162 3088 1328 3144 Gabir
1369 3089 1560 3147 llasuri
1612 3108 1700 3146 rex
1732 3134 1746 3154 ,
1799 3093 1863 3148 ad

281 3197 462 3251 regem
490 3182 699 3243 Maron,
736 3199 917 3254 regem
949 3183 1209 3239 Shimron
1240 3228 1257 3252 ,
1292 3200 1474 3257 regem
1525 3166 1818 3255 Achshaph
1850 3230 1862 3252 ,

283 3288 465 3337 regem
498 3270 742 3337 Sidonis,
771 3290 953 3344 regem
992 3274 1201 3338 Ramte,
1236 3291 1333 3329 nec
1362 3291 1471 3330 non
1495 3276 1559 3329 ad
1580 3276 1866 3339 Moabitas,

282 3362 629 3429 llarraoitas,
674 3366 974 3431 Awabitas’,
1007 3365 1299 3421 Kararaeos
1328 3410 1343 3433 ,
1377 3367 1661 3424 .lebusaros
1684 3409 1699 3435 ,
1730 3370 1867 3425 Stra-

283 3457 499 3510 nabazos
523 3496 539 3521 ,
576 3467 631 3511 et
659 3458 973 3527 quicunque
1022 3472 1149 3513 oras
1188 3460 1491 3513 maritimas
1525 3457 1863 3525 incolerent,

283 3565 393 3619 quo
428 3550 483 3605 in
516 3566 685 3603 unum
719 3552 1101 3605 convenirent.
1150 3550 1479 3620 Congri-gati
1531 3552 1695 3621 igitur
1738 3568 1863 3608 cum

281 3644 454 3711 cepiis
489 3643 605 3698 suis
640 3657 810 3711 reges,
847 3643 980 3697 adeo
1025 3652 1083 3697 ut
1105 3659 1333 3697 numero
1362 3644 1536 3697 instar
1566 3660 1747 3698 arente
1777 3660 1866 3699 es-

282 3745 426 3798 sent,
469 3734 536 3788 ad
572 3732 823 3798 Josuam,
860 3733 995 3787 Num
1032 3736 1225 3797 filium,
1259 3737 1681 3803 oppugnandum
1734 3752 1863 3804 pro-

281 3830 405 3881 fecti
445 3837 593 3881 sunt.
626 3827 837 3892 Quibus
878 3842 1178 3881 occurrens
1208 3824 1373 3879 Josua
1413 3836 1467 3881 et
1509 3828 1738 3880 victoria
1769 3844 1865 3897 po-

283 3921 435 3983 titus,
468 3921 598 3990 ipsis
646 3922 829 3983 caesis,
862 3921 1095 3974 tentoria
1124 3920 1362 3986 ipsorum
1395 3920 1514 3987 igne
1540 3920 1863 3985 combussit,

281 4012 624 4079 ctjutncntis
678 4012 1005 4081 sullragines
1060 4012 1279 4065 incidit.
1351 4007 1462 4063 Nec
1512 4010 1721 4065 destitit
1771 4026 1866 4066 eos

284 4106 535 4174 persequi
565 4105 778 4173 gladius
805 4121 979 4173 usque
1006 4104 1072 4156 ad
1104 4104 1269 4157 urbes
1294 4101 1480 4156 Maron
1509 4113 1562 4156 et
1583 4100 1863 4170 Sidonem,

282 4194 420 4247 adeo
449 4204 507 4247 ut
532 4212 638 4249 non
668 4197 926 4250 evaderet
959 4210 1021 4247 ex
1059 4195 1195 4264 ipsis
1247 4195 1559 4262 quispiam;
1616 4194 1745 4263 qttin
1812 4202 1863 4249 et

282 4302 441 4356 reges
491 4300 681 4355 captos
739 4288 954 4342 occidit.
1012 4287 1181 4341 Porro
1252 4301 1443 4341 clunes
1490 4302 1626 4355 quos
1664 4286 1866 4340 occidit

284 4378 470 4440 Iosua,
496 4377 635 4432 Nuni
672 4380 831 4450 116
863 4380 1025 4442 filius,
1074 4392 1248 4448 reges,
1277 4392 1583 4447 eorumque
1612 4380 1863 4446 regiones

1994 516 2147 568 litate
2204 532 2264 571 ac
2329 531 2459 585 pace
2528 515 2687 568 annis
2746 514 3004 569 undecim
3061 514 3223 569 rexit.
3259 516 3581 585 l’rophetico

1995 624 2221 661 munere
2266 608 2439 677 ipsius
2465 608 2657 661 diebus
2702 607 2876 661 functi
2913 616 3041 661 sunt
3074 608 3298 661 Eleazar
3344 608 3580 663 Ahrouis

1992 699 2184 762 filius.
2233 711 2284 754 et
2339 699 2575 754 Phineas
2628 701 2770 755 tilius
2826 701 3109 764 Eleazari,
3163 700 3259 753 filii
3315 700 3577 754 Ahronis.

1992 790 2239 845 Mortuus
2264 800 2444 844 autem
2479 790 2641 845 Jusua
2674 793 2815 846 Nuui
2852 791 2998 847 filius
3053 808 3178 845 cum
3236 807 3410 845 annos
3454 808 3583 845 cen-

1990 891 2102 933 tum
2138 880 2324 934 decem
2362 888 2523 936 natus
2559 893 2725 947 cssct,
2760 886 3011 954 sepultus
3047 897 3132 937 est
3167 884 3220 936 in
3255 896 3436 937 monte
3488 883 3581 936 Gi-

1996 973 2138 1036 lead,
2168 988 2386 1041 unaque
2425 987 2547 1027 eum
2580 974 2697 1042 ipso
2730 975 2889 1027 cultri
2933 975 3136 1043 quibus
3196 974 3470 1029 lsraclitas
3522 975 3579 1027 in

1985 1062 2655 1132 Gilgalcircumcidisset.
2702 1050 2918 1118 Mortuo
2969 1063 3175 1131 Josua,
3234 1064 3374 1119 Nuni
3426 1067 3575 1129 filio,

1986 1156 2186 1224 popqu
2215 1155 2435 1225 praefuit
2464 1155 2699 1211 Phineas
2733 1157 3027 1213 sacerdos:
3067 1156 3325 1210 videlicet
3345 1156 3574 1211 Phineas

1986 1248 2128 1302 ﬁlius
2168 1248 2407 1303 Eleazari
2443 1250 2536 1303 (iiii
2568 1250 2834 1311 Ahronis;
2901 1250 3058 1319 117
3100 1250 3262 1319 119
3291 1250 3577 1319 quiaunos

1986 1340 2171 1407 viginti
2205 1344 2448 1410 quinque
2482 1342 2800 1395 sacerdotio
2834 1342 3056 1395 functus
3112 1352 3230 1401 est;
3288 1350 3575 1396 autumant

1982 1447 2113 1485 vero
2146 1432 2320 1487 Judaei
2350 1435 2679 1487 l’hineasum
2714 1438 3048 1488 sacerdotem
3072 1473 3087 1495 ,
3136 1435 3386 1487 eurudem
3449 1450 3575 1489 csse

1982 1527 2296 1595 prophetam
2325 1528 2494 1580 tiliam
2523 1523 2913 1596 quem'vocant
2935 1527 3143 1581 Arabes
3173 1526 3475 1581 Al-Chadr.

2054 1621 2191 1673 Tum
2236 1620 2327 1674 ubi
2369 1620 2626 1689 permisti
2680 1635 2802 1673 cttm
2852 1620 3108 1689 gentibus
3166 1619 3573 1675 circumvicinis

1981 1712 2259 1776 lsraclitze,
2299 1713 2652 1767 matrimonia
2692 1728 2815 1766 cum
2845 1713 2981 1781 ipsis
3030 1712 3417 1767 contrahentes
3453 1751 3468 1774 ,
3508 1710 3569 1763 fi-

1986 1806 2198 1875 liasque
2227 1822 2358 1861 suas
2389 1805 2525 1874 ipsis
2557 1810 2789 1874 nuptum
2841 1804 3041 1858 dantes
3067 1842 3081 1869 ,
3135 1802 3275 1859 idola
3325 1806 3567 1875 ipsorum

1982 1899 2289 1953 coluissent
2324 1896 2562 1968 (quibus
2596 1897 2815 1951 nomina
2851 1895 3083 1959 Baalim,
3131 1906 3184 1950 et
3229 1898 3485 1949 Ailrtarut
3517 1906 3571 1949 et

1982 1992 2152 2059 Baal)
2207 1992 2509 2061 prscvalens
2565 1991 2697 2059 ipsis
2743 1990 2965 2043 Cushan
3014 1987 3377 2059 Rishyathain
3409 2030 3423 2052 ,
3475 2001 3568 2041 rex

1981 2083 2172 2149 Aram,
2215 2084 2307 2153 qui
2339 2092 2394 2136 et
2422 2082 2574 2153 Tyri,
2620 2091 2671 2136 et
2709 2082 2929 2135 Sidonis
2982 2096 3074 2135 rex
3103 2120 3119 2145 ,
3151 2080 3452 2149 appellatus
3485 2088 3567 2133 est

1983 2190 2075 2229 rex
2138 2176 2376 2229 Bahrain
2429 2174 2524 2246 [id
2569 2183 2652 2228 est
2697 2174 2930 2228 duorum
2986 2173 3257 2244 orarium]
3306 2173 3566 2243 p0pulum

1978 2276 2103 2323 octo
2134 2283 2309 2322 annos
2342 2267 2475 2320 dure
2516 2277 2569 2320 et
2602 2266 2901 2321 crudeliter
2935 2266 3097 2321 rexit.
3131 2267 3199 2319 At
3246 2278 3370 2319 cum
3407 2307 3421 2331 ,
3456 2278 3567 2336 prs:

1978 2361 2231 2430 angustia
2262 2361 2385 2427 ejus
2417 2374 2582 2428 quam
2618 2360 2766 2427 passi
2804 2370 2928 2414 sunt
2961 2358 3273 2413 alllietionis
3296 2398 3309 2423 ,
3342 2358 3408 2411 ad
3467 2361 3567 2412 Do-

1978 2453 2110 2507 mini
2144 2452 2351 2506 cultum
2389 2450 2596 2505 reversi
2625 2459 2811 2505 essent
2844 2450 3049 2503 rel‘ctis
3075 2449 3258 2516 idolis,
3285 2449 3563 2519 profectus

1975 2544 2224 2601 0thaniel
2259 2544 2404 2597 ﬁlius
2432 2543 2669 2607 Kenani,
2698 2542 2867 2597 frater
2888 2542 3098 2607 Calebi,
3119 2543 3339 2611 juvenis
3361 2559 3391 2598 e
3416 2543 3560 2596 tribu

1973 2638 2181 2699 Judah,
2219 2647 2271 2691 et
2301 2635 2521 2691 Cushau
2554 2633 2881 2688 Risliathain
2938 2634 3077 2689 be1lo
3109 2651 3399 2703 aggressus
3425 2677 3438 2697 ,
3476 2636 3560 2704 ip.

1976 2744 2097 2784 sum
2137 2727 2436 2791 interfecit,
2471 2740 2533 2780 ac
2564 2725 2825 2794 pupulum
2860 2740 3034 2781 annos
3082 2725 3445 2795 quadraginta
3481 2741 3565 2779 re-

1977 2822 2074 2875 xit.
2110 2821 2323 2875 Mortuo
2370 2830 2550 2874 autem
2589 2817 2914 2883 Othaniele,
2970 2833 3096 2874 cum
3154 2819 3219 2873 ad
3288 2820 3558 2873 idolorum

1974 2916 2180 2970 cultum
2226 2914 2429 2969 reversi
2487 2921 2674 2968 essent
2723 2912 3021 2977 Israelitze,
3076 2911 3363 2981 prtevaluit
3430 2913 3560 2975 ipsi:

1974 3007 2145 3061 Eklon
2178 3023 2267 3059 rex
2308 3006 2488 3069 Moab,
2532 3007 2622 3076 qui
2656 3006 2924 3070 collectis,
2953 3015 3222 3076 quotquot
3252 3005 3559 3083 erantAm-

1972 3099 2195 3152 monitis
2215 3107 2269 3152 et
2300 3098 2645 3161 Amalekitis,
2664 3113 2944 3168 egressus,
2974 3099 3355 3167 superatisque
3378 3099 3549 3152 lsi-ae

1971 3192 2081 3244 litis
2112 3194 2297 3243 urbem
2332 3188 2467 3242 Phik
2496 3205 2525 3243 e
2560 3205 2721 3243 manu
2775 3190 3019 3258 ip~orum
3073 3190 3295 3258 eripuit.
3349 3189 3563 3243 Servie-

1972 3293 2099 3336 runt
2136 3298 2265 3353 ergo
2291 3282 2372 3337 illi
2410 3270 2867 3350 Israelitieg'quos
2903 3295 3079 3333 annos
3098 3281 3396 3334 octodecim
3424 3278 3560 3333 dare

1970 3384 2024 3428 et
2085 3373 2390 3429 crudeliter
2449 3374 2612 3427 rexit.
2674 3373 2951 3441 Eligcntes
3013 3379 3198 3429 autem
3236 3371 3559 3425 lsraelitme

1970 3468 2085 3521 suis
2118 3467 2405 3535 quemdam
2447 3464 2668 3519 nomine
2703 3463 2854 3517 Ehud
2893 3464 3058 3517 lilium
3097 3463 3252 3519 Germ
3278 3507 3293 3527 ,
3326 3480 3355 3518 e
3413 3464 3555 3518 tribu

1969 3557 2255 3625 Ephraim,
2296 3559 2471 3610 virum
2502 3572 2771 3622 sca-vum,
2804 3555 2998 3609 robore
3044 3565 3097 3610 ct
3144 3557 3371 3610 audacia
3422 3558 3559 3611 insi-

1968 3665 2150 3716 gnem,
2177 3648 2353 3714 ipsutn
2382 3647 2447 3698 ad
2481 3648 2738 3715 Eglonem
2775 3646 3131 3703 Moabitarum
3164 3663 3347 3717 regem
3409 3663 3536 3703 cum

1972 3740 2130 3808 120
2154 3739 2470 3791 uulneribus
2504 3741 2790 3792 miserunt.
2826 3740 2926 3804 Qui
2960 3742 3025 3792 ad
3067 3754 3245 3809 regem
3272 3755 3397 3794 cum
3434 3755 3551 3793 mu-

1969 3833 2193 3884 neribus
2224 3832 2534 3900 ingressus,
2588 3831 2769 3883 dixit:
2822 3833 2913 3883 Est
2969 3832 3098 3884 mihi
3142 3833 3289 3899 quod
3332 3841 3551 3884 secreto

1967 3937 2093 3975 cum
2123 3937 2246 3991 rege
2288 3937 2565 3991 peragam,
2606 3936 2738 3990 rogo
2778 3922 2943 3989 igitur
2972 3931 3028 3974 ut
3061 3938 3182 3975 cum
3232 3924 3354 3991 ipso
3399 3938 3552 3977 ερρυ-

1968 4017 2130 4079 dam;
2166 4014 2258 4067 ubi
2292 4021 2471 4066 autem
2499 4028 2620 4067 cum
2652 4026 2781 4081 rege
2813 4014 3139 4067 secessisset
3170 4013 3346 4082 ipsmn
3374 4017 3555 4069 cultro

1968 4107 2290 4161 transfixum
2322 4105 2631 4170 interfecn;
2671 4115 2784 4159 tum
2828 4107 3018 4158 clauso
3074 4108 3343 4159 (tenaculi
3406 4110 3549 4177 regis

1967 4203 2114 4257 ostio
2148 4216 2408 4269 egressus
2446 4199 2673 4253 asseclis
2704 4199 2823 4265 ejus
2880 4198 3018 4251 dixit
3053 4214 3066 4252 :
3099 4196 3272 4251 Iussit
3325 4214 3417 4252 rex
3486 4217 3553 4255 ne

1966 4291 2091 4361 quis
2115 4290 2179 4344 ad
2206 4290 2381 4358 ipsum
2400 4289 2741 4358 ingrediatur
2762 4305 2775 4354 ;
2799 4287 3120 4356 fugiensque
3140 4289 3312 4343 donec
3334 4289 3395 4340 ad
3420 4305 3553 4345 suos

1966 4384 2326 4452 pervenisset,
2360 4383 2543 4448 cupias
2581 4382 2827 4451 colli-git,
2871 4381 3200 4448 qttilittscunt
3252 4381 3331 4434 adv
3358 4383 3546 4437 urbem

283 4471 547 4538 possedit,
578 4487 808 4524 numero
855 4480 984 4525 sunt
1026 4472 1247 4538 triginta
1283 4472 1528 4541 quinque
1560 4488 1572 4523 :
1606 4485 1636 4525 e
1666 4471 1861 4537 quibus
1894 4466 1938 4521 Ι)
1969 4474 2125 4528 Moab
2158 4476 2432 4543 profectus
2455 4475 2628 4542 ipsam
2660 4484 2898 4541 captam.
2929 4476 3087 4527 cmsis
3118 4472 3282 4543 quiin
3311 4489 3372 4527 ea
3396 4485 3551 4529 erant

284 4578 375 4616 rex
409 4560 820 4623 Sanabzeorum,
845 4580 931 4616 rex
955 4562 1336 4625 Moabitarum,
1372 4578 1463 4617 rex
1487 4560 1857 4617 Chauaanita—

286 4670 427 4716 rum,
460 4672 555 4709 rex
594 4654 1002 4717 Kararzeorum,
1031 4671 1123 4710 rex
1144 4655 1542 4719 Jebusmorum,
1569 4669 1657 4707 rex
1690 4653 1861 4707 Evco-

286 4763 428 4809 rmu,
456 4762 548 4799 rex
583 4745 997 4814 Gergesaeorum
1029 4785 1045 4807 ,
1078 4761 1173 4798 rex
1206 4743 1546 4809 Jerusalem,
1590 4759 1681 4798 rex
1715 4744 1813 4797 Ani
1843 4783 1857 4808 ,

287 4855 377 4892 rex
409 4840 586 4895 Sabm.
613 4854 735 4905 quae
767 4853 929 4907 prope
961 4837 1167 4901 Bethel,
1206 4851 1298 4891 rex
1321 4836 1566 4900 Hebron,
1611 4851 1700 4889 rex
1736 4834 1859 4888 Jara

287 4943 400 4984 nmt
427 4971 442 4995 ,
479 4946 569 4986 rex
614 4931 849 4986 Lachish
881 4973 897 4997 ,
942 4947 1035 4985 rex
1068 4931 1318 4985 Adullam
1345 4969 1360 4992 ,
1400 4946 1492 4982 rex
1523 4928 1699 4981 Geder
1722 4966 1735 4981 .
1769 4943 1860 4981 rex

288 5022 473 5087 Debir,
509 5040 599 5079 rex
634 5022 813 5085 llasir,
849 5040 940 5077 rex
979 5019 1202 5084 ilorma,
1236 5038 1325 5076 rex
1349 5021 1515 5084 Arad,
1545 5036 1633 5074 rex
1653 5017 1858 5084 Lelma,

290 5129 381 5166 rex
410 5114 617 5179 Lalam,
662 5130 754 5167 rex
793 5114 1011 5178 Abdad,
1051 5129 1143 5167 rex
1180 5111 1422 5183 Hapher,
1462 5126 1554 5163 rex
1587 5108 1746 5169 l’hik,
1768 5125 1858 5162 rex

290 5205 531 5267 Sadum,
568 5222 661 5260 rex
696 5208 973 5258 Shamrun
1001 5242 1017 5267 ,
1046 5221 1140 5260 rex
1177 5204 1435 5265 Barmut,
1484 5217 1573 5255 rex
1610 5199 1815 5269 llaphir
1843 5240 1859 5266 ,

293 5310 380 5350 rex
406 5295 605 5362 Kades,
648 5313 742 5352 rex
777 5297 987 5359 lialieb,
1017 5314 1108 5351 rex
1145 5297 1377 5359 Mardut,
1411 5311 1503 5349 rex
1532 5293 1740 5357 Sikom,
1769 5312 1860 5348 rex

292 5386 598 5455 Batendun,
629 5406 720 5443 rex
752 5390 957 5446 montis
981 5389 1208 5453 Gatlilaci,
1235 5402 1325 5442 rex
1359 5386 1543 5441 Carsac
1569 5428 1582 5451 ,
1617 5384 1706 5455 qui
1735 5395 1863 5440 sunt

292 5496 441 5549 reges
470 5483 691 5552 triginta
728 5485 995 5552 quinque.
1588 5488 1591 5489 ⁷

364 5575 676 5642 Occupatus
707 5592 839 5643 ergo
869 5575 965 5627 fuit
997 5571 1163 5627 Josaa
1208 5588 1299 5625 sex
1342 5571 1498 5625 annis
1539 5574 1592 5623 in
1644 5572 1861 5640 regibus

288 5679 343 5721 et
367 5669 622 5738 gentibus
658 5668 1021 5732 tlebrllandis,
1051 5666 1223 5718 donec
1279 5664 1525 5734 regiones
1572 5666 1807 5734 cepisset
1846 5680 1857 5717 :

295 5761 492 5815 deinde
524 5761 821 5831 partiendis
853 5761 990 5814 inter
1035 5758 1306 5813 Israelitas
1343 5758 1501 5812 terris
1524 5757 1861 5825 quatuorde-

1962 4564 2241 4628 omnibus,
2274 4564 2494 4624 delevit.
2560 4565 2871 4633 populoque
2924 4581 3103 4617 annos
3153 4565 3550 4634 quinquaginta

1961 4659 2207 4728 quinque
2247 4658 2485 4727 praefuit.
2530 4657 2658 4711 Post
2686 4660 2862 4726 ipsum
2893 4698 2905 4720 ,
2960 4658 3216 4725 populum
3264 4665 3403 4713 rexit
3447 4660 3549 4713 Sa-

1965 4751 2369 4804 maan.Anathi
2410 4750 2592 4812 filius,
2651 4766 2823 4803 annos
2880 4750 3067 4818 viginti
3119 4753 3402 4819 quinque,
3452 4754 3546 4820 qui

1964 4840 2391 4904 Philistworum,
2430 4842 2521 4908 qui
2559 4842 2736 4908 ipsum
2767 4853 3176 4910 oppugnarunt,
3224 4844 3372 4895 viros
3420 4858 3549 4896 Sex-

1963 4943 2152 4987 centos
2225 4932 2518 4985 interfecit.
2580 4931 2794 4984 Mortuo
2855 4930 3128 4985 Samaano
3177 4946 3425 4986 reversos
3477 4933 3545 4985 ad

1965 5022 2332 5077 idololatriatn
2361 5020 2641 5075 Israelitas
2673 5020 2887 5090 subegit
2916 5018 3080 5073 Jabin
3119 5035 3213 5074 rex
3249 5019 3541 5083 Chanaan,

1966 5115 2101 5169 urbe
2134 5114 2316 5168 llazur
2357 5112 2500 5166 dicta
2537 5109 2878 5183 [oriundus]
2911 5110 3066 5179 cujus
3096 5113 3373 5166 exercitus
3404 5127 3544 5175 μην-

1967 5207 2144 5261 fectus
2175 5207 2258 5259 vir
2286 5214 2404 5260 erat
2433 5207 2650 5258 nomine
2681 5203 2887 5268 Sisera,
2916 5204 3005 5273 qui
3040 5204 3298 5273 populum
3352 5201 3545 5266 viginti

1966 5314 2141 5354 annos
2175 5312 2299 5351 cum
2331 5296 2585 5366 angustia
2618 5307 2670 5350 et
2699 5297 2924 5350 tristitia
2962 5297 3120 5348 rexit.
3163 5292 3294 5362 Ejus
3323 5294 3542 5356 diebus,

1966 5391 2310 5459 prophetarit
2333 5388 2581 5443 Deborah
2610 5402 2753 5441 uxor
2775 5386 3049 5440 Alkindun
3068 5382 3254 5438 etribu
3280 5382 3538 5452 Eplrraim

1965 5497 2084 5548 quae
2139 5481 2279 5534 inter
2308 5478 2515 5532 liamah
2557 5488 2611 5532 et
2639 5477 2828 5531 Bethel
2868 5476 3146 5531 habitans.
3180 5475 3321 5528 inter
3366 5475 3544 5529 Israe.

1968 5574 2091 5636 [itas
2114 5572 2381 5639 judicium
2414 5570 2687 5625 exercuit.
2718 5568 2871 5637 Apud
2900 5568 3074 5635 ipsam
3123 5581 3251 5635 ergo
3308 5582 3538 5634 congre-

1965 5667 2096 5736 gati,
2130 5678 2324 5733 magno
2354 5678 2585 5719 numero
2625 5660 2881 5714 Israelita:
2910 5658 3168 5711 dixerunt
3190 5675 3204 5713 :
3228 5658 3388 5713 Vides
3405 5659 3534 5727 quid

1968 5759 2238 5828 patiamur
2264 5754 2529 5826 angustia:
2560 5762 2611 5811 et
2638 5751 2973 5814 amiCIionls,
3025 5765 3234 5821 nosque
3276 5753 3323 5808 in
3370 5752 3540 5807 St‘l‘ii-
