4034 6214
483 262 593 326 935
1511 250 1878 319 EUTYClIIl
1920 243 2459 306 ALEXANDRINI
2505 244 2726 303 PATR.
3648 236 3760 300 936

480 383 651 427 tuteut
683 369 962 439 redegisse
988 366 1245 424 Jabinitm
1282 368 1563 423 Citanaani
1601 382 1778 435 regem
1810 382 1822 425 ;
1878 362 2067 432 pra's'ts
2099 371 2139 414 Α
2174 361 2383 428 peperit
2424 360 2527 428 ipsi
2561 358 2751 422 filium,
2786 369 2944 427 quem
2983 353 3386 411 Abimctcclittm
3440 355 3757 425 appellavit.

482 480 616 534 ergo
652 464 917 518 Israelitis
954 478 1158 531 eosque
1189 479 1218 516 e
1254 478 1415 515 manu
1468 462 1642 529 ipsius
1694 458 1915 526 eripias.
1969 456 2069 508 lic-
2177 446 2472 520 Postquam
2515 466 2644 522 ergo
2674 451 2932 521 populum
2987 449 3346 520 quadraginta
3385 447 3547 503 annis
3580 450 3761 503 rexis-

484 559 656 611 borab
745 571 877 625 ergo
953 565 1293 623 assumptum
1377 552 1663 615 Barakum,
1748 545 2071 602 Abi-Noami
2177 556 2256 600 set
2291 545 2542 610 Gideon,
2582 555 2835 599 mortuus
2871 551 3079 608 est,ac
3102 541 3257 608 juxta
3299 540 3611 610 sepulcrum
3661 556 3762 613 p2-

487 649 847 719 121—123
902 646 1071 700 filium
1104 686 1119 709 ,
1189 661 1219 702 c
1260 646 1405 699 tribtt
1459 643 1804 714 Nepltlalittt;
1876 639 2073 710 populo
2179 640 2278 694 tris
2305 639 2389 692 sui
2414 634 2582 715 Joaslt
2611 640 2665 692 in
2708 636 2889 706 Ophra
2920 635 3130 690 Azaria:
3155 633 3424 704 sepultus.

485 744 674 816 [juxta
723 740 870 796 aliud
925 741 1221 810 exemplar,
1296 737 1587 808 exercitui]
1652 734 1889 803 regendo
1935 746 2073 807 prae:-
2249 731 2460 786 Μοιιιιο
2487 740 2665 784 autem
2698 729 2942 784 Gideone
2971 742 3093 782 cum
3125 727 3331 782 rerersi
3368 736 3553 783 essent
3591 728 3767 784 lsrae-

484 834 641 890 fecit.
698 832 872 886 Barak
950 847 1081 901 ergo
1150 830 1338 885 ascitis
1439 828 1543 882 sibi
1636 826 1818 880 decies
1930 820 2077 876 mille
2180 828 2289 881 [itte
2332 824 2399 878 ad
2435 823 2643 877 cultutn
2679 821 2954 877 idolorum
3010 819 3221 872 Baalim
3269 828 3323 873 et
3370 820 3668 875 Ashtarotb
3710 831 3768 876 et

489 929 771 993 lsraelitis,
802 943 831 981 e
863 927 987 980 filiis
1020 925 1332 994 Nepbtalim
1364 932 1418 978 et
1449 921 1734 982 Zabulon,
1779 917 2078 973 comitante
2180 920 2331 981 Bari,
2382 915 2665 987 profectus
2708 912 3021 968 Abimelech
3074 910 3426 975 Nabelesum,
3474 911 3539 965 ad
3585 928 3765 966 avun-

491 1020 742 1075 Dcltol‘ah
784 1028 1020 1071 montem
1056 1017 1238 1071 TabOl‘
1277 1014 1637 1077 conscendit.
1680 1025 1917 1080 (ιυοτυηι
1949 1020 2076 1062 cum
2181 1014 2337 1067 culos
2377 1027 2533 1077 suos,
2582 1010 2719 1063 dixit
2771 1008 2944 1079 ipsis:
2976 1006 3199 1060 Fratres
3258 1007 3360 1060 tnei
3414 1011 3761 1076 septuag'nta

492 1112 559 1166 ad
616 1113 855 1165 Siseram
892 1109 1073 1163 .labini
1101 1108 1360 1162 vicarium
1395 1105 1738 1177 pervenisset
1765 1102 1906 1155 fama
1938 1139 1953 1162 ,
1989 1099 2079 1152 ille
2182 1106 2385 1174 populo
2419 1107 2689 1172 imperare
2715 1100 2966 1170 cupiunt,
3001 1115 3096 1152 vos
3118 1107 3300 1151 autem
3330 1106 3575 1152 vestrum
3610 1100 3765 1151 auxi.

490 1205 557 1257 ad
595 1205 743 1274 ipsos
777 1203 947 1257 movit
982 1221 995 1268 ;
1044 1202 1113 1256 ad
1172 1215 1333 1272 quem
1379 1216 1408 1254 e
1460 1208 1647 1253 monte
1686 1192 2079 1249 desceltdenles
2185 1200 2315 1254 litim
2353 1197 2484 1251 milii
2523 1196 2781 1266 prtebete,
2812 1208 2920 1264 quo
2957 1194 3109 1249 solus
3145 1192 3251 1246 illis
3295 1193 3582 1258 imperem,
3606 1205 3768 1244 'unns

495 1296 719 1355 victoria
752 1297 801 1348 in
835 1296 1013 1364 ipsum
1044 1295 1233 1347 donati
1291 1303 1418 1347 sum
1446 1332 1462 1356 ν
1528 1290 1663 1343 adeo
1702 1296 1761 1341 ιιι
1817 1286 1909 1356 Qui
1955 1299 2077 1338 cum
2183 1292 2328 1346 enim
2356 1290 2553 1343 tnelius
2576 1303 2736 1359 quam
2768 1288 3116 1357 septuag'nta
3143 1284 3403 1353 populum
3432 1291 3600 1351 reget.
3628 1283 3766 1335 Cum

495 1390 679 1445 Sisera
710 1389 890 1443 labini
922 1387 1128 1442 vicario
1158 1395 1342 1441 essent
1372 1400 1588 1447 omnes,
1618 1381 1902 1435 occidione
1931 1377 2083 1431 dele-
2184 1398 2315 1454 ergo
2350 1381 2693 1451 septuaginta
2739 1380 2945 1432 talenta
2990 1377 3201 1446 argenti
3236 1375 3339 1445 ipsi
3371 1390 3401 1430 e
3436 1374 3600 1428 domo
3632 1374 3771 1427 idoli

496 1494 684 1536 l'cnttll‘
713 1500 726 1540 ;
760 1482 875 1547 ipse
906 1496 1036 1533 vero
1071 1480 1288 1547 fugiens
1343 1477 1726 1546 ingrederetur
1774 1473 2076 1527 tentorium
2186 1474 2313 1529 Bacl
2353 1472 2733 1534 tradidissent,
2773 1471 3016 1539 acceptis
3055 1470 3144 1523 ille
3174 1482 3363 1523 secum
3410 1468 3566 1528 viris,
3617 1475 3669 1519 et
3697 1465 3773 1519 ad

493 1574 659 1630 Jaelis
694 1574 882 1628 uxoris
919 1572 1110 1626 lleberi
1138 1571 1322 1625 Κειιωί
1355 1570 1441 1639 (id
1472 1577 1553 1623 est
1586 1567 1855 1636 eposteris
1895 1564 2079 1627 Kaini,
2187 1566 2405 1621 domum
2461 1562 2635 1633 patris
2677 1560 2761 1614 sui
2814 1559 2997 1629 Opbra
3048 1558 3356 1626 profectus,
3418 1555 3776 1623 septuaginta

494 1668 586 1738 qni
617 1683 774 1722 socer
811 1665 913 1719 fuit
945 1663 1132 1726 Musis,
1189 1663 1322 1716 alias
1352 1660 1540 1715 Jetltro
1568 1659 1877 1729 appellatus
1904 1659 1919 1725 )
1953 1670 2074 1724 qua:
2120 1693 2165 1753 Β
2193 1659 2394 1713 fratres
2426 1670 2556 1711 suos
2604 1652 2904 1716 interfecit,
2936 1667 3045 1706 uno
3098 1656 3313 1703 tantum
3346 1663 3410 1703 ex
3464 1646 3597 1714 ipsis
3645 1660 3746 1697 eva

495 1759 699 1827 ipsum,
724 1754 865 1825 apud
901 1771 959 1809 se
989 1753 1375 1808 absconditum
1400 1791 1414 1814 ,
1445 1749 1590 1819 quod
1648 1749 1855 1802 biberet
1896 1756 2081 1816 peten-
2121 1737 2165 1753 “’
2194 1751 2383 1813 dente,
2424 1750 2672 1801 omnium
2728 1744 2976 1807 minimo,
3022 1741 3111 1795 cui
3153 1755 3347 1794 nomen
3399 1737 3647 1798 Jutbam,
3679 1737 3775 1804 qui

498 1861 629 1912 tem,
664 1849 802 1902 lat-te
827 1845 1069 1915 potavit,
1125 1844 1191 1898 ad
1241 1845 1415 1914 ipsum
1466 1841 1862 1911 probandum,
1919 1848 2088 1908 utque
2195 1843 2422 1897 Beeram
2486 1838 2702 1908 fugiens
2750 1835 2825 1890 ibi
2886 1836 3210 1905 permansit.
3258 1832 3395 1886 Cum
3447 1832 3778 1899 imperasset

502 1940 845 2010 perspiceret
885 1951 1012 1991 num
1074 1951 1207 1990 sano
1272 1945 1415 1989 esset
1471 1934 1793 1995 intellectu.
1867 1946 2087 1984 necne!
2196 1942 2376 1989 autem
2404 1929 2717 1985 Abimeleclt
2740 1926 2916 1981 tribus
2938 1925 3488 1991 annis,insurgentes
3517 1922 3571 1973 in
3598 1923 3776 1988 ipsum

499 2032 647 2104 quod
704 2030 795 2085 ille
841 2037 1073 2100 epotum
1136 2043 1333 2096 aquam
1376 2041 1499 2081 esse
1550 2025 1904 2079 exisﬁmavil.
1955 2023 2091 2077 Cum
2199 2027 2394 2084 incolae
2430 2021 2665 2077 Nabeles
2701 2019 2877 2089 ipsum
2913 2015 3116 2084 pellere
3160 2012 3477 2067 voluerunt.
3522 2010 3613 2063 Ille
3640 2024 3774 2078 ergo

499 2138 631 2195 ergo
661 2125 839 2193 ipsum
866 2119 1201 2177 decumbere
1222 2118 1464 2180 fecisset,
1492 2124 1736 2185 tempora
1768 2115 1869 2183 ipsi
1890 2114 2091 2183 paxillo
2197 2118 2444 2175 collectis
2479 2114 2647 2171 sociis
2680 2111 2798 2165 suis
2830 2121 3028 2177 magna
3077 2108 3229 2175 ipsos
3258 2114 3438 2171 strage
3478 2102 3777 2163 interemit,

506 2214 733 2271 tentorii
767 2213 1042 2268 transfixit
1076 2212 1212 2266 adeo
1246 2220 1302 2263 ut
1334 2208 1574 2278 paxilius
1614 2219 1772 2261 tet-rre
1814 2210 2089 2275 llgeretnr,
2197 2222 2564 2282 egressusque
2612 2221 2678 2260 ex
2732 2202 2871 2256 urbe
2932 2198 3208 2269 congestis
3256 2195 3400 2250 circa
3455 2207 3575 2247 eam
3622 2190 3781 2259 lignis

502 2306 725 2375 ipseque
756 2311 1100 2366 moreretur;
1137 2302 1289 2354 illum
1314 2314 1444 2369 ergo
1492 2306 1767 2351 mortuum
1813 2311 1936 2350 cunt
1990 2310 2082 2348 re-
2199 2307 2376 2377 ignem
2410 2303 2518 2373 ipsi
2554 2298 2765 2369 iniecit,
2799 2293 2936 2349 adeo
2964 2303 3045 2355 ut,
3090 2304 3198 2345 una
3231 2304 3354 2343 eum
3396 2285 3658 2341 omnibus
3688 2283 3780 2351 qui

506 2401 738 2472 perisset
776 2397 1051 2459 Deliorab,
1089 2396 1204 2465 ipsa
1236 2409 1299 2449 ac
1335 2395 1507 2448 Barac
1561 2393 1626 2445 ad
1660 2392 1916 2446 Jabinum
1951 2387 2095 2443 Ciia-
2201 2375 2255 2453 iii
2299 2398 2414 2466 ipsa
2446 2400 2652 2456 essent,
2681 2387 3064 2454 conflagraret.
3098 2380 3236 2434 Tum
3271 2381 3339 2434 ad
3383 2385 3625 2432 montem
3672 2375 3784 2426 Να-

507 2492 676 2545 naani
713 2505 891 2560 regem
926 2487 1198 2559 profecti,
1230 2486 1381 2541 illum
1434 2492 1748 2554 superatum
1804 2497 1909 2535 una
1970 2495 2093 2535 ctttn
2202 2490 2360 2560 υςιεδί
2393 2499 2652 2556 egressus
2691 2482 2866 2553 ipsum
2899 2477 3193 2534 obsidione
3237 2473 3431 2536 cinxit,
3472 2470 3630 2537 cuius
3679 2482 3775 2521 arx

506 2584 735 2639 asseclis
773 2581 948 2651 ipsius
985 2579 1242 2633 omnibus
1268 2552 1683 2633 interfecerunt.
1719 2573 1945 2629 Praefuit
1997 2589 2097 2626 au-
2201 2552 2619 2656 standis'ms
2646 2574 2941 2630 admodum
2980 2572 3101 2633 fuit.
3151 2584 3182 2624 ει
3212 2568 3373 2636 cuius
3407 2564 3623 2633 [δείξείο
3666 2576 3785 2613 mu-

508 2686 616 2731 lem
643 2675 845 2744 POPUIO
885 2672 1135 2727 ῧθῑιοηιι
1164 2686 1350 2726 ³111³08
1387 2668 1776 2739 quadraginta.
2203 2652 2304 2730 lier
2341 2672 2592 2743 quaedam
2638 2665 2874 2736 lapidem
2926 2662 3159 2732 deiecit,
3197 2659 3291 2730 qui
3346 2658 3402 2712 in
3441 2652 3781 2709 Altitueleclii

580 2741 695 2830 Q'la
715 2741 940 2818 ἠιοιῑυα
971 2777 1224 2818 reversos
1256 2761 1322 2815 ad
1350 2760 1713 2815 ίάοιοιίιινῖθιη
1773 2756 2051 2812 “melius
2081 2797 2096 2818 ι
2203 2741 2373 2838 caput
2395 2764 2621 2820 decidit.
2649 2760 2746 2815 llle
2772 2767 2957 2813 autem
2990 2755 3083 2809 ubi
3132 2760 3362 2806 mortem
3393 2741 3784 2820 [ingruentem]

510 2860 565 2913 in
601 2862 928 2926 potestatem
961 2868 1114 2908 suain
1146 2854 1475 2921 redegerunt
1505 2850 1815 2905 Madianitae
1875 2850 2015 2903 Oreb
2049 2856 2101 2901 et

2239 2837 2399 2926 ensit,
2430 2870 2598 2928 puero
2626 2853 2716 2925 qui
2755 2850 2857 2921 ipsi
2888 2861 3056 2919 prope
3092 2843 3266 2900 astitit
3313 2842 3495 2897 dixit:
3530 2837 3784 2908 Jugulum

511 2951 648 3016 Zeb,
685 2949 777 3019 qui
813 2949 939 3003 illos
977 2956 1185 3016 septem
1214 2945 1373 2999 annis
1400 2943 1536 2998 dure
1569 2951 1625 2997 et
1661 2942 1956 2996 crudeliter
2015 2956 2103 2993 re-

2239 2954 2341 3010 :iilii
2355 2950 2532 3025 gladio
2550 2947 2716 3003 ferito
2732 2958 2841 3015 quo
2860 2942 3086 3003 moriar,
3114 2954 3182 2992 ne
3194 2936 3411 2991 dicatur
3426 2932 3697 2985 occidisse
3710 2943 3790 2980 me

517 3053 741 3105 xerunt.
767 3042 835 3096 ab
860 3041 992 3108 ipsis
1020 3053 1212 3110 pecora
1239 3077 1256 3103 ,
1292 3036 1451 3108 124
1477 3037 1641 3091 boves
1685 3041 1739 3090 et
1786 3050 1916 3105 epes
1961 3033 2103 3088 acci-

2239 3024 2515 3112 aulierem;
2530 3041 2623 3112 qui
2646 3039 2823 3109 ipsum
2837 3034 3014 3105 gladio
3033 3044 3352 3103 percussum
3374 3024 3674 3081 interfecit.

520 3136 756 3206 pientes.
798 3135 1003 3189 Contra
1034 3148 1174 3201 quos
1207 3146 1466 3200 egressus
1495 3128 1704 3183 Gideon
1752 3126 1900 3182 Joasi
1934 3125 2099 3189 filius,
2141 3115 2172 3120 —
2276 3144 2399 3214 ιρςο
2437 3145 2654 3192 mortuo
2692 3128 2889 3202 popqu
2927 3123 3214 3195 imperavit
3250 3120 3379 3176 Juas
3401 3119 3546 3173 filius
3568 3115 3787 3175 Pltudte.

512 3245 544 3284 e
578 3229 721 3282 tribu
755 3226 1045 3291 Mauassis,
1075 3223 1377 3294 assumptis
1412 3238 1598 3279 secum
1634 3229 1797 3276 noctu
1857 3236 1887 3274 e
1920 3219 2095 3274 servis
2213 3207 2316 3293 ,υἱέ
2333 3221 2966 3288 ιιηιειειτῑυυιςεειηιτ,
2987 3232 3162 3277 annos
3181 3213 3368 3283 viginti
3387 3220 3519 3276 tres;
3537 3209 3627 3278 qui
3642 3207 3796 3262 dein-

521 3321 640 3375 suis
678 3322 869 3374 decem
904 3317 1059 3382 viris,
1097 3315 1273 3370 Baelis
1306 3315 1435 3369 idoli
1463 3314 1724 3382 tctnplum
1749 3312 1937 3375 diruit,
1957 3310 2103 3383 quod
2207 3330 2275 3384 de
2295 3323 2619 3382 ωοηιιυείη
2656 3317 2835 3373 Samir
2856 3312 3103 3383 sepultus
3126 3317 3230 3364 est.
3269 3307 3592 3372 Postipsum
3624 3316 3799 3372 popu-

518 3426 647 3466 eum
677 3409 990 3464 Madianitis
1032 3408 1269 3462 innotuit
1301 3444 1320 3472 ,
1355 3406 1423 3459 ab
1468 3405 1602 3473 ipsis
1629 3403 1774 3472 fuga]
1814 3417 1873 3457 se
1936 3402 2105 3469 prori-

2239 3437 2260 3475 s
2288 3417 2502 3490 prazfuit
2521 3413 2637 3468 Jair
2673 3410 2861 3480 Algadi
2884 3408 3028 3461 filius
3044 3422 3073 3460 e
3090 3404 3233 3458 tribu
3249 3400 3515 3455 Manassis
3532 3412 3703 3450 annos
3720 3394 3803 3490 vi-

523 3504 683 3573 puit;
722 3501 920 3556 deinde
945 3498 1291 3567 congregatis
1323 3513 1385 3551 ex
1418 3495 1682 3549 lsraelitis
1723 3493 1855 3548 viris
1891 3501 2102 3547 trecett-
2217 3484 2357 3584 sui“
2384 3509 2552 3573 duos;
2573 3496 3189 3567 cuiﬁliieranltriginta
3213 3491 3618 3562 duoquiipsum
3639 3484 3803 3556 equis

513 3594 587 3647 tis
612 3593 733 3647 illos
762 3598 925 3645 noctu
950 3590 1241 3649 accedens,
1275 3586 1362 3639 ubi
1398 3586 1463 3637 ad
1492 3584 1908 3637 Madianitarum
1938 3597 2103 3638 exer-
2210 3578 2351 3660 {mea
2418 3597 2823 3670 sequebamur;
2884 3590 3082 3646 dcinde
3144 3594 3393 3641 ...οτιιιυε
3451 3584 3502 3635 in
3562 3578 3800 3632 [ismara

516 3685 686 3738 cilllll)
740 3683 1093 3752 pervenisset,
1149 3680 1280 3734 viris
1348 3678 1463 3731 suis
1529 3678 1739 3730 circum
1804 3676 2105 3729 exercitum
2211 3694 2456 3765 sepultus
2494 3696 2599 3746 est.
2636 3687 2732 3742 ιιιο
2759 3692 2976 3739 πηοτιυο
3002 3696 3126 3736 cum
3165 3678 3372 3733 reversi
3403 3682 3587 3730 essent
3619 3671 3801 3723 lsrae.

517 3774 801 3843 (Ῑίδβθτδίδν
841 3781 1098 3844 tympana
1129 3771 1394 3842 Ρυ¹⁵³νί¹ν
1432 3769 1692 3837 “bisque
1726 3767 2108 3837 Clanxuiqlo
2212 3764 2321 3841 lita!
2351 3785 2418 3839 ad
2460 3783 2671 3838 cultum
2721 3778 2991 3833 idolorum
3030 3772 3260 3832 Baalim,
3301 3777 3355 3822 et
3402 3764 3701 3821 Asbtarotb
3748 3769 3810 3815 et

519 3864 722 3934 pacto)
757 3865 913 3919 fracti
950 3864 1256 3918 Madianitze
1283 3901 1299 3928 ,
1365 3862 1598 3931 aliisque
1658 3859 1795 3913 alios
1841 3859 2110 3913 cadentes

2239 3878 2372 3942 iael,
2425 3888 2528 3930 nec
2576 3887 2688 3926 non
2742 3871 2968 3923 deorum
3018 3863 3226 3935 Syriae,
3278 3857 3543 3918 Sidonis,
3605 3853 3803 3911 Moab.

484 3973 702 4019 coram
730 3956 997 4013 lsraelitis
1061 3958 1345 4025 fugerunt.
1387 3952 1624 4023 Scripsit
1682 3962 1865 4005 autem
1903 3948 2108 4003 Gideon
2214 3972 2474 4033 Ammon,
2500 3974 2556 4021 ει
2582 3961 2916 4024 palmum},
2944 3956 3304 4026 pmvaiemes
3338 3949 3536 4020 ροριιιο
3570 3946 3811 4001 Animo.

520 4050 586 4104 a‘l
616 4047 895 4102 ¹⁵τ³θ¹ί¹³³
925 4061 956 4101 θ
990 4046 1137 4100 "ib"
1168 4042 1462 4113 Epl'ram"
1498 4042 1591 4110 qui
1626 4041 1678 4094 i"
1706 4039 1963 4110 p"”“’"5
1984 4038 2111 4094 J0"
2217 4066 2364 4128 uitae,
2393 4060 2530 4128 ipsis
2556 4072 2680 4113 cum
2715 4052 2963 4118 tristitia,
2991 4048 3192 4104 duritie
3217 4054 3270 4100 et
3292 4041 3615 4099 crudelitate
3644 4040 3818 4092 annis

521 4142 647 4196 dani
679 4140 1059 4211 adiacentibus
1089 4137 1375 4207 degerent,
1410 4142 1469 4188 ut
1499 4133 1706 4205 egressi
1755 4132 2069 4187 Madianitis
2096 4173 2110 4197 ,
2215 4152 2517 4209 octodecim
2571 4149 2911 4215 imperarunt
2950 4157 2966 4195 ς
3015 4140 3150 4210 quin
3206 4143 3264 4192 er
3306 4133 3600 4189 Jordanem
3654 4139 3825 4182 ira"-

523 4241 708 4302 utpote
743 4235 795 4286 iit
820 4231 1007 4301 fugam
1032 4229 1336 4292 conversis,
1369 4236 1764 4281 occurrerent:
1793 4226 1885 4294 qui
1909 4225 2114 4293 egressi
2217 4247 2430 4302 siem,“
2460 4239 2529 4295 0d
2554 4233 2953 4309 oppugnandos
3000 4229 3301 4289 “melius,
3332 4224 3488 4279 ludas
3524 4236 3726 4290 nempe
3763 4230 3824 4273 et

524 4341 720 4395 magna
750 4324 871 4378 Ῑίιοε
903 4330 1085 4393 εινεεθ
1132 4327 1525 4391 Ρθτειυθτυηί»
1588 4319 1877 4387 (minisque
1932 4316 2113 4371 θνθυο
2218 4333 2558 4405 Benjaminis
2609 4330 2768 4390 illius,
2808 4325 2900 4396 qui
2938 4324 3010 4378 ob
3054 4322 3205 4391 ipsos
3242 4332 3438 4388 magno
3485 4325 3634 4370 metu
3670 4329 3827 4367 con-

524 4426 580 4470 et
612 4415 802 4479 Zeibo,
834 4413 1255 4468 Madianitarunt
1282 4412 1526 4478 regibus,
1553 4408 1696 4464 Oreb
1724 4411 1775 4463 iii
1808 4411 1924 4477 ripa
1948 4409 2109 4472 Oreb,
2141 4406 2190 4467 Ι)
2226 4425 2455 4484 summa
2488 4432 2640 4477 sum.
2668 4418 2808 4474 Cum
2853 4430 2983 4485 ergo
3009 4426 3184 4482 usque
3212 4408 3423 4463 uilem“
3464 4407 3654 4460 urbem
3688 4421 3833 4473 μοι.-

526 4506 659 4563 Zeib
695 4507 748 4560 in
786 4520 911 4559 area
947 4503 1099 4557 Zeibi
1132 4502 1445 4556 occisorum
1493 4501 1678 4569 capita
1712 4501 1781 4555 ad
1806 4498 2105 4554 Gideonem
2222 4520 2502 4574 venissem
2528 4510 2877 4575 Ammonius,
2912 4503 3233 4575 congregati
3285 4500 3565 4571 prinCipes
3594 4499 3833 4567 ροριιιι,

527 4601 595 4654 ad
628 4599 818 4652 urbem
855 4596 1103 4651 Sltuccut
1149 4594 1467 4659 miseruut';
1523 4594 1681 4663 cujus
1735 4592 2015 4666 [incolas]
2058 4602 2115 4645 tit
2225 4611 2483 4666 dixem";
2520 4626 2533 4662 ε
2569 4605 2623 4660 Si
2675 4603 2803 4674 quis
2853 4599 3213 4654 Ammouilas
3251 4594 3427 4665 pugna
3463 4590 3838 4661 aggredietur

529 4691 793 4747 exercitui
830 4703 935 4744 suo
969 4689 1151 4743 cibum
1185 4688 1495 4757 praeberent
1520 4703 1726 4757 eosque
1753 4688 1992 4757 Ιιοερίιὶο
2023 4703 2117 4740 ex-

531 4784 778 4853 ciperent
807 4797 931 4837 cum
966 4791 1209 4851 rogaret,
1236 4781 1677 4863 .reSponderunt
1733 4781 1806 4834 illi
1842 4797 1857 4831 :
1906 4780 2019 4833 lmo
2070 4779 2115 4833 si

532 4887 721 4934 essent
762 4887 945 4933 tecum
972 4878 1155 4948 capita
1191 4875 1357 4930 Zabai
1391 4885 1446 4931 et
1481 4876 1757 4932 Salmanai
1782 4892 1967 4946 regum
2001 4875 2120 4928 Ma-

539 4971 902 5036 dianitarum,
927 4979 1049 5024 tum:
1068 4971 1372 5025 exercitum
1400 4980 1551 5023 tuutn
1581 4971 1705 5026 cibo
1728 4979 1782 5024 et
1810 4982 2117 5024 cotmneatu

536 5065 908 5120 reficeremus.
942 5064 1168 5120 Relictis
1199 5078 1332 5135 ergo
1362 5064 1471 5118 illis
1511 5071 1704 5119 contra
1764 5062 2005 5118 Zabauiu
2064 5073 2124 5118 et

538 5161 930 5223 Salmanaum,
970 5156 1391 5213 Madianitarum
1491 5172 1643 5229 reges
1679 5156 2116 5227 profectuszqui

539 5271 667 5311 cum
704 5255 997 5324 quinquies
1037 5251 1185 5306 inille
1213 5252 1358 5305 bello
1404 5251 1617 5305 idoneis
1656 5250 1913 5313 fuerunt,
1959 5262 2017 5305 ct
2063 5251 2119 5303 in

543 5348 693 5415 ipsos
723 5343 952 5399 victoria
993 5342 1223 5408 potitus,
1252 5341 1400 5409 ipsos
1434 5355 1556 5394 cum
1605 5341 1832 5396 asseclis
1886 5341 2001 5395 suis
2034 5341 2121 5394 in-

542 5436 775 5491 teremit.
808 5434 1013 5489 Deinde
1043 5433 1109 5487 ad
1143 5433 1389 5486 Sltuccut
1414 5446 1669 5486 reversus
1688 5448 1830 5499 eam,
1864 5434 2118 5487 omnibus

540 5530 631 5594 qui
669 5526 1021 5596 125-127
1058 5526 1111 5578 in
1146 5526 1262 5593 ipsa
1294 5538 1452 5579 erant
1515 5541 1547 5581 e
1611 5526 1793 5580 medio
1841 5526 2072 5579 sublatis
2105 5564 2120 5586 .

540 5616 758 5669 delevit.
794 5617 1040 5672 Fuerunt
1075 5628 1252 5671 autem
1279 5616 1514 5671 Gideuui
1569 5618 1663 5671 filii
1732 5619 2073 5688 septuaginta
2104 5636 2117 5683 ;

545 5707 645 5759 fuit
676 5710 838 5760 etiam
876 5712 977 5777 ipsi
1011 5713 1312 5767 concubina
1347 5728 1405 5768 ex
1446 5712 1665 5785 [urbe]
1723 5713 1953 5769 Nabeles
1999 5730 2116 5784 qua:

2223 4705 2329 4763 erit
2373 4700 2547 4755 nobis
2575 4698 2629 4751 iit
2668 4695 2991 4765 principem.
3030 4690 3154 4745 Fuit
3218 4698 3397 4744 autem
3445 4682 3683 4754 Jeplitali
3724 4683 3835 4737 Gi-

2227 4795 2371 4851 leadi
2408 4792 2574 4856 filius,
2620 4805 2650 4845 e
2679 4790 2825 4844 tribu
2870 4786 3162 4846 Manassis,
3210 4783 3293 4837 vir
3334 4781 3501 4834 fortis
3528 4788 3580 4831 et
3613 4777 3840 4831 robore

2228 4896 2534 4957 prteStans;
2563 4895 2841 4951 quemque
2863 4893 2989 4931 cum
3028 4876 3178 4929 illius
3204 4880 3351 4928 esset
3378 4870 3626 4925 mulieris
3664 4868 3842 4923 fura-

2229 4979 2332 5045 cis,
2364 4978 2686 5047 repulerunt
2735 4974 2935 5025 fratres
2969 4967 3317 5038 129-131
3363 4965 3538 5038 ipsius
3587 4960 3840 5016 abdica-

2231 5081 2457 5140 tumque
2505 5068 2571 5121 ad
2605 5063 2979 5120 hereditatem
3023 5077 3130 5117 non
3164 5061 3510 5115 admiserunt
3532 5093 3547 5119 ,
3586 5053 3745 5108 adeo
3780 5063 3844 5107 ut

2230 5163 2287 5217 in
2325 5170 2527 5216 terram
2560 5156 2672 5213 Tob
2709 5156 2777 5210 ab
2822 5153 2956 5225 ipsis
2990 5152 3218 5223 fugeret.
3257 5150 3336 5204 Ad
3384 5148 3534 5202 illum
3582 5159 3845 5215 congre-

2230 5253 2340 5324 gati
2368 5251 2471 5306 viri
2507 5262 2775 5320 pauperes
2814 5245 3160 5301 Antmonitas
3197 5248 3600 5313 oppugnarunt.

2308 5332 2495 5413 Quare
2527 5342 2734 5414 egressi
2781 5342 2845 5395 ad
2874 5338 3205 5409 Jeplitaltum
3238 5338 3504 5407 primores
3535 5331 3695 5387 urbis
3734 5333 3852 5390 Gi-

2237 5438 2395 5501 leacl,
2429 5437 2610 5505 ipsum
2662 5439 2924 5502 rogarunt
2970 5440 3028 5485 ut
3067 5426 3382 5484 manusua
3430 5428 3643 5479 ﬁrmata
3701 5439 3857 5480 cum

2235 5527 2569 5584 Ammonitis
2619 5532 2910 5596 pugnaret,
2974 5523 3221 5593 ipsisque
3273 5521 3527 5591 princeps
3591 5530 3653 5569 ac
3725 5528 3860 5571 (tux

2238 5628 2405 5676 esset.
2443 5618 2659 5683 Quibus
2702 5629 2952 5669 annuens
2991 5614 3102 5679 illc,
3127 5611 3379 5666 collectis
3414 5608 3588 5679 copiis
3642 5606 3866 5673 profeo

2243 5725 2366 5770 eius
2396 5724 2473 5767 est
2504 5709 2571 5765 ad
2602 5708 2803 5766 bellum
2826 5722 2948 5764 cuin
2980 5704 3309 5760 Ammonitis
3344 5700 3658 5772 gerendum,
3706 5708 3864 5757 voto
