4034 6214
354 347 456 411 9T1

1794 341 2160 400 ANNALES.

3489 328 3592 390 938

356 457 418 493 se
450 440 662 494 interim
702 440 806 515 Deo
837 437 1206 506 obstringens,
1231 449 1353 487 rum
1384 434 1485 502 ipsi
1516 436 1567 485 in
1603 433 1726 485 illos
1753 432 1924 484 victo-
1947 438 1996 495 Α
2027 436 2402 502 imposuerunt
2430 431 2661 486 Samson
2681 470 2694 484 .
2739 428 2838 484 Hic
2867 429 2974 499 jam
3007 426 3263 496 grandior
3295 425 3492 491 factus,
3528 426 3592 479 ad

361 534 496 586 riam
542 529 863 584 concederet
911 528 1192 590 Dominus,
1237 529 1472 595 primum
1525 540 1584 578 se
1634 525 1725 591 qui
1761 522 1859 591 ipsi
1891 537 1922 576 e

361 627 523 678 domo
551 637 647 677 sua
677 630 992 676 occurreret
1025 622 1076 673 in
1120 620 1396 672 victimam
1451 617 1560 671 Deo
1586 615 1920 669 oblaturum.

364 715 659 770 Victoriam
705 722 888 766 autem
918 712 1192 768 concessit
1229 711 1332 780 ipsi
1384 709 1670 772 Dominus,
1701 709 1834 762 adeo
1866 713 1926 761 ut

361 807 700 862 Ammonitas
749 815 931 872 strage
984 819 1173 873 magna
1218 802 1474 864 aliiccret,
1519 810 1573 852 et.
1616 800 1805 869 viginti
1858 799 1926 850 ab

363 901 497 967 ipsis
547 899 709 950 urbes
758 897 1039 964 eriperet:
1078 911 1186 963 qtto
1245 893 1430 946 audito
1481 907 1700 962 egressa
1750 890 1924 953 ipsius

365 987 473 1040 lilia
515 986 579 1038 ad
621 995 833 1054 portam
871 999 992 1037 cum
1043 982 1298 1036 omnibus
1353 982 1505 1036 lusus
1549 979 1928 1032 instrumentis

363 1076 574 1150 [veluti]
613 1076 882 1146 tympanis
913 1082 968 1127 et
1011 1073 1293 1142 cymbalis,
1337 1072 1390 1126 in
1442 1085 1730 1124 occursum
1761 1070 1930 1138 patris

365 1171 447 1225 sui
481 1171 645 1230 stetit.
678 1169 814 1221 adeo
851 1177 910 1220 ut
958 1169 1133 1234 primo
1163 1167 1264 1235 ipsi
1313 1165 1379 1218 ad
1421 1166 1618 1218 domus
1670 1178 1780 1217 suae
1809 1176 1933 1230 por-

365 1271 475 1314 tam
507 1259 718 1312 obviam
763 1258 914 1310 ﬁeret
950 1257 1059 1311 lilia
1102 1256 1292 1325 ipsius.
1345 1268 1543 1325 praeter
1575 1269 1741 1325 quam
1785 1253 1930 1305 nulla

367 1352 468 1420 ipsi
504 1352 686 1420 proles
731 1348 850 1404 l'uit.
887 1347 1011 1402 Visa
1042 1362 1171 1416 ergo
1219 1347 1332 1410 illa,
1366 1359 1543 1400 vestes
1587 1359 1716 1400 suas
1744 1343 1932 1407 scidit,

369 1443 574 1510 ingenti
607 1439 832 1494 allectus
855 1439 1066 1493 dolore.
1098 1438 1190 1491 Illa
1230 1447 1408 1491 autem
1440 1455 1454 1490 :
1494 1436 1569 1490 Ne
1596 1438 1805 1494 doleas.
1848 1436 1934 1487 in-

368 1535 503 1602 qttit,
539 1549 573 1588 0
616 1543 792 1603 pater,
837 1533 932 1586 sed
964 1530 1108 1601 quod
1144 1531 1332 1583 vovisti
1370 1530 1572 1593 facias;
1610 1528 1822 1581 dimitte
1853 1544 1937 1581 me

369 1636 598 1690 tantum,
629 1632 708 1691 ut,
735 1623 1077 1694 congregatis
1097 1623 1286 1690 puellis
1305 1623 1437 1676 meis
1461 1621 1784 1690 virginibus,
1811 1636 1934 1674 cum

371 1715 503 1783 ipsis
541 1723 776 1768 montem
825 1715 1198 1767 conscendens
1253 1713 1516 1780 meipsam
1570 1713 1820 1779 lugeam,
1883 1720 1937 1762 et

367 1807 705 1875 juventutem
738 1820 914 1858 meam
963 1802 1210 1858 deﬂeam.
1242 1802 1300 1856 lu
1337 1811 1518 1856 monte
1545 1817 1674 1871 ergo
1704 1801 1940 1869 seipsam

372 1897 633 1967 plangi-ns
665 1897 804 1950 duos
840 1910 1053 1950 menses
1082 1894 1401 1964 permansit.
1432 1892 1686 1961 Jephtahi
1722 1893 1941 1946 interim

373 1991 530 2042 amici
561 1989 666 2056 ipsi
695 1988 986 2041 consilium
1017 1985 1308 2052 dederunt,
1352 1993 1410 2039 ttt
1457 1984 1792 2039 Phineasum
1825 1999 1949 2053 pro-

377 2081 612 2148 phetam,
656 2079 810 2147 132
842 2077 1008 2131 lilium
1046 2077 1313 2141 Eleazari,
1348 2077 1444 2130 lilii
1476 2076 1738 2141 Ahronis,
1770 2076 1944 2143 ipsum

376 2173 729 2226 consulturus
785 2173 988 2231 adiret,
1047 2170 1140 2240 qui
1200 2170 1302 2238 ipsi
1359 2169 1543 2223 forsan
1621 2183 1946 2237 responsum

378 2265 532 2318 daret
579 2279 686 2332 quo
741 2262 1065 2316 liberaretur
1125 2261 1298 2330 ipsius
1355 2261 1484 2314 lilia.
1544 2259 1710 2313 Movit
1767 2269 1946 2312 autem

382 2359 558 2424 ipsum
606 2358 865 2422 majestas
908 2354 1052 2423 regia
1101 2369 1171 2408 ne
1206 2353 1354 2405 illum
1403 2353 1597 2416 adiret,
1633 2361 1686 2404 et
1717 2351 1950 2404 Phinea-

381 2463 499 2500 sum
545 2446 786 2516 dignitas
830 2447 1149 2515 prbphetica
1200 2461 1266 2498 ne
1309 2444 1374 2497 ad
1429 2446 1602 2512 ipsum
1639 2443 1948 2496 accederet.

382 2539 507 2592 Post
533 2540 674 2594 duos
714 2555 841 2608 ergo
876 2555 1090 2592 menses
1119 2538 1466 2592 constituens
1495 2533 1724 2604 Jepbtah
1749 2536 1951 2591 .Iudaeis

384 2636 574 2684 Iustum
610 2645 886 2699 magnum,
921 2629 1107 2681 eodem
1141 2627 1228 2680 die
1256 2627 1420 2680 litium
1450 2642 1600 2680 suam
1632 2625 1950 2688 immolavit,

385 2725 693 2792 festumque
750 2723 884 2777 illttd
933 2721 1128 2776 festum
1159 2721 1409 2788 planctus
1463 2718 1768 2787 appellavil.
1808 2718 1942 2768 'l‘utn

385 2817 448 2868 ad
477 2814 720 2884 ,Jephtah
755 2816 1065 2883 congregati
1104 2811 1455 2880 Ephraimitze
1504 2825 1556 2862 ιιι
1587 2809 1719 2861 urbe
1747 2807 1951 2870 Sekim,

387 2911 644 2960 dixerunt
673 2907 750 2959 illi
784 2925 797 2959 :
837 2908 1016 2970 Quare
1048 2902 1113 2955 ad
1147 2902 1342 2956 bellum
1373 2912 1563 2953 contra
1614 2900 1954 2952 Ammonitas

387 3000 660 3070 profectus
688 3015 746 3054 es
785 2998 938 3050 nobis
973 2995 1294 3050 inconsultis
1325 3033 1340 3058 ,
1372 3007 1469 3046 nec
1500 3010 1528 3046 e
1578 2993 1734 3045 nobis
1760 3008 1951 3061 quem-

2032 528 2218 580 nrbem
2271 527 2645 580 Themnanam
2700 522 3000 594 profectus.
3035 519 3327 588 quamdam
3381 534 3447 573 ex
3496 519 3596 572 tri~

2031 620 2196 673 bnum
2246 619 2670 690 alienigenarum
2721 617 2936 671 ﬁliabus
2964 613 3268 683 conspexit,
3294 624 3455 682 quam
3495 611 3598 664 sibi

2033 727 2253 766 uxorem
2281 712 2456 771 duxit.
2487 722 2540 764 et
2568 711 2707 778 apud
2732 711 2902 777 ipsam
2930 706 3110 775 aliquo
3136 703 3395 771 temporis
3425 702 3603 770 spatio

2035 804 2350 872 permansit.
2410 801 2611 855 Deinde
2637 801 2822 853 relicta
2861 813 2946 861 ea,
2973 797 3037 851 ad
3085 794 3370 850 Askelonis
3423 803 3602 862 partes

2031 892 2328 960 profectus,
2360 893 2431 945 ibi
2479 891 2826 945 latrocinium
2892 889 3138 944 exercuit
3187 905 3200 940 :
3255 891 3604 940 transeuntes

2033 1001 2162 1054 ergo
2190 986 2314 1038 illac
2343 985 2487 1038 viros
2517 983 2758 1054 triginta.
2801 998 2925 1036 cum
2965 983 3016 1036 vi
3047 995 3334 1050 aggressus
3360 977 3602 1033 vestibus

2037 1077 2348 1145 Spoliasset,
2383 1077 2448 1127 ad
2499 1077 2687 1129 uxoris
2731 1089 2844 1126 sua:
2887 1073 3105 1126 domum
3140 1070 3512 1123 Themnauam
3547 1084 3605 1124 se

2039 1168 2288 1220 contulit.
2324 1149 2648 1219 lllum‘vero
2685 1167 2753 1219 ab
2785 1167 2895 1234 ipsa
2939 1163 3187 1218 cohibuit
3221 1169 3372 1230 pater
3408 1161 3601 1230 ipsius.

2039 1259 2268 1312 dict-ns:
2309 1259 2456 1312 Illam
2514 1260 2605 1312 alii
2660 1259 2712 1311 in
2755 1274 2978 1311 uxorem
3032 1257 3178 1321 dedi,
3215 1264 3299 1310 est
3344 1270 3475 1308 vero
3505 1255 3605 1324 ipsi

2041 1366 2196 1404 soror
2225 1359 2354 1404 nattt
2377 1353 2578 1411 minor.
2609 1365 2798 1418 quam,
2846 1353 2888 1403 si
2925 1350 3162 1409 libuerit.
3204 1349 3298 1402 tibi
3331 1349 3494 1402 dabo.
3527 1348 3606 1402 Ira

2043 1443 2206 1514 igitur
2236 1457 2541 1498 commotus
2569 1442 2827 1506 Samson,
2850 1443 3123 1511 profectus
3151 1443 3340 1508 vulpes
3368 1450 3450 1495 ter
3484 1457 3612 1496 cen-

2046 1543 2159 1586 tum
2214 1535 2377 1603 cepit,
2430 1549 2660 1603 quarnm
2709 1534 2902 1587 caudis
2943 1547 3066 1585 cum
3109 1533 3256 1585 faces
3308 1533 3607 1602 alligasset,

2047 1629 2192 1695 ipsas
2220 1627 2276 1681 in
2311 1635 2549 1694 segetem
2585 1625 2745 1696 136
2777 1624 3005 1687 dimisit,
3041 1634 3203 1694 atque
3243 1625 3318 1678 ita
3361 1627 3481 1695 igne
3507 1625 3604 1680 ab-

2049 1729 2264 1787 sumpta
2316 1728 2400 1773 est
2439 1719 2619 1773 omnis
2668 1719 2913 1772 tribuum
2957 1719 3384 1786 alienigenarum
3455 1735 3609 1790 seges

2049 1813 2312 1880 usquead
2343 1809 2567 1864 arbores
2603 1811 2868 1879 ipsarum.
2912 1809 3016 1864 Ubi
3059 1811 3388 1865 innotuisset
3428 1821 3606 1866 autem

2051 1902 2297 1956 tribubus
2330 1901 2450 1957 istis
2493 1901 2622 1969 quid
2657 1899 2879 1956 fecisset
2929 1901 3182 1968 Samson,
3217 1903 3475 1970 profectae
3507 1904 3613 1956 illa:

2050 1991 2116 2044 ad
2168 1991 2350 2045 uxoris
2408 1992 2581 2059 ipsius
2631 1990 2810 2056 :edcs,
2851 2006 2944 2046 eas
2997 2007 3211 2061 unaque
3263 1994 3436 2062 ipsam
3491 1993 3616 2062 igne

2051 2083 2498 2137 r'0ntbusserunt.
2535 2084 2738 2137 Deinde
2767 2084 3085 2153 congregati
3117 2084 3342 2152 profecti
3395 2094 3522 2138 sunt
3550 2088 3615 2139 ad

2053 2175 2251 2228 bellum
2287 2175 2411 2230 liliis
2444 2173 2595 2229 Inda:
2639 2175 3003 2238 inferendum,
3037 2178 3129 2245 qui
3170 2177 3390 2243 abipsis
3416 2178 3617 2232 timue-

2053 2278 2199 2321 runt.
2234 2268 2499 2323 Samsone
2531 2276 2709 2322 autem
2741 2268 2796 2322 in
2831 2283 2964 2337 rupe
2989 2268 3160 2322 Eitam
3191 2269 3433 2330 sedente,
3467 2271 3618 2325 dixe-

2055 2368 2178 2410 runt
2205 2360 2372 2427 ipsis:
2412 2357 2468 2411 Si
2504 2359 2664 2413 nobis
2696 2357 3018 2414 Samsonem
3052 2361 3409 2422 tradideritis,
3438 2378 3620 2416 rever-

2054 2459 2232 2503 temur
2279 2466 2454 2520 neque
2503 2464 2601 2504 vos
2655 2451 2796 2504 bello
2843 2453 3198 2506 lacessemus.
3247 2453 3616 2508 Accesseruut

2053 2559 2180 2608 ergo
2224 2543 2289 2594 ad
2345 2543 2664 2596 Samsonem
2722 2559 2892 2611 usque
2925 2543 3119 2609 Eitam,
3154 2560 3182 2600 e
3221 2544 3360 2600 Juda
3405 2547 3507 2601 viri
3541 2559 3622 2600 ter

2059 2635 2221 2694 mille,
2255 2633 2454 2701 quibus
2501 2633 2638 2686 dixit
2679 2634 2808 2687 ille:
2841 2633 3146 2691 Promittite
3194 2639 3325 2690 mihi
3383 2654 3478 2692 vos
3531 2655 3616 2692 me

2057 2739 2162 2777 non
2213 2724 2634 2788 interl‘eCturos,
2677 2721 2857 2794 neque
2905 2726 3331 2796 alienigenarum
3375 2730 3625 2783 tribubus

2058 2818 2378 2873 tradituros.
2413 2815 2568 2880 Quod
2623 2831 2746 2869 cum
2785 2818 3188 2885 promisissent,
3216 2820 3407 2873 fraude
3443 2829 3620 2875 tamen

2056 2921 2297 2978 captum,
2331 2911 2580 2974 tribubus
2621 2911 3046 2979 alienigenarum
3102 2913 3343 2964 vinctum
3382 2913 3623 2967 tradide-

2061 3012 2202 3056 runt.
2241 3004 2308 3055 At
2349 3003 2459 3066 ille,
2485 3004 2674 3057 solutis
2705 3002 2959 3066 vinculis,
3007 3004 3225 3056 maxilla
3274 3005 3413 3058 asini
3460 3021 3622 3075 quam

387 3096 530 3160 piam
557 3101 732 3146 tecum
766 3087 1152 3157 assumpsisti?
1187 3085 1297 3140 Nos
1327 3087 1491 3155 igitur
1528 3093 1579 3138 te
1626 3085 1950 3151 domumque

2058 3098 2261 3150 invenit
2300 3097 2500 3149 mortui
2536 3105 2772 3162 arrepta,
2817 3095 2965 3148 viros
3019 3096 3140 3162 plus
3186 3111 3350 3165 quam
3390 3098 3533 3150 mille
3561 3113 3626 3151 ex

388 3197 534 3239 tuam
579 3184 700 3252 igne
752 3183 1154 3235 comburamus.
1195 3176 1370 3243 Quare
1423 3190 1595 3244 pugna
1667 3175 1812 3242 ipsos
1855 3189 1950 3241 ag-

386 3290 607 3344 gre55us
632 3273 863 3342 Jcphtah
887 3282 939 3324 et
960 3271 1186 3323 victoria
1216 3270 1267 3320 in
1294 3270 1438 3335 ipsos
1467 3269 1696 3335 potitus,
1721 3265 1954 3334 quadra-

389 3368 532 3436 ginta
563 3366 673 3420 duo
703 3365 864 3417 millia
890 3362 1130 3431 ipsorum
1159 3360 1454 3412 interfecit.
1482 3356 1712 3426 Jephtah
1746 3365 1952 3419 autem,

390 3474 512 3512 cum
571 3461 771 3526 pOpttlo
805 3470 897 3509 sex
955 3469 1129 3506 annos
1181 3452 1525 3520 imperasset,
1565 3461 1833 3513 mortuus,
1873 3466 1959 3504 se-

390 3552 575 3619 pultus
622 3558 707 3602 est
756 3549 808 3600 in
856 3547 1065 3601 Gilead.
1115 3545 1313 3598 Eodem
1363 3557 1607 3612 tempore
1649 3543 1850 3595 accidit
1902 3543 1954 3593 in

390 3645 609 3711 regione
663 3639 971 3692 Graecorum
1026 3637 1195 3690 fatnes
1245 3650 1460 3705 magna,
1494 3650 1558 3687 ex
1597 3649 1702 3702 qua
1758 3634 1955 3687 mortui

391 3743 520 3786 sunt
570 3733 816 3785 homines
849 3729 982 3784 adeo
1016 3739 1073 3782 ut
1105 3729 1332 3782 mortuis
1380 3729 1734 3794 implerentur
1769 3727 1868 3778 viae
1901 3733 1956 3777 et

391 3831 603 3898 plateae,
631 3828 805 3893 iisque
827 3835 1176 3879 chCerentur
1199 3837 1381 3875 canes.
1407 3824 1475 3873 At
1495 3835 1616 3871 cum
1642 3820 1960 3886 frequenter

395 3925 494 3975 hoc
524 3922 696 3980 ﬁeret,
735 3918 894 3972 l'ossis
926 3916 1193 3983 sepulcris
1230 3924 1474 3966 mortuos
1527 3922 1684 3965 terra:
1733 3912 1957 3964 manda-

393 4022 540 4076 runt,
573 4026 636 4063 ac
672 4020 780 4062 tum
817 4009 1044 4078 primum
1085 4010 1226 4060 fossa
1251 4014 1380 4059 sunt
1413 4007 1684 4074 sepulcra.

464 4101 673 4154 Mortuo
722 4097 1007 4166 Jephtaho,
1056 4097 1259 4164 pOpulo
1293 4104 1497 4164 septem
1540 4098 1698 4149 annis
1742 4097 1959 4165 praefuit

397 4195 610 4263 Ephsan
651 4209 680 4246 e
743 4191 881 4244 tribu
935 4186 1088 4241 Judae
1142 4187 1533 4255 Bethlacmita,
1591 4188 1677 4242 cui
1743 4189 1957 4258 triginta

394 4296 549 4340 erant
597 4287 713 4348 lilii,
768 4288 984 4354 triginta
1022 4286 1166 4342 tiliae.
1203 4293 1253 4335 et
1305 4297 1500 4335 uxores
1551 4281 1812 4349 triginta;
1847 4280 1963 4349 qui-

396 4396 520 4444 que,
543 4396 664 4433 cum
699 4390 944 4431 tuortnus
974 4385 1138 4438 esset,
1173 4377 1226 4428 in
1252 4374 1560 4428 Bethlebem
1584 4375 1832 4444 sepulttts
1857 4387 1958 4428 ρει.

399 4473 500 4541 Ipsi
534 4473 585 4524 iu
616 4471 843 4540 imperio
869 4473 1135 4524 successit
1159 4467 1329 4522 Eblan
1362 4465 1738 4530 Zabulonites,
1769 4465 1959 4522 decem

397 4565 556 4619 annis
589 4581 603 4616 :
643 4562 1008 4633 133-135
1058 4563 1297 4630 quicum
1343 4563 1590 4622 obiisset,
1622 4562 1677 4613 in
1713 4559 1958 4614 Zabulon

399 4658 643 4724 sepultus
668 4666 772 4710 est.
802 4656 928 4710 Post
952 4657 1127 4724 ipsum
1156 4654 1294 4707 rexit
1322 4655 1580 4722 populum
1599 4653 1791 4704 Abdon
1824 4653 1966 4706 (ilius

400 4749 627 4810 llilletis,
647 4766 674 4802 c
693 4750 835 4802 tribu
859 4745 1134 4814 Ephraim,
1152 4756 1277 4799 octo
1303 4761 1474 4799 annos
1498 4763 1511 4808 ;
1533 4746 1616 4797 cui
1637 4741 1729 4795 ﬁlii
1750 4743 1969 4796 luerunt

397 4840 779 4908 quadraginta,
801 4848 1022 4906 nepotes
1049 4838 1294 4905 triginta,
1317 4839 1407 4905 qui
1431 4835 1586 4904 equis
1611 4835 1750 4889 vecti
1788 4835 1965 4902 ipsum

398 4935 804 4998 sequebantur;
838 4934 927 4998 qui
956 4941 1007 4982 et
1045 4937 1321 4990 mortuus,
1347 4927 1594 4996 sepultus
1636 4932 1721 4978 est
1772 4925 1824 4977 in
1867 4923 1969 4977 Pa.

401 5029 616 5092 rathou,
649 5042 678 5081 e
718 5029 938 5096 regione
980 5025 1264 5095 Ephraim,
1293 5025 1345 5078 in
1384 5023 1664 5076 montibus
1695 5021 1973 5076 Amaleki-

399 5129 595 5173 tarum.
1261 5109 1269 5122 ’
1620 5123 1626 5128 ’

474 5211 567 5263 Illo
598 5220 836 5276 mortuo,
872 5226 994 5264 cum
1041 5213 1105 5263 ad
1153 5207 1518 5262 idololatriam
1560 5206 1763 5261 reversi
1792 5213 1973 5260 essent

400 5304 677 5366 Israelitae,
714 5305 910 5372 popqu
951 5303 1350 5369 praevaluerunt
1400 5301 1829 5367 alienigenarum
1869 5297 1973 5352 tri-

403 5397 525 5458 bus,
557 5412 680 5465 quae
709 5398 843 5464 ipsis
875 5397 1234 5464 quadraginta
1270 5394 1429 5447 annis
1460 5394 1822 5461 imperarunt.
1850 5389 1978 5445 Fuit

400 5505 580 5548 autem
612 5509 642 5548 e
670 5494 814 5546 tribu
848 5492 960 5545 Dan
994 5491 1076 5545 vir
1100 5492 1186 5544 cui
1230 5504 1424 5544 nomen
1456 5488 1713 5556 Manoah,
1745 5505 1810 5543 ex
1845 5489 1980 5543 urbe

401 5587 634 5646 Soraab,
682 5587 842 5653 cujus
881 5599 1019 5637 uxor
1060 5582 1268 5638 sterilis
1308 5593 1447 5647 erat,
1500 5583 1568 5636 ad
1601 5598 1764 5652 quam
1814 5597 1975 5637 acce-

402 5679 536 5732 dens
570 5678 622 5731 in
677 5694 868 5731 somno
897 5678 1142 5742 angelus,
1180 5676 1476 5745 parituram
1516 5677 1685 5744 ipsum
1722 5691 1978 5745 praenun-

403 5772 580 5826 tiavit.
631 5769 926 5824 Gravidata
977 5785 1107 5839 ergo
1165 5769 1329 5822 lilium
1386 5770 1735 5838 peperit,cui
1789 5783 1987 5825 nomen

680 5866 931 5925 Parnm.
990 5867 1106 5926 GR.
1147 5866 1289 5931 CXI.

2059 3186 2487 3254 alienigenarum
2539 3185 2788 3240 tribubus
2839 3183 3147 3250 interfecit;
3187 3186 3382 3240 deinde
3438 3188 3630 3240 sitiens

2063 3278 2349 3330 Dominum
2405 3287 2660 3344 precatus
2691 3287 2795 3339 est,
2842 3278 2934 3346 qui
2973 3277 3076 3346 ipsi
3110 3293 3175 3329 ex
3217 3277 3354 3330 asini
3414 3277 3628 3331 maxilla

2061 3386 2254 3439 aquam
2288 3371 2555 3422 scaturirc
2605 3368 2732 3422 fecit
2764 3386 2923 3438 quam
2961 3370 3196 3424 biberet.
3226 3370 3362 3422 Tum
3405 3371 3633 3425 devictis

2060 3464 2490 3531 alienigenarum
2527 3463 2801 3524 tribubus,
2844 3463 3043 3531 populo
3083 3463 3270 3530 viginti
3328 3464 3486 3518 annis
3533 3465 3635 3518 im-

2062 3558 2293 3622 peravit.
2346 3555 2546 3609 Deinde
2597 3556 2835 3608 mulieris
2883 3571 2911 3607 c
2950 3554 3106 3607 Gaza:
3155 3558 3346 3609 incolis
3375 3597 3389 3616 ,
3445 3571 3632 3610 amore

2063 3658 2275 3717 captus.
2309 3648 2508 3702 Gazam
2543 3647 2819 3715 profectus
2862 3657 2968 3709 est,
2995 3648 3154 3714 cujus
3189 3647 3381 3700 incolae
3410 3651 3476 3700 ab
3513 3647 3633 3716 ipso

2065 3742 2384 3793 timuerunt.
2419 3740 2509 3791 llle
2533 3755 2662 3791 vero
2693 3740 2869 3792 media
2904 3751 3063 3792 nocte
3095 3747 3302 3807 portam
3339 3739 3482 3793 arcis
3515 3741 3636 3808 ejus

2065 3832 2272 3889 adiens.
2306 3831 2476 3899 ipsam
2513 3831 2630 3883 loco
2665 3831 2932 3883 revulsam
2961 3831 3204 3884 humeris
3236 3833 3348 3885 suis
3381 3833 3634 3901 gestavit,

2063 3922 2235 3973 donec
2289 3935 2405 3973 eam
2470 3920 2522 3972 in
2571 3919 2791 3986 fastigio
2850 3918 3053 3971 montis
3110 3933 3275 3986 prope
3328 3916 3634 3972 Hebroncm

2066 4012 2427 4080 relinqueret,
2470 4022 2524 4064 et
2567 4011 2848 4063 mulierem
2907 4008 3158 4062 abduxit.
3212 4009 3414 4062 Deinde
3466 4011 3630 4062 aliam

2070 4104 2423 4187 137-139
2457 4120 2617 4171 quam
2665 4103 2896 4172 deperiit
2955 4100 3272 4164 mulierem,
3322 4115 3388 4154 ex
3443 4101 3641 4154 incolis

2066 4200 2364 4264 Sechairze,
2431 4198 2618 4261 duxit,
2669 4198 2888 4250 nomine
2942 4194 3201 4258 Dalilam;
3254 4193 3340 4247 cui
3381 4193 3638 4246 dixerunt

2067 4290 2303 4343 tribttum
2333 4288 2759 4355 alienigenarqu
2807 4287 3085 4355 principes
3120 4301 3134 4338 :
3173 4282 3371 4352 Decipe
3430 4281 3632 4350 ipsum,

2069 4393 2128 4435 nt
2158 4381 2255 4433 tibi
2293 4379 2493 4432 indicet
2527 4393 2630 4448 qua
2667 4387 2816 4445 parte
2848 4377 3096 4443 corporis
3131 4375 3294 4427 situm
3355 4371 3428 4427 sit
3459 4371 3631 4440 ipsius

2067 4477 2251 4531 robur.

2138 4568 2228 4622 llla
2263 4581 2392 4636 ergo
2423 4563 2672 4618 Samsoni
2699 4580 2711 4615 :
2744 4562 2837 4614 Die
2871 4560 3025 4619 mihi,
3054 4557 3250 4625 inquit,
3274 4557 3318 4609 si
3349 4571 3433 4608 me
3464 4568 3637 4619 ames,

2071 4675 2177 4728 qua
2236 4667 2387 4726 parte
2431 4654 2678 4722 corporis
2720 4655 2798 4705 tui
2842 4654 2959 4706 sita-
3008 4653 3120 4704 sint
3171 4651 3314 4703 vires
3352 4656 3480 4700 tute.
3535 4646 3636 4699 Cui

2072 4751 2162 4803 ille
2196 4767 2208 4802 :
2245 4747 2298 4801 Si
2329 4763 2414 4800 me
2449 4744 2667 4814 (inquit)
2698 4750 2904 4810 septem
2938 4742 3124 4794 nervis
3154 4741 3488 4800 recentibus.
3516 4755 3636 4808 qua:

2074 4840 2302 4892 necdum
2331 4834 2596 4898 aruerint,
2631 4830 2938 4901 ligaverint,
2967 4830 3210 4883 infirmus
3236 4829 3449 4883 reddar.
3485 4835 3643 4882 Attuo

2075 4931 2256 4984 lerunt
2291 4942 2418 4997 ergo
2469 4937 2676 4996 septem
2727 4939 2925 4977 nervos
2958 4935 3224 4984 recentes,
3275 4919 3475 4990 quibus
3513 4932 3639 4972 cum

2075 5023 2192 5091 ipsa
2231 5022 2381 5073 illum
2415 5019 2660 5087 ligasset,
2695 5016 2784 5070 ille
2815 5015 2883 5070 iis
2913 5015 3240 5069 incumbens
3286 5012 3492 5080 dirupit
3523 5025 3640 5064 eos.

2075 5113 2213 5167 Tum
2242 5112 2330 5165 illa
2361 5128 2374 5163 :
2407 5108 2527 5164 Non
2557 5126 2639 5164 me
2675 5123 2850 5172 amas,
2888 5106 3097 5177 inquit;
3128 5106 3172 5158 si
3202 5106 3345 5159 enim
3377 5119 3461 5158 me
3493 5117 3644 5153 ama-

2079 5223 2186 5272 res,
2219 5205 2454 5261 dixisses
2497 5203 2626 5257 mihi
2681 5217 2789 5272 qua
2837 5201 3083 5270 corporis
3113 5206 3267 5268 parte
3301 5196 3466 5250 situm
3497 5201 3644 5246 esset

2079 5301 2246 5354 robur
2275 5308 2446 5352 tuum.
2485 5295 2628 5350 Dixit
2658 5310 2786 5365 ergo
2815 5295 2892 5348 illi
2924 5309 2938 5345 :
2972 5291 3030 5344 Si
3069 5303 3154 5342 me
3187 5296 3393 5356 septem
3422 5283 3642 5338 funibus

2079 5391 2439 5447 cannabaceis
2487 5387 2648 5444 novis
2700 5387 3006 5456 ligaveriut,
3063 5379 3313 5433 inlirmus
3347 5391 3460 5432 ero.
3489 5377 3641 5441 Quod

2080 5505 2204 5544 cum
2240 5489 2327 5541 illa
2359 5485 2464 5555 ipsi
2494 5483 2739 5546 iecisset,
2781 5481 2897 5550 ipse
2928 5476 3083 5528 funes
3118 5473 3292 5526 instar
3313 5471 3386 5523 lili
3413 5470 3642 5542 dirupit.

2083 5584 2230 5637 Dixit
2257 5597 2385 5652 ergo
2418 5581 2506 5634 illa
2540 5599 2552 5634 :
2584 5577 2699 5631 Non
2750 5589 2837 5628 me
2873 5584 3047 5636 amas,
3096 5574 3247 5622 certe
3281 5567 3426 5620 enim
3463 5565 3508 5618 si
3554 5579 3640 5618 me

2084 5690 2347 5737 amasses,
2380 5673 2681 5725 iudicasses
2714 5679 2819 5735 qua
2855 5663 2908 5719 in
2937 5670 3090 5733 parte
3113 5659 3361 5732 corporis
3397 5656 3470 5710 tui
3500 5664 3646 5710 esset

2093 5769 2260 5824 robur
2292 5777 2461 5820 tuum.
2496 5761 2629 5816 Tum
2663 5759 2749 5814 ille
2782 5771 2797 5813 :
2830 5756 2888 5814 Si
2923 5766 3154 5827 septem,
3180 5751 3378 5824 inquit,
3425 5749 3646 5820 capilla-

3286 5843 3361 5908 30
