4034 6214
487 333 588 393 939

1481 339 1848 398 EUTYCilll
1895 335 2430 396 ALEXANDl’ilNl
2470 335 2690 394 PATli.

3609 334 3716 394 940

488 444 655 499 menti
726 462 828 498 mel
890 446 1174 502 ClllCll'lllOS
1236 450 1521 516 Spithamte
1557 449 1890 518 longitudine
1927 449 2050 501 licio
2077 474 2125 519 Α
2156 457 2299 507 runt,
2334 461 2496 515 quam
2518 445 2910 498 comitatisunt
2935 443 3011 496 Eli
3036 444 3341 498 sacerdotis
3365 442 3480 503 (iiii,
3506 439 3714 510 lloplui

486 537 747 600 texueris,
789 536 1039 592 inlirmus
1065 538 1211 591 liam.
1237 535 1392 602 Quod
1426 550 1604 592 tamen
1648 555 1768 592 cum
1821 539 1936 607 ipsa
1972 539 2047 591 illi

484 627 731 692 fecisset,
767 627 971 699 [facile]
1011 629 1271 684 excussit.
1304 632 1482 695 Quare
1528 632 1615 683 illa
1650 650 1661 683 :
1695 631 2043 700 Nequaquam

484 719 707 788 (inquit)
741 735 826 772 tne
859 735 1032 784 amas,
1061 719 1106 773 si
1137 721 1280 774 enim
1317 739 1580 786 amasses,
1625 732 1771 776 certe
1805 722 1934 774 mihi
1970 722 2049 774 in-

481 810 722 864 dicasses
753 823 859 877 qua
911 809 964 862 in
1019 820 1170 879 parte
1213 811 1458 878 corporis
1491 811 1756 864 fortitudo
1787 820 1876 862 tua
1911 826 2042 864 con-

483 898 720 952 sisteret.
749 896 884 952 Tum
917 898 1003 952 ille
1041 899 1201 953 taedio
1247 902 1473 954 adactus
1501 918 1512 953 :
1544 900 1696 963 Mihi,
1740 899 1940 967 inquit,
1977 899 2043 951 ah

487 999 642 1042 utero
663 991 850 1045 matris
873 991 1251 1045 annuntiatum
1274 998 1356 1046 est
1385 1005 1450 1044 ne
1469 998 1787 1059 potestatem
1810 993 1862 1043 in
1885 997 2044 1057 caput

485 1098 659 1135 meum
693 1082 914 1136 haberet
940 1080 1180 1147 ferrum;
1208 1081 1253 1136 si
1297 1096 1422 1149 ergo
1452 1082 1672 1134 radatur
1699 1081 1827 1134 mihi
1860 1093 2040 1151 caput,

480 1175 902 1228 infirmabuntur
935 1173 1079 1228 vires
1113 1173 1271 1245 140
1305 1189 1436 1227 mea:
1475 1191 1488 1230 :
1522 1175 1719 1228 deinde
1753 1175 1804 1226 in
1834 1174 2042 1244 gremio

477 1267 596 1332 ejus
627 1264 974 1318 obdormivit.
1010 1264 1104 1319 Illa
1133 1280 1258 1319 vero
1287 1265 1341 1319 in
1371 1265 1577 1333 gremio
1609 1280 1709 1321 suo
1729 1266 2040 1328 dormienti,

476 1367 681 1426 septem
714 1357 944 1410 crinium
967 1357 1254 1410 cincinnos
1278 1358 1432 1411 rasit.
1463 1356 1596 1411 Cum
1630 1373 1759 1426 ergo
1788 1373 1817 1412 e
1849 1373 2040 1412 somno

475 1457 826 1517 experrecms
861 1459 1047 1512 esset,
1082 1448 1288 1503 viribus
1333 1448 1623 1503 imbecillis
1659 1450 1779 1502 fuit.
1813 1449 1904 1503 llla
1941 1467 2038 1503 au-

477 1551 580 1594 tem
617 1539 681 1592 ad
713 1539 949 1593 tribuum
984 1540 1260 1608 principes
1285 1539 1449 1606 misit,
1481 1541 1570 1608 qui
1597 1538 1847 1595 Samsoni
1885 1554 2041 1611 capto

475 1633 662 1685 oculos
721 1642 1002 1697 eriterunt,
1039 1632 1326 1701 ipsumque
1355 1641 1549 1687 catena
1597 1650 1734 1687 terea
1774 1634 2036 1696 vinctum,

472 1734 525 1777 et
578 1723 776 1776 Gazam
823 1731 1198 1791 asportatum,
1257 1725 1467 1778 carceri
1522 1724 1894 1789 incluserunt,
1947 1727 2037 1777 tibi

2152 549 2205 593 et
2233 538 2487 591 Phineas.
2525 537 2766 605 Egressa:
2808 545 2987 590 autem
3032 544 3223 590 contra
3277 535 3425 602 ipsos
3461 534 3716 601 alienige-

2153 646 2344 682 narum
2380 629 2553 683 tribus
2589 627 2749 698 1M
2777 627 2924 696 ipsos
2960 627 3010 680 in
3059 627 3238 696 fugam
3268 626 3536 680 dederunt
3570 643 3582 676 :
3613 642 3716 679 cae-

2149 722 2306 790 sique
2333 732 2459 776 sunt
2494 736 2558 774 ex
2610 719 2879 773 lsraelitis
2905 719 3089 772 tricies
3144 719 3312 780 mille,
3383 717 3715 784 fugientibus

2147 813 2240 881 qui
2277 812 2534 880 fugerunt
2569 827 2673 880 qua
2723 818 2994 879 poterant.
3049 808 3186 863 Caesi
3243 817 3374 861 sunt
3428 809 3590 861 etiam
3631 805 3711 859 Eli

2151 903 2245 957 lilii
2326 900 2539 970 Hophni
2595 909 2648 954 et
2704 899 2976 963 Phineas;
3021 913 3315 966 areamque
3380 907 3595 965 captain
3643 897 3710 948 ad

2152 993 2400 1050 Yazdodo
2429 991 2628 1046 Gazam
2663 999 3016 1060 portaverant
3053 989 3228 1042 tribus
3255 987 3705 1058 alienigenarum,

2146 1085 2329 1154 ibique
2380 1084 2434 1136 in
2481 1083 2684 1148 templo
2729 1081 2966 1150 Dagonis
3022 1080 3152 1134 idoli
3194 1087 3526 1134 statuerunt.
3572 1079 3703 1130 Dum

2142 1191 2273 1245 ergo
2307 1175 2521 1229 sederet
2579 1174 2683 1228 Eli.
2714 1174 2974 1226 sacerdos
3003 1174 3068 1224 ad
3107 1172 3312 1226 ostium
3379 1169 3604 1224 sacrarii
3650 1169 3702 1222 in

2146 1266 2555 1328 Shilunte,ecre
2577 1265 2807 1320 accessit
2828 1266 2908 1317 vir
2933 1263 3150 1332 quidam
3173 1277 3203 1316 e
3222 1261 3365 1328 fuga.
3389 1259 3538 1312 vultu
3565 1259 3706 1313 deni-

2143 1366 2316 1425 grato.
2360 1358 2605 1410 vestibus
2657 1358 2882 1427 scissis;
2921 1355 3007 1408 cui
3066 1354 3144 1407 Eli
3200 1352 3508 1408 sacerdos:
3543 1351 3702 1416 Quid.

2146 1454 2340 1522 inquit,
2374 1451 2449 1505 rei
2482 1458 2663 1504 tecum
2695 1448 2824 1502 est?
2857 1446 3162 1516 Respondit
3210 1445 3301 1500 ille
3350 1463 3365 1498 :
3408 1445 3466 1498 ιιι
3524 1443 3701 1511 fugam

2143 1547 2391 1596 conversi
2424 1547 2550 1593 sunt
2591 1537 2873 1601 lsraelitae,
2914 1535 3073 1590 caesis
3125 1549 3314 1589 eorum
3368 1531 3698 1602 quampluri-

2144 1635 2271 1699 mis,
2308 1648 2524 1700 unaque
2557 1631 2770 1685 duobus
2807 1630 2932 1684 iiliis
2965 1631 3099 1694 tuis,
3143 1637 3412 1696 captaque
3437 1635 3520 1680 est
3551 1640 3694 1678 arca.

2144 1721 2242 1777 Ubi
2288 1730 2465 1775 auten.
2513 1719 2814 1774 audivisset
2867 1718 2945 1772 Eli
3005 1718 3264 1773 sacerdos
3319 1724 3530 1785 captam
3579 1729 3700 1768 esse

475 1816 684 1870 renasci
707 1823 986 1882 cmpcrunt
1007 1815 1394 1884 capillicapitis
1418 1816 1610 1884 ipsius.
1633 1815 2034 1872 COIHL‘IllClllCS
2070 1812 2108 1865 Β
2138 1828 2342 1876 arcam,
2379 1827 2580 1881 pronus
2609 1811 2662 1864 in
2689 1809 2882 1864 faciem
2917 1809 3115 1864 cadens
3152 1810 3296 1863 illico
3325 1817 3574 1861 mortuus
3595 1814 3704 1868 est,

471 1918 650 1959 autem
677 1908 912 1959 tribuum
944 1905 1370 1973 alienigenarum
1405 1908 1698 1976 principes,
1731 1907 1795 1960 ad
1829 1907 2033 1960 hostias

476 1999 653 2066 llagon
684 1999 784 2051 deo
809 2010 908 2050 suo
937 1996 1318 2060 immolandas,
1342 1996 1657 2051 Samsonem
1714 1999 2036 2064 eduxerunt,

475 2096 533 2140 ut
561 2089 660 2156 ipsi
699 2087 985 2142 illudentes
1014 2088 1208 2142 deinde
1238 2098 1460 2143 mortem
1499 2087 1783 2141 inferrent.
1830 2089 2036 2158 Imple-

475 2188 699 2247 tumque
723 2189 805 2232 est
843 2177 1076 2248 Dagonis
1113 2179 1371 2247 templum
1406 2179 1738 2246 hominibus,
1768 2196 1874 2248 qua
1907 2182 2038 2235 viris

472 2284 579 2339 qua
608 2269 847 2332 feminis,
874 2285 979 2323 una
1014 2286 1135 2323 eum
1168 2279 1309 2323 tccto
1342 2271 1537 2339 ipsius,
1561 2273 1694 2326 adeo
1723 2271 2032 2335 confertim,

471 2371 532 2417 ut
560 2379 664 2416 non
695 2371 1003 2432 superesset
1037 2363 1187 2416 locus
1213 2377 1319 2430 quo
1349 2374 1495 2417 stare
1523 2366 1645 2432 quis
1678 2373 1895 2432 posset,
1929 2379 2037 2432 quo

473 2454 791 2508 Samsonem
853 2455 1236 2523 ςοιιενὶιιοιειιι
1292 2465 1344 2508 et
1407 2457 1535 2524 quid
1597 2457 1662 2510 de
1718 2459 1809 2509 illo
1863 2455 2033 2510 fieret.

472 2547 613 2599 Dixit
660 2561 789 2614 ergo
831 2545 1059 2600 Samson
1105 2564 1276 2618 puero
1325 2549 1498 2616 ipsum
1549 2549 1817 2601 ducenti:
1859 2548 2036 2616 Dirige

473 2651 685 2689 manum
729 2652 902 2690 meam
952 2638 1021 2690 ad
1069 2639 1376 2693 columnam
1410 2655 1529 2709 quae
1569 2642 1828 2708 templum
1865 2641 2034 2694 susti-

472 2740 584 2794 net,
609 2739 942 2799 estensaque
973 2732 1162 2785 dextra
1192 2747 1353 2786 unam
1383 2732 1800 2802 apprehendens
1825 2733 2032 2785 colum-

469 2834 616 2879 nam,
664 2820 794 2874 laera
841 2822 1089 2884 alteram,
1144 2838 1237 2876 eas
1291 2824 1362 2874 ita
1422 2823 1647 2875 attraxit
1682 2832 1738 2875 ut
1794 2832 2034 2892 utraeque

471 2925 574 2962 una
604 2925 726 2963 cum
759 2912 957 2978 templo
986 2911 1333 2976 deciderent;
1380 2913 1688 2982 mortuique
1720 2925 1846 2968 sunt
1877 2915 2032 2968 Sam-

468 3017 567 3055 son
624 3015 920 3069 omnesque
947 3003 1040 3070 qui
1075 3003 1129 3055 in
1185 3004 1384 3072 templo
1417 3003 1636 3058 fuerant
1670 3007 1766 3059 riri
1810 3017 1866 3060 et
1917 3024 2036 3059 mu-

471 3093 670 3158 lieres;
715 3093 1007 3163 pluresque
1061 3093 1281 3148 fuerunt
1319 3095 1486 3151 occisi
1519 3113 1658 3165 quos
1708 3111 1884 3153 morte
1932 3114 2028 3152 sim

467 3183 666 3237 occidit
701 3183 956 3249 Samson,
981 3200 1142 3253 quam
1172 3201 1308 3254 quos
1358 3187 1409 3240 in
1445 3187 1552 3240 vita
1588 3203 1684 3242 sua
1733 3189 2029 3244 occiderat.

466 3273 646 3341 Ipsum
686 3289 814 3327 vero
846 3274 1501 3345 sublatunrsepelierunt
1548 3279 1631 3330 sui
1688 3279 1829 3331 inter
1862 3279 2030 3331 Saaia

465 3374 517 3415 ct
552 3362 774 3435 Eshtaol
807 3380 928 3419 cum
978 3376 1131 3434 patre
1170 3381 1268 3420 suo
1317 3365 1573 3429 Manoah,
1624 3366 1840 3421 Mortuo
1873 3366 2028 3422 Sani-

375 3449 384 3455 ’
465 3469 621 3515 sene,
661 3466 921 3509 rexerant
949 3455 1210 3510 Israelita:
1242 3457 1330 3508 alii
1363 3457 1499 3511 alios
1549 3457 1602 3510 in
1633 3459 2032 3527 tranquillitate

465 3556 515 3599 et
549 3562 682 3613 pace
715 3549 874 3599 annis
907 3547 1286 3614 quadraginta.

542 3635 888 3707 [ﬁl-1&3
923 3637 1124 3690 Deinde
1151 3638 1363 3704 praeluit
1394 3639 1591 3706 populo
1640 3638 1718 3692 Eli
1751 3639 2027 3704 sacerdos,

471 3746 644 3783 annos
679 3730 888 3798 viginti.
923 3730 998 3781 Eo
1026 3739 1270 3798 tempore
1316 3728 1414 3782 fuit
1463 3731 1761 3785 sacrarium
1804 3733 1858 3786 in
1904 3732 2025 3788 Shi-

469 3822 636 3874 lnmo.
684 3819 1036 3890 Fueruntque
1073 3822 1151 3874 Eli
1187 3820 1457 3875 sacerdoti
1495 3823 1588 3874 lilii
1620 3823 1747 3882 duo,
1795 3839 2028 3892 quorum

473 3910 571 3964 uni
617 3928 811 3965 nomen
863 3912 1123 3980 lloplme,
1168 3915 1323 3967 alteri
1378 3912 1630 3968 Phineas.
1697 3913 1818 3968 Fuit
1868 3917 2026 3970 etiam

468 4001 713 4066 ejusdem
779 4011 1022 4071 tempore
1071 4004 1331 4073 propheta
1378 4019 1407 4058 e
1451 4003 1750 4069 liamayain
1811 4009 2028 4060 nomine

466 4089 732 4156 llelkana,
765 4093 908 4146 illius
948 4091 1258 4147 Jcioboami
1291 4093 1357 4147 de
1399 4097 1541 4147 tribu
1574 4093 1725 4160 Leti,
1759 4097 1846 4149 cui
1890 4096 2028 4149 bina:

465 4190 621 4234 erant
666 4180 944 4252 coniuges,
977 4199 1202 4252 quarum
1237 4184 1328 4237 uni
1380 4199 1576 4238 nomen
1630 4185 1853 4239 llannah
1888 4187 2029 4256 (quze

465 4273 668 4324 sterilis
702 4269 1011 4341 fuit),alteri
1050 4271 1292 4338 Henana,
1329 4275 1414 4328 cui
1464 4276 1557 4328 filii
1582 4285 1756 4331 erant.
1780 4277 2026 4332 l’rofecta

465 4371 647 4418 autem
683 4361 912 4416 ilannah
944 4366 1009 4416 ad
1046 4367 1346 4419 sacrarium
1379 4364 1634 4432 Shilumi,
1669 4370 1916 4436 precata'
1945 4380 2025 4423 est

2140 1921 2315 1959 annos
2345 1913 2503 1958 natus
2551 1903 2863 1971 nonaginta.
2902 1902 2994 1955 Dic
3025 1911 3207 1955 autem
3262 1900 3504 1954 crastino
3541 1912 3698 1951 acce-

2139 1999 2330 2052 dentes
2352 1997 2512 2050 Gaza:
2542 1995 2731 2048 incola:
2778 1994 2844 2046 ad
2875 1995 3135 2061 templum
3181 1991 3439 2059 Dagonis,
3490 1989 3556 2043 ad
3615 1989 3698 2042 vi-

2140 2089 2370 2142 dendam
2399 2103 2602 2150 arcam,
2633 2087 2834 2140 idolum
2875 2087 3054 2154 Dagon
3099 2085 3152 2138 in
3191 2084 3382 2138 faciem
3411 2099 3563 2136 sua'n
3605 2097 3698 2135 co-

2139 2195 2253 2233 ram
2284 2195 2464 2233 arcam
2495 2188 2828 2248 prostratum
2886 2178 3234 2231 invenerunt.
3293 2175 3500 2228 Accidit
3538 2175 3698 2229 etiam

2139 2274 2192 2326 in
2229 2275 2360 2326 urbe
2411 2273 2552 2327 Gaza
2603 2273 2760 2340 plaga
2813 2269 3120 2335 mortifera,
3162 2270 3299 2338 ipsis
3352 2268 3700 2324 baunorrhaca
3743 2319 3748 2322 _

2139 2364 2426 2432 correptis,
2463 2364 2793 2432 impletaque
2831 2372 2918 2417 est
2952 2363 3102 2430 regio
3125 2362 3370 2430 ipsorum
3405 2359 3610 2414 muscis
3648 2369 3702 2412 ct

2139 2455 2506 2509 stellionibus.
2543 2454 2803 2508 Substitit
2835 2464 3015 2508 autem
3045 2454 3185 2520 apud
3235 2455 3387 2522 ipsos
3416 2467 3541 2507 arca
3571 2467 3704 2520 qua-

2140 2557 2262 2599 tuor
2312 2561 2527 2600 menses
2567 2546 2676 2617 [rel
2723 2547 2874 2616 juxta
2941 2547 3087 2599 aliud
3138 2546 3438 2614 exemplar,
3491 2554 3702 2612 septem

2138 2637 2395 2708 menses]:
2434 2637 2694 2692 Dixerunt
2733 2655 2862 2706 ergo
2903 2638 3078 2692 Gazwi
3112 2636 3268 2692 :Non
3301 2639 3496 2692 accidit
3545 2638 3708 2690 nobis

2141 2730 2483 2786 hmmerrhzea
2518 2732 2618 2782 ista
2647 2771 2661 2794 ,
2696 2746 2871 2798 neque
2918 2733 3118 2784 nmsc's
3148 2741 3199 2784 et
3233 2730 3575 2784 stellionibus
3606 2745 3703 2784 ve-

2138 2831 2330 2868 xamur
2353 2817 2456 2870 nisi
2483 2817 2552 2871 ob
2585 2833 2767 2873 arcam
2795 2819 2950 2872 istam
2988 2833 3002 2871 :
3031 2820 3366 2873 dimittamus
3393 2836 3521 2888 ergo
3549 2835 3578 2871 a
3604 2835 3704 2873 no-

2140 2904 2218 2958 bis
2248 2919 2427 2958 aream
2454 2923 2470 2970 ;
2507 2922 2663 2962 secus
2691 2909 2835 2961 cnim
2872 2909 3187 2976 perivimus.
3229 2910 3488 2963 Dixeram
3517 2919 3702 2963 autem

2137 2995 2354 3063 quidam
2397 3013 2463 3051 ex
2504 2997 2640 3067 ipsis
2675 3013 2690 3050 :
2731 2998 2843 3052 Hoc
2868 3000 3239 3068 probabimus,
3266 2999 3618 3071 155-157
3654 3003 3705 3054 si

2137 3089 2379 3157 acceptis
2439 3090 2690 3157 juvencis
2756 3091 2972 3145 duobus
3030 3092 3120 3158 qui
3176 3107 3453 3161 nunquam
3508 3094 3698 3162 jugum

2137 3180 2403 3242 tulerunt,
2435 3181 2542 3234 illis
2567 3182 2868 3249 plaustrum
2906 3198 3102 3235 novatn
3142 3183 3507 3252 imponamus,
3539 3187 3702 3253 eique

2135 3285 2340 3334 arcam,
2377 3286 2596 3340 unaque
2631 3287 2755 3325 cum
2788 3288 2912 3326 arca
2946 3272 3136 3326 cistam
3173 3288 3460 3342 ponamus,
3499 3275 3552 3327 in
3592 3291 3697 3340 qua

2132 3364 2201 3415 sit
2240 3376 2546 3416 lllUSl‘arUIII
2587 3371 2635 3416 et
2668 3363 2984 3418 stellionum
3020 3379 3086 3418 ex
3113 3377 3249 3418 auro
3271 3373 3436 3434 atque
3468 3374 3697 3432 argento

2132 3449 2355 3520 clligies,
2400 3453 2646 3506 muneris
2702 3453 2898 3513 instar.
2950 3454 3020 3509 ab
3073 3470 3406 3524 unaquaque
3461 3458 3613 3520 urbe,
3665 3474 3694 3506 a

2132 3543 2297 3603 Gaza.
2352 3545 2420 3598 ab
2482 3544 2740 3609 Askelon,
2792 3561 2820 3597 a
2856 3544 3102 3613 llaphah,
3160 3547 3231 3601 ab
3292 3545 3569 3608 Yazdodo,
3624 3549 3695 3599 ab

2131 3632 2369 3701 Ephron.
2419 3632 2476 3685 Si
2519 3634 2664 3687 enim
2701 3643 2846 3688 recta
2895 3635 3114 3688 tendant
3145 3635 3362 3704 juvenci
3411 3637 3467 3692 in
3514 3637 3692 3705 regio-

2133 3738 2251 3774 nem
2285 3721 2664 3788 lsraelitieam,
2703 3740 2886 3779 arcam
2917 3727 3276 3793 dimittamus,
3321 3729 3554 3782 scientes
3594 3729 3694 3798 dy-

2130 3814 2421 3866 scnteriam
2447 3814 2628 3879 istam,
2654 3831 2866 3870 necnon
2895 3833 3111 3873 muscas
3143 3828 3195 3872 et
3218 3819 3522 3880 stelliones,
3556 3836 3697 3873 arcae

2131 3919 2295 3957 causa
2322 3906 2588 3975 obtigisse
2619 3923 2638 3971 ;
2667 3907 2753 3961 sin
2789 3908 2969 3963 minus
3001 3910 3056 3962 in
3088 3918 3289 3964 terram
3335 3911 3692 3964 lsi';ielit;caiii

2131 3996 2362 4065 profecti
2418 3995 2640 4062 fuerint,
2688 4000 2926 4054 scien‘ms
2976 4001 3076 4056 hoc
3127 4004 3382 4056 accidens
3432 4004 3632 4067 inisse,
3667 4019 3698 4056 e

2129 4089 2260 4142 vitio
2287 4089 2428 4144 aeris
2462 4099 2514 4143 et
2546 4091 2856 4158 peStilentia
2885 4103 3088 4147 ortum.

2203 4179 2313 4234 lloc
2340 4182 2504 4251 igitur
2537 4197 2660 4236 cum
2686 4182 2966 4249 fecissent,
3001 4196 3144 4239 recta
3172 4185 3422 4241 abierunt
3472 4185 3694 4253 jnvcnci

2129 4272 2180 4324 in
2207 4271 2576 4326 lsraelitarum
2613 4275 2884 4346 regionem
2911 4293 2925 4336 ;
2963 4275 3170 4346 ipsique
3227 4279 3552 4347 dysenteria,
3583 4293 3696 4346 qua

2126 4360 2304 4415 all‘ecti
2333 4362 2568 4429 fuerant,
2590 4364 2805 4419 liberati
2841 4374 2968 4418 sunt
2998 4366 3416 4432 ;recedenttbus
3437 4369 3594 4421 etiam
3621 4370 3701 4421 ab

466 4455 752 4510 Dominum
787 4469 989 4524 rogans
1019 4465 1076 4508 ut
1099 4455 1198 4524 ipsi
1237 4456 1405 4509 lilium
1436 4457 1746 4535 largiretur,
1804 4460 2014 4528 pollici.
2060 4473 2100 4525 ο
2130 4454 2264 4522 ipsis
2289 4455 2694 4511 stellionibuset
2717 4459 2938 4511 muscis.
2965 4456 3102 4511 Cum
3124 4468 3302 4513 autem
3319 4462 3704 4529 pervenissent

466 4559 630 4616 taque
662 4545 891 4598 Domino
915 4562 973 4599 se
1010 4545 1184 4614 ipsum
1219 4547 1531 4600 miniSIrum
1578 4550 1777 4617 templo
1816 4551 2026 4604 dicatu-

462 4650 606 4692 ram.
635 4635 928 4688 Gravidata
955 4650 1080 4704 ergo
1113 4633 1417 4689 Samuclem
1442 4637 1756 4705 prophetam
1779 4641 1984 4706 peperit
2011 4657 2024 4703 ;

462 4737 642 4790 quem,
675 4736 800 4774 cum
837 4720 948 4789 jam
990 4731 1100 4776 tres
1129 4737 1303 4776 annos
1357 4733 1519 4777 natus
1570 4737 1734 4787 esset,
1785 4726 2025 4779 abduxe-

465 4823 589 4867 runt
625 4822 778 4882 pater
821 4813 995 4880 ipsius
1048 4811 1324 4868 llelkanalt
1374 4823 1426 4867 et
1472 4824 1644 4867 mater
1694 4815 1920 4868 llannah
1955 4814 2021 4868 ad

464 4905 761 4958 sacrarium
803 4904 1147 4971 Silililllllllll,
1197 4906 1596 4974 immolatisque
1650 4907 1881 4958 Domino
1929 4911 2023 4958 ho-

461 4997 600 5056 stiis,
628 4996 792 5051 lilium
819 5012 977 5051 suum
1005 4996 1310 5051 Samuelem
1357 4996 1432 5049 liii
1464 4997 1729 5050 sacerdoti
1788 4997 2023 5050 tradide-

393 5139 414 5158 ,
462 5099 608 5143 runt.
643 5088 986 5142 Ministrabat
1017 5104 1145 5158 ergo
1189 5088 1408 5143 Samuel
1461 5093 1514 5142 in
1565 5089 1829 5142 sacrario.
1883 5089 2018 5143 Gmn

459 5193 638 5236 autem
667 5191 1005 5251 congregatae
1036 5181 1461 5250 alienigenarum
1495 5180 1668 5233 tribus
1711 5180 1777 5233 ad
1816 5179 2017 5233 bellum

462 5273 724 5328 lsraelitis
748 5273 1112 5333 inferendum,
1149 5288 1335 5325 eorum
1363 5272 1512 5326 viros
1551 5277 1743 5339 quater
1787 5270 1929 5324 mille
1964 5271 2016 5323 in

461 5366 644 5432 prwlio
670 5365 1021 5429 cecidiSscnt,
1051 5363 1306 5416 dixerunt
1336 5364 1524 5431 populi
1551 5362 1834 5416 lsraelitici
1867 5362 2018 5431 prin-

462 5462 610 5525 cipes
669 5477 680 5510 :
737 5457 1096 5524 Deportelntts
1150 5457 1431 5509 nobiscum
1492 5470 1670 5508 arcam
1716 5455 1938 5509 finieris
1989 5473 2016 5506 ει

461 5547 731 5610 Sliilumo,
766 5559 824 5601 ut
855 5549 907 5602 in
949 5548 1125 5601 medio
1157 5547 1330 5601 nostri
1374 5545 1443 5599 sit
1471 5545 1614 5598 inter
1640 5545 2012 5614 pra-liandum,

457 5651 566 5701 quo
610 5638 728 5702 ejus
781 5655 882 5706 ope
931 5639 1122 5706 eripiat
1169 5654 1270 5692 nos
1321 5637 1582 5691 Dominus
1633 5652 1662 5688 e
1710 5652 1870 5688 manu
1921 5637 2016 5687 ho-

456 5728 618 5775 stium
653 5735 978 5780 nostrorum.
1022 5730 1215 5781 Arcam
1249 5745 1374 5798 ergo
1409 5743 1436 5779 ιι
1490 5726 1735 5779 Shiiizino
1780 5729 2014 5780 sustule-

2128 4543 2350 4610 jurenci
2384 4544 2449 4596 ad
2483 4543 2639 4599 Beith
2673 4545 2920 4611 Sbemes,
2951 4549 3109 4617 cujus
3133 4549 3323 4605 incola:
3355 4566 3419 4605 eo
3453 4561 3704 4619 tempore

2131 4636 2404 4688 metebant
2432 4637 2484 4689 in
2519 4651 2650 4706 agre
2683 4637 2846 4702 Usiae,
2877 4639 2952 4691 illi
2977 4650 3188 4709 recepta
3222 4657 3349 4695 arca
3385 4644 3701 4713 plaustrum

2128 4730 2532 4796 coni'regerunt,
2566 4738 2618 4782 et
2642 4729 2910 4797 jurencos
2937 4732 3244 4787 immolatos
3283 4736 3332 4786 in
3359 4736 3702 4788 sacrificium

2129 4818 2490 4881 obtulerunt;
2543 4823 2819 4888 capsulam
2853 4830 3016 4874 etiam
3060 4823 3114 4876 in
3151 4840 3252 4889 qua
3312 4827 3534 4877 fuerunt
3580 4843 3710 4878 mus

2126 4924 2339 4960 searnni
2386 4918 2438 4961 et
2474 4911 2784 4964 stelhonum
2825 4914 3033 4982 clﬁgies
3071 4930 3249 4968 aurea:
3298 4924 3351 4968 ct
3398 4928 3701 4985 argenteae.

2126 5010 2480 5067 acceperunt.
2523 5002 2719 5054 Arcam
2753 5017 2931 5056 autem
2963 5017 3233 5073 receptam
3266 5007 3708 5060 introtluaerUnl

2127 5092 2317 5144 incola:
2341 5093 2445 5144 vici
2475 5093 2565 5160 qui
2616 5095 2794 5146 Kiriat
2822 5097 2973 5149 Auab
3007 5099 3178 5157 audit,
3208 5098 3259 5150 in
3290 5097 3509 5152 domum
3557 5099 3711 5149 Abi-

2128 5184 2325 5234 nadabi
2363 5183 2535 5251 patris
2569 5185 2771 5250 Gazai;
2809 5204 3038 5255 eamque
3063 5189 3116 5243 iu
3154 5190 3272 5242 loco
3301 5190 3446 5242 dicto
3479 5189 3707 5252 Gabaa,

2124 5274 2218 5343 qui
2254 5289 2349 5326 arx
2381 5284 2518 5337 erat,
2541 5279 2832 5344 repositam
2865 5277 3046 5333 Gazae
3075 5289 3128 5332 et
3151 5280 3342 5333 Ahnoo
3375 5281 3708 5334 custodien-

2121 5366 2246 5418 dam
2282 5366 2649 5420 tradiderunt.

2195 5457 2403 5509 Mortuo
2423 5458 2497 5510 liii
2519 5461 2818 5523 sacerdote,
2844 5463 3093 5529 populum
3123 5462 3259 5515 rexit
3277 5459 3494 5515 Samuel
3522 5459 3714 5531 148

2122 5551 2386 5618 propheta
2423 5551 2584 5603 annis
2614 5551 2823 5618 viginti.
2869 5553 3001 5606 Gum
3031 5566 3208 5606 autem
3243 5552 3520 5616 lsraelita’,
3555 5556 3710 5605 reli-

2121 5645 2224 5693 ctis
2262 5641 2443 5706 idolis,
2489 5643 2552 5694 ad
2595 5644 2801 5695 cultum
2858 5643 3070 5697 Domini
3131 5651 3328 5698 reversi
3369 5657 3570 5707 essent,
3615 5646 3714 5696 ti-

2120 5745 2374 5786 mucrunt
2411 5751 2555 5802 ipsos
2589 5734 2764 5789 tribus
2805 5737 3159 5804 alienigoute;
3199 5754 3228 5790 a
3266 5741 3461 5806 quibus
3498 5741 3710 5790 :lbs‘ltl-
