4034 6214
368 345 473 409 941

1812 352 2173 412 ANNAIES.

3524 358 3628 421 9i?

375 465 552 516 lerunt
596 462 852 516 israclitze
882 477 1074 517 omnes
1106 481 1240 532 quas
1275 475 1634 533 superassent
1695 468 1858 521 urbes
1896 469 1959 520 ad
1990 476 2035 531 Α
2067 470 2203 523 dixit
2232 470 2451 524 Samuel
2483 470 2744 540 propheta
2782 468 2933 524 Sauli
2973 473 3081 541 regi
3116 490 3131 525 :
3172 474 3251 527 Ad
3298 475 3624 531 Amalekita-

377 554 593 621 la'phrnn
646 569 815 621 usque
857 553 1136 623 Raphaclt.
1179 555 1421 609 Fuerunt
1476 566 1659 609 autem
1700 558 1940 613 Samueli

375 646 467 699 lilii
508 646 639 708 duo,
681 661 912 714 quorum
948 657 1080 701 natu
1124 650 1318 718 majori
1347 665 1545 703 nomen
1576 648 1715 713 Joel,
1742 651 1939 705 minori

371 737 529 796 Abiu.
559 737 649 805 qui
686 738 941 806 pupulum
996 740 1287 808 tranquille
1318 750 1370 793 et
1405 742 1628 809 paciftee
1678 753 1942 797 rexerant

372 829 424 881 in
459 829 785 883 Becrsheba.

438 924 506 976 At
533 941 659 978 cum
710 929 982 983 scnnisset
1017 930 1260 994 Samuel,
1300 932 1612 1000 congregati
1654 931 1719 983 ad
1764 932 1939 999 ipsum

368 1012 630 1069 lsraelitzn
662 1016 714 1069 iu
754 1018 958 1071 Ramah
1002 1020 1258 1074 dixerunt
1293 1038 1305 1074 :
1339 1023 1628 1093 Constitue
1666 1023 1822 1078 nobis
1855 1037 1942 1075 re-

366 1122 485 1171 gem
520 1106 608 1174 qui
638 1122 737 1159 nos
760 1121 935 1178 regat,
973 1110 1116 1162 sicut
1160 1110 1385 1178 reliqua:
1419 1122 1610 1179 gemes
1644 1128 1799 1181 reges
1844 1112 1939 1164 ha—

368 1203 519 1253 bent.
566 1200 707 1253 Dixit
748 1215 879 1269 ergo
912 1201 1018 1255 illis
1059 1202 1277 1257 Samuel
1325 1206 1588 1273 propheta
1635 1224 1648 1258 :
1684 1206 1818 1258 Cum
1854 1221 1940 1257 re-

369 1307 488 1359 gem
540 1292 697 1345 vobis
748 1292 1125 1359 prte'feceritis,
1184 1294 1295 1357 illc,
1327 1296 1477 1348 vobis
1532 1297 1583 1347 in
1626 1295 1939 1348 servitutem

371 1383 625 1446 redactis,
671 1384 726 1438 in
767 1398 898 1452 opes
926 1392 1139 1438 vestras
1173 1393 1494 1451 potestatem
1528 1386 1629 1440 sibi
1657 1394 1852 1447 sumct,
1889 1394 1941 1437 ct

364 1474 606 1528 omnium
636 1490 759 1543 qua:
808 1474 1100 1542 possidetis
1132 1476 1372 1529 decimas
1404 1478 1652 1545 accipiet.
1706 1477 1944 1547 Respon-

364 1566 626 1620 dentibus
659 1566 767 1619 illis
803 1584 817 1619 :
854 1564 966 1619 Hoc
1037 1566 1197 1620 nobis
1244 1568 1441 1635 placet,
1490 1570 1622 1621 dixit
1677 1570 1938 1624 Samuel:

365 1656 496 1711 Novi
547 1673 647 1725 ego
703 1656 876 1710 virum
934 1673 965 1711 e
1026 1658 1167 1711 tribu
1230 1658 1509 1728 Beniamin
1564 1661 1785 1716 nomine
1822 1662 1938 1725 Cis,

368 1749 608 1803 Anbielis
666 1748 857 1815 filium,
923 1751 1011 1804 cui
1064 1750 1207 1805 filius
1269 1762 1349 1804 est
1406 1754 1627 1807 nomine
1668 1752 1817 1817 Saul,
1862 1756 1942 1807 vir

2055 578 2172 616 rum
2205 563 2395 616 urbem
2427 563 2727 631 profectus,
2772 568 2969 633 ipsam,
3000 566 3154 618 ra-sis
3185 567 3278 635 qui
3323 567 3377 620 in
3410 584 3471 621 ea
3502 579 3623 622 sunt

2052 652 2306 706 omnibus
2336 652 2487 718 viris,
2510 651 2747 717 feminis,
2786 654 2991 722 pueris,
3019 655 3367 718 animalibus.
3399 658 3627 710 exscin-

2051 744 2170 798 das.
2206 743 2335 797 Saul
2380 759 2533 812 ergo,
2567 746 2863 809 assumptis
2917 760 3102 799 secum
3154 761 3185 800 e
3236 745 3430 817 .Galgal
3494 748 3627 802 viris

2051 847 2288 905 quatuor
2316 835 2483 899 mille,
2516 836 2885 907 lsraelitisque
2915 853 2944 892 e
2976 838 3121 891 tribu
3158 837 3311 893 Jujze
3345 850 3424 892 ter
3456 840 3625 902 inille,

2052 937 2242 981 contra
2266 927 2586 983 Amalekum
2642 931 2941 997 profectus,
2997 931 3331 985 Amalekitas
3383 936 3449 985 ab
3495 934 3627 985 urbe

2055 1014 2209 1069 iliula
2244 1033 2417 1086 usque
2449 1018 2637 1073 urbem
2675 1019 2783 1072 Sur
2812 1022 3051 1084 credens,
3108 1025 3315 1090 Aagum
3377 1023 3623 1091 ipsorum

2054 1122 2232 1176 regem
2254 1110 2435 1162 vivum
2466 1110 2644 1178 cepit;
2672 1125 2836 1179 agros
2872 1121 3054 1165 autem
3081 1120 3133 1165 et
3160 1113 3345 1167 vineas
3381 1115 3621 1181 ipsorum

2054 1214 2160 1252 non
2194 1200 2448 1264 vastavit,
2484 1216 2661 1269 neque
2691 1202 2894 1255 bestias
2946 1203 3158 1271 aliquas
3196 1204 3446 1269 peremit,
3492 1205 3619 1258 dum

2054 1291 2314 1360 pecudes,
2348 1292 2515 1345 buves
2560 1302 2613 1346 et
2677 1294 2925 1363 jumenta
2996 1310 3187 1349 eorum
3249 1297 3625 1365 praedarentur

2050 1384 2280 1437 comites
2309 1384 2503 1450 ipsius.
2534 1383 2670 1439 Cum
2712 1400 2841 1455 ergo
2870 1400 2898 1437 a
2937 1387 3081 1439 bello
3112 1385 3393 1455 Galgalum
3430 1389 3625 1441 rediis-

2051 1483 2153 1535 set,
2196 1475 2335 1528 dixit
2375 1475 2451 1528 illi
2506 1476 2726 1530 Samuel
2778 1478 3041 1545 pr0pheta
3084 1495 3097 1529 :
3138 1477 3331 1530 Annon
3378 1478 3515 1545 juSsi
3573 1489 3623 1533 te

2053 1580 2269 1634 pecora,
2306 1566 2491 1629 boves,
2520 1573 2573 1618 et
2599 1566 2842 1632 jumenta
2887 1581 3075 1620 eorum
3116 1569 3345 1629 caedere,
3394 1576 3625 1622 terram-

2050 1673 2157 1725 que
2194 1665 2408 1712 vastare
2435 1658 2458 1709 ?
2488 1658 2633 1726 quod
2662 1673 2786 1710 cum
2826 1674 2932 1711 non
2976 1658 3171 1712 feceris
3202 1676 3401 1729 ungam
3436 1676 3537 1730 ego
3568 1659 3622 1713 itt

2051 1751 2325 1808 Israelitas
2357 1766 2540 1819 regem
2600 1768 2629 1805 a
2681 1761 2733 1806 te
2778 1753 2966 1807 alium.
3028 1752 3164 1806 Tum
3220 1754 3620 1824 apprehensum

366 1842 502 1895 facie
536 1842 752 1903 decora,
785 1857 1064 1909 procerus,
1098 1843 1416 1898 fortitudine
1472 1845 1745 1915 insignis;
1786 1847 1936 1900 illum
1974 1847 2014 1900 Β
2048 1848 2283 1913 Aagum,
2321 1845 2750 1899 Amalekitarum
2806 1860 3009 1915 regem,
3062 1846 3351 1901 decollavit
3401 1847 3621 1900 Samuel

366 1935 518 1986 \obis
562 1949 739 2001 regem
804 1937 1156 1988 constituam.
1222 1934 1357 1990 Cum
1430 1938 1694 2003 dcperditi
1763 1950 1938 1991 autem

366 2032 549 2078 essent
622 2026 769 2089 Ciso,
829 2026 1010 2081 Saulis
1067 2028 1229 2097 patri,
1275 2028 1435 2092 asini,
1474 2028 1611 2081 dixit
1680 2029 1768 2083 ille
1834 2031 1942 2083 filio

364 2135 463 2171 suo
494 2119 643 2171 Sauli
682 2120 1004 2189 :Assumpto
1033 2128 1212 2174 tecum
1242 2138 1270 2173 e
1304 2122 1477 2175 servis
1504 2121 1610 2175 tuis
1644 2122 1845 2191 aliquo,
1876 2124 1941 2175 ad

365 2211 691 2280 qna-rendus
716 2211 907 2266 asinos
942 2214 1331 2280 proficiscaris.
1369 2212 1656 2268 Profectus
1686 2230 1817 2284 ergo
1852 2216 1939 2267 ille.

365 2319 487 2356 cum
522 2319 549 2354 a
585 2304 701 2355 vico
734 2302 800 2355 ad
826 2305 1002 2356 vicum
1040 2304 1105 2357 ad
1132 2306 1455 2372 quterendos
1485 2307 1670 2360 asinos
1708 2307 1942 2361 transis-

364 2402 466 2459 set,
505 2394 640 2447 dixit
672 2394 772 2462 ipsi
808 2410 942 2463 puer
965 2393 1121 2461 ejus:
1156 2395 1235 2448 Ad
1292 2396 1477 2449 urbem
1510 2396 1777 2451 Samuelis
1812 2413 1937 2466 pro.

366 2484 541 2554 pheta:
564 2487 917 2550 accedamus,
946 2486 1035 2538 ille
1064 2486 1334 2557 siquidem
1364 2501 1471 2555 quo
1499 2488 1617 2539 loco
1653 2487 1761 2539 sint
1797 2490 1935 2540 asini

364 2577 521 2631 nobis
557 2577 838 2631 indicabit.
875 2579 953 2629 Ad
1006 2578 1311 2631 Samuelem
1354 2592 1481 2644 (rgo
1517 2578 1743 2644 profecti
1788 2588 1939 2643 sunt,

363 2670 453 2738 qui
514 2670 576 2722 iis
610 2669 790 2723 cibum
830 2678 1125 2738 potumque.
1157 2666 1497 2739 159-151
1529 2670 1814 2737 appOsuit;
1850 2670 1942 2721 dc-

365 2759 506 2824 inde,
534 2770 758 2830 accepto
795 2774 966 2815 cornu
1025 2760 1168 2828 quod
1245 2759 1364 2813 oleo
1415 2761 1687 2829 impletum
1748 2760 1943 2822 fuerat,

366 2852 495 2905 illud
532 2852 713 2906 Saulis
749 2854 914 2919 capiti
939 2850 1247 2914 effundens,
1268 2852 1553 2920 ipsumque
1573 2854 1939 2919 eoinungens,

363 2943 500 2995 dixit
533 2960 545 2995 :
580 2945 724 2997 Deus
765 2953 821 2997 te
845 2942 1005 2997 hodie
1037 2957 1216 3011 regem
1246 2941 1300 2994 in
1333 2940 1605 2994 lsraelitas
1629 2942 1939 3005 constituit,

365 3037 524 3104 cuius
562 3036 638 3087 rei
670 3035 906 3104 signum,
950 3035 1095 3102 quod
1130 3033 1189 3086 ad
1221 3040 1431 3101 patrem
1480 3042 1632 3086 tuutn
1688 3048 1942 3088 reversus

366 3128 542 3195 ipsum
576 3128 763 3181 asinos
797 3128 1074 3181 invenisse
1118 3129 1391 3195 reperies;
1435 3127 1646 3195 fuitque
1686 3126 1830 3179 sicut
1859 3125 1943 3179 di-

368 3222 442 3274 xit
480 3220 699 3275 Samuel
733 3221 1025 3290 propheta;
1080 3220 1323 3288 regnavit
1357 3233 1489 3286 ergo
1523 3216 1651 3271 Saul
1683 3218 1736 3271 in
1766 3216 1935 3273 lsrae-
1971 3200 2009 3251 C

368 3314 510 3376 litas,
532 3316 620 3383 qui
654 3314 861 3382 primus
892 3314 1132 3381 ipsorum
1170 3328 1263 3365 rex
1296 3311 1418 3364 fuit.

432 3406 759 3474 (longregati
794 3414 975 3457 autem
1006 3406 1104 3456 viri
1158 3404 1374 3457 urbium
1414 3402 1574 3457 Jabin
1624 3412 1680 3457 et
1735 3403 1939 3459 Galaad

366 3496 430 3547 ad
488 3495 808 3552 Mahcshum
867 3497 1280 3560 Ammonitam,
1354 3499 1649 3550 noluerunt
1710 3510 1940 3561 regnare

366 3585 609 3641 Saulem.
648 3587 791 3640 Exiit
818 3603 947 3656 ergo
979 3587 1201 3641 Mahesh
1230 3588 1293 3641 ad
1326 3587 1754 3657 oppugnandum
1788 3586 1930 3640 Sau-

369 3680 470 3730 lem
532 3694 657 3732 cum
717 3694 908 3749 magna
967 3680 1253 3732 hominum
1304 3680 1687 3743 multitudine;
1750 3687 1940 3732 contra

364 3783 524 3837 quem
550 3767 814 3821 auxilium
848 3785 875 3819 a
914 3766 1023 3821 Deo
1055 3778 1388 3823 consecutus
1420 3769 1571 3832 Saul,
1597 3770 1941 3824 Ammonitas

368 3871 550 3930 strage
580 3875 773 3929 magna
830 3860 1129 3914 interfecit.
1182 3860 1319 3913 Tum
1364 3861 1584 3915 Samuel
1638 3864 1937 3931 propheta,

364 3953 659 4022 assumptis
688 3968 874 4007 secum
904 3952 1067 4007 Saule
1094 3965 1148 4008 et
1171 3968 1201 4007 e
1234 3953 1542 4007 senioribus
1573 3953 1938 4008 lsraelitarum

366 4055 533 4111 ctetu,
588 4046 866 4115 profectus
933 4044 1143 4116 Galgal,
1205 4055 1539 4115 acceptoque
1604 4061 1773 4100 cornu
1835 4048 1937 4100 olei

368 4138 549 4206 pleno,
583 4136 798 4191 Saulem
840 4138 1037 4191 iterum
1071 4153 1256 4191 coram
1295 4139 1569 4208 populoin
1601 4138 1786 4207 Galgal
1819 4140 1938 4194 oleo

366 4231 605 4285 inunxit.
638 4228 939 4297 Laetatiqne
971 4229 1224 4283 homines
1254 4231 1322 4282 ob
1362 4244 1588 4297 regnum
1629 4230 1830 4296 Saulis,
1864 4232 1941 4284 vi-

367 4323 562 4375 rtituas
592 4322 792 4374 multas
822 4320 1055 4373 Domino
1089 4322 1459 4374 immolarunt.
1500 4321 1784 4392 Elegitque
1810 4322 1939 4376 Saul

366 4430 430 4467 ex
467 4415 729 4469 lsraclitis
785 4415 930 4466 viros
976 4423 1056 4465 ter
1089 4413 1233 4466 mille
1275 4414 1367 4481 qui
1415 4427 1536 4466 eum
1583 4414 1674 4468 illo
1729 4425 1936 4469 essent.

2048 1937 2346 2005 propheta;
2379 1936 2576 1989 deinde
2634 1936 2860 1990 Ramam
2891 1954 3145 1992 reversus
3175 1948 3298 2003 est;
3333 1938 3464 1991 Saul
3522 1953 3621 1991 au-

2046 2034 2149 2078 tem
2182 2027 2411 2079 domum
2482 2042 2635 2079 suam
2690 2027 2743 2080 in
2790 2026 2956 2081 Gibea
3017 2028 3167 2082 adiit.
3222 2028 3445 2097 Aliquot
3496 2036 3619 2095 post

2044 2116 2238 2169 diebus
2277 2114 2558 2183 profectus
2590 2113 2807 2170 Samuel
2842 2116 3278 2179 Bethlebemum,
3314 2120 3623 2188 apprehen-

2044 2222 2165 2260 sum
2223 2207 2483 2261 Davidem
2532 2207 2699 2259 lilium
2746 2206 2900 2262 Jesse
2950 2213 3071 2263 oleo
3125 2213 3278 2265 unxit
3328 2213 3381 2264 in
3442 2228 3621 2280 regem

2044 2300 2824 2371 l~raelitarum,¢l53-155
2851 2316 2972 2355 cum
3000 2304 3212 2370 juvenis
3244 2304 3420 2358 adhuc
3455 2314 3620 2361 esset.

2119 2394 2309 2447 Postea
2371 2395 2613 2448 collecta:
2687 2410 2878 2450 rursus
2934 2396 3363 2464 alienigenarum
3442 2397 3621 2451 tribus

2050 2486 2267 2539 Saulem
2314 2486 2459 2539 bello
2503 2486 2801 2548 lacessere,
2855 2495 3046 2541 contra
3077 2503 3215 2556 quas
3260 2488 3327 2542 ad
3388 2503 3617 2559 pugnam

2045 2591 2301 2645 egressus
2333 2585 2417 2629 est
2446 2591 2571 2628 cum
2624 2579 2739 2632 suis
2776 2577 2929 2641 Saul,
2982 2594 3139 2647 quem
3184 2580 3236 2632 in
3277 2581 3475 2634 bellum
3528 2596 3623 2635 co-

2047 2669 2222 2721 Ittitali
2268 2678 2398 2721 sunt
2434 2668 2654 2722 Davidis
2686 2670 2904 2723 fratres.
2940 2669 3096 2724 Jesse
3144 2685 3298 2741 ergo,
3348 2674 3621 2726 accercito

2049 2760 2157 2809 tilio
2186 2774 2287 2810 suo
2329 2758 2560 2823 Davide,
2599 2760 2777 2827 ipsum
2828 2769 3138 2814 commeatu
3188 2764 3517 2819 instructum
3554 2767 3619 2819 ad

2048 2850 2243 2903 fratres
2272 2865 2404 2905 suos
2438 2853 2490 2904 in
2521 2854 2829 2907 exercitum
2866 2854 3046 2920 misit;
3085 2854 3151 2908 ad
3178 2872 3319 2925 quos
3339 2872 3461 2911 cum
3498 2875 3622 2927 per-

2047 2941 2310 3005 venisset,
2347 2942 2659 2996 remittente
2699 2953 2807 2996 tum
2845 2959 3044 3014 pugna,
3071 2948 3355 3015 conspexit
3386 2948 3564 3002 virum
3592 2966 3622 3003 e

2048 3032 2296 3085 tribubus
2347 3033 2805 3103 alienigenarum,
2864 3035 3084 3090 nomine
3136 3035 3472 3103 Goliathum,
3527 3039 3619 3107 qui

2049 3124 2369 3178 inclamaret
2408 3142 2421 3184 ;
2466 3122 2639 3189 Heus,
2680 3123 2957 3190 Israelita),
2990 3136 3145 3182 estne
3187 3130 3279 3197 qui
3322 3129 3409 3199 [ad
3445 3140 3621 3185 certa-

2046 3215 2195 3286 men]
2226 3217 2452 3286 prodeat
2480 3218 2502 3270 ?
2536 3217 2678 3270 Dixit
2705 3219 2869 3286 igitur
2917 3218 3082 3272 David
3137 3222 3395 3276 lratribus
3451 3224 3569 3277 suis
3603 3240 3617 3276 :

2046 3310 2154 3378 Ego
2182 3310 2357 3363 virum
2405 3312 2570 3364 istum
2624 3311 2975 3366 interficiant.
3030 3313 3388 3383 Increparunt
3437 3324 3617 3370 autem

2047 3402 2223 3469 ipstttn
2263 3402 2463 3455 fratres
2498 3403 2621 3467 sui;
2677 3413 2731 3455 at
2784 3421 2910 3458 cum
2951 3405 3054 3458 hoc
3116 3406 3418 3461 audivisset
3487 3405 3617 3469 Saul

2044 3498 2184 3565 ipse,
2224 3497 2498 3549 accersito
2531 3494 2751 3559 Davide,
2787 3497 2954 3549 lorica
3015 3497 3265 3550 indutum
3330 3498 3619 3568 gladioque
3672 3484 3679 3491 ’

2047 3590 2380 3651 accinctum,
2420 3589 2472 3641 in
2528 3604 2817 3643 occursum
2865 3587 3101 3643 Goliathi
3171 3590 3389 3657 prodire
3433 3591 3617 3659 jussit.

2048 3680 2211 3733 David
2240 3690 2448 3758 autem,
2497 3697 2619 3734 cmn
2658 3682 2801 3734 inter
2829 3683 2976 3736 acies
3006 3691 3173 3745 esset.
3216 3682 3396 3736 exutis
3453 3682 3619 3735 lorica

2044 3779 2096 3824 et
2123 3772 2311 3833 armis,
2348 3772 2671 3841 abjectoque
2710 3772 2908 3841 gladio,
2969 3772 3190 3827 fundam
3233 3788 3397 3843 quam
3432 3790 3618 3827 secum

2049 3859 2240 3911 habuit
2267 3860 2559 3927 arripiens,
2581 3860 2630 3913 ei
2663 3860 2897 3928 lapidem
2934 3861 3214 3932 imposuit,
3243 3878 3353 3932 quo
3384 3850 3620 3919 excusso

2046 3967 2170 4005 cum
2200 3950 2435 4005 Goliathi
2466 3952 2703 4006 frontem
2740 3954 3127 4020 percussisset,
3180 3957 3296 4024 ipse
3330 3958 3381 4011 in
3418 3966 3617 4013 terram

2044 4041 2270 4107 decidit,
2309 4057 2468 4111 quem
2500 4042 2665 4097 David
2704 4044 2975 4112 prehenso
3004 4046 3176 4114 ipsius
3210 4048 3391 4115 gladio
3446 4049 3619 4103 inter-

2048 4136 2215 4202 fecit;
2279 4137 2706 4205 alienigenarum
2749 4148 2929 4191 autem
2986 4139 3259 4194 exercitus
3327 4142 3379 4194 in
3439 4142 3618 4209 fugam

2053 4243 2350 4282 conversus
2390 4238 2495 4292 est,
2536 4237 2720 4297 strage
2760 4229 3003 4298 ipsorum
3039 4229 3240 4298 insigni
3283 4229 3447 4285 facta.
3477 4234 3623 4287 Con—

2044 4321 2226 4374 stituit
2255 4334 2385 4389 ergo
2420 4318 2551 4374 Saul
2597 4320 2853 4376 Davidem
2906 4322 2959 4375 in
3015 4324 3263 4376 exercitu
3315 4339 3415 4378 suo
3474 4324 3621 4379 mille

2045 4414 2246 4467 ducum
2290 4412 2627 4479 prsefectum,
2665 4428 2904 4481 eumque
2946 4414 3012 4466 ad
3067 4415 3311 4482 praelium
3372 4416 3621 4471 tribubus

368 4505 490 4558 Fuit
522 4516 701 4558 autem
746 4504 897 4557 Sauli
936 4506 1078 4557 tilius
1110 4508 1331 4558 nomine
1360 4505 1656 4572 Jonathau,
1709 4507 1801 4576 qui
1855 4522 1934 4560 as-
1977 4538 2019 4593 Β
2048 4507 2366 4571 alienigenis
2390 4506 2732 4559 inferendum
2769 4506 2936 4558 misit.
2985 4508 3245 4575 Egressus
3275 4522 3402 4573 ergo
3432 4507 3615 4574 David,

369 4599 599 4666 sumptis
638 4612 826 4649 eorum
866 4598 1015 4649 mille
1049 4598 1180 4651 viris
1208 4595 1453 4660 Nasimo,
1484 4599 1574 4667 qui
1630 4600 1681 4653 in
1716 4598 1935 4652 Yumntt

370 4692 564 4753 fuerat,
632 4705 867 4759 pugnam
930 4688 1191 4749 inferens,
1231 4692 1399 4756 ipsum
1452 4690 1809 4758 multosquee
1847 4692 1942 4743 tri-

367 4785 547 4837 bubus
610 4780 930 4850 alienigenis
997 4781 1219 4835 occidit.
1268 4780 1403 4833 Cum
1461 4796 1589 4849 ergo
1660 4780 1941 4835 audissent

368 4876 542 4928 tribus
578 4874 693 4927 ista:
736 4873 868 4941 quid
902 4872 1125 4927 fecisset
1184 4870 1490 4937 Jonathan,
1547 4872 1939 4927 convenientes

366 4984 429 5020 ex
472 4966 605 5034 ipsis
636 4966 846 5034 pedites
899 4965 1084 5019 tricies
1117 4965 1263 5018 mille
1302 4964 1657 5033 equitumque
1692 4980 1783 5018 sex
1821 4965 1942 5017 mil-

370 5060 459 5119 lia,
496 5058 561 5110 ad
589 5073 824 5127 pugnam
858 5067 1048 5111 contra
1098 5058 1378 5111 lsraelitas
1417 5058 1469 5109 in
1503 5056 1692 5125 Galgal
1730 5056 1943 5124 prodie-

368 5161 531 5216 runt;
564 5167 797 5220 quorum
831 5155 1032 5203 timore
1092 5151 1328 5218 perculsi
1368 5150 1525 5218 152
1580 5150 1838 5203 Israelttte
1889 5152 1942 5203 in

370 5255 624 5309 montes,
666 5242 834 5297 valles
882 5252 936 5297 et
999 5242 1215 5298 deserta
1263 5242 1646 5311 confugerunt.
1714 5240 1945 5311 Fuitque

368 5338 497 5391 Saul
527 5338 581 5390 in
613 5336 843 5406 Galgal;
880 5335 1170 5389 Jonatham
1203 5349 1353 5396 vero,
1389 5342 1668 5402 assumpta
1719 5331 1942 5387 Israeli-

369 5445 547 5485 tarum
582 5432 829 5494 cohorte,
872 5429 936 5483 ad
987 5429 1291 5484 exercitum
1335 5428 1765 5497 alienigenarum
1818 5439 1945 5501 pro.~

366 5524 543 5577 fectus
566 5533 671 5586 est,
700 5536 966 5577 eteorum
989 5536 1171 5576 coram
1200 5521 1316 5589 ipso
1340 5519 1662 5587 fugientium
1692 5530 1941 5584 magnam

367 5615 659 5667 admodum
695 5623 931 5683 stragem
962 5613 1152 5668 edidit.
1186 5611 1305 5677 Quo
1335 5610 1548 5675 audito,
1581 5608 1709 5663 Saul
1760 5611 1811 5662 itt
1845 5609 1946 5661 tri-

371 5711 534 5758 buunt
574 5706 803 5758 istarum
837 5707 1112 5758 exercitus
1146 5716 1308 5756 noctu
1362 5702 1597 5762 irruens,
1633 5715 1727 5754 eos
1773 5699 1945 5752 inter-

372 5792 524 5862 fecit,
580 5795 716 5849 adeo
743 5802 801 5848 ut
831 5810 898 5849 ne
935 5811 1081 5850 unus
1130 5792 1353 5863 quidem
1408 5793 1686 5847 evaderet.
1740 5790 1941 5846 Deinde

2047 4599 2200 4652 caesis
2235 4613 2420 4651 eorum
2446 4608 2664 4651 centum
2700 4598 2958 4667 prteputia
3015 4598 3147 4667 ipsis
3197 4601 3422 4667 praecisa
3462 4598 3615 4654 Sauli

2046 4690 2249 4753 attulit,
2306 4690 2399 4758 qtti
2449 4690 2613 4741 filiam
2670 4706 2821 4744 suam
2888 4689 3085 4742 Michol
3136 4691 3234 4759 ipsi
3288 4692 3339 4743 in
3397 4708 3617 4746 uxorem

2045 4783 2213 4845 dedit,
2235 4782 2319 4834 cui
2360 4780 2519 4850 156
2552 4783 2813 4849 prteputia
2851 4783 2951 4834 ista
2984 4784 3085 4835 dos
3114 4790 3290 4837 erant.
3329 4782 3617 4853 Nunquam

2046 4888 2223 4929 autem
2268 4875 2415 4928 misit
2447 4873 2576 4927 Saul
2608 4874 2864 4928 Davidem
2900 4877 2965 4927 ad
3002 4875 3251 4941 przelium
3288 4878 3419 4944 quin
3455 4886 3625 4929 victo-

2047 4968 2129 5020 ria
2172 4970 2462 5036 potiretur.
2494 4965 2651 5032 Quod
2682 4966 2873 5021 videns
2927 4966 3055 5020 Saul
3088 4967 3271 5020 timuit
3329 4983 3397 5022 ne
3425 4977 3478 5019 et
3520 4966 3632 5034 ipsi.

2049 5076 2274 5129 regnum
2316 5062 2595 5130 eriperet;
2641 5075 2812 5126 quare
2868 5074 2991 5112 cum
3055 5061 3123 5113 ab
3177 5061 3268 5113 illo
3325 5064 3616 5118 metueret,

2048 5151 2226 5220 ipsum
2260 5166 2290 5205 e
2325 5152 2504 5205 medio
2535 5150 2721 5204 tollere
2753 5149 2984 5204 studuit.
3030 5150 3189 5220 Fugit
3247 5164 3377 5219 ergo
3429 5146 3631 5212 David,

2048 5248 2100 5294 et
2127 5241 2193 5294 ad
2226 5240 2401 5315 ipsum
2424 5239 2736 5309 congregati
2768 5245 2897 5292 sunt
2919 5240 3020 5292 viri
3043 5237 3447 5307 quadringenti.
3484 5236 3623 5290 Mor-

2052 5341 2176 5386 tuus
2205 5340 2388 5388 autem
2420 5340 2503 5387 est
2535 5330 2759 5387 Samuel
2794 5334 3082 5401 prepheta,
3119 5330 3375 5399 domique
3414 5343 3527 5383 sua:
3568 5331 3621 5383 in

2051 5424 2260 5478 liamah
2290 5425 2558 5492 sepultus.
2589 5423 2797 5478 Deinde
2832 5418 3089 5492 egressus
3113 5420 3241 5474 Saul
3272 5420 3337 5475 ad
3374 5423 3630 5490 prmlian»

2051 5518 2177 5569 dum
2202 5532 2323 5571 eum
2362 5516 2707 5584 alienigenis,
2742 5515 2797 5569 itt
2834 5515 3014 5581 fugam
3058 5529 3249 5567 versus
3284 5524 3337 5567 ct
3383 5517 3619 5569 vulneri-

2052 5612 2151 5664 bus
2213 5607 2525 5669 confossus,
2562 5621 2685 5660 cum
2736 5607 2791 5659 in
2852 5616 3049 5658 terram
3096 5604 3381 5673 prolapsas
3435 5621 3568 5660 essm
3603 5646 3617 5669 ,

2051 5715 2220 5769 puero
2253 5716 2377 5761 suo,
2409 5699 2503 5768 qui
2529 5700 2768 5767 armiger
2802 5696 2973 5765 ipsius
3001 5696 3285 5761 fuit,dixit
3322 5713 3337 5750 :
3365 5696 3631 5765 Jugulum

2056 5795 2187 5848 mihi
2228 5792 2397 5848 ferias
2430 5807 2501 5848 ne
2525 5807 2612 5847 me
2640 5790 2823 5847 vivum
2848 5792 3067 5861 capiant
3094 5792 3279 5849 hOStes
3307 5794 3410 5848 mei
3444 5782 3630 5861 :quott‘
