4034 6214
467 340 569 403 9ἱ3
1468 341 1758 399 EUTZCH
1777 340 1823 396 ll
1866 338 2391 396 ALEXANDRINI
2422 340 2641 397 ΡΛΉῇ
3599 337 3704 397 944

460 468 582 507 cum
615 452 700 502 ille
739 466 844 501 non
882 450 1247 517 faceret,ipse,
1279 451 1543 517 prehenso
1572 448 1773 517 gladio,
1799 458 2022 501 mortem
2058 456 2095 504 Α
2130 448 2404 513 cedentes,
2445 451 2761 513 faciliusque
2808 448 2927 516 igne
2973 449 3232 512 accensis,
3269 448 3493 518 ingressi
3532 449 3706 516 ipsius

461 544 563 597 sibi
614 541 900 603 conscivit,
926 555 1032 609 quo
1068 542 1204 601 viso,
1238 555 1294 591 se
1355 541 1514 591 etiam
1579 540 1848 592 interfecit
1894 554 2027 606 puer

460 635 650 703 ipsius.
688 634 826 687 Caesi
861 642 988 685 sunt
1017 634 1175 684 etiam
1222 632 1272 683 in
1317 632 1503 699 pra-lio
1556 630 1811 684 Israelita:
1846 642 2026 698 strage

459 729 687 795 ingenti,
724 727 923 779 occisis
970 728 1192 792 insuper
1230 724 1557 785 Jonatliaue,
1601 722 1941 776 Abinadatno
1973 730 2025 775 et

460 818 724 873 Melliislio
749 817 897 871 Sauli
928 816 1072 869 filiis.
1129 815 1221 869 Die
1252 824 1431 869 autem
1463 815 1727 873 crastino.
1760 830 1883 867 cum
1939 815 2022 867 lu-

456 917 694 963 strarent
736 908 909 961 tribus
945 907 1261 975 alienigenre
1320 922 1513 971 caesos,
1572 908 1782 959 sublata
1840 906 2018 959 Saulis

458 1001 802 1068 filiorumque
835 999 1004 1067 ipsius
1043 999 1219 1066 capita
1258 998 1308 1051 in
1344 999 1570 1066 patriam
1636 1013 1791 1050 suam
1860 998 2022 1051 mist)-

459 1099 605 1152 runt,
632 1090 953 1158 corporibus
984 1089 1225 1157 ipsorum
1265 1104 1430 1157 super
1473 1104 1596 1141 arce
1634 1089 1846 1141 Bauiasi
1903 1104 2021 1139 Stis-

458 1184 657 1253 pensis.
694 1181 847 1245 Quod
893 1196 1016 1235 cum
1070 1182 1411 1234 audivissent
1476 1184 1765 1251 populares
1824 1182 2019 1248 ipsius.

456 1274 677 1339 profecti
698 1289 927 1343 corpora
952 1276 1189 1342 ipsorum
1208 1284 1422 1343 accepta
1447 1273 1656 1327 Dauiasi
1677 1274 2020 1340 sepelierunt.

454 1364 577 1418 Fuit
615 1370 795 1419 autem
833 1366 996 1419 David
1029 1368 1079 1419 in
1140 1367 1346 1429 Sildaa,
1380 1366 1445 1419 ad
1481 1381 1639 1433 quem
1670 1380 1792 1418 cum
1832 1381 2020 1419 acces-

453 1458 613 1512 sisset
638 1458 854 1528 quidam
896 1460 1043 1513 vultu
1075 1460 1343 1527 squalidi),
1374 1458 1620 1513 vestibus
1647 1458 1856 1522 scissis,
1884 1458 2021 1511 dixit

453 1553 554 1620 ipsi
603 1552 765 1605 David
799 1568 811 1605 :
853 1551 994 1617 Quid
1031 1553 1123 1604 tibi
1158 1551 1357 1605 accidit
1399 1550 1734 1603 infortunii?
1765 1551 2017 1619 Itespon-

449 1646 528 1697 dii.
561 1646 649 1699 ille
682 1659 694 1694 :
728 1643 956 1698 Occisus
986 1651 1065 1695 cst
1098 1642 1147 1694 in
1189 1642 1374 1711 praelio
1415 1640 1564 1704 Saul,
1603 1655 1705 1693 una
1741 1655 1862 1694 cum
1900 1641 2021 1695 filiis

453 1737 623 1804 ipsius
655 1735 983 1797 Jonatliane,
1012 1733 1368 1798 Abinadamo,
1400 1730 1756 1801 157159
1796 1740 1848 1785 et
1892 1730 2021 1785 Mel-

451 1831 631 1892 iliSllU,
660 1838 825 1896 atque
849 1842 950 1896 ego
971 1842 1087 1878 sum
1115 1827 1203 1895 qni
1242 1827 1386 1893 ipsos
1422 1825 1690 1879 interfeci.
1730 1824 2021 1879 Sciderunt
2058 1817 2096 1871 Β

447 1935 575 1985 ergo
613 1918 778 1972 David
809 1927 860 1971 et
896 1920 1121 1971 comites
1150 1918 1319 1987 ipsius
1352 1928 1529 1972 vestes
1567 1918 2021 1986 suas,tribusquc

449 2011 638 2061 diebus
668 2009 1037 2063 subsistentes
1072 2022 1263 2079 panem
1296 2024 1400 2063 non
1437 2015 1726 2077 gustarunt
1784 2024 1892 2077 prae
1928 2008 2022 2060 tri-

449 2100 616 2160 stitia,
650 2102 720 2153 ob
751 2099 969 2153 Saulem
1007 2109 1058 2152 et
1086 2103 1178 2169 qui
1215 2115 1334 2153 cum
1362 2115 1427 2153 eo
1467 2100 1591 2154 ctesi
1619 2108 1774 2162 sunt,
1804 2099 2021 2152 Israeli.

451 2200 556 2245 tas.
583 2190 718 2243 Tum
752 2192 1017 2245 accersito
1038 2193 1155 2244 vito
1190 2192 1279 2261 qui
1324 2192 1576 2244 nuntium
1647 2192 1749 2259 ipsi
1814 2191 2018 2253 attulit,

446 2283 716 2337 cervicem
745 2283 1009 2351 praecidit,
1040 2283 1093 2335 in
1134 2282 1413 2351 prremium
1445 2283 1739 2337 testimonii
1778 2283 1844 2336 de
1877 2283 2021 2336 crede

450 2384 681 2443 patrata,
713 2373 858 2444 quod
891 2382 1082 2429 contra
1134 2389 1193 2427 se
1225 2373 1594 2442 perbibucrat.
1666 2371 1791 2427 Fuit
1841 2386 2018 2427 autem

448 2484 673 2538 regnum
702 2467 884 2520 Saulis
939 2482 1208 2519 annorqu
1242 2466 1458 2534 viginti,
1494 2468 1578 2519 cui
1608 2468 1660 2519 in
1694 2482 1859 2534 regno
1892 2482 2018 2519 suc-

447 2562 615 2615 cessit
642 2560 808 2613 David
838 2561 977 2614 iilius
1002 2559 1175 2614 Jesse.
1211 2558 1328 2613 tam
1360 2558 1425 2611 ad
1457 2574 1678 2628 regnum
1711 2558 1927 2614 Davidis
1956 2560 2022 2612 ab

445 2655 594 2706 exitu
629 2653 999 2707 lsraelitarum
1048 2668 1108 2703 ex
1145 2649 1373 2719 Aigypto
1424 2651 1549 2703 anni
1607 2660 1733 2703 sunt
1780 2652 2018 2703 sexcenti

447 2763 579 2811 sex;
611 2747 680 2799 ab
740 2743 1052 2799 Abraliamo
1084 2741 1229 2795 mille
1262 2751 1479 2795 centum
1537 2750 1588 2793 et
1650 2741 1910 2794 tredecim
1940 2759 1951 2801 ;
1991 2757 2016 2793 τι

448 2834 687 2890 l’lialeko
716 2834 864 2887 mille
891 2831 1131 2886 sexcenti
1186 2831 1582 2899 quinquaginta
1645 2840 1879 2899 quatuor
1912 2874 1924 2896 ,
1990 2850 2017 2885 a

447 2927 653 2980 diluvio
703 2925 791 2979 bis
827 2923 976 2977 mille
1010 2930 1226 2976 centum
1273 2923 1555 2990 octoginta
1621 2926 1900 2991 quinque,
1951 2928 2017 2975 ait

448 3017 658 3071 Adamo
718 3021 957 3085 quatuor
1024 3010 1171 3064 mille
1216 3012 1593 3082 quadringenti
1660 3014 2016 3083 quadraginta

448 3124 608 3164 unus.

2130 542 2401 595 interfecti
2448 552 2611 609 caput
2666 540 2940 594 sublatum
2996 543 3059 591 ad
3114 539 3365 592 Davidem
3418 541 3700 599 tulerunt:

2132 632 2297 685 David
2326 648 2451 686 vero
2488 631 2657 700 ipsos,
2697 632 2949 686 manibus
2976 631 3310 698 pedibusque
3337 640 3616 684 truncatus
3641 647 3705 684 ac

2128 725 2445 784 decollatos,
2474 722 2798 789 suspendit;
2833 731 2886 773 at
2937 722 3290 785 lslihosltetli,
3351 720 3534 777 Saulis
3584 723 3701 781 filii.

2134 825 2297 885 caput
2323 814 2376 867 in
2408 817 2659 882 sepulcio
2702 814 2901 868 ALneri
2955 814 3221 880 sepelivit.
3257 813 3429 868 Porro
3458 816 3702 869 condidit

2130 908 2297 961 David
2327 907 2516 961 urbem
2550 905 2720 967 Uslia,
2758 922 2922 975 quant
2955 906 3173 960 Davidis
3201 906 3477 960 civitatem
3509 908 3693 975 appel-

2130 1001 2300 1064 lavit;
2353 1008 2543 1068 estque
2580 999 2766 1053 eadem
2808 1000 3003 1051 Siliou.
3041 999 3176 1052 Cum
3214 1008 3398 1053 autem
3447 1000 3699 1053 audirent

2127 1091 2559 1159 alienigenarum
2593 1105 2752 1160 reges
2789 1090 3045 1143 Davidem
3093 1105 3259 1159 regno
3289 1092 3519 1160 potitum
3552 1105 3696 1153 esse,

2128 1184 2438 1251 congregati
2472 1193 2602 1235 sunt
2629 1184 2696 1236 ad
2726 1182 2923 1236 bellum
2961 1182 3061 1249 ipsi
3109 1182 3478 1245 inferendum,
3507 1192 3696 1237 contra

2128 1289 2269 1343 quos
2296 1275 2411 1343 ipse
2442 1289 2563 1327 cum
2600 1274 2841 1328 exercitu
2889 1273 3233 1343 161-163
3270 1288 3371 1328 suo
3403 1275 3693 1342 profectus.

2127 1379 2221 1418 eos
2262 1366 2635 1419 internecione
2687 1365 2925 1425 delevit;
2966 1367 3153 1433 itaque
3211 1366 3563 1433 tranquillum
3612 1367 3693 1419 fa-

2125 1464 2270 1509 ctum
2303 1467 2387 1509 est
2419 1472 2646 1525 regnum
2689 1456 2897 1523 ipsius;
2944 1457 3153 1526 fuitque
3186 1456 3489 1511 consiliarii
3525 1459 3697 1528 ipsius

2127 1564 2323 1602 nomen
2348 1546 2672 1617 Josltapliat,
2706 1548 2916 1602 Acblici
2962 1548 3127 1603 titius.
3176 1548 3346 1603 Porro
3390 1549 3534 1603 dono
3592 1552 3695 1619 ipsi

2128 1639 2276 1692 misit
2328 1637 2535 1698 lliram.
2572 1639 2679 1691 Siri
2739 1654 2853 1701 rex,
2910 1639 3053 1707 ligna
3114 1640 3340 1693 cedrina
3367 1650 3419 1691 et
3471 1639 3696 1709 abiegua

2126 1730 2325 1799 quibus
2356 1728 2574 1783 domum
2620 1729 2907 1783 atdifieavit
2941 1730 3131 1786 David.

2197 1819 2399 1871 Omnes
2457 1828 2637 1871 autem
2704 1819 3071 1872 Israelitarum
3145 1819 3418 1888 principes
3475 1821 3698 1873 domum

2126 1908 2423 1962 Abinailabi
2459 1908 2704 1977 profecti,
2733 1910 3001 1964 sublatam
3030 1911 3156 1964 inde
3191 1927 3397 1973 arcam,
3430 1915 3702 1979 plaustro-

2125 2017 2230 2069 que
2263 2001 2591 2069 impositam,
2618 2011 2935 2072 gestarunt;
2975 2003 3116 2058 Uzza
3167 2015 3222 2058 et
3277 2006 3441 2068 Abiu,
3489 2006 3694 2058 Altina-

2125 2092 2246 2147 dabi
2283 2092 2425 2155 filiis,
2460 2107 2490 2147 e
2523 2096 2756 2161 posteris
2802 2093 2994 2147 Kaliati
3034 2097 3126 2149 lilii
3183 2095 3330 2160 Levi,
3394 2098 3698 2167 plaustrum

2126 2184 2435 2249 agentibus,
2457 2199 2579 2237 cum
2615 2199 2721 2239 non
2745 2187 2931 2240 liceret
2954 2188 3212 2244 Israelita:
3240 2190 3475 2256 cuipiam
3505 2204 3701 2259 praeter

2128 2276 2266 2329 filios
2291 2274 2423 2327 Levi
2456 2290 2636 2328 arcani
2674 2274 2833 2331 ferre.
2868 2278 3063 2331 Arcam
3114 2289 3319 2344 autem,
3358 2284 3484 2333 dum
3525 2283 3698 2349 ipsam

2126 2367 2177 2418 in
2206 2366 2448 2435 plaustro
2482 2365 2703 2431 ferrent,
2736 2369 2977 2422 vestibus
3004 2370 3340 2437 operierunt,
3377 2372 3567 2426 relicto
3608 2374 3698 2426 iu-

2125 2468 2207 2512 ter
2234 2460 2403 2525 ipsam
2434 2475 2497 2513 ae
2526 2462 2789 2527 populum
2813 2462 3122 2514 cubitorum
3160 2464 3245 2516 bis
3289 2465 3519 2516 millium
3568 2481 3691 2534 spa-

2126 2552 2223 2605 tio.
2260 2550 2508 2620 Dumque
2541 2552 2710 2620 ipsam
2744 2552 2793 2605 in
2825 2554 3065 2621 plaustro
3101 2554 3431 2608 deducerent
3470 2554 3614 2609 Uzza
3646 2568 3700 2609 et

2120 2644 2263 2695 Abiu
2306 2642 2533 2713 [factum
2563 2642 2667 2714 est]
2703 2652 2760 2696 ut
2800 2645 3107 2699 labantibus
3133 2647 3493 2713 juvencorum
3543 2650 3701 2715 pedi-

2125 2736 2246 2796 bus,
2284 2750 2450 2802 prope
2484 2747 2626 2788 t‘Ssel
2657 2743 2715 2787 ut
2744 2746 3023 2788 corrueret
3053 2750 3219 2799 arca;
3257 2751 3419 2805 quam
3452 2738 3695 2789 retinens

2126 2822 2291 2889 Uzza,
2335 2834 2582 2878 mortuus
2626 2825 2878 2894 procidit.
2922 2824 3299 2881 Extimescens
3332 2842 3459 2896 ergo
3501 2826 3697 2889 David,

2121 2932 2303 2969 arcam
2334 2918 2387 2970 in
2419 2916 2729 2971 Obeoledom
2775 2916 2953 2970 llittzei
2983 2917 3204 2971 domum
3242 2916 3564 2983 introduxit,
3602 2919 3697 2971 ubi

2121 3009 2296 3063 tribus
2312 3009 2594 3063 mensibus
2623 3012 2941 3076 permansit.
2968 3008 3172 3065 Deinde
3201 3009 3446 3065 eamdem
3471 3024 3501 3065 e
3527 3010 3696 3064 dom;

2068 3167 2084 3181 .
2120 3100 2446 3154 Obededomi
2482 3099 2706 3154 abduxit
2736 3101 2928 3166 David,
2963 3112 3170 3171 septem
3212 3103 3483 3165 buccinis,
3515 3104 3694 3165 tibiis.

521 3199 767 3271 Regnum
800 3208 981 3253 autem
1044 3196 1280 3251 obtinuit
1343 3196 1505 3250 David
1558 3198 1701 3251 filius
1761 3198 1913 3253 .les~e
1963 3200 2011 3251 in
2043 3168 2086 3223 (δ
2120 3192 2480 3261 omnibusque
2499 3192 2732 3245 musices
2758 3194 3044 3262 speciebus
3065 3196 3379 3249 canentium
3404 3196 3693 3250 ordinibus

447 3308 638 3351 omnes
666 3291 1037 3346 lsraelitarum
1073 3288 1245 3342 tribus
1280 3302 1451 3341 annos
1479 3298 1637 3341 natus
1665 3288 1907 3356 triginta,
1941 3305 2015 3341 rc-

448 3386 744 3455 guavitque
772 3395 946 3435 annos
979 3377 1367 3448 quadraginta,
1398 3392 1611 3431 menses
1642 3391 1757 3441 sex,
1806 3389 2012 3446 septem

453 3478 667 3530 scilicet
713 3488 887 3527 annos
918 3486 1040 3522 cum
1066 3485 1160 3522 sex
1196 3467 1474 3520 mensibus
1504 3466 1762 3529 llelironi,
1790 3467 2012 3533 triginta

448 3579 559 3621 tres
592 3562 1002 3632 Hierosolymis.
1043 3558 1337 3613 Praefectus
1368 3566 1547 3609 autem
1576 3558 1845 3610 exercitus
1878 3556 2017 3610 Sau-

450 3657 513 3710 lis
554 3662 672 3708 erat
699 3652 881 3706 Aluier
912 3651 1057 3701 filius
1086 3646 1225 3709 Ner;
1258 3647 1349 3713 qui
1380 3662 1499 3699 Cum
1528 3646 2009 3711 Asbaelchoabi

448 3748 693 3804 fratrem,
730 3740 1113 3804 interfecisset,
1146 3736 1429 3807 profertus
1457 3746 1647 3790 contra
1677 3738 1854 3807 ipsum
1885 3754 2007 3793 cuiu

444 3828 621 3903 copiis
678 3830 836 3891 .loab,
867 3846 897 3884 e
936 3827 1231 3883 comitibus
1293 3829 1466 3894 ipsius
1507 3828 1653 3881 viros
1709 3838 2009 3881 tercentum

444 3928 724 3995 settaginta
752 3922 873 3976 neci
910 3920 1093 3986 dedit;
1128 3918 1325 3973 deinde
1359 3918 1579 3973 fratrem
1606 3934 1765 3971 suum
1803 3920 2009 3973 Asbae-

448 4024 549 4074 Iein
580 4014 911 4070 Betldeliemi
940 4011 1173 4082 sepeliit.
1193 4009 1358 4063 Porro
1386 4026 1506 4064 eum
1533 4010 1848 4065 interfectus
1871 4022 2013 4065 essvt

444 4109 590 4169 Sani,
646 4106 822 4159 Abuer
855 4113 1135 4171 acceptum
1196 4101 1541 4168 lsbesbetli,
1581 4100 1760 4154 Saulis
1818 4103 2008 4164 lilium,

446 4218 622 4271 regem
666 4200 720 4253 in
771 4199 959 4253 Gilead
1020 4212 1181 4267 super
1228 4196 1504 4266 lilpliraim,
1560 4196 1803 4266 et160
1849 4210 2010 4262 super

447 4294 715 4346 lsraelitas
755 4291 1082 4354 constituit;
1121 4288 1331 4356 fuitque
1372 4285 1695 4340 lsliboslictlt
1737 4302 2008 4338 annorum

442 4385 799 4457 quadraginta
823 4399 929 4452 quo
958 4392 1199 4449 tempore
1230 4396 1319 4433 rex
1347 4379 1673 4433 constitutus
1703 4388 1806 4432 est.
1841 4377 2007 4429 Multa

444 4488 622 4530 autem
666 4476 807 4528 inter
832 4472 1130 4527 exercitum
1166 4470 1257 4523 lilii
1297 4471 1497 4535 Saulis,
1519 4480 1681 4537 atque
1704 4467 2002 4522 exercitum

446 4567 664 4621 Daiidis
699 4564 1016 4619 acciderunt
1080 4562 1287 4631 praelia,
1341 4562 1579 4630 etesique
1643 4570 1770 4614 sunt
1826 4561 2004 4613 multi.

447 4659 569 4713 Fuit
625 4667 804 4709 autem
871 4654 1023 4707 Sauli
1094 4654 1398 4706 concubina
1470 4654 1691 4706 nomine
1743 4650 2004 4721 Rispliali,

444 4763 609 4816 quam
699 4761 821 4797 cum
888 4743 1159 4811 acciperet
1219 4744 1421 4804 Al2ner,
1484 4742 1755 4812 prohibuit
1822 4743 1999 4811 ipsmu

444 4834 765 4889 ιειιιιοκιιριιι
798 4832 981 4884 Saulis
1015 4832 1196 4897 filius;
1229 4832 1583 4899 quamobrem
1618 4832 1789 4883 iratus
1826 4832 2005 4882 Abucr

444 4928 511 4983 ad
574 4926 854 4988 Davidcm,
897 4924 1019 4993 ejus
1077 4924 1199 4977 lidci
1238 4940 1296 4978 se
1347 4926 1713 4988 eutntuittens,
1767 4924 2004 4985 transiit,

442 5034 602 5089 quem
629 5024 777 5071 veste
809 5014 1057 5069 indutum
1088 5013 1252 5068 David
1291 5014 1456 5069 libere
1482 5014 1717 5068 demisit.
1750 5016 1816 5067 At
1844 5012 2002 5076 Joab,

443 5111 644 5164 Servis:
700 5107 866 5171 titius,
910 5108 1184 5162 exercitus
1242 5105 1463 5159 Davidis
1516 5106 1823 5175 praefectus,
1878 5120 2003 5174 pre-

439 5204 611 5257 lteuso
640 5200 858 5253 Abnero
884 5208 1045 5267 caput
1078 5197 1301 5253 abstulit
1333 5206 1552 5266 propter
1584 5197 1867 5250 Asbaelem
1900 5195 2004 5249 fra-

441 5304 574 5347 treai
607 5309 787 5347 suun.
824 5290 997 5356 Quam
1044 5289 1115 5343 ob
1158 5306 1379 5343 causam
1412 5291 1584 5342 iratus
1632 5287 1796 5341 David
1828 5296 1998 5341 totqu

438 5387 761 5447 exercitum,
802 5383 1048 5437 vestibus
1091 5381 1301 5445 scissis,
1352 5381 1655 5445 Abnerum,
1708 5396 1866 5448 quem
1901 5378 2002 5434 lle—

443 5475 593 5525 taoni
622 5472 858 5540 sepeliit,
890 5469 1291 5538 dellcrcjussit.
1320 5468 1410 5520 l'm
1428 5484 1486 5520 ro
1508 5467 2003 5523 fuerunteducibus

438 5568 617 5617 Saulis
668 5564 864 5618 fratres
902 5565 1032 5627 duo,
1068 5577 1301 5633 quorum
1356 5562 1447 5613 uni
1503 5576 1696 5615 nomen
1760 5561 1999 5625 Rechab,

440 5655 592 5703 alteri
621 5652 820 5716 liaana,
851 5671 879 5707 e
912 5655 1187 5719 Rimmon,
1231 5652 1566 5723 Benjamitte,
1592 5654 1682 5723 qui
1719 5654 2001 5708 interfecto

444 5746 543 5793 iatn
574 5743 788 5793 Abncro
814 5754 973 5796 noctu
1000 5745 1062 5797 ad
1100 5745 1439 5812 lsldioslicib,
1476 5746 1653 5801 Saulis
1697 5747 1891 5806 tilium,
1914 5762 1999 5799 ac-

2118 3284 2396 3347 cinctam;
2427 3284 2543 3353 ipse
2573 3284 2762 3351 David,
2809 3286 3054 3341 vestibus
3082 3286 3570 3343 diversicoloribus
3602 3289 3688 3341 iu-

2117 3377 2301 3436 dutus.
2338 3392 2523 3430 coram
2563 3393 2691 3431 arca
2724 3380 2961 3433 saltabat
2994 3390 3046 3433 et
3084 3380 3435 3449 tripudiabat.
3485 3382 3682 3434 Arcani

2116 3484 2244 3534 ergo
2275 3470 2326 3520 iu
2372 3468 2605 3521 medium
2644 3471 2980 3524 tabernaculi
3017 3472 3163 3540 quod
3202 3474 3394 3526 fixerat
3426 3473 3587 3525 David
3630 3473 3686 3525 in

2120 3560 2288 3614 Silion
2340 3561 2779 3625 introduxerunt,
2846 3564 3164 3618 immolante
3199 3564 3399 3619 Davide
3437 3580 3681 3634 magnam

2112 3650 2474 3714 iuvencorum
2518 3659 2684 3721 atqtte
2742 3655 2978 3706 arietum
3032 3656 3266 3724 c0piam.
3328 3656 3452 3709 lirat
3502 3665 3679 3709 autem

2114 3756 2239 3793 arca
2272 3757 2300 3793 e
2334 3742 2491 3810 lignis
2518 3744 2775 3807 cedrinis,
2811 3745 2969 3816 164
2993 3747 3353 3815 longitudine,
3402 3748 3683 3799 latitudine

2116 3844 2165 3886 et
2204 3835 2568 3889 crassitudine
2592 3839 3056 3905 sesquicubitalis,
3085 3855 3221 3892 auro
3240 3851 3514 3905 cooperta.
3546 3841 3682 3893 Tum

2114 3936 2333 3989 egresso
2360 3935 2548 3978 contra
2577 3926 2834 3979 Davidem
2872 3929 2937 3981 al
2975 3930 3173 3983 bellqu
3207 3930 3305 3998 ipsi
3336 3929 3448 3983 infe
3483 3931 3678 3984 eudum

2118 4028 2239 4076 rege.
2273 4012 2429 4069 Seba:
2462 4018 2681 4071 nomine
2724 4019 2908 4070 lladad
2945 4020 3099 4083 Ezer,
3146 4020 3349 4073 lielioln
3386 4000 3513 4081 tilio,
3560 4037 3683 4088 pro-

2118 4104 2292 4158 fectus
2324 4106 2424 4175 ipsi
2463 4106 2515 4160 in
2547 4124 2837 4163 occursum
2879 4111 3042 4165 [λαιά
3083 4123 3133 4165 et
3162 4113 3386 4165 victoria
3420 4116 3471 4167 in
3503 4114 3677 4181 ipsum

2117 4193 2339 4261 poxitus,
2362 4211 2390 4249 e
2415 4198 2708 4254 comitibus
2750 4200 2867 4268 ejus
2911 4203 3126 4269 equites
3158 4205 3552 4272 Septingi-ntos,
3588 4218 3683 4271 pe-

2115 4283 2258 4337 dites
2290 4287 2456 4340 vicies
2498 4290 2645 4342 tnille
2688 4291 2981 4345 interfecit.
3020 4292 3162 4358 Quin
3197 4303 3247 4347 et
3297 4295 3541 4363 profecto
3577 4294 3680 4346 Su-

2116 4390 2237 4430 raso
2270 4394 2392 4446 rege
2436 4380 2682 4434 Damasci
2728 4384 2790 4435 ad
2828 4386 3091 4437 auxilium
3155 4384 3335 4437 lladad
3390 4384 3559 4438 Ezttro
3604 4385 3679 4437 fe-

2118 4472 2366 4535 rendum,
2402 4473 2673 4527 interfet-it
2712 4473 2879 4528 David
2915 4493 2944 4530 e
2976 4479 3267 4532 comitibus
3291 4480 3465 4547 ipsius
3489 4479 3678 4548 viginti

2114 4558 2220 4613 duo
2256 4562 2458 4624 millia;
2496 4562 2783 4633 factusque
2814 4576 2897 4620 est
2926 4566 3094 4622 Suras
3146 4570 3392 4623 Damasci
3450 4586 3542 4624 rex
3575 4570 3678 4622 Da-

2111 4652 2215 4703 vidi
2249 4652 2419 4707 instar
2442 4656 2618 4719 servi;
2655 4660 3042 4728 transtulitque
3095 4658 3262 4713 David
3308 4660 3678 4733 Hierosolyma

2109 4757 2317 4819 omnes,
2352 4761 2473 4813 quae
2494 4748 2786 4802 comitibus
2830 4749 3160 4805 lladadezeri
3220 4752 3459 4813 fuerunt.
3510 4770 3679 4807 zonas

2108 4852 2323 4897 aureas,
2356 4847 2516 4905 atque
2548 4851 2853 4909 argenteas,
2903 4860 3024 4895 cunt
3050 4846 3383 4897 ornatttcntis
3418 4862 3678 4915 perquam

2112 4928 2317 4986 multis,
2352 4943 2471 4994 qua:
2517 4931 2742 4982 abstulit
2798 4932 2956 4985 Sisak
3012 4933 3227 5003 ALgypti
3287 4950 3401 4997 rex,
3458 4936 3679 5003 quando

2109 5014 2479 5088 Hierosolyma
2541 5022 2710 5081 venit,
2751 5036 3010 5091 regnante
3042 5024 3393 5081 [ilicoliiimno
3427 5025 3675 5082 Salomo-

2109 5107 2193 5160 uis
2227 5108 2355 5162 filio.
2412 5111 2605 5164 Attulit
2628 5114 2789 5166 etiam
2826 5115 2987 5167 David
3029 5134 3057 5170 e
3084 5119 3267 5186 prielio
3301 5119 3676 5189 Hierosolyma

2108 5214 2356 5267 magnam
2402 5203 2526 5255 reris
2552 5204 2784 5269 c0piani,
2820 5222 2848 5258 e
2879 5223 2985 5275 quo
3031 5209 3265 5263 confecit
3299 5208 3557 5265 Salomon
3581 5226 3676 5263 eo-

2106 5291 2343 5349 lumnas.
2378 5290 2535 5344 bases
2565 5304 2616 5344 et
2675 5284 2888 5359 portas],
2938 5312 3047 5363 quo
3108 5308 3353 5367 tempore
3411 5302 3673 5368 templum

2105 5383 2393 5434 exstruxit.
2434 5384 2552 5435 Post
2590 5385 2697 5436 baet-
2740 5384 2903 5439 David
2940 5388 3068 5440 muli
3094 5405 3221 5441 -rem
3275 5391 3492 5444 nomine
3547 5390 3675 5446 Ber-

2106 5470 2313 5533 scbaui,
2346 5472 2494 5524 l‘llialt
2521 5474 2707 5535 liiiattt,
2763 5474 2905 5527 Utiztt
2942 5494 3192 5543 ttxttt'cttt,
3256 5482 3511 5534 feminam
3554 5482 3674 5550 pul-

2106 5564 2290 5615 chram
2320 5574 2371 5616 et
2398 5562 2717 5628 formosam,
2746 5579 3091 5634 Conspectum
3144 5572 3397 5639 deperiit,
3438 5587 3671 5640 cumque

2105 5654 2293 5707 eadem
2324 5658 2589 5711 accersita
2629 5672 2738 5711 rem
2776 5660 2983 5724 habuit,
3022 5664 3158 5715 adeo
3179 5676 3236 5717 ιιι
3270 5681 3331 5717 ex
3361 5682 3425 5717 eo
3451 5665 3668 5734 gravida

2108 5745 2279 5815 fieret,
2334 5750 2527 5805 marito
2574 5751 2693 5820 eius
2733 5750 2879 5819 Uria,
2915 5769 3033 5807 cum
3064 5752 3233 5810 .loabo
3264 5758 3316 5811 in
3356 5760 3494 5811 bello
3538 5772 3668 5810 cun-
