4034 6214
370 320 479 384 945

1804 338 2174 400 ANNALES.

3521 333 3622 397 946

371 445 457 488 tra
479 434 819 509 alienigenas
849 448 980 497 tunc
1012 443 1264 500 absente.
1302 446 1437 500 Cum
1469 462 1601 518 ergo
1650 463 1768 502 eam
1795 465 1860 503 ex
1890 466 1950 505 se
1985 465 2022 519 Α
2056 451 2434 524 Hierosolyma
2469 466 2720 507 reversus
2752 458 2854 508 cst.
2897 450 3252 524 169-171
3289 449 3415 504 Fuit
3442 459 3622 503 autem

373 527 696 599 concepisse
763 543 968 600 nosset,
1021 535 1238 603 Uriam,
1288 540 1473 594 missis
1534 543 1629 610 qui
1681 541 1833 594 illum
1885 543 1948 595 ad

377 617 557 688 ipsum
611 621 969 692 adducerent,
1021 643 1082 683 ea
1151 643 1310 686 noete
1353 634 1498 688 domi
1546 651 1657 691 suae
1709 635 1951 690 dormire

367 710 574 781 jussit;
615 712 742 770 Uria
780 726 959 773 autem
1013 736 1078 776 ea
1133 733 1295 780 nocte
1352 725 1574 780 domum
1634 742 1783 780 suam
1838 743 1942 782 non

369 808 672 873 concessit,
705 825 891 866 verum
929 829 1053 868 cum
1106 815 1462 889 165-167
1507 817 1840 888 jauitorihus
1889 821 1938 873 in

367 898 570 969 palatio
597 901 882 960 dormivit.
924 905 1081 963 Mane
1108 925 1237 979 ergo
1267 911 1332 964 ad
1361 913 1660 967 exercitum
1706 929 1828 968 eum
1863 931 1946 969 re-

369 989 522 1046 misit
550 990 740 1054 David,
775 994 955 1064 ipsum
990 998 1134 1053 domi
1192 1015 1306 1054 sum
1357 1003 1722 1058 obdormiisse
1752 1013 1942 1070 ratus;

367 1082 513 1152 quod
549 1099 616 1138 eo
653 1085 759 1140 ﬁne
791 1088 972 1144 facere
1007 1091 1183 1161 ipsum
1223 1094 1393 1148 voluit
1423 1094 1588 1149 David
1624 1105 1681 1150 ut
1719 1097 1788 1150 ita
1821 1113 1942 1150 cum

366 1189 540 1231 uxore
561 1191 662 1230 sua
697 1180 1126 1246 concumberet;
1163 1199 1295 1253 quo,
1346 1201 1468 1240 cum
1528 1188 1746 1257 gravida
1802 1189 1941 1243 facta

363 1277 534 1335 esset,
569 1269 702 1323 nihil
738 1270 965 1327 haberet
995 1274 1154 1344 cujus
1188 1276 1362 1346 ipsum
1389 1277 1691 1336 incusaret.
1724 1282 1791 1336 At
1819 1299 1941 1337 cum

361 1357 509 1414 domi
535 1374 650 1414 suae
673 1375 778 1414 non
813 1361 1183 1428 dormivisset.
1219 1367 1444 1436 scripsit
1478 1369 1543 1422 ad
1572 1369 1802 1425 Joabum
1841 1372 1943 1428 Da-

363 1447 455 1502 vid
505 1457 566 1503 ut
602 1447 788 1504 Uriam
851 1461 980 1505 ante
1042 1467 1225 1508 arcam
1283 1457 1338 1508 in
1398 1457 1582 1526 praelio
1627 1458 1938 1514 collocaret.

362 1537 518 1604 Quod
550 1552 675 1592 cum
703 1538 941 1605 fecisset,
975 1542 1298 1599 interfectus
1317 1555 1401 1602 est
1431 1545 1556 1601 Uria
1596 1563 1780 1602 coram
1814 1565 1938 1604 arca

363 1629 419 1684 in
452 1631 664 1700 praelio.

432 1719 530 1777 lllo
561 1737 690 1791 ergo
717 1724 923 1791 occiso,
955 1725 1108 1779 duxit
1138 1725 1302 1780 David
1335 1727 1457 1795 ejus
1489 1730 1775 1801 conjugcm
1811 1731 1938 1786 Bar-

2055 543 2408 610 Ahshalomo,
2438 544 2659 599 Davidis
2697 544 2830 605 lilio,
2887 543 3142 600 caesaries
3175 543 3396 612 copiosa
3431 542 3624 595 admo-

2053 635 2209 699 dum,
2243 636 2378 688 adeo
2408 643 2468 689 ut
2517 637 2734 706 quoties
2767 636 3089 707 capillitium
3124 650 3284 690 suum
3321 648 3348 688 a
3379 643 3624 702 tempore

2053 725 2119 779 ad
2162 733 2383 798 tempus
2417 731 2750 794 retonderet,
2795 729 2963 784 siclos
3014 728 3285 782 ducentos
3340 725 3618 793 penderet.

2050 817 2224 872 Porro
2246 819 2645 888 prophetat-unt
2671 832 2915 891 tempore
2939 819 3181 880 Davidis,
3211 818 3450 879 Nathan,
3483 816 3619 882 Gad,

2050 909 2218 961 Achia
2252 908 2548 973 Shilonita,
2582 912 2787 976 Asaph,
2821 911 3053 964 Haiman
3088 919 3144 963 et
3176 908 3483 964 Yadutbun
3519 908 3620 962 Le-

2047 1001 2182 1066 vita,
2224 1010 2277 1055 et
2309 1001 2447 1057 Joab
2485 1005 2708 1066 Servim,
2742 1007 2949 1059 sororis
2976 1005 3198 1059 Davidis
3233 1006 3393 1066 lilius,
3447 1004 3537 1072 qui
3568 1012 3622 1056 et

2048 1091 2221 1160 ipsius
2253 1095 2495 1149 vicarius
2530 1096 2649 1149 fuit.

2118 1186 2492 1241 Numerarunt
2517 1197 2698 1242 autem
2735 1189 2896 1242 David
2933 1200 2982 1243 et
3021 1191 3260 1243 vicarius
3293 1189 3464 1258 ipsius
3485 1186 3621 1240 Joab

2048 1273 2417 1330 lsraelitarum
2483 1279 2682 1334 tribus.
2718 1279 2992 1335 Numerus
3025 1290 3208 1334 autem
3245 1279 3616 1334 lsraelitarum

2043 1381 2202 1434 quem
2238 1378 2610 1437 supputarunt
2645 1371 2808 1427 David
2841 1382 2892 1427 ct
2926 1373 3088 1435 .loab,
3117 1381 3237 1426 erat
3291 1371 3619 1439 quadragies

2046 1458 2250 1515 millies
2303 1462 2450 1516 mille
2490 1472 2544 1517 et
2599 1475 2818 1521 centum
2874 1467 3040 1520 mille.
3107 1467 3217 1538 [At
3261 1467 3414 1533 juxta
3471 1463 3615 1516 aliud

2043 1552 2348 1621 exemplar,
2383 1563 2578 1622 quater
2633 1558 2833 1610 millies
2872 1559 3018 1612 mille
3061 1567 3113 1610 et
3148 1566 3370 1612 centum
3406 1553 3617 1623 mille]

2041 1643 2281 1708 Quorum
2316 1659 2346 1698 e
2380 1644 2505 1700 filiis
2552 1645 2703 1702 Iudae
2755 1652 3153 1719 quadringenta
3188 1662 3238 1704 et
3273 1649 3618 1719 septuaginta

2043 1736 2230 1801 millia,
2270 1735 2593 1804 Benjamitae
2628 1747 2812 1793 autem
2866 1751 2917 1795 et
2969 1741 3181 1796 Levitzc
3213 1757 3321 1794 non
3356 1755 3619 1794 numera-

360 1811 618 1879 shebam,
649 1830 770 1884 quae
807 1816 981 1870 ﬁlium
1040 1818 1142 1888 ipsi
1177 1821 1408 1888 peperit.
1469 1821 1705 1878 Veniens
1758 1834 1936 1880 autem
1970 1833 2014 1890 Β
2047 1823 2264 1878 bantur.
2333 1824 2607 1880 Numerus
2677 1837 2857 1882 autem
2933 1830 3370 1900 rejectaneorum
3446 1831 3538 1900 qui
3588 1845 3618 1883 e

363 1903 434 1959 ad
469 1906 646 1976 ipsum
677 1905 895 1962 Nathan
924 1912 1210 1981 prepheta,
1246 1915 1425 1969 dixit:
1486 1915 1603 1971 Duo
1647 1929 1805 1972 erant
1840 1919 1936 1972 \il‘i

363 1999 420 2053 in
477 1999 632 2064 urbe,
687 2017 920 2071 quorum
980 2021 1122 2060 unus
1182 2007 1360 2074 dives,
1419 2010 1506 2064 cui
1566 2011 1834 2080 pecudum
1887 2021 1938 2067 et

361 2089 527 2146 boum
569 2107 763 2160 magna
823 2104 941 2147 erat
993 2097 1198 2166 copia;
1239 2099 1376 2151 alter
1412 2115 1540 2154 vero
1571 2116 1801 2170 panrer,
1849 2103 1936 2157 cui

365 2191 565 2251 prater
592 2197 748 2238 ovem
788 2200 952 2238 unam
981 2201 1092 2240 non
1125 2199 1267 2244 erat.
1298 2191 1452 2258 cujus
1491 2192 1572 2246 lac
1603 2209 1668 2247 ac
1707 2195 1826 2248 lana
1862 2195 1938 2247 vi.

361 2281 511 2336 ctum
548 2274 650 2344 ipsi
701 2275 1057 2345 praebebant;
1112 2278 1441 2337 adveniente
1478 2293 1658 2338 autem
1699 2285 1764 2338 ad
1800 2287 1937 2339 divi-

363 2374 472 2422 tem
507 2368 722 2436 hospite
753 2369 1019 2438 quodam.
1074 2373 1167 2428 ille
1205 2375 1472 2444 prehensa
1529 2379 1787 2446 pauperis
1837 2395 1938 2435 ove

364 2474 483 2514 eam
513 2460 820 2530 jugulatam
854 2463 1053 2534 hospiti
1096 2481 1197 2520 suo
1235 2469 1514 2536 apposuit.
1555 2470 1700 2525 Dixit
1727 2473 1934 2527 David:

362 2550 608 2607 Pessime
665 2553 813 2620 fecit,
870 2557 1238 2628 quadruplum
1299 2561 1372 2614 illi
1437 2579 1534 2632 pro
1591 2580 1691 2618 ove
1723 2567 1936 2623 reddet.

360 2640 655 2712 lnerepans
682 2660 814 2716 ergo
862 2649 1041 2717 ipsqu
1075 2647 1292 2704 Nathan
1332 2653 1598 2721 propheta
1627 2672 1639 2706 :
1693 2654 1772 2708 Tu
1807 2655 1934 2722 (in-

357 2735 517 2805 quit)
549 2752 609 2790 es
647 2740 729 2791 vir
762 2739 874 2794 ille.
916 2739 1130 2796 Scissis
1159 2758 1290 2812 ergo
1325 2745 1513 2798 statim
1549 2747 1792 2801 restibus
1821 2748 1936 2802 suis

358 2842 422 2881 ac
452 2827 632 2883 cilicio
661 2831 910 2897 indutus,
941 2842 1146 2902 septem
1171 2834 1364 2891 diebus
1394 2836 1505 2905 jeju
1529 2839 1677 2892 navit
1701 2878 1715 2902 ,
1749 2839 1935 2893 Domi-

359 2935 490 2973 num
526 2937 687 2976 suum
724 2938 923 2991 rogans
954 2935 1012 2978 ut
1062 2942 1292 2996 puerum
1346 2939 1522 2984 morte
1573 2930 1842 2992 alliceret;
1883 2939 1935 2984 at

357 3012 446 3066 die
463 3015 693 3083 septimo
713 3025 962 3072 mortuus
983 3028 1064 3072 est
1088 3033 1238 3086 puer.
1259 3017 1388 3074 Post
1418 3021 1531 3074 hrec
1563 3037 1753 3076 rursus
1783 3039 1812 3076 e
1835 3023 1936 3076 Da-

363 3104 486 3160 vide
523 3109 798 3174 gravidata
849 3109 990 3163 Uriaz
1036 3125 1191 3175 uxor,
1213 3109 1559 3166 Salomonem
1585 3114 1683 3182 ipsi
1707 3115 1928 3183 peperit.

2044 1915 2218 1984 stirpe
2245 1916 2438 1971 Jacobi
2470 1933 2577 1972 non
2614 1930 2794 1984 erant,
2839 1922 2984 1975 mille
3022 1924 3143 1976 fuit.
3181 1923 3328 1976 Dixit
3353 1938 3484 1991 ergo
3513 1921 3616 1974 Du-

2047 2006 2232 2060 minus
2268 2007 2421 2062 Gado
2459 2011 2738 2080 prepltette
2771 2031 2783 2066 :
2827 2013 3078 2080 Displicet
3148 2016 3278 2068 mihi
3334 2016 3480 2082 quod
3518 2014 3620 2066 Da-

2042 2096 2130 2152 vid
2185 2096 2468 2156 lsraelitas
2547 2105 2952 2170 numeraverit;
3029 2106 3313 2174 profectus
3360 2121 3491 2176 ergo
3553 2107 3618 2159 ad

2043 2188 2222 2253 ipsum
2252 2190 2450 2256 jubeas
2504 2195 2681 2262 ipsum
2719 2213 2888 2251 unttm
2925 2214 2954 2250 e
2985 2200 3162 2253 tribus
3218 2199 3340 2255 istis
3393 2199 3618 2268 eligere,

2043 2286 2123 2335 vel
2159 2293 2216 2337 ut
2248 2287 2318 2338 sit
2351 2302 2446 2354 per
2485 2298 2652 2341 totum
2691 2291 2862 2358 ipsius
2919 2307 3142 2360 regnum
3196 2301 3404 2361 Septem
3446 2307 3619 2346 anuo—

2044 2389 2161 2427 rum
2201 2374 2414 2441 fames;
2456 2379 2540 2432 vel
2581 2388 2661 2443 ut,
2723 2382 3139 2448 praevalentibus
3176 2383 3277 2453 ipsi
3337 2385 3614 2449 hostibus,

2043 2465 2220 2519 tribus
2250 2468 2530 2524 mensibus
2561 2470 2853 2534 vincatur;
2896 2474 2977 2527 vel
3017 2485 3096 2536 ut,
3158 2476 3223 2530 ad
3283 2475 3523 2531 triduum
3558 2479 3609 2530 in

2044 2557 2305 2614 universo
2337 2560 2510 2628 ipsius
2563 2578 2729 2633 regno
2783 2575 3066 2635 grassetur
3117 2570 3308 2637 pestis.
3365 2569 3612 2640 Eligentc

2037 2661 2170 2716 ergo
2207 2647 2412 2706 Davide
2461 2661 2694 2722 pestem,
2727 2657 2927 2711 mortui
2963 2668 3094 2712 sunt
3137 2658 3204 2713 ad
3261 2671 3469 2715 sextam
3505 2661 3611 2715 diei

2041 2740 2230 2792 horam
2265 2745 2576 2813 septuagies
2610 2747 2782 2802 mille.
2816 2748 2993 2813 Quare
3025 2767 3184 2820 opem
3216 2767 3244 2804 a
3273 2752 3427 2808 Gado
3457 2753 3612 2822 petiit

2042 2829 2232 2894 David.
2270 2835 2360 2903 qui
2398 2851 2522 2890 cum
2554 2839 2714 2893 simul
2749 2840 2814 2894 ad
2851 2841 3018 2895 Deum
3070 2859 3263 2912 preces
3313 2845 3610 2903 fudissent.

2040 2922 2298 2979 misertus
2341 2926 2455 2993 ipse
2489 2945 2714 2995 eorum,
2751 2944 2955 3001 pestem
2994 2937 3149 3006 172
3183 2938 3430 2993 abstulit.
3470 2939 3613 2992 Fue-

2038 3025 2168 3071 runt
2219 3027 2400 3073 autem
2451 3032 2694 3090 tempore
2762 3026 2982 3084 Davidis
3038 3032 3356 3087 sacerdotes
3410 3036 3610 3087 summi

2039 3107 2326 3172 Ahiathar,
2372 3114 2676 3169 Abimalehi
2741 3119 2908 3184 filius,
2949 3121 3027 3174 Eli
3079 3112 3382 3179 sacerdotis
3437 3127 3613 3180 aliinis

359 3196 604 3252 Fuerunt
629 3207 808 3253 autem
834 3200 1020 3256 Davidi
1048 3203 1204 3257 liberi
1236 3203 1425 3272 viginti
1446 3215 1700 3271 quatuor.
1727 3206 1926 3261 Deinde
1958 3197 2000 3255 C
2032 3208 2088 3253 et
2121 3201 2318 3255 Sadok.
2370 3202 2505 3258 Cum
2577 3217 2758 3262 autem
2810 3211 2921 3276 jam
2975 3217 3362 3272 consenuisset
3417 3219 3605 3280 David,

359 3289 570 3344 Amnon
614 3289 834 3346 Davidis
874 3293 1041 3357 illius,
1065 3295 1366 3348 liberorum
1395 3295 1563 3364 ipsius
1585 3304 1713 3349 natu
1750 3298 1928 3350 maxi-

357 3397 499 3448 mus,
554 3383 716 3453 168
771 3401 1016 3440 sororem
1073 3402 1228 3440 suam
1280 3403 1344 3442 ex
1382 3398 1538 3457 parte
1590 3391 1780 3457 patris,
1838 3390 1926 3444 cui

356 3489 551 3528 nomen
579 3475 836 3540 Thamar,
891 3487 1238 3547 conspectam
1289 3480 1600 3550 deperieus,
1654 3497 1775 3537 Cum
1812 3483 1928 3551 ipsa

355 3579 684 3633 congressus
713 3577 834 3633 est;
862 3584 1022 3638 quam
1053 3571 1123 3625 ob
1143 3586 1258 3625 rem
1283 3573 1453 3627 iratus
1483 3571 1790 3638 frater'ejus
1811 3583 1932 3629 ute-

355 3658 530 3721 rinus,
571 3658 657 3712 cui
692 3675 883 3714 nomen
923 3661 1327 3726 Abisbalomus,
1359 3663 1578 3716 Davidis
1615 3666 1778 3728 filius,
1820 3665 1928 3720 fra-

358 3756 494 3802 trem
528 3765 687 3802 suum
717 3753 930 3805 Amnon
964 3753 1272 3820 interfecit;
1302 3754 1500 3809 deinde
1523 3757 1586 3810 ad
1616 3755 1925 3822 Thalmani,

355 3837 573 3892 Aniiudi
617 3839 810 3902 lilium,
843 3839 1070 3896 Geshnri
1105 3859 1284 3914 regem
1316 3845 1474 3915 fugit,
1512 3847 1598 3898 ubi
1638 3862 1761 3900 Cum
1795 3861 1930 3901 con-

356 3931 560 4000 gregati
591 3943 773 3988 essent
805 3933 871 3986 ad
904 3934 1084 4003 ipsum
1115 3953 1182 3990 cx
1231 3937 1496 3993 lsraelitis
1535 3939 1634 3991 viri
1673 3939 1920 4002 ducenti,

359 4031 550 4076 contra
584 4031 792 4092 patrem
826 4041 984 4080 suum
1020 4027 1264 4091 rebellis,
1302 4029 1582 4099 profectus
1615 4029 1925 4085 llebroncm

353 4115 665 4184 occupavit.
731 4117 931 4170 Audito
980 4134 1112 4189 ergo
1165 4121 1344 4190 ipsum
1401 4121 1708 4176 Hebronem
1763 4137 1929 4176 occu-

354 4220 537 4276 passe.
590 4217 846 4264 metuens
898 4211 967 4263 ab
1025 4213 1144 4280 ipso
1201 4212 1392 4278 David,
1429 4212 1498 4266 ab
1535 4213 1922 4285 Hierosolymis

355 4297 492 4353 urbe
539 4297 753 4353 deserta
789 4299 969 4370 fugit;
1021 4317 1131 4372 quo
1165 4304 1492 4371 perveniens
1552 4305 1696 4360 filius
1729 4305 1925 4374 ipsius,

357 4389 658 4458 urbemque
693 4394 1001 4461 ingressus,
1057 4395 1342 4464 prehensis
1377 4397 1547 4466 patris
1602 4397 1686 4452 sui
1720 4412 1925 4453 concu-

2040 3292 2320 3350 Salomoni
2358 3297 2468 3350 tilio
2501 3315 2603 3354 suo
2639 3304 2984 3372 praecipiens,
3047 3309 3316 3379 quidquid
3352 3312 3405 3366 in
3439 3328 3610 3383 regno

2037 3397 2139 3437 suo
2172 3384 2362 3441 habuit
2395 3403 2559 3456 Opum
2591 3408 2953 3460 gemmarum,
2983 3399 3102 3452 auri
3159 3411 3214 3454 et
3261 3405 3472 3469 argenti
3505 3406 3604 3474 ipsi

2036 3475 2279 3531 tradidit.
2314 3478 2564 3535 Mortuus
2600 3496 2682 3538 est
2716 3499 2848 3556 ergo
2883 3487 3055 3545 David
3112 3497 3400 3563 propheta,
3432 3512 3608 3552 annos

2036 3576 2199 3624 natus
2234 3575 2612 3641 septuaginta,
2645 3593 2881 3646 quorum
2939 3583 3302 3655 quadraginta
3337 3591 3602 3659 regnavit.

2033 3656 2164 3712 Post
2199 3661 2375 3729 ipsum
2413 3681 2640 3736 regnum
2696 3671 2938 3727 obtinuit
2973 3675 3115 3732 filius
3150 3677 3320 3746 ipsius
3346 3656 3605 3738 Salomon

2034 3765 2212 3805 annos
2250 3765 2410 3809 natus
2462 3758 2776 3826 duodecim,
2829 3770 3186 3838 regnavitque
3231 3780 3352 3840 post
3398 3781 3605 3839 patrem

2036 3858 2199 3896 suum
2252 3859 2426 3902 annos
2477 3852 2888 3921 quadraginta:
2944 3872 2973 3911 a
3006 3875 3115 3928 quo
3164 3871 3413 3919 metuens
3446 3864 3606 3926 Joab.

2037 3933 2257 3993 Davidis
2312 3939 2576 4004 vicarius,
2635 3944 2689 3997 in
2744 3949 3004 4016 templum
3063 3953 3278 4008 Domini
3337 3959 3605 4029 confugit.

2032 4025 2178 4082 Misit
2229 4044 2361 4099 ergo
2411 4031 2672 4087 Salomon
2726 4036 3024 4108 liettayam,
3077 4040 3357 4099 Jehoiadai
3409 4025 3602 4109 lilium,

2031 4119 2120 4188 qui
2159 4121 2335 4190 ipsum
2389 4123 2573 4193 gladio
2613 4127 2890 4184 interfecit
2925 4141 2979 4186 et
3015 4133 3068 4186 in
3103 4136 3318 4192 deserto
3369 4143 3602 4208 sepeliit.

2030 4211 2542 4284 (Iontirmatumque
2587 4227 2673 4272 est
2729 4236 2957 4292 regnum
3013 4225 3323 4284 Salomonis
3379 4231 3518 4287 adeo
3549 4249 3604 4286 ιιι

2031 4305 2287 4358 timerent
2324 4305 2501 4375 ipsum
2556 4324 2748 4368 omnes
2779 4313 2872 4382 qui
2907 4316 3051 4370 circa
3086 4318 3263 4387 ipsum
3297 4333 3483 4378 essent
3517 4343 3600 4380 re-

2029 4411 2145 4460 ges,
2182 4397 2482 4468 missisque
2514 4403 2580 4456 ad
2611 4419 2736 4458 eum
2769 4408 3094 4464 muneribus
3122 4425 3244 4466 cum
3278 4414 3396 4482 ipso
3429 4414 3607 4472 foedus

357 4480 503 4536 binis
531 4497 653 4536 cum
689 4484 823 4552 ipsis
848 4486 989 4554 quod
1027 4495 1184 4556 turpe
1238 4499 1322 4542 est
1353 4490 1628 4544 commisit
1657 4505 1671 4543 :
1727 4491 1922 4544 deinde
1958 4529 2002 4586 υ
2032 4487 2253 4542 inirent.
2288 4487 2460 4546 Porro
2503 4491 2757 4550 Salomon
2790 4496 3166 4571 Hierosolyma
3207 4520 3365 4559 muro
3400 4508 3600 4565 cinxit:

357 4573 424 4627 ad
457 4581 662 4643 patrem
710 4591 870 4630 suum
930 4577 1186 4632 Davidcm
1240 4581 1598 4647 quaerendum
1649 4583 1922 4650 profectus

353 4674 456 4730 est,
479 4667 570 4732 qui
607 4668 675 4721 ab
708 4669 828 4736 ipso
852 4667 974 4738 fuga
996 4686 1054 4724 se
1086 4671 1389 4739 proripiens
1419 4671 1707 4728 Jordanem
1739 4687 1925 4730 trans—

353 4755 454 4822 iit;
510 4767 566 4812 at
621 4757 758 4812 Joab
786 4760 1005 4815 Davidis
1066 4762 1378 4832 deputatus.
1413 4765 1639 4817 collecta
1701 4783 1923 4820 suorum

355 4845 728 4911 multitudine,
767 4857 958 4903 contra
1011 4850 1426 4904 Abisltalontutn
1471 4852 1688 4905 Datidis
1748 4855 1914 4909 filium

352 4938 614 5007 perrexit,
661 4939 1128 5008 commissumque
1154 4949 1235 4995 est
1274 4941 1418 4994 inter
1475 4942 1621 5009 ipsos
1681 4944 1921 5012 pradiqu

353 5029 406 5082 in
438 5027 718 5098 Ephraimi
775 5029 998 5098 finibus,
1032 5033 1086 5086 in
1123 5049 1234 5102 quo
1270 5032 1440 5085 ot'cisi
1496 5043 1624 5087 sunt
1657 5051 1686 5087 e
1713 5034 1925 5090 duobus

353 5119 690 5176 exercitibus
725 5123 896 5174 vicies
927 5123 1094 5186 mille,
1122 5140 1246 5176 cum
1280 5123 1568 5178 conflictus
1603 5125 1743 5179 inter
1777 5129 1924 5196 ipsos

352 5211 646 5268 vehemens
690 5222 856 5268 esset.
914 5215 1267 5269 Ahishalomo
1319 5225 1495 5269 autem
1549 5219 1696 5270 mulo
1751 5229 1923 5287 verto,

351 5315 477 5356 cum
514 5303 692 5370 capilli
745 5305 944 5375 capitis
973 5307 1147 5374 ipsius
1183 5309 1472 5362 terebinthi
1512 5325 1665 5362 ramo
1706 5311 1920 5364 cuidam

355 5391 575 5463 implexi
636 5405 841 5455 essent,
902 5397 1183 5451 confracta
1219 5407 1300 5452 est
1336 5401 1558 5466 cervix;
1594 5400 1733 5455 Joab
1756 5403 1919 5456 etiam

361 5483 460 5539 tria
513 5485 642 5549 tela,
675 5487 876 5556 quibus
935 5489 1116 5558 ipsum
1181 5493 1480 5561 percussit.
1537 5497 1688 5548 cordi
1747 5497 1921 5564 ipsius

353 5575 552 5643 inﬁxit,
590 5595 841 5649 unusque
872 5598 900 5636 e
931 5581 1052 5637 Jobi
1117 5585 1413 5638 comitibus
1470 5587 1651 5655 gladio
1701 5605 1920 5656 percus-

352 5685 472 5726 sum
506 5674 799 5730 interfecit.
844 5678 908 5730 At
945 5695 1069 5732 cum
1106 5681 1327 5733 allatum
1361 5691 1509 5736 esset
1540 5683 1605 5735 ad
1662 5681 1916 5738 Davidcnt

353 5765 630 5828 nuntium,
685 5768 881 5836 ingenti
937 5772 1025 5823 ille.
1080 5787 1311 5825 inmrorc
1366 5771 1588 5828 allectus
1624 5775 1686 5828 ad
1732 5776 1914 5832 urbc.u

2031 4595 2287 4650 annoque
2322 4586 2471 4656 regni
2501 4588 2583 4642 sui
2614 4589 2942 4646 duodecimo
2977 4609 3266 4664 aggressus
3299 4607 3382 4651 est
3418 4604 3602 4668 templi

2030 4680 2390 4730 structuram.
2429 4675 2598 4733 Multa
2632 4690 2813 4734 autetn
2871 4682 2973 4750 ipsi
3005 4684 3144 4738 dona
3213 4689 3361 4742 tnisit
3396 4687 3604 4754 Hiram,

2030 4767 2155 4837 Tyri
2197 4783 2316 4830 rex,
2353 4770 2632 4840 multaque
2668 4773 2812 4842 ligna
2852 4775 3096 4841 cedrina,
3132 4778 3312 4847 pinea,
3348 4783 3600 4853 abiegna.

2031 4861 2162 4923 quin
2194 4871 2247 4915 et
2276 4876 2410 4930 opes
2437 4865 2644 4919 multas
2677 4883 2797 4934 qua}
2827 4867 2928 4936 ipsi
2966 4870 3030 4922 ad
3082 4873 3345 4941 templum
3383 4888 3598 4930 exstru-

2030 4953 2232 5005 entlttm
2281 4951 2602 5018 adjumento
2636 4964 2842 5020 essent,
2894 4957 3135 5014 donante
3190 4962 3296 5030 ipsi
3360 4965 3602 5018 vicissim

2029 5042 2324 5099 Salomone
2355 5047 2653 5112 quotannis
2684 5061 2845 5101 coros
2878 5051 3044 5104 tritici
3080 5053 3249 5106 vicies
3281 5056 3446 5118 mille,
3471 5074 3602 5110 uva-

2030 5151 2258 5203 rumque
2296 5151 2580 5204 passerum
2637 5141 2889 5195 totidem.
2947 5142 3120 5197 Porro
3152 5145 3356 5200 dicitur
3389 5147 3596 5210 Hiram,

2028 5221 2152 5292 Tyri
2191 5240 2396 5295 regem,
2430 5227 2669 5295 primum
2727 5245 2913 5300 regum
2973 5249 3270 5303 purpuram
3333 5236 3598 5296 induisse,

2026 5315 2185 5380 cujus
2217 5318 2292 5369 rei
2349 5332 2520 5371 causa
2562 5320 2684 5383 fttit,
2745 5323 2887 5390 quod
2942 5340 3065 5378 cum
3119 5325 3376 5392 Opilionis
3416 5329 3600 5401 173-

2029 5405 2186 5476 175
2217 5407 2504 5474 cujusdam
2542 5412 2718 5478 canis,
2752 5415 2844 5483 qui
2879 5416 3053 5483 ipsum
3089 5415 3176 5468 die
3210 5415 3447 5484 quodam
3482 5436 3592 5488 quo

2024 5514 2153 5552 oves
2183 5499 2236 5552 in
2270 5502 2438 5554 maris
2475 5503 2662 5560 littore
2689 5515 2956 5575 pasceret,
2998 5509 3294 5564 comitatus
3324 5521 3428 5577 est;
3467 5531 3591 5570 Illu-

2026 5591 2188 5644 riecm
2218 5592 2421 5646 coloris
2455 5597 2712 5666 purpurei
2764 5599 2816 5651 in
2852 5598 3033 5654 littore
3088 5611 3393 5670 reptantem
3427 5608 3596 5664 offen-

2023 5685 2180 5748 dens,
2225 5685 2405 5756 ipsum
2439 5687 2648 5751 ederet,
2702 5689 2837 5744 adeo
2877 5700 2935 5744 ιιι
2970 5695 3241 5763 sanguine
3277 5700 3501 5757 muricis
3531 5719 3593 5756 es:

2023 5776 2191 5844 ipsius
2253 5779 2602 5848 impleretur;
2636 5781 2864 5848 coviso,
2923 5796 3124 5854 pastor,
3181 5777 3402 5860 accbpta
3450 5794 3593 5853 lana,
