  <div class='ocr_page' id='page_1' title='image "/cluster/home/n/w/nwhite01/storage/ocr_20150623/111/hvd.32044073502288/511.png"; bbox 0 0 4034 6214; ppageno 0'>
   <div class='ocr_carea' id='block_1_1' title="bbox 427 292 535 356">
    <p class='ocr_par' dir='ltr' id='par_1_1' title="bbox 427 292 535 356">
     <span class='ocr_line' id='line_1_1' title="bbox 427 292 535 356; baseline 0 0"><span class='ocrx_word' id='word_1_1' title='bbox 427 292 535 356; x_wconf 72' lang='grc'><strong>947</strong></span> 
     </span>
    </p>
   </div>
   <div class='ocr_carea' id='block_1_2' title="bbox 1436 297 2634 362">
    <p class='ocr_par' dir='ltr' id='par_1_2' title="bbox 1436 297 2634 362">
     <span class='ocr_line' id='line_1_2' title="bbox 1436 297 2634 362; baseline 0.004 -6"><span class='ocrx_word' id='word_1_2' title='bbox 1436 297 1809 358; x_wconf 81' lang='lat' dir='ltr'><strong>EUTYCHH</strong></span> <span class='ocrx_word' id='word_1_3' title='bbox 1853 297 2386 362; x_wconf 79' lang='lat' dir='ltr'><strong>ALEXANDRINI</strong></span> <span class='ocrx_word' id='word_1_4' title='bbox 2420 301 2634 361; x_wconf 75' lang='lat' dir='ltr'><strong>PATR.</strong></span> 
     </span>
    </p>
   </div>
   <div class='ocr_carea' id='block_1_3' title="bbox 3575 302 3680 366">
    <p class='ocr_par' dir='ltr' id='par_1_3' title="bbox 3575 302 3680 366">
     <span class='ocr_line' id='line_1_3' title="bbox 3575 302 3680 366; baseline -0.038 0"><span class='ocrx_word' id='word_1_5' title='bbox 3575 302 3680 366; x_wconf 64' lang='lat'><strong>9-18</strong></span> 
     </span>
    </p>
   </div>
   <div class='ocr_carea' id='block_1_4' title="bbox 430 405 3679 478">
    <p class='ocr_par' dir='ltr' id='par_1_4' title="bbox 430 405 3679 478">
     <span class='ocr_line' id='line_1_4' title="bbox 430 405 3679 478; baseline 0.001 -14"><span class='ocrx_word' id='word_1_6' title='bbox 430 407 586 464; x_wconf 87' lang='lat' dir='ltr'><strong>canis</strong></span> <span class='ocrx_word' id='word_1_7' title='bbox 616 423 680 462; x_wconf 89' lang='lat' dir='ltr'><strong>os</strong></span> <span class='ocrx_word' id='word_1_8' title='bbox 731 407 1014 471; x_wconf 66' lang='lat' dir='ltr'><strong>abstersit,</strong></span> <span class='ocrx_word' id='word_1_9' title='bbox 1043 423 1072 462; x_wconf 81' lang='grc' dir='ltr'>θ</span> <span class='ocrx_word' id='word_1_10' title='bbox 1101 423 1206 477; x_wconf 77' lang='lat' dir='ltr'><strong>qua</strong></span> <span class='ocrx_word' id='word_1_11' title='bbox 1241 422 1363 461; x_wconf 83' lang='lat' dir='ltr'><strong>cum</strong></span> <span class='ocrx_word' id='word_1_12' title='bbox 1395 405 1700 460; x_wconf 84' lang='lat' dir='ltr'><strong>confectam</strong></span> <span class='ocrx_word' id='word_1_13' title='bbox 1744 406 2003 461; x_wconf 81' lang='lat' dir='ltr'><strong>eoi-ollam</strong></span> <span class='ocrx_word' id='word_1_14' title='bbox 2036 412 2078 466; x_wconf 82' lang='grc' dir='ltr'><strong>Α</strong></span> <span class='ocrx_word' id='word_1_15' title='bbox 2113 411 2513 478; x_wconf 80' lang='lat' dir='ltr'><strong>peperisseuins</strong></span> <span class='ocrx_word' id='word_1_16' title='bbox 2555 426 2655 472; x_wconf 76' lang='lat' dir='ltr'><strong>ego</strong></span> <span class='ocrx_word' id='word_1_17' title='bbox 2703 420 2757 463; x_wconf 89' lang='lat' dir='ltr'><strong>et</strong></span> <span class='ocrx_word' id='word_1_18' title='bbox 2802 410 2994 465; x_wconf 86' lang='lat' dir='ltr'><strong>mulier</strong></span> <span class='ocrx_word' id='word_1_19' title='bbox 3034 411 3133 464; x_wconf 90' lang='lat' dir='ltr'><strong>ista</strong></span> <span class='ocrx_word' id='word_1_20' title='bbox 3182 412 3233 465; x_wconf 93' lang='lat' dir='ltr'><strong>in</strong></span> <span class='ocrx_word' id='word_1_21' title='bbox 3270 414 3456 470; x_wconf 85' lang='lat' dir='ltr'><strong>eadem</strong></span> <span class='ocrx_word' id='word_1_22' title='bbox 3495 416 3679 469; x_wconf 82' lang='lat' dir='ltr'><strong>tlmnn.</strong></span> 
     </span>
    </p>
   </div>
   <div class='ocr_carea' id='block_1_5' title="bbox 427 499 2000 570">
    <p class='ocr_par' dir='ltr' id='par_1_5' title="bbox 427 499 2000 570">
     <span class='ocr_line' id='line_1_5' title="bbox 427 499 2000 570; baseline -0.004 -13"><span class='ocrx_word' id='word_1_23' title='bbox 427 501 592 570; x_wconf 93' lang='lat' dir='ltr'><strong>capiti</strong></span> <span class='ocrx_word' id='word_1_24' title='bbox 642 515 743 555; x_wconf 83' lang='lat' dir='ltr'><strong>soo</strong></span> <span class='ocrx_word' id='word_1_25' title='bbox 793 500 1168 569; x_wconf 74' lang='lat' dir='ltr'><strong>imposuisset,</strong></span> <span class='ocrx_word' id='word_1_26' title='bbox 1249 500 1450 554; x_wconf 88' lang='lat' dir='ltr'><strong>factum</strong></span> <span class='ocrx_word' id='word_1_27' title='bbox 1500 507 1584 554; x_wconf 91' lang='lat' dir='ltr'><strong>est</strong></span> <span class='ocrx_word' id='word_1_28' title='bbox 1640 509 1698 553; x_wconf 92' lang='lat' dir='ltr'><strong>ut</strong></span> <span class='ocrx_word' id='word_1_29' title='bbox 1749 499 2000 568; x_wconf 79' lang='lat' dir='ltr'><strong>quisquis</strong></span> 
     </span>
    </p>
   </div>
   <div class='ocr_carea' id='block_1_6' title="bbox 429 589 2004 662">
    <p class='ocr_par' dir='ltr' id='par_1_6' title="bbox 429 589 2004 662">
     <span class='ocr_line' id='line_1_6' title="bbox 429 589 2004 662; baseline -0.003 -16"><span class='ocrx_word' id='word_1_30' title='bbox 429 593 610 662; x_wconf 87' lang='lat' dir='ltr'><strong>ipsum</strong></span> <span class='ocrx_word' id='word_1_31' title='bbox 643 591 698 644; x_wconf 93' lang='lat' dir='ltr'><strong>in</strong></span> <span class='ocrx_word' id='word_1_32' title='bbox 739 590 856 645; x_wconf 91' lang='lat' dir='ltr'><strong>sole</strong></span> <span class='ocrx_word' id='word_1_33' title='bbox 907 590 1280 644; x_wconf 78' lang='lat' dir='ltr'><strong>ambulantem</strong></span> <span class='ocrx_word' id='word_1_34' title='bbox 1335 589 1698 660; x_wconf 65' lang='lat' dir='ltr'><strong>conspiceret,</strong></span> <span class='ocrx_word' id='word_1_35' title='bbox 1751 605 1780 643; x_wconf 92' lang='lat' dir='ltr'><strong>e</strong></span> <span class='ocrx_word' id='word_1_36' title='bbox 1829 590 2004 658; x_wconf 89' lang='lat' dir='ltr'><strong>capite</strong></span> 
     </span>
    </p>
   </div>
   <div class='ocr_carea' id='block_1_7' title="bbox 438 679 2004 753">
    <p class='ocr_par' dir='ltr' id='par_1_7' title="bbox 438 679 2004 753">
     <span class='ocr_line' id='line_1_7' title="bbox 438 679 2004 753; baseline -0.004 -18"><span class='ocrx_word' id='word_1_37' title='bbox 438 683 613 753; x_wconf 87' lang='lat' dir='ltr'><strong>ipsius</strong></span> <span class='ocrx_word' id='word_1_38' title='bbox 649 681 791 748; x_wconf 75' lang='lat' dir='ltr'><strong>ignis</strong></span> <span class='ocrx_word' id='word_1_39' title='bbox 841 679 1107 750; x_wconf 79' lang='lat' dir='ltr'><strong>fulgorem</strong></span> <span class='ocrx_word' id='word_1_40' title='bbox 1171 679 1392 748; x_wconf 88' lang='lat' dir='ltr'><strong>prodire</strong></span> <span class='ocrx_word' id='word_1_41' title='bbox 1444 680 1826 733; x_wconf 86' lang='lat' dir='ltr'><strong>existimaret:</strong></span> <span class='ocrx_word' id='word_1_42' title='bbox 1895 694 2004 744; x_wconf 89' lang='lat' dir='ltr'><strong>quo</strong></span> 
     </span>
    </p>
   </div>
   <div class='ocr_carea' id='block_1_8' title="bbox 435 771 2005 843">
    <p class='ocr_par' dir='ltr' id='par_1_8' title="bbox 435 771 2005 843">
     <span class='ocr_line' id='line_1_8' title="bbox 435 771 2005 843; baseline -0.004 -14"><span class='ocrx_word' id='word_1_43' title='bbox 435 773 652 841; x_wconf 80' lang='lat' dir='ltr'><strong>audito,</strong></span> <span class='ocrx_word' id='word_1_44' title='bbox 688 774 873 826; x_wconf 81' lang='lat' dir='ltr'><strong>Hiram</strong></span> <span class='ocrx_word' id='word_1_45' title='bbox 907 771 1032 843; x_wconf 86' lang='lat' dir='ltr'><strong>Tyri</strong></span> <span class='ocrx_word' id='word_1_46' title='bbox 1087 789 1202 833; x_wconf 81' lang='lat' dir='ltr'><strong>rex,</strong></span> <span class='ocrx_word' id='word_1_47' title='bbox 1229 772 1410 826; x_wconf 89' lang='lat' dir='ltr'><strong>missis</strong></span> <span class='ocrx_word' id='word_1_48' title='bbox 1444 773 1536 841; x_wconf 88' lang='lat' dir='ltr'><strong>qui</strong></span> <span class='ocrx_word' id='word_1_49' title='bbox 1597 781 1874 840; x_wconf 86' lang='lat' dir='ltr'><strong>pastorem</strong></span> <span class='ocrx_word' id='word_1_50' title='bbox 1910 787 2005 824; x_wconf 88' lang='lat' dir='ltr'><strong>ac-</strong></span> 
     </span>
    </p>
   </div>
   <div class='ocr_carea' id='block_1_9' title="bbox 432 862 2005 933">
    <p class='ocr_par' dir='ltr' id='par_1_9' title="bbox 432 862 2005 933">
     <span class='ocr_line' id='line_1_9' title="bbox 432 862 2005 933; baseline -0.005 -9"><span class='ocrx_word' id='word_1_51' title='bbox 432 875 735 928; x_wconf 87' lang='lat' dir='ltr'><strong>cerserent,</strong></span> <span class='ocrx_word' id='word_1_52' title='bbox 809 880 934 918; x_wconf 83' lang='lat' dir='ltr'><strong>cum</strong></span> <span class='ocrx_word' id='word_1_53' title='bbox 997 865 1258 919; x_wconf 88' lang='lat' dir='ltr'><strong>corollam</strong></span> <span class='ocrx_word' id='word_1_54' title='bbox 1316 864 1720 933; x_wconf 80' lang='lat' dir='ltr'><strong>conspexisset,</strong></span> <span class='ocrx_word' id='word_1_55' title='bbox 1800 862 2005 916; x_wconf 86' lang='lat' dir='ltr'><strong>coloris</strong></span> 
     </span>
    </p>
   </div>
   <div class='ocr_carea' id='block_1_10' title="bbox 435 953 2003 1027">
    <p class='ocr_par' dir='ltr' id='par_1_10' title="bbox 435 953 2003 1027">
     <span class='ocr_line' id='line_1_10' title="bbox 435 953 2003 1027; baseline -0.004 -13"><span class='ocrx_word' id='word_1_56' title='bbox 435 957 900 1027; x_wconf 85' lang='lat' dir='ltr'><strong>pulchritudinem</strong></span> <span class='ocrx_word' id='word_1_57' title='bbox 983 958 1233 1019; x_wconf 83' lang='lat' dir='ltr'><strong>miratus,</strong></span> <span class='ocrx_word' id='word_1_58' title='bbox 1292 957 1558 1010; x_wconf 86' lang='lat' dir='ltr'><strong>tiuetores</strong></span> <span class='ocrx_word' id='word_1_59' title='bbox 1610 955 1842 1008; x_wconf 87' lang='lat' dir='ltr'><strong>similem</strong></span> <span class='ocrx_word' id='word_1_60' title='bbox 1903 953 2003 1008; x_wconf 82' lang='lat' dir='ltr'><strong>sibi</strong></span> 
     </span>
    </p>
   </div>
   <div class='ocr_carea' id='block_1_11' title="bbox 436 1047 2008 1120">
    <p class='ocr_par' dir='ltr' id='par_1_11' title="bbox 436 1047 2008 1120">
     <span class='ocr_line' id='line_1_11' title="bbox 436 1047 2008 1120; baseline -0.003 -16"><span class='ocrx_word' id='word_1_61' title='bbox 436 1052 645 1120; x_wconf 83' lang='lat' dir='ltr'><strong>tingere</strong></span> <span class='ocrx_word' id='word_1_62' title='bbox 672 1050 884 1116; x_wconf 78' lang='lat' dir='ltr'><strong>jussit:</strong></span> <span class='ocrx_word' id='word_1_63' title='bbox 927 1050 1017 1115; x_wconf 93' lang='lat' dir='ltr'><strong>qui</strong></span> <span class='ocrx_word' id='word_1_64' title='bbox 1077 1048 1144 1102; x_wconf 89' lang='lat' dir='ltr'><strong>ad</strong></span> <span class='ocrx_word' id='word_1_65' title='bbox 1181 1048 1333 1102; x_wconf 89' lang='lat' dir='ltr'><strong>littus</strong></span> <span class='ocrx_word' id='word_1_66' title='bbox 1369 1047 1620 1115; x_wconf 88' lang='lat' dir='ltr'><strong>profecti,</strong></span> <span class='ocrx_word' id='word_1_67' title='bbox 1656 1047 2008 1117; x_wconf 71' lang='lat' dir='ltr'><strong>quresitisque</strong></span> 
     </span>
    </p>
   </div>
   <div class='ocr_carea' id='block_1_12' title="bbox 437 1139 2002 1210">
    <p class='ocr_par' dir='ltr' id='par_1_12' title="bbox 437 1139 2002 1210">
     <span class='ocr_line' id='line_1_12' title="bbox 437 1139 2002 1210; baseline -0.004 -13"><span class='ocrx_word' id='word_1_68' title='bbox 437 1157 502 1197; x_wconf 86' lang='lat' dir='ltr'><strong>ac</strong></span> <span class='ocrx_word' id='word_1_69' title='bbox 537 1143 769 1210; x_wconf 83' lang='lat' dir='ltr'><strong>repertis</strong></span> <span class='ocrx_word' id='word_1_70' title='bbox 821 1140 1148 1206; x_wconf 87' lang='lat' dir='ltr'><strong>muricibus,</strong></span> <span class='ocrx_word' id='word_1_71' title='bbox 1219 1154 1520 1208; x_wconf 87' lang='lat' dir='ltr'><strong>purpuram</strong></span> <span class='ocrx_word' id='word_1_72' title='bbox 1558 1139 1632 1192; x_wconf 91' lang='lat' dir='ltr'><strong>illi</strong></span> <span class='ocrx_word' id='word_1_73' title='bbox 1701 1139 2002 1192; x_wconf 88' lang='lat' dir='ltr'><strong>tinxerunt.</strong></span> 
     </span>
    </p>
   </div>
   <div class='ocr_carea' id='block_1_13' title="bbox 436 1230 1653 1303">
    <p class='ocr_par' dir='ltr' id='par_1_13' title="bbox 436 1230 1653 1303">
     <span class='ocr_line' id='line_1_13' title="bbox 436 1230 1653 1303; baseline -0.005 -15"><span class='ocrx_word' id='word_1_74' title='bbox 436 1233 614 1303; x_wconf 86' lang='lat' dir='ltr'><strong>Atque</strong></span> <span class='ocrx_word' id='word_1_75' title='bbox 649 1234 766 1286; x_wconf 75' lang='lat' dir='ltr'><strong>hth</strong></span> <span class='ocrx_word' id='word_1_76' title='bbox 801 1234 1034 1286; x_wconf 67' lang='lat' dir='ltr'><strong>inventae</strong></span> <span class='ocrx_word' id='word_1_77' title='bbox 1067 1247 1325 1302; x_wconf 66' lang='lat' dir='ltr'><strong>purpurae</strong></span> <span class='ocrx_word' id='word_1_78' title='bbox 1355 1233 1495 1284; x_wconf 82' lang='lat' dir='ltr'><strong>ratio</strong></span> <span class='ocrx_word' id='word_1_79' title='bbox 1527 1230 1653 1284; x_wconf 92' lang='lat' dir='ltr'><strong>fuit.</strong></span> 
     </span>
    </p>
   </div>
   <div class='ocr_carea' id='block_1_14' title="bbox 504 1323 2006 1392">
    <p class='ocr_par' dir='ltr' id='par_1_14' title="bbox 504 1323 2006 1392">
     <span class='ocr_line' id='line_1_14' title="bbox 504 1323 2006 1392; baseline -0.005 -11"><span class='ocrx_word' id='word_1_80' title='bbox 504 1326 628 1381; x_wconf 89' lang='lat' dir='ltr'><strong>Fuit</strong></span> <span class='ocrx_word' id='word_1_81' title='bbox 661 1334 842 1379; x_wconf 88' lang='lat' dir='ltr'><strong>autem</strong></span> <span class='ocrx_word' id='word_1_82' title='bbox 877 1324 1056 1392; x_wconf 86' lang='lat' dir='ltr'><strong>templi</strong></span> <span class='ocrx_word' id='word_1_83' title='bbox 1083 1323 1222 1392; x_wconf 88' lang='lat' dir='ltr'><strong>quod</strong></span> <span class='ocrx_word' id='word_1_84' title='bbox 1256 1323 1452 1376; x_wconf 81' lang='lat' dir='ltr'><strong>struxit</strong></span> <span class='ocrx_word' id='word_1_85' title='bbox 1479 1323 1750 1377; x_wconf 89' lang='lat' dir='ltr'><strong>Salomon.</strong></span> <span class='ocrx_word' id='word_1_86' title='bbox 1790 1323 2006 1376; x_wconf 85' lang='lat' dir='ltr'><strong>Davidis</strong></span> 
     </span>
    </p>
   </div>
   <div class='ocr_carea' id='block_1_15' title="bbox 436 1415 2010 1487">
    <p class='ocr_par' dir='ltr' id='par_1_15' title="bbox 436 1415 2010 1487">
     <span class='ocr_line' id='line_1_15' title="bbox 436 1415 2010 1487; baseline -0.003 -15"><span class='ocrx_word' id='word_1_87' title='bbox 436 1418 602 1482; x_wconf 88' lang='lat' dir='ltr'><strong>lilius,</strong></span> <span class='ocrx_word' id='word_1_88' title='bbox 638 1416 919 1487; x_wconf 80' lang='lat' dir='ltr'><strong>longitudo</strong></span> <span class='ocrx_word' id='word_1_89' title='bbox 974 1415 1281 1476; x_wconf 75' lang='lat' dir='ltr'><strong>cubitorum</strong></span> <span class='ocrx_word' id='word_1_90' title='bbox 1317 1416 1636 1487; x_wconf 87' lang='lat' dir='ltr'><strong>sexaginta,_</strong></span> <span class='ocrx_word' id='word_1_91' title='bbox 1669 1415 1897 1468; x_wconf 88' lang='lat' dir='ltr'><strong>latitudo</strong></span> <span class='ocrx_word' id='word_1_92' title='bbox 1931 1415 2010 1468; x_wconf 90' lang='lat' dir='ltr'><strong>vi-</strong></span> 
     </span>
    </p>
   </div>
   <div class='ocr_carea' id='block_1_16' title="bbox 437 1483 2005 1580">
    <p class='ocr_par' dir='ltr' id='par_1_16' title="bbox 437 1483 2005 1580">
     <span class='ocr_line' id='line_1_16' title="bbox 437 1483 2005 1580; baseline -0.004 -15"><span class='ocrx_word' id='word_1_93' title='bbox 437 1513 596 1578; x_wconf 77' lang='lat' dir='ltr'><strong>ginti,</strong></span> <span class='ocrx_word' id='word_1_94' title='bbox 639 1511 872 1565; x_wconf 80' lang='lat' dir='ltr'><strong>altitudo</strong></span> <span class='ocrx_word' id='word_1_95' title='bbox 933 1518 1180 1575; x_wconf 84' lang='lat' dir='ltr'><strong>centum,</strong></span> <span class='ocrx_word' id='word_1_96' title='bbox 1235 1509 1392 1580; x_wconf 89' lang='lat' dir='ltr'><strong>cujus</strong></span> <span class='ocrx_word' id='word_1_97' title='bbox 1443 1483 1651 1579; x_wconf 77' lang='lat' dir='ltr'><strong>partem</strong></span> <span class='ocrx_word' id='word_1_98' title='bbox 1690 1507 2005 1562; x_wconf 86' lang='lat' dir='ltr'><strong>interiorem</strong></span> 
     </span>
    </p>
   </div>
   <div class='ocr_carea' id='block_1_17' title="bbox 435 1600 2008 1670">
    <p class='ocr_par' dir='ltr' id='par_1_17' title="bbox 435 1600 2008 1670">
     <span class='ocr_line' id='line_1_17' title="bbox 435 1600 2008 1670; baseline -0.004 -14"><span class='ocrx_word' id='word_1_99' title='bbox 435 1612 602 1657; x_wconf 89' lang='lat' dir='ltr'><strong>totam</strong></span> <span class='ocrx_word' id='word_1_100' title='bbox 634 1618 770 1656; x_wconf 90' lang='lat' dir='ltr'><strong>auro</strong></span> <span class='ocrx_word' id='word_1_101' title='bbox 810 1602 1084 1663; x_wconf 91' lang='lat' dir='ltr'><strong>obduxit;</strong></span> <span class='ocrx_word' id='word_1_102' title='bbox 1139 1602 1268 1670; x_wconf 90' lang='lat' dir='ltr'><strong>quin</strong></span> <span class='ocrx_word' id='word_1_103' title='bbox 1323 1610 1376 1656; x_wconf 92' lang='lat' dir='ltr'><strong>et</strong></span> <span class='ocrx_word' id='word_1_104' title='bbox 1435 1601 1580 1655; x_wconf 89' lang='lat' dir='ltr'><strong>intra</strong></span> <span class='ocrx_word' id='word_1_105' title='bbox 1617 1600 1876 1668; x_wconf 78' lang='lat' dir='ltr'><strong>templum</strong></span> <span class='ocrx_word' id='word_1_106' title='bbox 1917 1613 2008 1653; x_wconf 90' lang='lat' dir='ltr'><strong>sa-</strong></span> 
     </span>
    </p>
   </div>
   <div class='ocr_carea' id='block_1_18' title="bbox 439 1690 2003 1762">
    <p class='ocr_par' dir='ltr' id='par_1_18' title="bbox 439 1690 2003 1762">
     <span class='ocr_line' id='line_1_18' title="bbox 439 1690 2003 1762; baseline -0.001 -17"><span class='ocrx_word' id='word_1_107' title='bbox 439 1696 678 1748; x_wconf 80' lang='lat' dir='ltr'><strong>crarium</strong></span> <span class='ocrx_word' id='word_1_108' title='bbox 715 1710 744 1748; x_wconf 90' lang='lat' dir='ltr'><strong>e</strong></span> <span class='ocrx_word' id='word_1_109' title='bbox 779 1695 941 1762; x_wconf 90' lang='lat' dir='ltr'><strong>lignis</strong></span> <span class='ocrx_word' id='word_1_110' title='bbox 1001 1694 1248 1762; x_wconf 88' lang='lat' dir='ltr'><strong>abiegnis</strong></span> <span class='ocrx_word' id='word_1_111' title='bbox 1309 1693 1531 1757; x_wconf 85' lang='lat' dir='ltr'><strong>struxit,</strong></span> <span class='ocrx_word' id='word_1_112' title='bbox 1567 1693 1782 1747; x_wconf 89' lang='lat' dir='ltr'><strong>cubitos</strong></span> <span class='ocrx_word' id='word_1_113' title='bbox 1812 1690 2003 1760; x_wconf 77' lang='lat' dir='ltr'><strong>viginti</strong></span> 
     </span>
    </p>
   </div>
   <div class='ocr_carea' id='block_1_19' title="bbox 441 1768 2084 1854">
    <p class='ocr_par' dir='ltr' id='par_1_19' title="bbox 441 1768 2084 1854">
     <span class='ocr_line' id='line_1_19' title="bbox 441 1768 2084 1854; baseline -0.004 -14"><span class='ocrx_word' id='word_1_114' title='bbox 441 1787 681 1854; x_wconf 79' lang='lat' dir='ltr'><strong>Ion-gum,</strong></span> <span class='ocrx_word' id='word_1_115' title='bbox 717 1786 906 1852; x_wconf 83' lang='lat' dir='ltr'><strong>viginti</strong></span> <span class='ocrx_word' id='word_1_116' title='bbox 943 1786 1134 1849; x_wconf 88' lang='lat' dir='ltr'><strong>latum,</strong></span> <span class='ocrx_word' id='word_1_117' title='bbox 1195 1799 1258 1838; x_wconf 91' lang='lat' dir='ltr'><strong>ac</strong></span> <span class='ocrx_word' id='word_1_118' title='bbox 1317 1785 1545 1838; x_wconf 83' lang='lat' dir='ltr'><strong>totidem</strong></span> <span class='ocrx_word' id='word_1_119' title='bbox 1605 1785 1810 1847; x_wconf 90' lang='lat' dir='ltr'><strong>altum;</strong></span> <span class='ocrx_word' id='word_1_120' title='bbox 1865 1781 2010 1852; x_wconf 91' lang='lat' dir='ltr'><strong>quod</strong></span> <span class='ocrx_word' id='word_1_121' title='bbox 2046 1768 2084 1820; x_wconf 76' lang='grc' dir='ltr'><strong>Β</strong></span> 
     </span>
    </p>
   </div>
   <div class='ocr_carea' id='block_1_20' title="bbox 439 1873 2014 1942">
    <p class='ocr_par' dir='ltr' id='par_1_20' title="bbox 439 1873 2014 1942">
     <span class='ocr_line' id='line_1_20' title="bbox 439 1873 2014 1942; baseline -0.001 -16"><span class='ocrx_word' id='word_1_122' title='bbox 439 1886 550 1928; x_wconf 90' lang='lat' dir='ltr'><strong>tam</strong></span> <span class='ocrx_word' id='word_1_123' title='bbox 589 1877 737 1930; x_wconf 91' lang='lat' dir='ltr'><strong>intus</strong></span> <span class='ocrx_word' id='word_1_124' title='bbox 761 1891 922 1942; x_wconf 89' lang='lat' dir='ltr'><strong>quam</strong></span> <span class='ocrx_word' id='word_1_125' title='bbox 958 1875 1092 1928; x_wconf 90' lang='lat' dir='ltr'><strong>loris</strong></span> <span class='ocrx_word' id='word_1_126' title='bbox 1122 1889 1258 1929; x_wconf 89' lang='lat' dir='ltr'><strong>auro</strong></span> <span class='ocrx_word' id='word_1_127' title='bbox 1287 1873 1540 1935; x_wconf 84' lang='lat' dir='ltr'><strong>obduxit,</strong></span> <span class='ocrx_word' id='word_1_128' title='bbox 1578 1873 1720 1928; x_wconf 89' lang='lat' dir='ltr'><strong>facta</strong></span> <span class='ocrx_word' id='word_1_129' title='bbox 1757 1888 1922 1940; x_wconf 81' lang='lat' dir='ltr'><strong>super</strong></span> <span class='ocrx_word' id='word_1_130' title='bbox 1951 1887 2014 1925; x_wconf 90' lang='lat' dir='ltr'><strong>eo</strong></span> 
     </span>
    </p>
   </div>
   <div class='ocr_carea' id='block_1_21' title="bbox 438 1962 2012 2033">
    <p class='ocr_par' dir='ltr' id='par_1_21' title="bbox 438 1962 2012 2033">
     <span class='ocr_line' id='line_1_21' title="bbox 438 1962 2012 2033; baseline -0.003 -16"><span class='ocrx_word' id='word_1_131' title='bbox 438 1965 862 2018; x_wconf 86' lang='lat' dir='ltr'><strong>cherubinorum</strong></span> <span class='ocrx_word' id='word_1_132' title='bbox 945 1963 1138 2025; x_wconf 88' lang='lat' dir='ltr'><strong>forma.</strong></span> <span class='ocrx_word' id='word_1_133' title='bbox 1215 1978 1447 2033; x_wconf 90' lang='lat' dir='ltr'><strong>quorum</strong></span> <span class='ocrx_word' id='word_1_134' title='bbox 1528 1973 1757 2031; x_wconf 87' lang='lat' dir='ltr'><strong>uterque</strong></span> <span class='ocrx_word' id='word_1_135' title='bbox 1829 1962 2012 2014; x_wconf 81' lang='lat' dir='ltr'><strong>decem</strong></span> 
     </span>
    </p>
   </div>
   <div class='ocr_carea' id='block_1_22' title="bbox 437 2057 2014 2125">
    <p class='ocr_par' dir='ltr' id='par_1_22' title="bbox 437 2057 2014 2125">
     <span class='ocr_line' id='line_1_22' title="bbox 437 2057 2014 2125; baseline -0.002 -14"><span class='ocrx_word' id='word_1_136' title='bbox 437 2069 556 2111; x_wconf 88' lang='lat' dir='ltr'><strong>erat</strong></span> <span class='ocrx_word' id='word_1_137' title='bbox 592 2058 810 2112; x_wconf 90' lang='lat' dir='ltr'><strong>cubitos</strong></span> <span class='ocrx_word' id='word_1_138' title='bbox 860 2058 1075 2125; x_wconf 81' lang='lat' dir='ltr'><strong>longus,</strong></span> <span class='ocrx_word' id='word_1_139' title='bbox 1115 2071 1179 2110; x_wconf 90' lang='lat' dir='ltr'><strong>ac</strong></span> <span class='ocrx_word' id='word_1_140' title='bbox 1222 2057 1467 2124; x_wconf 88' lang='lat' dir='ltr'><strong>quinque</strong></span> <span class='ocrx_word' id='word_1_141' title='bbox 1519 2057 1682 2117; x_wconf 89' lang='lat' dir='ltr'><strong>latus,</strong></span> <span class='ocrx_word' id='word_1_142' title='bbox 1735 2071 1798 2108; x_wconf 82' lang='lat' dir='ltr'><strong>ex</strong></span> <span class='ocrx_word' id='word_1_143' title='bbox 1855 2069 2014 2114; x_wconf 85' lang='lat' dir='ltr'><strong>auro.</strong></span> 
     </span>
    </p>
   </div>
   <div class='ocr_carea' id='block_1_23' title="bbox 440 2147 2010 2210">
    <p class='ocr_par' dir='ltr' id='par_1_23' title="bbox 440 2147 2010 2210">
     <span class='ocr_line' id='line_1_23' title="bbox 440 2147 2010 2210; baseline -0.004 -8"><span class='ocrx_word' id='word_1_144' title='bbox 440 2166 584 2204; x_wconf 85' lang='lat' dir='ltr'><strong>unus</strong></span> <span class='ocrx_word' id='word_1_145' title='bbox 615 2150 680 2204; x_wconf 81' lang='lat' dir='ltr'><strong>a.l</strong></span> <span class='ocrx_word' id='word_1_146' title='bbox 713 2150 937 2203; x_wconf 79' lang='lat' dir='ltr'><strong>sacrarii</strong></span> <span class='ocrx_word' id='word_1_147' title='bbox 971 2150 1110 2202; x_wconf 90' lang='lat' dir='ltr'><strong>latus</strong></span> <span class='ocrx_word' id='word_1_148' title='bbox 1139 2150 1411 2210; x_wconf 81' lang='lat' dir='ltr'><strong>dextrum,</strong></span> <span class='ocrx_word' id='word_1_149' title='bbox 1443 2149 1579 2200; x_wconf 82' lang='lat' dir='ltr'><strong>alter</strong></span> <span class='ocrx_word' id='word_1_150' title='bbox 1609 2147 1672 2200; x_wconf 90' lang='lat' dir='ltr'><strong>ad</strong></span> <span class='ocrx_word' id='word_1_151' title='bbox 1701 2147 2010 2210; x_wconf 84' lang='lat' dir='ltr'><strong>sinistrum,</strong></span> 
     </span>
    </p>
   </div>
   <div class='ocr_carea' id='block_1_24' title="bbox 436 2237 2012 2309">
    <p class='ocr_par' dir='ltr' id='par_1_24' title="bbox 436 2237 2012 2309">
     <span class='ocr_line' id='line_1_24' title="bbox 436 2237 2012 2309; baseline -0.004 -15"><span class='ocrx_word' id='word_1_152' title='bbox 436 2251 492 2294; x_wconf 91' lang='lat' dir='ltr'><strong>et</strong></span> <span class='ocrx_word' id='word_1_153' title='bbox 532 2241 750 2309; x_wconf 84' lang='lat' dir='ltr'><strong>utrique</strong></span> <span class='ocrx_word' id='word_1_154' title='bbox 781 2256 874 2294; x_wconf 86' lang='lat' dir='ltr'><strong>sex</strong></span> <span class='ocrx_word' id='word_1_155' title='bbox 898 2240 1017 2303; x_wconf 68' lang='lat' dir='ltr'><strong>alte,</strong></span> <span class='ocrx_word' id='word_1_156' title='bbox 1051 2241 1255 2308; x_wconf 89' lang='lat' dir='ltr'><strong>quibus</strong></span> <span class='ocrx_word' id='word_1_157' title='bbox 1283 2254 1447 2308; x_wconf 85' lang='lat' dir='ltr'><strong>super</strong></span> <span class='ocrx_word' id='word_1_158' title='bbox 1477 2253 1542 2290; x_wconf 91' lang='lat' dir='ltr'><strong>eo</strong></span> <span class='ocrx_word' id='word_1_159' title='bbox 1564 2237 1805 2290; x_wconf 80' lang='lat' dir='ltr'><strong>extensis</strong></span> <span class='ocrx_word' id='word_1_160' title='bbox 1839 2237 2012 2304; x_wconf 88' lang='lat' dir='ltr'><strong>ipsum</strong></span> 
     </span>
    </p>
   </div>
   <div class='ocr_carea' id='block_1_25' title="bbox 438 2327 2012 2403">
    <p class='ocr_par' dir='ltr' id='par_1_25' title="bbox 438 2327 2012 2403">
     <span class='ocr_line' id='line_1_25' title="bbox 438 2327 2012 2403; baseline -0.003 -19"><span class='ocrx_word' id='word_1_161' title='bbox 438 2334 786 2403; x_wconf 84' lang='lat' dir='ltr'><strong>obtegehant.</strong></span> <span class='ocrx_word' id='word_1_162' title='bbox 841 2333 969 2386; x_wconf 89' lang='lat' dir='ltr'><strong>Dein</strong></span> <span class='ocrx_word' id='word_1_163' title='bbox 1029 2347 1212 2385; x_wconf 91' lang='lat' dir='ltr'><strong>arcam</strong></span> <span class='ocrx_word' id='word_1_164' title='bbox 1261 2347 1291 2384; x_wconf 90' lang='lat' dir='ltr'><strong>e</strong></span> <span class='ocrx_word' id='word_1_165' title='bbox 1350 2330 1570 2382; x_wconf 78' lang='lat' dir='ltr'><strong>civitate</strong></span> <span class='ocrx_word' id='word_1_166' title='bbox 1630 2327 1790 2398; x_wconf 77' lang='lat'><strong>176</strong></span> <span class='ocrx_word' id='word_1_167' title='bbox 1842 2329 2012 2380; x_wconf 81' lang='lat' dir='ltr'><strong>Silion</strong></span> 
     </span>
    </p>
   </div>
   <div class='ocr_carea' id='block_1_26' title="bbox 438 2419 2016 2489">
    <p class='ocr_par' dir='ltr' id='par_1_26' title="bbox 438 2419 2016 2489">
     <span class='ocr_line' id='line_1_26' title="bbox 438 2419 2016 2489; baseline -0.004 -12"><span class='ocrx_word' id='word_1_168' title='bbox 438 2425 727 2478; x_wconf 90' lang='lat' dir='ltr'><strong>deductam</strong></span> <span class='ocrx_word' id='word_1_169' title='bbox 766 2424 818 2476; x_wconf 89' lang='lat' dir='ltr'><strong>in</strong></span> <span class='ocrx_word' id='word_1_170' title='bbox 856 2422 1021 2476; x_wconf 89' lang='lat' dir='ltr'><strong>domo</strong></span> <span class='ocrx_word' id='word_1_171' title='bbox 1063 2423 1164 2477; x_wconf 92' lang='lat' dir='ltr'><strong>ista</strong></span> <span class='ocrx_word' id='word_1_172' title='bbox 1201 2419 1402 2489; x_wconf 90' lang='lat' dir='ltr'><strong>posuit.</strong></span> <span class='ocrx_word' id='word_1_173' title='bbox 1461 2419 1602 2486; x_wconf 83' lang='lat' dir='ltr'><strong>Quin</strong></span> <span class='ocrx_word' id='word_1_174' title='bbox 1635 2428 1688 2472; x_wconf 89' lang='lat' dir='ltr'><strong>et</strong></span> <span class='ocrx_word' id='word_1_175' title='bbox 1720 2428 1847 2472; x_wconf 89' lang='lat' dir='ltr'><strong>aute</strong></span> <span class='ocrx_word' id='word_1_176' title='bbox 1879 2429 2016 2471; x_wconf 81' lang='lat' dir='ltr'><strong>tem-</strong></span> 
     </span>
    </p>
   </div>
   <div class='ocr_carea' id='block_1_27' title="bbox 441 2511 2012 2586">
    <p class='ocr_par' dir='ltr' id='par_1_27' title="bbox 441 2511 2012 2586">
     <span class='ocr_line' id='line_1_27' title="bbox 441 2511 2012 2586; baseline -0.006 -16"><span class='ocrx_word' id='word_1_177' title='bbox 441 2517 590 2586; x_wconf 90' lang='lat' dir='ltr'><strong>plum</strong></span> <span class='ocrx_word' id='word_1_178' title='bbox 626 2515 769 2572; x_wconf 88' lang='lat' dir='ltr'><strong>istud</strong></span> <span class='ocrx_word' id='word_1_179' title='bbox 807 2515 943 2568; x_wconf 91' lang='lat' dir='ltr'><strong>duas</strong></span> <span class='ocrx_word' id='word_1_180' title='bbox 981 2515 1266 2567; x_wconf 84' lang='lat' dir='ltr'><strong>columnas</strong></span> <span class='ocrx_word' id='word_1_181' title='bbox 1298 2526 1478 2564; x_wconf 77' lang='lat' dir='ltr'><strong>aeneas</strong></span> <span class='ocrx_word' id='word_1_182' title='bbox 1511 2511 1762 2581; x_wconf 79' lang='lat' dir='ltr'><strong>ingentes</strong></span> <span class='ocrx_word' id='word_1_183' title='bbox 1799 2511 2012 2572; x_wconf 70' lang='lat' dir='ltr'><strong>statuit,</strong></span> 
     </span>
    </p>
   </div>
   <div class='ocr_carea' id='block_1_28' title="bbox 440 2602 2015 2680">
    <p class='ocr_par' dir='ltr' id='par_1_28' title="bbox 440 2602 2015 2680">
     <span class='ocr_line' id='line_1_28' title="bbox 440 2602 2015 2680; baseline -0.006 -17"><span class='ocrx_word' id='word_1_184' title='bbox 440 2625 672 2680; x_wconf 89' lang='lat' dir='ltr'><strong>quarum</strong></span> <span class='ocrx_word' id='word_1_185' title='bbox 706 2619 940 2677; x_wconf 88' lang='lat' dir='ltr'><strong>utraque</strong></span> <span class='ocrx_word' id='word_1_186' title='bbox 973 2607 1191 2676; x_wconf 82' lang='lat' dir='ltr'><strong>triginta</strong></span> <span class='ocrx_word' id='word_1_187' title='bbox 1221 2604 1438 2659; x_wconf 86' lang='lat' dir='ltr'><strong>cubitos</strong></span> <span class='ocrx_word' id='word_1_188' title='bbox 1485 2605 1642 2669; x_wconf 82' lang='lat' dir='ltr'><strong>longa</strong></span> <span class='ocrx_word' id='word_1_189' title='bbox 1698 2602 1820 2666; x_wconf 90' lang='lat' dir='ltr'><strong>fuit,</strong></span> <span class='ocrx_word' id='word_1_190' title='bbox 1856 2603 2015 2670; x_wconf 87' lang='lat' dir='ltr'><strong>quin-</strong></span> 
     </span>
    </p>
   </div>
   <div class='ocr_carea' id='block_1_29' title="bbox 441 2692 2017 2769">
    <p class='ocr_par' dir='ltr' id='par_1_29' title="bbox 441 2692 2017 2769">
     <span class='ocr_line' id='line_1_29' title="bbox 441 2692 2017 2769; baseline -0.004 -18"><span class='ocrx_word' id='word_1_191' title='bbox 441 2717 548 2768; x_wconf 90' lang='lat' dir='ltr'><strong>qttc</strong></span> <span class='ocrx_word' id='word_1_192' title='bbox 575 2701 724 2767; x_wconf 89' lang='lat' dir='ltr'><strong>lata;</strong></span> <span class='ocrx_word' id='word_1_193' title='bbox 760 2701 962 2769; x_wconf 87' lang='lat' dir='ltr'><strong>quibus</strong></span> <span class='ocrx_word' id='word_1_194' title='bbox 1002 2698 1180 2752; x_wconf 85' lang='lat' dir='ltr'><strong>velum</strong></span> <span class='ocrx_word' id='word_1_195' title='bbox 1235 2696 1559 2750; x_wconf 88' lang='lat' dir='ltr'><strong>coccineum</strong></span> <span class='ocrx_word' id='word_1_196' title='bbox 1612 2695 1754 2762; x_wconf 90' lang='lat' dir='ltr'><strong>quod</strong></span> <span class='ocrx_word' id='word_1_197' title='bbox 1811 2692 2017 2748; x_wconf 85' lang='lat' dir='ltr'><strong>fecerat</strong></span> 
     </span>
    </p>
   </div>
   <div class='ocr_carea' id='block_1_30' title="bbox 441 2787 2017 2861">
    <p class='ocr_par' dir='ltr' id='par_1_30' title="bbox 441 2787 2017 2861">
     <span class='ocr_line' id='line_1_30' title="bbox 441 2787 2017 2861; baseline -0.004 -17"><span class='ocrx_word' id='word_1_198' title='bbox 441 2792 678 2848; x_wconf 80' lang='lat' dir='ltr'><strong>diversis</strong></span> <span class='ocrx_word' id='word_1_199' title='bbox 735 2807 1074 2861; x_wconf 81' lang='lat' dir='ltr'><strong>gemmarum</strong></span> <span class='ocrx_word' id='word_1_200' title='bbox 1141 2787 1432 2852; x_wconf 83' lang='lat' dir='ltr'><strong>speciebus</strong></span> <span class='ocrx_word' id='word_1_201' title='bbox 1491 2794 1803 2841; x_wconf 87' lang='lat' dir='ltr'><strong>consertum</strong></span> <span class='ocrx_word' id='word_1_202' title='bbox 1867 2800 1897 2838; x_wconf 91' lang='lat' dir='ltr'><strong>e</strong></span> <span class='ocrx_word' id='word_1_203' title='bbox 1934 2800 2017 2838; x_wconf 87' lang='lat' dir='ltr'><strong>re-</strong></span> 
     </span>
    </p>
   </div>
   <div class='ocr_carea' id='block_1_31' title="bbox 444 2875 2016 2952">
    <p class='ocr_par' dir='ltr' id='par_1_31' title="bbox 444 2875 2016 2952">
     <span class='ocr_line' id='line_1_31' title="bbox 444 2875 2016 2952; baseline -0.005 -15"><span class='ocrx_word' id='word_1_204' title='bbox 444 2885 604 2949; x_wconf 81' lang='lat' dir='ltr'><strong>gione</strong></span> <span class='ocrx_word' id='word_1_205' title='bbox 637 2883 819 2952; x_wconf 91' lang='lat' dir='ltr'><strong>templi</strong></span> <span class='ocrx_word' id='word_1_206' title='bbox 855 2882 1139 2952; x_wconf 86' lang='lat' dir='ltr'><strong>appendit.</strong></span> <span class='ocrx_word' id='word_1_207' title='bbox 1173 2879 1414 2933; x_wconf 83' lang='lat' dir='ltr'><strong>Mensam</strong></span> <span class='ocrx_word' id='word_1_208' title='bbox 1447 2879 1608 2932; x_wconf 90' lang='lat' dir='ltr'><strong>etiam</strong></span> <span class='ocrx_word' id='word_1_209' title='bbox 1641 2893 1850 2932; x_wconf 66' lang='lat' dir='ltr'><strong>teneam</strong></span> <span class='ocrx_word' id='word_1_210' title='bbox 1886 2875 2016 2932; x_wconf 90' lang='lat' dir='ltr'><strong>fecit</strong></span> 
     </span>
    </p>
   </div>
   <div class='ocr_carea' id='block_1_32' title="bbox 447 2972 2016 3045">
    <p class='ocr_par' dir='ltr' id='par_1_32' title="bbox 447 2972 2016 3045">
     <span class='ocr_line' id='line_1_32' title="bbox 447 2972 2016 3045; baseline -0.001 -19"><span class='ocrx_word' id='word_1_211' title='bbox 447 2980 500 3029; x_wconf 85' lang='lat' dir='ltr'><strong>in</strong></span> <span class='ocrx_word' id='word_1_212' title='bbox 552 2992 658 3040; x_wconf 88' lang='lat' dir='ltr'><strong>qua</strong></span> <span class='ocrx_word' id='word_1_213' title='bbox 717 2989 1008 3045; x_wconf 85' lang='lat' dir='ltr'><strong>poneretur</strong></span> <span class='ocrx_word' id='word_1_214' title='bbox 1061 2975 1218 3044; x_wconf 89' lang='lat' dir='ltr'><strong>panis</strong></span> <span class='ocrx_word' id='word_1_215' title='bbox 1271 2973 1605 3041; x_wconf 82' lang='lat' dir='ltr'><strong>oblationis;</strong></span> <span class='ocrx_word' id='word_1_216' title='bbox 1643 2972 1801 3041; x_wconf 85' lang='lat' dir='ltr'><strong>cujus</strong></span> <span class='ocrx_word' id='word_1_217' title='bbox 1841 2973 2016 3041; x_wconf 82' lang='lat' dir='ltr'><strong>longi-</strong></span> 
     </span>
    </p>
   </div>
   <div class='ocr_carea' id='block_1_33' title="bbox 445 3064 2010 3136">
    <p class='ocr_par' dir='ltr' id='par_1_33' title="bbox 445 3064 2010 3136">
     <span class='ocr_line' id='line_1_33' title="bbox 445 3064 2010 3136; baseline -0.003 -16"><span class='ocrx_word' id='word_1_218' title='bbox 445 3069 579 3123; x_wconf 90' lang='lat' dir='ltr'><strong>tudo</strong></span> <span class='ocrx_word' id='word_1_219' title='bbox 615 3069 805 3136; x_wconf 80' lang='lat' dir='ltr'><strong>viginti</strong></span> <span class='ocrx_word' id='word_1_220' title='bbox 839 3077 956 3122; x_wconf 91' lang='lat' dir='ltr'><strong>erat</strong></span> <span class='ocrx_word' id='word_1_221' title='bbox 991 3068 1326 3130; x_wconf 86' lang='lat' dir='ltr'><strong>cubitorum,</strong></span> <span class='ocrx_word' id='word_1_222' title='bbox 1384 3081 1446 3119; x_wconf 89' lang='lat' dir='ltr'><strong>ac</strong></span> <span class='ocrx_word' id='word_1_223' title='bbox 1501 3065 1726 3120; x_wconf 85' lang='lat' dir='ltr'><strong>totidem</strong></span> <span class='ocrx_word' id='word_1_224' title='bbox 1761 3064 2010 3126; x_wconf 85' lang='lat' dir='ltr'><strong>latitudo,</strong></span> 
     </span>
    </p>
   </div>
   <div class='ocr_carea' id='block_1_34' title="bbox 446 3155 2015 3230">
    <p class='ocr_par' dir='ltr' id='par_1_34' title="bbox 446 3155 2015 3230">
     <span class='ocr_line' id='line_1_34' title="bbox 446 3155 2015 3230; baseline -0.001 -20"><span class='ocrx_word' id='word_1_225' title='bbox 446 3160 728 3218; x_wconf 51' lang='lat' dir='ltr'><strong>i&#39;rassities</strong></span> <span class='ocrx_word' id='word_1_226' title='bbox 757 3160 943 3214; x_wconf 85' lang='lat' dir='ltr'><strong>decem</strong></span> <span class='ocrx_word' id='word_1_227' title='bbox 973 3175 988 3224; x_wconf 89' lang='lat'><strong>;</strong></span> <span class='ocrx_word' id='word_1_228' title='bbox 1025 3174 1187 3230; x_wconf 91' lang='lat' dir='ltr'><strong>quam</strong></span> <span class='ocrx_word' id='word_1_229' title='bbox 1224 3167 1277 3214; x_wconf 86' lang='lat' dir='ltr'><strong>et</strong></span> <span class='ocrx_word' id='word_1_230' title='bbox 1307 3175 1440 3211; x_wconf 88' lang='lat' dir='ltr'><strong>auro</strong></span> <span class='ocrx_word' id='word_1_231' title='bbox 1475 3157 1812 3226; x_wconf 89' lang='lat' dir='ltr'><strong>gemmisque</strong></span> <span class='ocrx_word' id='word_1_232' title='bbox 1842 3155 2015 3210; x_wconf 90' lang='lat' dir='ltr'><strong>obdu-</strong></span> 
     </span>
    </p>
   </div>
   <div class='ocr_carea' id='block_1_35' title="bbox 445 3249 2017 3319">
    <p class='ocr_par' dir='ltr' id='par_1_35' title="bbox 445 3249 2017 3319">
     <span class='ocr_line' id='line_1_35' title="bbox 445 3249 2017 3319; baseline -0.004 -11"><span class='ocrx_word' id='word_1_233' title='bbox 445 3257 544 3308; x_wconf 88' lang='lat' dir='ltr'><strong>xit.</strong></span> <span class='ocrx_word' id='word_1_234' title='bbox 583 3254 778 3311; x_wconf 90' lang='lat' dir='ltr'><strong>Omnia</strong></span> <span class='ocrx_word' id='word_1_235' title='bbox 810 3255 974 3308; x_wconf 90' lang='lat' dir='ltr'><strong>etiam</strong></span> <span class='ocrx_word' id='word_1_236' title='bbox 1012 3269 1142 3307; x_wconf 87' lang='lat' dir='ltr'><strong>vasa</strong></span> <span class='ocrx_word' id='word_1_237' title='bbox 1183 3268 1373 3315; x_wconf 87' lang='lat' dir='ltr'><strong>aurea,</strong></span> <span class='ocrx_word' id='word_1_238' title='bbox 1405 3259 1662 3319; x_wconf 87' lang='lat' dir='ltr'><strong>argentea</strong></span> <span class='ocrx_word' id='word_1_239' title='bbox 1698 3258 1750 3302; x_wconf 88' lang='lat' dir='ltr'><strong>et</strong></span> <span class='ocrx_word' id='word_1_240' title='bbox 1787 3249 2017 3317; x_wconf 82' lang='lat' dir='ltr'><strong>gemmis</strong></span> 
     </span>
    </p>
   </div>
   <div class='ocr_carea' id='block_1_36' title="bbox 445 3339 2017 3414">
    <p class='ocr_par' dir='ltr' id='par_1_36' title="bbox 445 3339 2017 3414">
     <span class='ocr_line' id='line_1_36' title="bbox 445 3339 2017 3414; baseline -0.005 -17"><span class='ocrx_word' id='word_1_241' title='bbox 445 3345 698 3400; x_wconf 81' lang='lat' dir='ltr'><strong>confecta</strong></span> <span class='ocrx_word' id='word_1_242' title='bbox 752 3345 805 3398; x_wconf 94' lang='lat' dir='ltr'><strong>in</strong></span> <span class='ocrx_word' id='word_1_243' title='bbox 842 3345 1104 3414; x_wconf 88' lang='lat' dir='ltr'><strong>templum</strong></span> <span class='ocrx_word' id='word_1_244' title='bbox 1163 3342 1501 3414; x_wconf 81' lang='lat' dir='ltr'><strong>intportavit.</strong></span> <span class='ocrx_word' id='word_1_245' title='bbox 1565 3341 1777 3394; x_wconf 79' lang='lat' dir='ltr'><strong>Struxit</strong></span> <span class='ocrx_word' id='word_1_246' title='bbox 1855 3339 2017 3390; x_wconf 85' lang='lat' dir='ltr'><strong>etiam</strong></span> 
     </span>
    </p>
   </div>
   <div class='ocr_carea' id='block_1_37' title="bbox 445 3428 2016 3506">
    <p class='ocr_par' dir='ltr' id='par_1_37' title="bbox 445 3428 2016 3506">
     <span class='ocr_line' id='line_1_37' title="bbox 445 3428 2016 3506; baseline -0.006 -17"><span class='ocrx_word' id='word_1_247' title='bbox 445 3437 551 3490; x_wconf 84' lang='lat' dir='ltr'><strong>sibi</strong></span> <span class='ocrx_word' id='word_1_248' title='bbox 585 3437 867 3506; x_wconf 77' lang='lat' dir='ltr'><strong>palatium,</strong></span> <span class='ocrx_word' id='word_1_249' title='bbox 932 3435 1078 3504; x_wconf 91' lang='lat' dir='ltr'><strong>quod</strong></span> <span class='ocrx_word' id='word_1_250' title='bbox 1150 3449 1306 3497; x_wconf 90' lang='lat' dir='ltr'><strong>auro,</strong></span> <span class='ocrx_word' id='word_1_251' title='bbox 1377 3440 1716 3499; x_wconf 79' lang='lat' dir='ltr'><strong>argentoque</strong></span> <span class='ocrx_word' id='word_1_252' title='bbox 1779 3428 2016 3492; x_wconf 87' lang='lat' dir='ltr'><strong>oblevit;</strong></span> 
     </span>
    </p>
   </div>
   <div class='ocr_carea' id='block_1_38' title="bbox 446 3520 2022 3594">
    <p class='ocr_par' dir='ltr' id='par_1_38' title="bbox 446 3520 2022 3594">
     <span class='ocr_line' id='line_1_38' title="bbox 446 3520 2022 3594; baseline -0.005 -16"><span class='ocrx_word' id='word_1_253' title='bbox 446 3528 605 3594; x_wconf 78' lang='lat' dir='ltr'><strong>cujus</strong></span> <span class='ocrx_word' id='word_1_254' title='bbox 642 3527 694 3580; x_wconf 93' lang='lat' dir='ltr'><strong>in</strong></span> <span class='ocrx_word' id='word_1_255' title='bbox 733 3526 914 3580; x_wconf 87' lang='lat' dir='ltr'><strong>medio</strong></span> <span class='ocrx_word' id='word_1_256' title='bbox 948 3527 1264 3592; x_wconf 67' lang='lat' dir='ltr'><strong>prmtorium</strong></span> <span class='ocrx_word' id='word_1_257' title='bbox 1316 3523 1609 3589; x_wconf 70' lang='lat' dir='ltr'><strong>exstruxit,</strong></span> <span class='ocrx_word' id='word_1_258' title='bbox 1649 3520 1864 3573; x_wconf 91' lang='lat' dir='ltr'><strong>cubitos</strong></span> <span class='ocrx_word' id='word_1_259' title='bbox 1895 3534 2022 3570; x_wconf 83' lang='lat' dir='ltr'><strong>cett-</strong></span> 
     </span>
    </p>
   </div>
   <div class='ocr_carea' id='block_1_39' title="bbox 449 3608 2018 3683">
    <p class='ocr_par' dir='ltr' id='par_1_39' title="bbox 449 3608 2018 3683">
     <span class='ocr_line' id='line_1_39' title="bbox 449 3608 2018 3683; baseline -0.006 -16"><span class='ocrx_word' id='word_1_260' title='bbox 449 3627 562 3667; x_wconf 91' lang='lat' dir='ltr'><strong>tum</strong></span> <span class='ocrx_word' id='word_1_261' title='bbox 589 3616 835 3682; x_wconf 85' lang='lat' dir='ltr'><strong>longum,</strong></span> <span class='ocrx_word' id='word_1_262' title='bbox 887 3616 1284 3683; x_wconf 83' lang='lat' dir='ltr'><strong>quinquaginta</strong></span> <span class='ocrx_word' id='word_1_263' title='bbox 1338 3612 1526 3674; x_wconf 88' lang='lat' dir='ltr'><strong>latum,</strong></span> <span class='ocrx_word' id='word_1_264' title='bbox 1558 3612 1726 3663; x_wconf 86' lang='lat' dir='ltr'><strong>altum</strong></span> <span class='ocrx_word' id='word_1_265' title='bbox 1759 3608 2018 3678; x_wconf 83' lang='lat' dir='ltr'><strong>triginta;</strong></span> 
     </span>
    </p>
   </div>
   <div class='ocr_carea' id='block_1_40' title="bbox 449 3700 2018 3772">
    <p class='ocr_par' dir='ltr' id='par_1_40' title="bbox 449 3700 2018 3772">
     <span class='ocr_line' id='line_1_40' title="bbox 449 3700 2018 3772; baseline -0.006 -13"><span class='ocrx_word' id='word_1_266' title='bbox 449 3705 679 3760; x_wconf 84' lang='lat' dir='ltr'><strong>interius</strong></span> <span class='ocrx_word' id='word_1_267' title='bbox 734 3705 889 3772; x_wconf 88' lang='lat' dir='ltr'><strong>quasi</strong></span> <span class='ocrx_word' id='word_1_268' title='bbox 943 3701 1311 3756; x_wconf 87' lang='lat' dir='ltr'><strong>ambientibus</strong></span> <span class='ocrx_word' id='word_1_269' title='bbox 1364 3712 1597 3769; x_wconf 83' lang='lat' dir='ltr'><strong>quatuor</strong></span> <span class='ocrx_word' id='word_1_270' title='bbox 1642 3700 2018 3753; x_wconf 71' lang='lat' dir='ltr'><strong>columnarum</strong></span> 
     </span>
    </p>
   </div>
   <div class='ocr_carea' id='block_1_41' title="bbox 449 3792 2023 3858">
    <p class='ocr_par' dir='ltr' id='par_1_41' title="bbox 449 3792 2023 3858">
     <span class='ocr_line' id='line_1_41' title="bbox 449 3792 2023 3858; baseline -0.006 -8"><span class='ocrx_word' id='word_1_271' title='bbox 449 3796 796 3850; x_wconf 86' lang='lat' dir='ltr'><strong>eedrinarum</strong></span> <span class='ocrx_word' id='word_1_272' title='bbox 855 3810 992 3848; x_wconf 90' lang='lat' dir='ltr'><strong>auro</strong></span> <span class='ocrx_word' id='word_1_273' title='bbox 1050 3793 1415 3847; x_wconf 90' lang='lat' dir='ltr'><strong>obductarum</strong></span> <span class='ocrx_word' id='word_1_274' title='bbox 1493 3792 1802 3853; x_wconf 82' lang='lat' dir='ltr'><strong>ordinibus,</strong></span> <span class='ocrx_word' id='word_1_275' title='bbox 1859 3806 2023 3858; x_wconf 81' lang='lat' dir='ltr'><strong>super</strong></span> 
     </span>
    </p>
   </div>
   <div class='ocr_carea' id='block_1_42' title="bbox 453 3881 2023 3954">
    <p class='ocr_par' dir='ltr' id='par_1_42' title="bbox 453 3881 2023 3954">
     <span class='ocr_line' id='line_1_42' title="bbox 453 3881 2023 3954; baseline -0.003 -16"><span class='ocrx_word' id='word_1_276' title='bbox 453 3888 650 3954; x_wconf 91' lang='lat' dir='ltr'><strong>quibus</strong></span> <span class='ocrx_word' id='word_1_277' title='bbox 725 3898 884 3940; x_wconf 90' lang='lat' dir='ltr'><strong>erant</strong></span> <span class='ocrx_word' id='word_1_278' title='bbox 951 3894 1184 3954; x_wconf 87' lang='lat' dir='ltr'><strong>quatuor</strong></span> <span class='ocrx_word' id='word_1_279' title='bbox 1227 3892 1367 3938; x_wconf 84' lang='lat' dir='ltr'><strong>tecta</strong></span> <span class='ocrx_word' id='word_1_280' title='bbox 1413 3899 1548 3936; x_wconf 87' lang='lat' dir='ltr'><strong>auro</strong></span> <span class='ocrx_word' id='word_1_281' title='bbox 1585 3892 1799 3937; x_wconf 77' lang='lat' dir='ltr'><strong>ornata.</strong></span> <span class='ocrx_word' id='word_1_282' title='bbox 1871 3881 2023 3936; x_wconf 84' lang='lat' dir='ltr'><strong>Fecit</strong></span> 
     </span>
    </p>
   </div>
   <div class='ocr_carea' id='block_1_43' title="bbox 449 3971 2022 4044">
    <p class='ocr_par' dir='ltr' id='par_1_43' title="bbox 449 3971 2022 4044">
     <span class='ocr_line' id='line_1_43' title="bbox 449 3971 2022 4044; baseline -0.006 -13"><span class='ocrx_word' id='word_1_283' title='bbox 449 3979 612 4034; x_wconf 86' lang='lat' dir='ltr'><strong>etiam</strong></span> <span class='ocrx_word' id='word_1_284' title='bbox 645 3981 900 4034; x_wconf 86' lang='lat' dir='ltr'><strong>thronum</strong></span> <span class='ocrx_word' id='word_1_285' title='bbox 956 3991 1212 4044; x_wconf 90' lang='lat' dir='ltr'><strong>magnum</strong></span> <span class='ocrx_word' id='word_1_286' title='bbox 1255 3975 1587 4035; x_wconf 89' lang='lat' dir='ltr'><strong>eburneum,</strong></span> <span class='ocrx_word' id='word_1_287' title='bbox 1651 3987 1786 4023; x_wconf 89' lang='lat' dir='ltr'><strong>auro</strong></span> <span class='ocrx_word' id='word_1_288' title='bbox 1844 3971 2022 4023; x_wconf 87' lang='lat' dir='ltr'><strong>varie-</strong></span> 
     </span>
    </p>
   </div>
   <div class='ocr_carea' id='block_1_44' title="bbox 452 4064 2025 4142">
    <p class='ocr_par' dir='ltr' id='par_1_44' title="bbox 452 4064 2025 4142">
     <span class='ocr_line' id='line_1_44' title="bbox 452 4064 2025 4142; baseline -0.006 -17"><span class='ocrx_word' id='word_1_289' title='bbox 452 4080 660 4142; x_wconf 76' lang='lat' dir='ltr'><strong>gatum,</strong></span> <span class='ocrx_word' id='word_1_290' title='bbox 687 4071 1027 4142; x_wconf 83' lang='lat' dir='ltr'><strong>gemmisque</strong></span> <span class='ocrx_word' id='word_1_291' title='bbox 1058 4066 1403 4128; x_wconf 88' lang='lat' dir='ltr'><strong>distinctum,</strong></span> <span class='ocrx_word' id='word_1_292' title='bbox 1437 4068 1579 4135; x_wconf 88' lang='lat' dir='ltr'><strong>quod</strong></span> <span class='ocrx_word' id='word_1_293' title='bbox 1616 4067 1666 4118; x_wconf 92' lang='lat' dir='ltr'><strong>in</strong></span> <span class='ocrx_word' id='word_1_294' title='bbox 1700 4064 1862 4131; x_wconf 84' lang='lat' dir='ltr'><strong>hujus</strong></span> <span class='ocrx_word' id='word_1_295' title='bbox 1890 4079 2025 4130; x_wconf 66' lang='lat' dir='ltr'><strong>prie-</strong></span> 
     </span>
    </p>
   </div>
   <div class='ocr_carea' id='block_1_45' title="bbox 455 4155 2024 4225">
    <p class='ocr_par' dir='ltr' id='par_1_45' title="bbox 455 4155 2024 4225">
     <span class='ocr_line' id='line_1_45' title="bbox 455 4155 2024 4225; baseline -0.007 -9"><span class='ocrx_word' id='word_1_296' title='bbox 455 4165 576 4218; x_wconf 92' lang='lat' dir='ltr'><strong>Iorii</strong></span> <span class='ocrx_word' id='word_1_297' title='bbox 635 4163 813 4217; x_wconf 87' lang='lat' dir='ltr'><strong>medio</strong></span> <span class='ocrx_word' id='word_1_298' title='bbox 873 4162 1086 4225; x_wconf 87' lang='lat' dir='ltr'><strong>statuit,</strong></span> <span class='ocrx_word' id='word_1_299' title='bbox 1135 4159 1221 4213; x_wconf 91' lang='lat' dir='ltr'><strong>cui</strong></span> <span class='ocrx_word' id='word_1_300' title='bbox 1280 4158 1539 4212; x_wconf 84' lang='lat' dir='ltr'><strong>insideret</strong></span> <span class='ocrx_word' id='word_1_301' title='bbox 1577 4157 1711 4225; x_wconf 82' lang='lat' dir='ltr'><strong>ipse,</strong></span> <span class='ocrx_word' id='word_1_302' title='bbox 1774 4170 1896 4208; x_wconf 86' lang='lat' dir='ltr'><strong>cum</strong></span> <span class='ocrx_word' id='word_1_303' title='bbox 1958 4155 2024 4207; x_wconf 88' lang='lat' dir='ltr'><strong>de</strong></span> 
     </span>
    </p>
   </div>
   <div class='ocr_carea' id='block_1_46' title="bbox 453 4248 2025 4322">
    <p class='ocr_par' dir='ltr' id='par_1_46' title="bbox 453 4248 2025 4322">
     <span class='ocr_line' id='line_1_46' title="bbox 453 4248 2025 4322; baseline -0.007 -14"><span class='ocrx_word' id='word_1_304' title='bbox 453 4257 730 4310; x_wconf 89' lang='lat' dir='ltr'><strong>hominum</strong></span> <span class='ocrx_word' id='word_1_305' title='bbox 759 4254 924 4308; x_wconf 89' lang='lat' dir='ltr'><strong>rebus</strong></span> <span class='ocrx_word' id='word_1_306' title='bbox 959 4260 1339 4322; x_wconf 85' lang='lat' dir='ltr'><strong>cognosceret.</strong></span> <span class='ocrx_word' id='word_1_307' title='bbox 1374 4248 1584 4318; x_wconf 86' lang='lat' dir='ltr'><strong>Templi</strong></span> <span class='ocrx_word' id='word_1_308' title='bbox 1623 4256 1805 4301; x_wconf 89' lang='lat' dir='ltr'><strong>autem</strong></span> <span class='ocrx_word' id='word_1_309' title='bbox 1846 4255 1899 4299; x_wconf 90' lang='lat' dir='ltr'><strong>et</strong></span> <span class='ocrx_word' id='word_1_310' title='bbox 1932 4260 2025 4313; x_wconf 85' lang='lat' dir='ltr'><strong>pa-</strong></span> 
     </span>
    </p>
   </div>
   <div class='ocr_carea' id='block_1_47' title="bbox 453 4336 2022 4412">
    <p class='ocr_par' dir='ltr' id='par_1_47' title="bbox 453 4336 2022 4412">
     <span class='ocr_line' id='line_1_47' title="bbox 453 4336 2022 4412; baseline -0.006 -12"><span class='ocrx_word' id='word_1_311' title='bbox 453 4347 568 4402; x_wconf 88' lang='lat' dir='ltr'><strong>latii</strong></span> <span class='ocrx_word' id='word_1_312' title='bbox 649 4355 987 4401; x_wconf 84' lang='lat' dir='ltr'><strong>structuram</strong></span> <span class='ocrx_word' id='word_1_313' title='bbox 1051 4352 1255 4412; x_wconf 86' lang='lat' dir='ltr'><strong>septem</strong></span> <span class='ocrx_word' id='word_1_314' title='bbox 1327 4340 1484 4394; x_wconf 90' lang='lat' dir='ltr'><strong>annis</strong></span> <span class='ocrx_word' id='word_1_315' title='bbox 1542 4339 1792 4393; x_wconf 73' lang='lat' dir='ltr'><strong>absolvit.</strong></span> <span class='ocrx_word' id='word_1_316' title='bbox 1846 4336 2022 4391; x_wconf 85' lang='lat' dir='ltr'><strong>Jama</strong></span> 
     </span>
    </p>
   </div>
   <div class='ocr_carea' id='block_1_48' title="bbox 2113 504 3684 572">
    <p class='ocr_par' dir='ltr' id='par_1_48' title="bbox 2113 504 3684 572">
     <span class='ocr_line' id='line_1_48' title="bbox 2113 504 3684 572; baseline 0.005 -20"><span class='ocrx_word' id='word_1_317' title='bbox 2113 515 2176 553; x_wconf 88' lang='lat' dir='ltr'><strong>ac</strong></span> <span class='ocrx_word' id='word_1_318' title='bbox 2207 511 2460 554; x_wconf 78' lang='lat' dir='ltr'><strong>trnrtuus</strong></span> <span class='ocrx_word' id='word_1_319' title='bbox 2493 513 2632 556; x_wconf 85' lang='lat' dir='ltr'><strong>esset</strong></span> <span class='ocrx_word' id='word_1_320' title='bbox 2672 512 2832 556; x_wconf 90' lang='lat' dir='ltr'><strong>noctu</strong></span> <span class='ocrx_word' id='word_1_321' title='bbox 2873 505 3013 556; x_wconf 85' lang='lat' dir='ltr'><strong>lilius</strong></span> <span class='ocrx_word' id='word_1_322' title='bbox 3039 504 3234 572; x_wconf 84' lang='lat' dir='ltr'><strong>ipsius,</strong></span> <span class='ocrx_word' id='word_1_323' title='bbox 3267 523 3350 560; x_wconf 88' lang='lat' dir='ltr'><strong>me</strong></span> <span class='ocrx_word' id='word_1_324' title='bbox 3376 507 3684 566; x_wconf 82' lang='lat' dir='ltr'><strong>dormiente</strong></span> 
     </span>
    </p>
   </div>
   <div class='ocr_carea' id='block_1_49' title="bbox 2113 588 3684 664">
    <p class='ocr_par' dir='ltr' id='par_1_49' title="bbox 2113 588 3684 664">
     <span class='ocr_line' id='line_1_49' title="bbox 2113 588 3684 664; baseline 0.006 -24"><span class='ocrx_word' id='word_1_325' title='bbox 2113 588 2201 642; x_wconf 90' lang='lat' dir='ltr'><strong>illa</strong></span> <span class='ocrx_word' id='word_1_326' title='bbox 2242 589 2408 642; x_wconf 83' lang='lat' dir='ltr'><strong>lilium</strong></span> <span class='ocrx_word' id='word_1_327' title='bbox 2446 606 2605 644; x_wconf 87' lang='lat' dir='ltr'><strong>suum</strong></span> <span class='ocrx_word' id='word_1_328' title='bbox 2642 600 2916 644; x_wconf 88' lang='lat' dir='ltr'><strong>mortuttm</strong></span> <span class='ocrx_word' id='word_1_329' title='bbox 2951 594 3281 660; x_wconf 87' lang='lat' dir='ltr'><strong>prehensum</strong></span> <span class='ocrx_word' id='word_1_330' title='bbox 3317 598 3518 664; x_wconf 82' lang='lat' dir='ltr'><strong>peetori</strong></span> <span class='ocrx_word' id='word_1_331' title='bbox 3564 615 3684 652; x_wconf 79' lang='lat' dir='ltr'><strong>meo</strong></span> 
     </span>
    </p>
   </div>
   <div class='ocr_carea' id='block_1_50' title="bbox 2114 680 3681 757">
    <p class='ocr_par' dir='ltr' id='par_1_50' title="bbox 2114 680 3681 757">
     <span class='ocr_line' id='line_1_50' title="bbox 2114 680 3681 757; baseline 0.008 -24"><span class='ocrx_word' id='word_1_332' title='bbox 2114 680 2428 742; x_wconf 85' lang='lat' dir='ltr'><strong>admovens,</strong></span> <span class='ocrx_word' id='word_1_333' title='bbox 2459 683 2522 734; x_wconf 87' lang='lat' dir='ltr'><strong>ad</strong></span> <span class='ocrx_word' id='word_1_334' title='bbox 2552 698 2610 737; x_wconf 85' lang='lat' dir='ltr'><strong>se</strong></span> <span class='ocrx_word' id='word_1_335' title='bbox 2638 683 2808 738; x_wconf 83' lang='lat' dir='ltr'><strong>tilium</strong></span> <span class='ocrx_word' id='word_1_336' title='bbox 2836 685 3002 739; x_wconf 90' lang='lat' dir='ltr'><strong>istum</strong></span> <span class='ocrx_word' id='word_1_337' title='bbox 3035 702 3214 741; x_wconf 89' lang='lat' dir='ltr'><strong>meum</strong></span> <span class='ocrx_word' id='word_1_338' title='bbox 3246 691 3466 757; x_wconf 84' lang='lat' dir='ltr'><strong>recepit.</strong></span> <span class='ocrx_word' id='word_1_339' title='bbox 3500 693 3681 746; x_wconf 79' lang='lat' dir='ltr'><strong>Altera</strong></span> 
     </span>
    </p>
   </div>
   <div class='ocr_carea' id='block_1_51' title="bbox 2114 772 3682 849">
    <p class='ocr_par' dir='ltr' id='par_1_51' title="bbox 2114 772 3682 849">
     <span class='ocr_line' id='line_1_51' title="bbox 2114 772 3682 849; baseline 0.006 -23"><span class='ocrx_word' id='word_1_340' title='bbox 2114 782 2291 826; x_wconf 88' lang='lat' dir='ltr'><strong>autem</strong></span> <span class='ocrx_word' id='word_1_341' title='bbox 2329 790 2343 826; x_wconf 86' lang='lat'><strong>:</strong></span> <span class='ocrx_word' id='word_1_342' title='bbox 2391 772 2486 826; x_wconf 89' lang='lat' dir='ltr'><strong>llic</strong></span> <span class='ocrx_word' id='word_1_343' title='bbox 2528 775 2756 843; x_wconf 69' lang='lat' dir='ltr'><strong>(inquit)</strong></span> <span class='ocrx_word' id='word_1_344' title='bbox 2798 791 2954 846; x_wconf 80' lang='lat' dir='ltr'><strong>puer,</strong></span> <span class='ocrx_word' id='word_1_345' title='bbox 2993 793 3150 832; x_wconf 90' lang='lat' dir='ltr'><strong>meus</strong></span> <span class='ocrx_word' id='word_1_346' title='bbox 3199 787 3284 833; x_wconf 84' lang='lat' dir='ltr'><strong>est</strong></span> <span class='ocrx_word' id='word_1_347' title='bbox 3327 781 3516 846; x_wconf 81' lang='lat' dir='ltr'><strong>illius;</strong></span> <span class='ocrx_word' id='word_1_348' title='bbox 3567 784 3682 849; x_wconf 81' lang='lat' dir='ltr'><strong>ejus</strong></span> 
     </span>
    </p>
   </div>
   <div class='ocr_carea' id='block_1_52' title="bbox 2115 867 3680 939">
    <p class='ocr_par' dir='ltr' id='par_1_52' title="bbox 2115 867 3680 939">
     <span class='ocr_line' id='line_1_52' title="bbox 2115 867 3680 939; baseline 0.007 -22"><span class='ocrx_word' id='word_1_349' title='bbox 2115 872 2318 924; x_wconf 87' lang='lat' dir='ltr'><strong>autem,</strong></span> <span class='ocrx_word' id='word_1_350' title='bbox 2355 875 2626 921; x_wconf 87' lang='lat' dir='ltr'><strong>mortuus.</strong></span> <span class='ocrx_word' id='word_1_351' title='bbox 2655 867 2912 922; x_wconf 90' lang='lat' dir='ltr'><strong>Salomon</strong></span> <span class='ocrx_word' id='word_1_352' title='bbox 2941 884 3072 939; x_wconf 87' lang='lat' dir='ltr'><strong>ergo</strong></span> <span class='ocrx_word' id='word_1_353' title='bbox 3108 869 3344 935; x_wconf 78' lang='lat' dir='ltr'><strong>gladium</strong></span> <span class='ocrx_word' id='word_1_354' title='bbox 3370 872 3472 927; x_wconf 81' lang='lat' dir='ltr'><strong>sibi</strong></span> <span class='ocrx_word' id='word_1_355' title='bbox 3504 873 3680 929; x_wconf 65' lang='grc' dir='ltr'><strong>εισι-Γίί</strong></span> 
     </span>
    </p>
   </div>
   <div class='ocr_carea' id='block_1_53' title="bbox 2109 955 3679 1032">
    <p class='ocr_par' dir='ltr' id='par_1_53' title="bbox 2109 955 3679 1032">
     <span class='ocr_line' id='line_1_53' title="bbox 2109 955 3679 1032; baseline 0.006 -22"><span class='ocrx_word' id='word_1_356' title='bbox 2109 955 2332 1026; x_wconf 86' lang='lat' dir='ltr'><strong>jubens,</strong></span> <span class='ocrx_word' id='word_1_357' title='bbox 2373 974 2712 1028; x_wconf 81' lang='lat' dir='ltr'><strong>puerumque</strong></span> <span class='ocrx_word' id='word_1_358' title='bbox 2766 977 2926 1015; x_wconf 90' lang='lat' dir='ltr'><strong>manu</strong></span> <span class='ocrx_word' id='word_1_359' title='bbox 2977 977 3075 1016; x_wconf 88' lang='lat' dir='ltr'><strong>sua</strong></span> <span class='ocrx_word' id='word_1_360' title='bbox 3117 963 3457 1032; x_wconf 83' lang='lat' dir='ltr'><strong>prehendens</strong></span> <span class='ocrx_word' id='word_1_361' title='bbox 3491 985 3506 1020; x_wconf 91' lang='lat'><strong>:</strong></span> <span class='ocrx_word' id='word_1_362' title='bbox 3540 969 3679 1020; x_wconf 81' lang='lat' dir='ltr'><strong>Divi-</strong></span> 
     </span>
    </p>
   </div>
   <div class='ocr_carea' id='block_1_54' title="bbox 2113 1048 3678 1122">
    <p class='ocr_par' dir='ltr' id='par_1_54' title="bbox 2113 1048 3678 1122">
     <span class='ocr_line' id='line_1_54' title="bbox 2113 1048 3678 1122; baseline 0.005 -20"><span class='ocrx_word' id='word_1_363' title='bbox 2113 1048 2260 1112; x_wconf 90' lang='lat' dir='ltr'><strong>dam,</strong></span> <span class='ocrx_word' id='word_1_364' title='bbox 2289 1049 2484 1119; x_wconf 91' lang='lat' dir='ltr'><strong>inquit,</strong></span> <span class='ocrx_word' id='word_1_365' title='bbox 2515 1049 2566 1103; x_wconf 93' lang='lat' dir='ltr'><strong>in</strong></span> <span class='ocrx_word' id='word_1_366' title='bbox 2596 1050 2732 1106; x_wconf 89' lang='lat' dir='ltr'><strong>duas</strong></span> <span class='ocrx_word' id='word_1_367' title='bbox 2764 1060 2946 1119; x_wconf 88' lang='lat' dir='ltr'><strong>partes</strong></span> <span class='ocrx_word' id='word_1_368' title='bbox 2975 1069 3228 1122; x_wconf 88' lang='lat' dir='ltr'><strong>puerttm,</strong></span> <span class='ocrx_word' id='word_1_369' title='bbox 3263 1070 3492 1122; x_wconf 88' lang='lat' dir='ltr'><strong>quarum</strong></span> <span class='ocrx_word' id='word_1_370' title='bbox 3523 1073 3678 1111; x_wconf 84' lang='lat' dir='ltr'><strong>unam</strong></span> 
     </span>
    </p>
   </div>
   <div class='ocr_carea' id='block_1_55' title="bbox 2115 1142 3676 1215">
    <p class='ocr_par' dir='ltr' id='par_1_55' title="bbox 2115 1142 3676 1215">
     <span class='ocr_line' id='line_1_55' title="bbox 2115 1142 3676 1215; baseline 0.004 -21"><span class='ocrx_word' id='word_1_371' title='bbox 2115 1142 2332 1210; x_wconf 87' lang='lat' dir='ltr'><strong>utrique</strong></span> <span class='ocrx_word' id='word_1_372' title='bbox 2381 1153 2620 1196; x_wconf 89' lang='lat' dir='ltr'><strong>vestrum</strong></span> <span class='ocrx_word' id='word_1_373' title='bbox 2675 1143 2906 1198; x_wconf 87' lang='lat' dir='ltr'><strong>tradam.</strong></span> <span class='ocrx_word' id='word_1_374' title='bbox 2963 1143 3100 1197; x_wconf 85' lang='lat' dir='ltr'><strong>Tum</strong></span> <span class='ocrx_word' id='word_1_375' title='bbox 3147 1155 3318 1200; x_wconf 87' lang='lat' dir='ltr'><strong>mater</strong></span> <span class='ocrx_word' id='word_1_376' title='bbox 3354 1148 3529 1215; x_wconf 88' lang='lat' dir='ltr'><strong>pueri,</strong></span> <span class='ocrx_word' id='word_1_377' title='bbox 3580 1148 3676 1201; x_wconf 64' lang='lat' dir='ltr'><strong>Deo</strong></span> 
     </span>
    </p>
   </div>
   <div class='ocr_carea' id='block_1_56' title="bbox 2117 1234 3675 1312">
    <p class='ocr_par' dir='ltr' id='par_1_56' title="bbox 2117 1234 3675 1312">
     <span class='ocr_line' id='line_1_56' title="bbox 2117 1234 3675 1312; baseline 0.003 -26"><span class='ocrx_word' id='word_1_378' title='bbox 2117 1235 2264 1288; x_wconf 81' lang='lat' dir='ltr'><strong>mine</strong></span> <span class='ocrx_word' id='word_1_379' title='bbox 2305 1234 2400 1296; x_wconf 88' lang='lat' dir='ltr'><strong>mi,</strong></span> <span class='ocrx_word' id='word_1_380' title='bbox 2434 1234 2633 1304; x_wconf 84' lang='lat' dir='ltr'><strong>inquit,</strong></span> <span class='ocrx_word' id='word_1_381' title='bbox 2667 1254 2734 1293; x_wconf 90' lang='lat' dir='ltr'><strong>ne</strong></span> <span class='ocrx_word' id='word_1_382' title='bbox 2761 1237 2974 1292; x_wconf 88' lang='lat' dir='ltr'><strong>dividas</strong></span> <span class='ocrx_word' id='word_1_383' title='bbox 3006 1239 3210 1306; x_wconf 81' lang='lat' dir='ltr'><strong>ipsum,</strong></span> <span class='ocrx_word' id='word_1_384' title='bbox 3243 1240 3338 1293; x_wconf 87' lang='lat' dir='ltr'><strong>sed</strong></span> <span class='ocrx_word' id='word_1_385' title='bbox 3377 1241 3425 1294; x_wconf 90' lang='lat' dir='ltr'><strong>ei</strong></span> <span class='ocrx_word' id='word_1_386' title='bbox 3461 1239 3675 1312; x_wconf 76' lang='lat' dir='ltr'><strong>[totum]</strong></span> 
     </span>
    </p>
   </div>
   <div class='ocr_carea' id='block_1_57' title="bbox 2115 1327 3677 1403">
    <p class='ocr_par' dir='ltr' id='par_1_57' title="bbox 2115 1327 3677 1403">
     <span class='ocr_line' id='line_1_57' title="bbox 2115 1327 3677 1403; baseline 0.006 -26"><span class='ocrx_word' id='word_1_387' title='bbox 2115 1327 2338 1394; x_wconf 87' lang='lat' dir='ltr'><strong>tradas;</strong></span> <span class='ocrx_word' id='word_1_388' title='bbox 2385 1328 2598 1382; x_wconf 90' lang='lat' dir='ltr'><strong>dicente</strong></span> <span class='ocrx_word' id='word_1_389' title='bbox 2646 1332 2813 1384; x_wconf 90' lang='lat' dir='ltr'><strong>altera</strong></span> <span class='ocrx_word' id='word_1_390' title='bbox 2860 1349 2872 1385; x_wconf 91' lang='lat'>:</span> <span class='ocrx_word' id='word_1_391' title='bbox 2929 1331 3145 1403; x_wconf 77' lang='lat' dir='ltr'><strong>[Quin]</strong></span> <span class='ocrx_word' id='word_1_392' title='bbox 3199 1333 3432 1394; x_wconf 85' lang='lat' dir='ltr'><strong>dividas,</strong></span> <span class='ocrx_word' id='word_1_393' title='bbox 3483 1345 3538 1388; x_wconf 85' lang='lat' dir='ltr'><strong>tit</strong></span> <span class='ocrx_word' id='word_1_394' title='bbox 3584 1351 3677 1387; x_wconf 76' lang='lat' dir='ltr'><strong>nec</strong></span> 
     </span>
    </p>
   </div>
   <div class='ocr_carea' id='block_1_58' title="bbox 2117 1417 3676 1494">
    <p class='ocr_par' dir='ltr' id='par_1_58' title="bbox 2117 1417 3676 1494">
     <span class='ocr_line' id='line_1_58' title="bbox 2117 1417 3676 1494; baseline 0.006 -27"><span class='ocrx_word' id='word_1_395' title='bbox 2117 1417 2247 1471; x_wconf 88' lang='lat' dir='ltr'><strong>mihi</strong></span> <span class='ocrx_word' id='word_1_396' title='bbox 2282 1419 2373 1482; x_wconf 91' lang='lat' dir='ltr'><strong>sit,</strong></span> <span class='ocrx_word' id='word_1_397' title='bbox 2422 1435 2520 1473; x_wconf 91' lang='lat' dir='ltr'><strong>nec</strong></span> <span class='ocrx_word' id='word_1_398' title='bbox 2570 1421 2668 1474; x_wconf 91' lang='lat' dir='ltr'><strong>illi.</strong></span> <span class='ocrx_word' id='word_1_399' title='bbox 2713 1422 2869 1476; x_wconf 85' lang='lat' dir='ltr'><strong>Dedit</strong></span> <span class='ocrx_word' id='word_1_400' title='bbox 2913 1438 3042 1491; x_wconf 82' lang='lat' dir='ltr'><strong>ergo</strong></span> <span class='ocrx_word' id='word_1_401' title='bbox 3070 1423 3330 1478; x_wconf 90' lang='lat' dir='ltr'><strong>Salomon</strong></span> <span class='ocrx_word' id='word_1_402' title='bbox 3379 1440 3599 1494; x_wconf 84' lang='lat' dir='ltr'><strong>puerum</strong></span> <span class='ocrx_word' id='word_1_403' title='bbox 3629 1428 3676 1478; x_wconf 91' lang='lat' dir='ltr'><strong>ei</strong></span> 
     </span>
    </p>
   </div>
   <div class='ocr_carea' id='block_1_59' title="bbox 2115 1507 3678 1582">
    <p class='ocr_par' dir='ltr' id='par_1_59' title="bbox 2115 1507 3678 1582">
     <span class='ocr_line' id='line_1_59' title="bbox 2115 1507 3678 1582; baseline 0.004 -24"><span class='ocrx_word' id='word_1_404' title='bbox 2115 1522 2234 1576; x_wconf 71' lang='lat' dir='ltr'><strong>qua:</strong></span> <span class='ocrx_word' id='word_1_405' title='bbox 2258 1523 2323 1560; x_wconf 89' lang='lat' dir='ltr'><strong>ne</strong></span> <span class='ocrx_word' id='word_1_406' title='bbox 2349 1507 2684 1564; x_wconf 86' lang='lat' dir='ltr'><strong>divideretur</strong></span> <span class='ocrx_word' id='word_1_407' title='bbox 2708 1512 2882 1579; x_wconf 89' lang='lat' dir='ltr'><strong>petiit,</strong></span> <span class='ocrx_word' id='word_1_408' title='bbox 2914 1524 3254 1582; x_wconf 85' lang='lat' dir='ltr'><strong>perspectum</strong></span> <span class='ocrx_word' id='word_1_409' title='bbox 3283 1514 3487 1566; x_wconf 90' lang='lat' dir='ltr'><strong>habens</strong></span> <span class='ocrx_word' id='word_1_410' title='bbox 3515 1515 3678 1582; x_wconf 84' lang='lat' dir='ltr'><strong>ipsam</strong></span> 
     </span>
    </p>
   </div>
   <div class='ocr_carea' id='block_1_60' title="bbox 2117 1602 3679 1674">
    <p class='ocr_par' dir='ltr' id='par_1_60' title="bbox 2117 1602 3679 1674">
     <span class='ocr_line' id='line_1_60' title="bbox 2117 1602 3679 1674; baseline 0.001 -20"><span class='ocrx_word' id='word_1_411' title='bbox 2117 1609 2344 1655; x_wconf 89' lang='lat' dir='ltr'><strong>tnatrem</strong></span> <span class='ocrx_word' id='word_1_412' title='bbox 2392 1602 2514 1670; x_wconf 87' lang='lat' dir='ltr'><strong>ejus</strong></span> <span class='ocrx_word' id='word_1_413' title='bbox 2545 1619 2690 1664; x_wconf 86' lang='lat' dir='ltr'><strong>esse.</strong></span> <span class='ocrx_word' id='word_1_414' title='bbox 2725 1621 2787 1660; x_wconf 88' lang='lat' dir='ltr'><strong>ex</strong></span> <span class='ocrx_word' id='word_1_415' title='bbox 2823 1620 2888 1660; x_wconf 83' lang='lat' dir='ltr'><strong>eo</strong></span> <span class='ocrx_word' id='word_1_416' title='bbox 2922 1607 3013 1674; x_wconf 93' lang='lat' dir='ltr'><strong>qui</strong></span> <span class='ocrx_word' id='word_1_417' title='bbox 3063 1606 3316 1673; x_wconf 80' lang='lat' dir='ltr'><strong>apparuit</strong></span> <span class='ocrx_word' id='word_1_418' title='bbox 3362 1620 3488 1672; x_wconf 87' lang='lat' dir='ltr'><strong>erga</strong></span> <span class='ocrx_word' id='word_1_419' title='bbox 3536 1604 3679 1658; x_wconf 77' lang='lat' dir='ltr'><strong>illum</strong></span> 
     </span>
    </p>
   </div>
   <div class='ocr_carea' id='block_1_61' title="bbox 2117 1692 3679 1766">
    <p class='ocr_par' dir='ltr' id='par_1_61' title="bbox 2117 1692 3679 1766">
     <span class='ocr_line' id='line_1_61' title="bbox 2117 1692 3679 1766; baseline 0.001 -20"><span class='ocrx_word' id='word_1_420' title='bbox 2117 1692 2318 1747; x_wconf 74' lang='lat' dir='ltr'><strong>affectu</strong></span> <span class='ocrx_word' id='word_1_421' title='bbox 2372 1695 2563 1762; x_wconf 89' lang='lat' dir='ltr'><strong>ipsius.</strong></span> <span class='ocrx_word' id='word_1_422' title='bbox 2620 1695 2908 1761; x_wconf 83' lang='lat' dir='ltr'><strong>Miratique</strong></span> <span class='ocrx_word' id='word_1_423' title='bbox 2954 1706 3082 1751; x_wconf 83' lang='lat' dir='ltr'><strong>sunt</strong></span> <span class='ocrx_word' id='word_1_424' title='bbox 3138 1696 3391 1752; x_wconf 78' lang='lat' dir='ltr'><strong>homines</strong></span> <span class='ocrx_word' id='word_1_425' title='bbox 3425 1697 3679 1766; x_wconf 81' lang='lat' dir='ltr'><strong>judicium</strong></span> 
     </span>
    </p>
   </div>
   <div class='ocr_carea' id='block_1_62' title="bbox 2117 1785 3688 1858">
    <p class='ocr_par' dir='ltr' id='par_1_62' title="bbox 2117 1785 3688 1858">
     <span class='ocr_line' id='line_1_62' title="bbox 2117 1785 3688 1858; baseline 0.001 -21"><span class='ocrx_word' id='word_1_426' title='bbox 2117 1785 2309 1855; x_wconf 89' lang='lat' dir='ltr'><strong>ipsius.</strong></span> <span class='ocrx_word' id='word_1_427' title='bbox 2363 1785 2609 1840; x_wconf 86' lang='lat' dir='ltr'><strong>Fuerunt</strong></span> <span class='ocrx_word' id='word_1_428' title='bbox 2641 1797 2819 1841; x_wconf 87' lang='lat' dir='ltr'><strong>autem</strong></span> <span class='ocrx_word' id='word_1_429' title='bbox 2856 1788 3170 1842; x_wconf 86' lang='lat' dir='ltr'><strong>Salomonis</strong></span> <span class='ocrx_word' id='word_1_430' title='bbox 3210 1803 3412 1842; x_wconf 82' lang='lat' dir='ltr'><strong>uxores</strong></span> <span class='ocrx_word' id='word_1_431' title='bbox 3443 1788 3688 1858; x_wconf 66' lang='lat' dir='ltr'><strong>ingenuae</strong></span> 
     </span>
    </p>
   </div>
   <div class='ocr_carea' id='block_1_63' title="bbox 2119 1878 3686 1950">
    <p class='ocr_par' dir='ltr' id='par_1_63' title="bbox 2119 1878 3686 1950">
     <span class='ocr_line' id='line_1_63' title="bbox 2119 1878 3686 1950; baseline 0.001 -20"><span class='ocrx_word' id='word_1_432' title='bbox 2119 1878 2497 1946; x_wconf 78' lang='lat' dir='ltr'><strong>septingentze,</strong></span> <span class='ocrx_word' id='word_1_433' title='bbox 2529 1889 2581 1931; x_wconf 80' lang='lat' dir='ltr'><strong>et</strong></span> <span class='ocrx_word' id='word_1_434' title='bbox 2608 1889 2690 1932; x_wconf 83' lang='lat' dir='ltr'><strong>ter</strong></span> <span class='ocrx_word' id='word_1_435' title='bbox 2717 1889 2934 1932; x_wconf 85' lang='lat' dir='ltr'><strong>centum</strong></span> <span class='ocrx_word' id='word_1_436' title='bbox 2967 1881 3126 1950; x_wconf 75' lang='lat'><strong>180</strong></span> <span class='ocrx_word' id='word_1_437' title='bbox 3154 1881 3498 1935; x_wconf 62' lang='lat' dir='ltr'><strong>concubinae.</strong></span> <span class='ocrx_word' id='word_1_438' title='bbox 3531 1879 3686 1933; x_wconf 73' lang='lat' dir='ltr'><strong>Duxit</strong></span> 
     </span>
    </p>
   </div>
   <div class='ocr_carea' id='block_1_64' title="bbox 2116 1969 3682 2042">
    <p class='ocr_par' dir='ltr' id='par_1_64' title="bbox 2116 1969 3682 2042">
     <span class='ocr_line' id='line_1_64' title="bbox 2116 1969 3682 2042; baseline 0.001 -19"><span class='ocrx_word' id='word_1_439' title='bbox 2116 1970 2278 2024; x_wconf 89' lang='lat' dir='ltr'><strong>etiam</strong></span> <span class='ocrx_word' id='word_1_440' title='bbox 2309 1969 2563 2024; x_wconf 63' lang='lat' dir='ltr'><strong>Salomon</strong></span> <span class='ocrx_word' id='word_1_441' title='bbox 2593 1970 2910 2030; x_wconf 87' lang='lat' dir='ltr'><strong>Pharaonis.</strong></span> <span class='ocrx_word' id='word_1_442' title='bbox 2938 1971 3153 2042; x_wconf 64' lang='lat' dir='ltr'><strong>Egypti</strong></span> <span class='ocrx_word' id='word_1_443' title='bbox 3180 1973 3339 2041; x_wconf 85' lang='lat' dir='ltr'><strong>regis,</strong></span> <span class='ocrx_word' id='word_1_444' title='bbox 3366 1971 3456 2024; x_wconf 91' lang='lat' dir='ltr'><strong>cui</strong></span> <span class='ocrx_word' id='word_1_445' title='bbox 3489 1986 3682 2024; x_wconf 80' lang='lat' dir='ltr'><strong>nomen</strong></span> 
     </span>
    </p>
   </div>
   <div class='ocr_carea' id='block_1_65' title="bbox 2119 2061 3690 2133">
    <p class='ocr_par' dir='ltr' id='par_1_65' title="bbox 2119 2061 3690 2133">
     <span class='ocr_line' id='line_1_65' title="bbox 2119 2061 3690 2133; baseline 0.001 -19"><span class='ocrx_word' id='word_1_446' title='bbox 2119 2061 2340 2123; x_wconf 83' lang='lat' dir='ltr'><strong>Shisak,</strong></span> <span class='ocrx_word' id='word_1_447' title='bbox 2372 2061 2557 2124; x_wconf 86' lang='lat' dir='ltr'><strong>tiliam,</strong></span> <span class='ocrx_word' id='word_1_448' title='bbox 2609 2077 2842 2131; x_wconf 86' lang='lat' dir='ltr'><strong>eamque</strong></span> <span class='ocrx_word' id='word_1_449' title='bbox 2873 2061 3249 2133; x_wconf 77' lang='lat' dir='ltr'><strong>Hierosolyma</strong></span> <span class='ocrx_word' id='word_1_450' title='bbox 3279 2063 3526 2116; x_wconf 85' lang='lat' dir='ltr'><strong>adduxit.</strong></span> <span class='ocrx_word' id='word_1_451' title='bbox 3563 2061 3690 2117; x_wconf 80' lang='lat' dir='ltr'><strong>Post</strong></span> 
     </span>
    </p>
   </div>
   <div class='ocr_carea' id='block_1_66' title="bbox 2116 2153 3691 2224">
    <p class='ocr_par' dir='ltr' id='par_1_66' title="bbox 2116 2153 3691 2224">
     <span class='ocr_line' id='line_1_66' title="bbox 2116 2153 3691 2224; baseline 0.001 -19"><span class='ocrx_word' id='word_1_452' title='bbox 2116 2169 2236 2221; x_wconf 69' lang='lat' dir='ltr'><strong>qua:</strong></span> <span class='ocrx_word' id='word_1_453' title='bbox 2267 2155 2543 2219; x_wconf 81' lang='lat' dir='ltr'><strong>profectus</strong></span> <span class='ocrx_word' id='word_1_454' title='bbox 2588 2155 2823 2217; x_wconf 87' lang='lat' dir='ltr'><strong>Pharao,</strong></span> <span class='ocrx_word' id='word_1_455' title='bbox 2870 2153 3084 2224; x_wconf 55' lang='lat' dir='ltr'><strong>IEgypIi</strong></span> <span class='ocrx_word' id='word_1_456' title='bbox 3125 2170 3240 2220; x_wconf 87' lang='lat' dir='ltr'><strong>rex,</strong></span> <span class='ocrx_word' id='word_1_457' title='bbox 3286 2161 3473 2207; x_wconf 86' lang='lat' dir='ltr'><strong>urbem</strong></span> <span class='ocrx_word' id='word_1_458' title='bbox 3516 2156 3691 2208; x_wconf 77' lang='lat' dir='ltr'><strong>Aazar</strong></span> 
     </span>
    </p>
   </div>
   <div class='ocr_carea' id='block_1_67' title="bbox 2115 2243 3691 2312">
    <p class='ocr_par' dir='ltr' id='par_1_67' title="bbox 2115 2243 3691 2312">
     <span class='ocr_line' id='line_1_67' title="bbox 2115 2243 3691 2312; baseline -0.001 -17"><span class='ocrx_word' id='word_1_459' title='bbox 2115 2252 2477 2312; x_wconf 82' lang='lat' dir='ltr'><strong>expugnatam</strong></span> <span class='ocrx_word' id='word_1_460' title='bbox 2506 2244 2626 2310; x_wconf 62' lang='lat' dir='ltr'><strong>igne</strong></span> <span class='ocrx_word' id='word_1_461' title='bbox 2660 2244 2967 2298; x_wconf 68' lang='lat' dir='ltr'><strong>succendit.</strong></span> <span class='ocrx_word' id='word_1_462' title='bbox 3000 2246 3121 2312; x_wconf 85' lang='lat' dir='ltr'><strong>lgne</strong></span> <span class='ocrx_word' id='word_1_463' title='bbox 3150 2245 3314 2296; x_wconf 85' lang='lat' dir='ltr'><strong>etiam</strong></span> <span class='ocrx_word' id='word_1_464' title='bbox 3340 2243 3691 2297; x_wconf 82' lang='lat' dir='ltr'><strong>Chanaanitis</strong></span> 
     </span>
    </p>
   </div>
   <div class='ocr_carea' id='block_1_68' title="bbox 2117 2332 3691 2402">
    <p class='ocr_par' dir='ltr' id='par_1_68' title="bbox 2117 2332 3691 2402">
     <span class='ocr_line' id='line_1_68' title="bbox 2117 2332 3691 2402; baseline -0.002 -16"><span class='ocrx_word' id='word_1_465' title='bbox 2117 2332 2336 2386; x_wconf 82' lang='lat' dir='ltr'><strong>Maraab</strong></span> <span class='ocrx_word' id='word_1_466' title='bbox 2362 2333 2724 2390; x_wconf 85' lang='lat' dir='ltr'><strong>incolentibus</strong></span> <span class='ocrx_word' id='word_1_467' title='bbox 2757 2334 3028 2394; x_wconf 87' lang='lat' dir='ltr'><strong>immisso,</strong></span> <span class='ocrx_word' id='word_1_468' title='bbox 3061 2349 3190 2402; x_wconf 81' lang='lat' dir='ltr'><strong>epes</strong></span> <span class='ocrx_word' id='word_1_469' title='bbox 3216 2349 3404 2387; x_wconf 86' lang='lat' dir='ltr'><strong>eorum</strong></span> <span class='ocrx_word' id='word_1_470' title='bbox 3441 2349 3578 2401; x_wconf 89' lang='lat' dir='ltr'><strong>quas</strong></span> <span class='ocrx_word' id='word_1_471' title='bbox 3605 2333 3691 2385; x_wconf 89' lang='lat' dir='ltr'><strong>di-</strong></span> 
     </span>
    </p>
   </div>
   <div class='ocr_carea' id='block_1_69' title="bbox 2118 2427 3689 2494">
    <p class='ocr_par' dir='ltr' id='par_1_69' title="bbox 2118 2427 3689 2494">
     <span class='ocr_line' id='line_1_69' title="bbox 2118 2427 3689 2494; baseline 0.001 -16"><span class='ocrx_word' id='word_1_472' title='bbox 2118 2427 2281 2494; x_wconf 91' lang='lat' dir='ltr'><strong>ripuit</strong></span> <span class='ocrx_word' id='word_1_473' title='bbox 2315 2427 2379 2479; x_wconf 90' lang='lat' dir='ltr'><strong>ad</strong></span> <span class='ocrx_word' id='word_1_474' title='bbox 2434 2428 2596 2480; x_wconf 81' lang='lat' dir='ltr'><strong>filiam</strong></span> <span class='ocrx_word' id='word_1_475' title='bbox 2648 2442 2804 2480; x_wconf 89' lang='lat' dir='ltr'><strong>suam</strong></span> <span class='ocrx_word' id='word_1_476' title='bbox 2853 2427 3165 2481; x_wconf 89' lang='lat' dir='ltr'><strong>Salomonis</strong></span> <span class='ocrx_word' id='word_1_477' title='bbox 3197 2427 3483 2493; x_wconf 81' lang='lat' dir='ltr'><strong>eonjugem</strong></span> <span class='ocrx_word' id='word_1_478' title='bbox 3522 2427 3689 2480; x_wconf 89' lang='lat' dir='ltr'><strong>misit.</strong></span> 
     </span>
    </p>
   </div>
   <div class='ocr_carea' id='block_1_70' title="bbox 2119 2515 3693 2587">
    <p class='ocr_par' dir='ltr' id='par_1_70' title="bbox 2119 2515 3693 2587">
     <span class='ocr_line' id='line_1_70' title="bbox 2119 2515 3693 2587; baseline -0.001 -17"><span class='ocrx_word' id='word_1_479' title='bbox 2119 2517 2322 2586; x_wconf 81' lang='lat' dir='ltr'><strong>Regina</strong></span> <span class='ocrx_word' id='word_1_480' title='bbox 2371 2520 2533 2572; x_wconf 80' lang='lat' dir='ltr'><strong>etiam</strong></span> <span class='ocrx_word' id='word_1_481' title='bbox 2585 2518 2760 2576; x_wconf 78' lang='lat' dir='ltr'><strong>Sabze.</strong></span> <span class='ocrx_word' id='word_1_482' title='bbox 2814 2519 3001 2572; x_wconf 83' lang='lat' dir='ltr'><strong>audito</strong></span> <span class='ocrx_word' id='word_1_483' title='bbox 3052 2533 3281 2587; x_wconf 88' lang='lat' dir='ltr'><strong>regnare</strong></span> <span class='ocrx_word' id='word_1_484' title='bbox 3319 2515 3693 2579; x_wconf 87' lang='lat' dir='ltr'><strong>Salomonem,</strong></span> 
     </span>
    </p>
   </div>
   <div class='ocr_carea' id='block_1_71' title="bbox 2118 2609 3698 2677">
    <p class='ocr_par' dir='ltr' id='par_1_71' title="bbox 2118 2609 3698 2677">
     <span class='ocr_line' id='line_1_71' title="bbox 2118 2609 3698 2677; baseline 0.001 -16"><span class='ocrx_word' id='word_1_485' title='bbox 2118 2609 2184 2662; x_wconf 89' lang='lat' dir='ltr'><strong>ad</strong></span> <span class='ocrx_word' id='word_1_486' title='bbox 2235 2610 2411 2677; x_wconf 89' lang='lat' dir='ltr'><strong>ipsum</strong></span> <span class='ocrx_word' id='word_1_487' title='bbox 2466 2611 2648 2664; x_wconf 72' lang='lat' dir='ltr'><strong>multis</strong></span> <span class='ocrx_word' id='word_1_488' title='bbox 2693 2627 2817 2665; x_wconf 91' lang='lat' dir='ltr'><strong>cum</strong></span> <span class='ocrx_word' id='word_1_489' title='bbox 2859 2611 3178 2665; x_wconf 88' lang='lat' dir='ltr'><strong>muneribus</strong></span> <span class='ocrx_word' id='word_1_490' title='bbox 3229 2610 3518 2672; x_wconf 88' lang='lat' dir='ltr'><strong>accedens,</strong></span> <span class='ocrx_word' id='word_1_491' title='bbox 3546 2609 3698 2663; x_wconf 85' lang='lat' dir='ltr'><strong>dedit</strong></span> 
     </span>
    </p>
   </div>
   <div class='ocr_carea' id='block_1_72' title="bbox 2119 2701 3694 2772">
    <p class='ocr_par' dir='ltr' id='par_1_72' title="bbox 2119 2701 3694 2772">
     <span class='ocr_line' id='line_1_72' title="bbox 2119 2701 3694 2772; baseline 0.003 -21"><span class='ocrx_word' id='word_1_492' title='bbox 2119 2701 2224 2770; x_wconf 89' lang='lat' dir='ltr'><strong>ipsi</strong></span> <span class='ocrx_word' id='word_1_493' title='bbox 2263 2701 2380 2754; x_wconf 91' lang='lat' dir='ltr'><strong>auri</strong></span> <span class='ocrx_word' id='word_1_494' title='bbox 2418 2703 2619 2755; x_wconf 88' lang='lat' dir='ltr'><strong>talenta</strong></span> <span class='ocrx_word' id='word_1_495' title='bbox 2650 2713 2870 2756; x_wconf 90' lang='lat' dir='ltr'><strong>centum</strong></span> <span class='ocrx_word' id='word_1_496' title='bbox 2905 2703 3150 2772; x_wconf 80' lang='lat' dir='ltr'><strong>triginta.</strong></span> <span class='ocrx_word' id='word_1_497' title='bbox 3182 2703 3427 2771; x_wconf 88' lang='lat' dir='ltr'><strong>Cumque</strong></span> <span class='ocrx_word' id='word_1_498' title='bbox 3451 2702 3499 2757; x_wconf 87' lang='lat' dir='ltr'><strong>ei</strong></span> <span class='ocrx_word' id='word_1_499' title='bbox 3532 2702 3694 2756; x_wconf 84' lang='lat' dir='ltr'><strong>vicis-</strong></span> 
     </span>
    </p>
   </div>
   <div class='ocr_carea' id='block_1_73' title="bbox 2119 2791 3694 2870">
    <p class='ocr_par' dir='ltr' id='par_1_73' title="bbox 2119 2791 3694 2870">
     <span class='ocr_line' id='line_1_73' title="bbox 2119 2791 3694 2870; baseline 0 -26"><span class='ocrx_word' id='word_1_500' title='bbox 2119 2791 2222 2844; x_wconf 86' lang='lat' dir='ltr'><strong>sim</strong></span> <span class='ocrx_word' id='word_1_501' title='bbox 2274 2792 2518 2870; x_wconf 76' lang='lat' dir='ltr'><strong>dedisset</strong></span> <span class='ocrx_word' id='word_1_502' title='bbox 2573 2791 2830 2845; x_wconf 87' lang='lat' dir='ltr'><strong>Salomon</strong></span> <span class='ocrx_word' id='word_1_503' title='bbox 2883 2794 3254 2861; x_wconf 86' lang='lat' dir='ltr'><strong>quodcunque</strong></span> <span class='ocrx_word' id='word_1_504' title='bbox 3303 2794 3572 2860; x_wconf 87' lang='lat' dir='ltr'><strong>petiisset,</strong></span> <span class='ocrx_word' id='word_1_505' title='bbox 3623 2793 3694 2845; x_wconf 89' lang='lat' dir='ltr'><strong>ab</strong></span> 
     </span>
    </p>
   </div>
   <div class='ocr_carea' id='block_1_74' title="bbox 2118 2883 3698 2953">
    <p class='ocr_par' dir='ltr' id='par_1_74' title="bbox 2118 2883 3698 2953">
     <span class='ocr_line' id='line_1_74' title="bbox 2118 2883 3698 2953; baseline 0.002 -17"><span class='ocrx_word' id='word_1_506' title='bbox 2118 2883 2236 2951; x_wconf 87' lang='lat' dir='ltr'><strong>ipso</strong></span> <span class='ocrx_word' id='word_1_507' title='bbox 2260 2897 2473 2936; x_wconf 80' lang='lat' dir='ltr'><strong>reversa</strong></span> <span class='ocrx_word' id='word_1_508' title='bbox 2503 2893 2608 2938; x_wconf 80' lang='lat' dir='ltr'><strong>est.</strong></span> <span class='ocrx_word' id='word_1_509' title='bbox 2634 2884 2796 2938; x_wconf 67' lang='lat' dir='ltr'><strong>Duxit</strong></span> <span class='ocrx_word' id='word_1_510' title='bbox 2830 2885 2958 2953; x_wconf 90' lang='lat' dir='ltr'><strong>quin</strong></span> <span class='ocrx_word' id='word_1_511' title='bbox 2991 2885 3152 2938; x_wconf 88' lang='lat' dir='ltr'><strong>etiam</strong></span> <span class='ocrx_word' id='word_1_512' title='bbox 3181 2885 3460 2946; x_wconf 85' lang='lat' dir='ltr'><strong>Salo:non,</strong></span> <span class='ocrx_word' id='word_1_513' title='bbox 3481 2885 3698 2939; x_wconf 71' lang='lat' dir='ltr'><strong>Davidis</strong></span> 
     </span>
    </p>
   </div>
   <div class='ocr_carea' id='block_1_75' title="bbox 2119 2971 3696 3040">
    <p class='ocr_par' dir='ltr' id='par_1_75' title="bbox 2119 2971 3696 3040">
     <span class='ocr_line' id='line_1_75' title="bbox 2119 2971 3696 3040; baseline 0.001 -16"><span class='ocrx_word' id='word_1_514' title='bbox 2119 2971 2283 3034; x_wconf 86' lang='lat' dir='ltr'><strong>filius,</strong></span> <span class='ocrx_word' id='word_1_515' title='bbox 2328 2972 2564 3025; x_wconf 89' lang='lat' dir='ltr'><strong>tribuum</strong></span> <span class='ocrx_word' id='word_1_516' title='bbox 2626 2974 3052 3040; x_wconf 82' lang='lat' dir='ltr'><strong>alienigenarum</strong></span> <span class='ocrx_word' id='word_1_517' title='bbox 3092 2975 3250 3034; x_wconf 85' lang='lat' dir='ltr'><strong>filias,</strong></span> <span class='ocrx_word' id='word_1_518' title='bbox 3283 2976 3384 3028; x_wconf 74' lang='lat' dir='ltr'><strong>vir.</strong></span> <span class='ocrx_word' id='word_1_519' title='bbox 3416 2975 3696 3028; x_wconf 61' lang='lat' dir='ltr'><strong>Ammoni.</strong></span> 
     </span>
    </p>
   </div>
   <div class='ocr_carea' id='block_1_76' title="bbox 2119 3064 3696 3131">
    <p class='ocr_par' dir='ltr' id='par_1_76' title="bbox 2119 3064 3696 3131">
     <span class='ocr_line' id='line_1_76' title="bbox 2119 3064 3696 3131; baseline 0 -16"><span class='ocrx_word' id='word_1_520' title='bbox 2119 3075 2319 3122; x_wconf 86' lang='lat' dir='ltr'><strong>tarum,</strong></span> <span class='ocrx_word' id='word_1_521' title='bbox 2374 3064 2824 3131; x_wconf 80' lang='lat' dir='ltr'><strong>Atttalt--kitarmtt,</strong></span> <span class='ocrx_word' id='word_1_522' title='bbox 2885 3065 3262 3129; x_wconf 79' lang='lat' dir='ltr'><strong>Moaliitarum,</strong></span> <span class='ocrx_word' id='word_1_523' title='bbox 3314 3067 3696 3129; x_wconf 78' lang='lat' dir='ltr'><strong>aliarumque;</strong></span> 
     </span>
    </p>
   </div>
   <div class='ocr_carea' id='block_1_77' title="bbox 2121 3156 3698 3226">
    <p class='ocr_par' dir='ltr' id='par_1_77' title="bbox 2121 3156 3698 3226">
     <span class='ocr_line' id='line_1_77' title="bbox 2121 3156 3698 3226; baseline 0.002 -20"><span class='ocrx_word' id='word_1_524' title='bbox 2121 3171 2256 3224; x_wconf 91' lang='lat' dir='ltr'><strong>quas</strong></span> <span class='ocrx_word' id='word_1_525' title='bbox 2286 3170 2408 3209; x_wconf 90' lang='lat' dir='ltr'><strong>cum</strong></span> <span class='ocrx_word' id='word_1_526' title='bbox 2443 3164 2672 3216; x_wconf 86' lang='lat' dir='ltr'><strong>amaret,</strong></span> <span class='ocrx_word' id='word_1_527' title='bbox 2701 3172 2807 3224; x_wconf 72' lang='lat' dir='ltr'><strong>pne</strong></span> <span class='ocrx_word' id='word_1_528' title='bbox 2838 3156 3042 3209; x_wconf 89' lang='lat' dir='ltr'><strong>amoris</strong></span> <span class='ocrx_word' id='word_1_529' title='bbox 3067 3172 3173 3225; x_wconf 87' lang='lat' dir='ltr'><strong>quo</strong></span> <span class='ocrx_word' id='word_1_530' title='bbox 3201 3158 3346 3224; x_wconf 86' lang='lat' dir='ltr'><strong>ipsas</strong></span> <span class='ocrx_word' id='word_1_531' title='bbox 3378 3157 3698 3226; x_wconf 78' lang='lat' dir='ltr'><strong>Complexus</strong></span> 
     </span>
    </p>
   </div>
   <div class='ocr_carea' id='block_1_78' title="bbox 2119 3245 3694 3317">
    <p class='ocr_par' dir='ltr' id='par_1_78' title="bbox 2119 3245 3694 3317">
     <span class='ocr_line' id='line_1_78' title="bbox 2119 3245 3694 3317; baseline -0.001 -15"><span class='ocrx_word' id='word_1_532' title='bbox 2119 3255 2206 3302; x_wconf 87' lang='lat' dir='ltr'><strong>est</strong></span> <span class='ocrx_word' id='word_1_533' title='bbox 2262 3245 2632 3309; x_wconf 86' lang='lat' dir='ltr'><strong>vehementia,</strong></span> <span class='ocrx_word' id='word_1_534' title='bbox 2687 3249 2864 3315; x_wconf 89' lang='lat' dir='ltr'><strong>ipsum</strong></span> <span class='ocrx_word' id='word_1_535' title='bbox 2906 3247 3240 3316; x_wconf 89' lang='lat' dir='ltr'><strong>impulerttnt</strong></span> <span class='ocrx_word' id='word_1_536' title='bbox 3286 3248 3389 3301; x_wconf 88' lang='lat' dir='ltr'><strong>sibi</strong></span> <span class='ocrx_word' id='word_1_537' title='bbox 3438 3248 3694 3317; x_wconf 87' lang='lat' dir='ltr'><strong>templum</strong></span> 
     </span>
    </p>
   </div>
   <div class='ocr_carea' id='block_1_79' title="bbox 2120 3338 3696 3409">
    <p class='ocr_par' dir='ltr' id='par_1_79' title="bbox 2120 3338 3696 3409">
     <span class='ocr_line' id='line_1_79' title="bbox 2120 3338 3696 3409; baseline 0.001 -17"><span class='ocrx_word' id='word_1_538' title='bbox 2120 3339 2378 3401; x_wconf 89' lang='lat' dir='ltr'><strong>condere,</strong></span> <span class='ocrx_word' id='word_1_539' title='bbox 2414 3338 2465 3391; x_wconf 90' lang='lat' dir='ltr'><strong>in</strong></span> <span class='ocrx_word' id='word_1_540' title='bbox 2501 3355 2607 3407; x_wconf 90' lang='lat' dir='ltr'><strong>quo</strong></span> <span class='ocrx_word' id='word_1_541' title='bbox 2637 3339 2777 3393; x_wconf 89' lang='lat' dir='ltr'><strong>idola</strong></span> <span class='ocrx_word' id='word_1_542' title='bbox 2811 3355 2932 3408; x_wconf 67' lang='lat' dir='ltr'><strong>qua:</strong></span> <span class='ocrx_word' id='word_1_543' title='bbox 2964 3340 3228 3404; x_wconf 90' lang='lat' dir='ltr'><strong>colerent,</strong></span> <span class='ocrx_word' id='word_1_544' title='bbox 3265 3340 3576 3409; x_wconf 88' lang='lat' dir='ltr'><strong>quibusque</strong></span> <span class='ocrx_word' id='word_1_545' title='bbox 3607 3355 3696 3394; x_wconf 84' lang='lat' dir='ltr'><strong>sa-</strong></span> 
     </span>
    </p>
   </div>
   <div class='ocr_carea' id='block_1_80' title="bbox 2123 3429 3692 3499">
    <p class='ocr_par' dir='ltr' id='par_1_80' title="bbox 2123 3429 3692 3499">
     <span class='ocr_line' id='line_1_80' title="bbox 2123 3429 3692 3499; baseline 0.003 -20"><span class='ocrx_word' id='word_1_546' title='bbox 2123 3429 2452 3488; x_wconf 83' lang='lat' dir='ltr'><strong>crificarent.</strong></span> <span class='ocrx_word' id='word_1_547' title='bbox 2501 3431 2764 3498; x_wconf 85' lang='lat' dir='ltr'><strong>reposuit.</strong></span> <span class='ocrx_word' id='word_1_548' title='bbox 2805 3432 2981 3499; x_wconf 83' lang='lat' dir='ltr'><strong>Atque</strong></span> <span class='ocrx_word' id='word_1_549' title='bbox 3031 3431 3170 3484; x_wconf 86' lang='lat' dir='ltr'><strong>hanc</strong></span> <span class='ocrx_word' id='word_1_550' title='bbox 3207 3432 3277 3485; x_wconf 92' lang='lat' dir='ltr'><strong>ob</strong></span> <span class='ocrx_word' id='word_1_551' title='bbox 3316 3447 3534 3484; x_wconf 86' lang='lat' dir='ltr'><strong>causam</strong></span> <span class='ocrx_word' id='word_1_552' title='bbox 3595 3430 3692 3483; x_wconf 89' lang='lat' dir='ltr'><strong>de-</strong></span> 
     </span>
    </p>
   </div>
   <div class='ocr_carea' id='block_1_81' title="bbox 2120 3521 3694 3595">
    <p class='ocr_par' dir='ltr' id='par_1_81' title="bbox 2120 3521 3694 3595">
     <span class='ocr_line' id='line_1_81' title="bbox 2120 3521 3694 3595; baseline 0.001 -21"><span class='ocrx_word' id='word_1_553' title='bbox 2120 3522 2294 3590; x_wconf 87' lang='lat' dir='ltr'><strong>jeettts</strong></span> <span class='ocrx_word' id='word_1_554' title='bbox 2325 3533 2407 3576; x_wconf 82' lang='lat' dir='ltr'><strong>est</strong></span> <span class='ocrx_word' id='word_1_555' title='bbox 2436 3521 2719 3578; x_wconf 73' lang='lat' dir='ltr'><strong>Salomon.</strong></span> <span class='ocrx_word' id='word_1_556' title='bbox 2759 3522 2976 3576; x_wconf 84' lang='lat' dir='ltr'><strong>Davidis</strong></span> <span class='ocrx_word' id='word_1_557' title='bbox 2997 3522 3226 3595; x_wconf 66' lang='lat' dir='ltr'><strong>filiuslde</strong></span> <span class='ocrx_word' id='word_1_558' title='bbox 3259 3523 3428 3593; x_wconf 84' lang='lat' dir='ltr'><strong>gradu</strong></span> <span class='ocrx_word' id='word_1_559' title='bbox 3463 3521 3694 3592; x_wconf 87' lang='lat' dir='ltr'><strong>prophe-</strong></span> 
     </span>
    </p>
   </div>
   <div class='ocr_carea' id='block_1_82' title="bbox 2125 3611 3698 3683">
    <p class='ocr_par' dir='ltr' id='par_1_82' title="bbox 2125 3611 3698 3683">
     <span class='ocr_line' id='line_1_82' title="bbox 2125 3611 3698 3683; baseline -0.001 -19"><span class='ocrx_word' id='word_1_560' title='bbox 2125 3613 2256 3666; x_wconf 83' lang='lat' dir='ltr'><strong>tico.</strong></span> <span class='ocrx_word' id='word_1_561' title='bbox 2293 3611 2464 3666; x_wconf 83' lang='lat' dir='ltr'><strong>Porro</strong></span> <span class='ocrx_word' id='word_1_562' title='bbox 2497 3613 2716 3666; x_wconf 91' lang='lat' dir='ltr'><strong>fuerunt</strong></span> <span class='ocrx_word' id='word_1_563' title='bbox 2745 3614 2796 3667; x_wconf 91' lang='lat' dir='ltr'><strong>in</strong></span> <span class='ocrx_word' id='word_1_564' title='bbox 2827 3615 3071 3668; x_wconf 84' lang='lat' dir='ltr'><strong>exercitu</strong></span> <span class='ocrx_word' id='word_1_565' title='bbox 3101 3614 3276 3683; x_wconf 89' lang='lat' dir='ltr'><strong>ipsius</strong></span> <span class='ocrx_word' id='word_1_566' title='bbox 3309 3613 3574 3683; x_wconf 88' lang='lat' dir='ltr'><strong>equitum,</strong></span> <span class='ocrx_word' id='word_1_567' title='bbox 3605 3612 3698 3681; x_wconf 81' lang='lat' dir='ltr'><strong>qui</strong></span> 
     </span>
    </p>
   </div>
   <div class='ocr_carea' id='block_1_83' title="bbox 2124 3705 3694 3775">
    <p class='ocr_par' dir='ltr' id='par_1_83' title="bbox 2124 3705 3694 3775">
     <span class='ocr_line' id='line_1_83' title="bbox 2124 3705 3694 3775; baseline 0 -19"><span class='ocrx_word' id='word_1_568' title='bbox 2124 3720 2296 3772; x_wconf 87' lang='lat' dir='ltr'><strong>equas</strong></span> <span class='ocrx_word' id='word_1_569' title='bbox 2332 3706 2796 3768; x_wconf 88' lang='lat' dir='ltr'><strong>couscemlerent,</strong></span> <span class='ocrx_word' id='word_1_570' title='bbox 2827 3706 3152 3775; x_wconf 77' lang='lat' dir='ltr'><strong>quadragies</strong></span> <span class='ocrx_word' id='word_1_571' title='bbox 3183 3705 3349 3769; x_wconf 88' lang='lat' dir='ltr'><strong>mille,</strong></span> <span class='ocrx_word' id='word_1_572' title='bbox 3385 3705 3476 3775; x_wconf 90' lang='lat' dir='ltr'><strong>qui</strong></span> <span class='ocrx_word' id='word_1_573' title='bbox 3509 3719 3694 3772; x_wconf 90' lang='lat' dir='ltr'><strong>equos,</strong></span> 
     </span>
    </p>
   </div>
   <div class='ocr_carea' id='block_1_84' title="bbox 2124 3794 3697 3856">
    <p class='ocr_par' dir='ltr' id='par_1_84' title="bbox 2124 3794 3697 3856">
     <span class='ocr_line' id='line_1_84' title="bbox 2124 3794 3697 3856; baseline -0.002 -10"><span class='ocrx_word' id='word_1_574' title='bbox 2124 3795 2294 3850; x_wconf 87' lang='lat' dir='ltr'><strong>vicies</strong></span> <span class='ocrx_word' id='word_1_575' title='bbox 2321 3795 2486 3850; x_wconf 83' lang='lat' dir='ltr'><strong>mille.</strong></span> <span class='ocrx_word' id='word_1_576' title='bbox 2513 3795 2638 3848; x_wconf 89' lang='lat' dir='ltr'><strong>Fuit</strong></span> <span class='ocrx_word' id='word_1_577' title='bbox 2665 3794 2942 3850; x_wconf 88' lang='lat' dir='ltr'><strong>Salomoni</strong></span> <span class='ocrx_word' id='word_1_578' title='bbox 2970 3813 3158 3850; x_wconf 83' lang='lat' dir='ltr'><strong>servus</strong></span> <span class='ocrx_word' id='word_1_579' title='bbox 3192 3797 3406 3848; x_wconf 85' lang='lat' dir='ltr'><strong>nomine</strong></span> <span class='ocrx_word' id='word_1_580' title='bbox 3439 3795 3697 3856; x_wconf 78' lang='lat' dir='ltr'><strong>Reboani,</strong></span> 
     </span>
    </p>
   </div>
   <div class='ocr_carea' id='block_1_85' title="bbox 2129 3883 3701 3953">
    <p class='ocr_par' dir='ltr' id='par_1_85' title="bbox 2129 3883 3701 3953">
     <span class='ocr_line' id='line_1_85' title="bbox 2129 3883 3701 3953; baseline -0.002 -16"><span class='ocrx_word' id='word_1_581' title='bbox 2129 3885 2318 3938; x_wconf 82' lang='lat' dir='ltr'><strong>Nabati</strong></span> <span class='ocrx_word' id='word_1_582' title='bbox 2367 3886 2533 3948; x_wconf 82' lang='lat' dir='ltr'><strong>(ilius,</strong></span> <span class='ocrx_word' id='word_1_583' title='bbox 2579 3901 2608 3937; x_wconf 91' lang='lat' dir='ltr'><strong>e</strong></span> <span class='ocrx_word' id='word_1_584' title='bbox 2637 3885 2783 3938; x_wconf 92' lang='lat' dir='ltr'><strong>tribu</strong></span> <span class='ocrx_word' id='word_1_585' title='bbox 2833 3884 3115 3953; x_wconf 81' lang='lat' dir='ltr'><strong>Eplu&#39;aim,</strong></span> <span class='ocrx_word' id='word_1_586' title='bbox 3163 3883 3320 3953; x_wconf 92' lang='lat' dir='ltr'><strong>cujus</strong></span> <span class='ocrx_word' id='word_1_587' title='bbox 3363 3883 3545 3948; x_wconf 88' lang='lat' dir='ltr'><strong>matri,</strong></span> <span class='ocrx_word' id='word_1_588' title='bbox 3581 3899 3701 3951; x_wconf 78' lang='lat' dir='ltr'><strong>qua:</strong></span> 
     </span>
    </p>
   </div>
   <div class='ocr_carea' id='block_1_86' title="bbox 2129 3975 3702 4043">
    <p class='ocr_par' dir='ltr' id='par_1_86' title="bbox 2129 3975 3702 4043">
     <span class='ocr_line' id='line_1_86' title="bbox 2129 3975 3702 4043; baseline -0.004 -15"><span class='ocrx_word' id='word_1_589' title='bbox 2129 3976 2322 4029; x_wconf 87' lang='lat' dir='ltr'><strong>mulier</strong></span> <span class='ocrx_word' id='word_1_590' title='bbox 2353 3987 2470 4029; x_wconf 87' lang='lat' dir='ltr'><strong>erat</strong></span> <span class='ocrx_word' id='word_1_591' title='bbox 2505 3975 2682 4039; x_wconf 80' lang='lat' dir='ltr'><strong>furax,</strong></span> <span class='ocrx_word' id='word_1_592' title='bbox 2726 3990 2924 4028; x_wconf 90' lang='lat' dir='ltr'><strong>nomen</strong></span> <span class='ocrx_word' id='word_1_593' title='bbox 2961 3975 3162 4037; x_wconf 87' lang='lat' dir='ltr'><strong>Sisera,</strong></span> <span class='ocrx_word' id='word_1_594' title='bbox 3195 3992 3357 4043; x_wconf 89' lang='lat' dir='ltr'><strong>quem</strong></span> <span class='ocrx_word' id='word_1_595' title='bbox 3397 3990 3518 4026; x_wconf 89' lang='lat' dir='ltr'><strong>eum</strong></span> <span class='ocrx_word' id='word_1_596' title='bbox 3565 3989 3702 4041; x_wconf 78' lang='lat' dir='ltr'><strong>pra--</strong></span> 
     </span>
    </p>
   </div>
   <div class='ocr_carea' id='block_1_87' title="bbox 2135 4065 3701 4136">
    <p class='ocr_par' dir='ltr' id='par_1_87' title="bbox 2135 4065 3701 4136">
     <span class='ocr_line' id='line_1_87' title="bbox 2135 4065 3701 4136; baseline -0.003 -15"><span class='ocrx_word' id='word_1_597' title='bbox 2135 4071 2353 4122; x_wconf 80' lang='lat' dir='ltr'><strong>fecisset</strong></span> <span class='ocrx_word' id='word_1_598' title='bbox 2392 4069 2648 4121; x_wconf 85' lang='lat' dir='ltr'><strong>Salomon</strong></span> <span class='ocrx_word' id='word_1_599' title='bbox 2685 4068 2846 4122; x_wconf 85' lang='lat' dir='ltr'><strong>tribui</strong></span> <span class='ocrx_word' id='word_1_600' title='bbox 2870 4067 3091 4136; x_wconf 67' lang='lat' dir='ltr'><strong>Ioseph,</strong></span> <span class='ocrx_word' id='word_1_601' title='bbox 3126 4069 3456 4136; x_wconf 53' lang='lat' dir='ltr'><strong>ipsezttrbem</strong></span> <span class='ocrx_word' id='word_1_602' title='bbox 3495 4067 3612 4119; x_wconf 82' lang='lat' dir='ltr'><strong>Sair</strong></span> <span class='ocrx_word' id='word_1_603' title='bbox 3647 4065 3701 4116; x_wconf 88' lang='lat' dir='ltr'><strong>iu</strong></span> 
     </span>
    </p>
   </div>
   <div class='ocr_carea' id='block_1_88' title="bbox 2130 4157 3700 4227">
    <p class='ocr_par' dir='ltr' id='par_1_88' title="bbox 2130 4157 3700 4227">
     <span class='ocr_line' id='line_1_88' title="bbox 2130 4157 3700 4227; baseline -0.002 -15"><span class='ocrx_word' id='word_1_604' title='bbox 2130 4160 2409 4227; x_wconf 72' lang='lat' dir='ltr'><strong>Epht‘ainti</strong></span> <span class='ocrx_word' id='word_1_605' title='bbox 2450 4159 2716 4213; x_wconf 83' lang='lat' dir='ltr'><strong>limitibus</strong></span> <span class='ocrx_word' id='word_1_606' title='bbox 2749 4159 3014 4218; x_wconf 87' lang='lat' dir='ltr'><strong>condidit,</strong></span> <span class='ocrx_word' id='word_1_607' title='bbox 3051 4160 3256 4226; x_wconf 71' lang='lat' dir='ltr'><strong>fuitque</strong></span> <span class='ocrx_word' id='word_1_608' title='bbox 3289 4158 3464 4221; x_wconf 80' lang='lat' dir='ltr'><strong>furtis,</strong></span> <span class='ocrx_word' id='word_1_609' title='bbox 3507 4157 3700 4210; x_wconf 69' lang='lat' dir='ltr'><strong>t&#39;obme</strong></span> 
     </span>
    </p>
   </div>
   <div class='ocr_carea' id='block_1_89' title="bbox 2130 4247 3699 4319">
    <p class='ocr_par' dir='ltr' id='par_1_89' title="bbox 2130 4247 3699 4319">
     <span class='ocr_line' id='line_1_89' title="bbox 2130 4247 3699 4319; baseline -0.004 -16"><span class='ocrx_word' id='word_1_610' title='bbox 2130 4251 2358 4318; x_wconf 92' lang='lat' dir='ltr'><strong>pollens.</strong></span> <span class='ocrx_word' id='word_1_611' title='bbox 2395 4250 2474 4304; x_wconf 91' lang='lat' dir='ltr'><strong>llli</strong></span> <span class='ocrx_word' id='word_1_612' title='bbox 2517 4264 2814 4304; x_wconf 87' lang='lat' dir='ltr'><strong>occurrens</strong></span> <span class='ocrx_word' id='word_1_613' title='bbox 2848 4250 2986 4302; x_wconf 79' lang='lat' dir='ltr'><strong>Ahta</strong></span> <span class='ocrx_word' id='word_1_614' title='bbox 3019 4247 3369 4319; x_wconf 72' lang='lat'><strong>181-183</strong></span> <span class='ocrx_word' id='word_1_615' title='bbox 3414 4250 3699 4317; x_wconf 62' lang='lat' dir='ltr'><strong>proitlieta,</strong></span> 
     </span>
    </p>
   </div>
   <div class='ocr_carea' id='block_1_90' title="bbox 2129 4340 3699 4410">
    <p class='ocr_par' dir='ltr' id='par_1_90' title="bbox 2129 4340 3699 4410">
     <span class='ocr_line' id='line_1_90' title="bbox 2129 4340 3699 4410; baseline -0.001 -16"><span class='ocrx_word' id='word_1_616' title='bbox 2129 4351 2444 4410; x_wconf 82' lang='lat' dir='ltr'><strong>vestemque</strong></span> <span class='ocrx_word' id='word_1_617' title='bbox 2467 4356 2621 4394; x_wconf 89' lang='lat' dir='ltr'><strong>suam</strong></span> <span class='ocrx_word' id='word_1_618' title='bbox 2654 4349 2925 4409; x_wconf 88' lang='lat' dir='ltr'><strong>arreptam</strong></span> <span class='ocrx_word' id='word_1_619' title='bbox 2965 4341 3017 4392; x_wconf 91' lang='lat' dir='ltr'><strong>in</strong></span> <span class='ocrx_word' id='word_1_620' title='bbox 3052 4340 3336 4394; x_wconf 77' lang='lat' dir='ltr'><strong>duodecim</strong></span> <span class='ocrx_word' id='word_1_621' title='bbox 3367 4355 3399 4408; x_wconf 90' lang='lat' dir='ltr'><strong>p</strong></span> <span class='ocrx_word' id='word_1_622' title='bbox 3419 4347 3547 4392; x_wconf 79' lang='lat' dir='ltr'><strong>irtcs</strong></span> <span class='ocrx_word' id='word_1_623' title='bbox 3573 4355 3699 4392; x_wconf 82' lang='lat' dir='ltr'><strong>cuiu</strong></span> 
     </span>
    </p>
   </div>
   <div class='ocr_carea' id='block_1_91' title="bbox 457 4430 3702 4508">
    <p class='ocr_par' dir='ltr' id='par_1_91' title="bbox 457 4430 3702 4508">
     <span class='ocr_line' id='line_1_91' title="bbox 457 4430 3702 4508; baseline -0.003 -19"><span class='ocrx_word' id='word_1_624' title='bbox 457 4453 624 4508; x_wconf 68' lang='lat' dir='ltr'><strong>regno</strong></span> <span class='ocrx_word' id='word_1_625' title='bbox 660 4436 880 4489; x_wconf 89' lang='lat' dir='ltr'><strong>Davidis</strong></span> <span class='ocrx_word' id='word_1_626' title='bbox 914 4434 979 4489; x_wconf 90' lang='lat' dir='ltr'><strong>ad</strong></span> <span class='ocrx_word' id='word_1_627' title='bbox 1017 4433 1280 4488; x_wconf 77' lang='lat' dir='ltr'><strong>fabricam</strong></span> <span class='ocrx_word' id='word_1_628' title='bbox 1336 4431 1524 4499; x_wconf 89' lang='lat' dir='ltr'><strong>templi</strong></span> <span class='ocrx_word' id='word_1_629' title='bbox 1558 4430 1858 4484; x_wconf 85' lang='lat' dir='ltr'><strong>absolutam</strong></span> <span class='ocrx_word' id='word_1_630' title='bbox 1896 4430 2022 4482; x_wconf 88' lang='lat' dir='ltr'><strong>anni</strong></span> <span class='ocrx_word' id='word_1_631' title='bbox 2053 4445 2104 4503; x_wconf 77' lang='grc' dir='ltr'><strong>ι)</strong></span> <span class='ocrx_word' id='word_1_632' title='bbox 2131 4434 2402 4497; x_wconf 76' lang='lat' dir='ltr'><strong>sciilisset,</strong></span> <span class='ocrx_word' id='word_1_633' title='bbox 2443 4433 2719 4486; x_wconf 77' lang='lat' dir='ltr'><strong>ltabaamo</strong></span> <span class='ocrx_word' id='word_1_634' title='bbox 2767 4431 2954 4486; x_wconf 71' lang='lat' dir='ltr'><strong>Naltati</strong></span> <span class='ocrx_word' id='word_1_635' title='bbox 3003 4432 3112 4486; x_wconf 85' lang='lat' dir='ltr'><strong>filio</strong></span> <span class='ocrx_word' id='word_1_636' title='bbox 3150 4434 3336 4486; x_wconf 77' lang='lat' dir='ltr'><strong>decem</strong></span> <span class='ocrx_word' id='word_1_637' title='bbox 3368 4447 3554 4486; x_wconf 85' lang='lat' dir='ltr'><strong>cai-u-n</strong></span> <span class='ocrx_word' id='word_1_638' title='bbox 3584 4440 3702 4482; x_wconf 73' lang='lat' dir='ltr'><strong>tra-</strong></span> 
     </span>
    </p>
   </div>
   <div class='ocr_carea' id='block_1_92' title="bbox 457 4521 2027 4595">
    <p class='ocr_par' dir='ltr' id='par_1_92' title="bbox 457 4521 2027 4595">
     <span class='ocr_line' id='line_1_92' title="bbox 457 4521 2027 4595; baseline -0.005 -13"><span class='ocrx_word' id='word_1_639' title='bbox 457 4537 584 4583; x_wconf 75' lang='lat' dir='ltr'><strong>sunt</strong></span> <span class='ocrx_word' id='word_1_640' title='bbox 616 4527 1064 4595; x_wconf 79' lang='lat' dir='ltr'><strong>undesexaginta.</strong></span> <span class='ocrx_word' id='word_1_641' title='bbox 1097 4525 1332 4593; x_wconf 83' lang='lat' dir='ltr'><strong>Fuitque</strong></span> <span class='ocrx_word' id='word_1_642' title='bbox 1381 4539 1582 4577; x_wconf 87' lang='lat' dir='ltr'><strong>census</strong></span> <span class='ocrx_word' id='word_1_643' title='bbox 1616 4539 1835 4575; x_wconf 89' lang='lat' dir='ltr'><strong>annuus</strong></span> <span class='ocrx_word' id='word_1_644' title='bbox 1869 4521 2027 4574; x_wconf 89' lang='lat' dir='ltr'><strong>Salo-</strong></span> 
     </span>
    </p>
   </div>
   <div class='ocr_carea' id='block_1_93' title="bbox 467 4609 2027 4684">
    <p class='ocr_par' dir='ltr' id='par_1_93' title="bbox 467 4609 2027 4684">
     <span class='ocr_line' id='line_1_93' title="bbox 467 4609 2027 4684; baseline -0.005 -10"><span class='ocrx_word' id='word_1_645' title='bbox 467 4623 666 4684; x_wconf 78' lang='lat' dir='ltr'><strong>mOuis,</strong></span> <span class='ocrx_word' id='word_1_646' title='bbox 721 4621 814 4674; x_wconf 85' lang='lat' dir='ltr'><strong>filii</strong></span> <span class='ocrx_word' id='word_1_647' title='bbox 858 4619 1096 4679; x_wconf 83' lang='lat' dir='ltr'><strong>Davidis,</strong></span> <span class='ocrx_word' id='word_1_648' title='bbox 1157 4617 1485 4670; x_wconf 89' lang='lat' dir='ltr'><strong>talentorum</strong></span> <span class='ocrx_word' id='word_1_649' title='bbox 1549 4618 1664 4668; x_wconf 86' lang='lat' dir='ltr'><strong>auri</strong></span> <span class='ocrx_word' id='word_1_650' title='bbox 1720 4609 2027 4668; x_wconf 74' lang='lat' dir='ltr'><strong>sexcenties</strong></span> 
     </span>
    </p>
   </div>
   <div class='ocr_carea' id='block_1_94' title="bbox 457 4710 2031 4782">
    <p class='ocr_par' dir='ltr' id='par_1_94' title="bbox 457 4710 2031 4782">
     <span class='ocr_line' id='line_1_94' title="bbox 457 4710 2031 4782; baseline -0.005 -16"><span class='ocrx_word' id='word_1_651' title='bbox 457 4716 702 4782; x_wconf 80' lang='lat' dir='ltr'><strong>sexagies</strong></span> <span class='ocrx_word' id='word_1_652' title='bbox 731 4714 906 4765; x_wconf 83' lang='lat' dir='ltr'><strong>sexies</strong></span> <span class='ocrx_word' id='word_1_653' title='bbox 943 4711 1108 4775; x_wconf 79' lang='lat' dir='ltr'><strong>mille,</strong></span> <span class='ocrx_word' id='word_1_654' title='bbox 1148 4710 1287 4762; x_wconf 91' lang='lat' dir='ltr'><strong>ultra</strong></span> <span class='ocrx_word' id='word_1_655' title='bbox 1336 4726 1394 4760; x_wconf 74' lang='lat' dir='ltr'><strong>et</strong></span> <span class='ocrx_word' id='word_1_656' title='bbox 1427 4725 1546 4776; x_wconf 74' lang='lat' dir='ltr'><strong>qua:</strong></span> <span class='ocrx_word' id='word_1_657' title='bbox 1583 4719 1886 4766; x_wconf 81' lang='lat' dir='ltr'><strong>mercatura</strong></span> <span class='ocrx_word' id='word_1_658' title='bbox 1941 4722 2031 4758; x_wconf 84' lang='lat' dir='ltr'><strong>ac-</strong></span> 
     </span>
    </p>
   </div>
   <div class='ocr_carea' id='block_1_95' title="bbox 457 4797 2030 4873">
    <p class='ocr_par' dir='ltr' id='par_1_95' title="bbox 457 4797 2030 4873">
     <span class='ocr_line' id='line_1_95' title="bbox 457 4797 2030 4873; baseline -0.006 -16"><span class='ocrx_word' id='word_1_659' title='bbox 457 4804 832 4873; x_wconf 88' lang='lat' dir='ltr'><strong>quirebantur.</strong></span> <span class='ocrx_word' id='word_1_660' title='bbox 895 4801 1207 4854; x_wconf 77' lang='lat' dir='ltr'><strong>bimensum</strong></span> <span class='ocrx_word' id='word_1_661' title='bbox 1269 4797 1622 4870; x_wconf 81' lang='lat'><strong>177-179</strong></span> <span class='ocrx_word' id='word_1_662' title='bbox 1675 4798 1796 4867; x_wconf 90' lang='lat' dir='ltr'><strong>ejus</strong></span> <span class='ocrx_word' id='word_1_663' title='bbox 1848 4799 2030 4866; x_wconf 86' lang='lat' dir='ltr'><strong>quoti-</strong></span> 
     </span>
    </p>
   </div>
   <div class='ocr_carea' id='block_1_96' title="bbox 459 4889 2030 4960">
    <p class='ocr_par' dir='ltr' id='par_1_96' title="bbox 459 4889 2030 4960">
     <span class='ocr_line' id='line_1_96' title="bbox 459 4889 2030 4960; baseline -0.005 -15"><span class='ocrx_word' id='word_1_664' title='bbox 459 4899 706 4952; x_wconf 66' lang='lat' dir='ltr'><strong>dianuut.</strong></span> <span class='ocrx_word' id='word_1_665' title='bbox 739 4894 932 4946; x_wconf 70' lang='lat' dir='ltr'><strong>similre</strong></span> <span class='ocrx_word' id='word_1_666' title='bbox 970 4891 1084 4946; x_wconf 93' lang='lat' dir='ltr'><strong>cori</strong></span> <span class='ocrx_word' id='word_1_667' title='bbox 1139 4892 1386 4960; x_wconf 81' lang='lat' dir='ltr'><strong>triginta,</strong></span> <span class='ocrx_word' id='word_1_668' title='bbox 1447 4889 1636 4942; x_wconf 71' lang='lat' dir='ltr'><strong>furium</strong></span> <span class='ocrx_word' id='word_1_669' title='bbox 1690 4891 1800 4941; x_wconf 85' lang='lat' dir='ltr'><strong>cori</strong></span> <span class='ocrx_word' id='word_1_670' title='bbox 1867 4904 2030 4939; x_wconf 80' lang='lat' dir='ltr'><strong>sexa-</strong></span> 
     </span>
    </p>
   </div>
   <div class='ocr_carea' id='block_1_97' title="bbox 459 4981 2030 5053">
    <p class='ocr_par' dir='ltr' id='par_1_97' title="bbox 459 4981 2030 5053">
     <span class='ocr_line' id='line_1_97' title="bbox 459 4981 2030 5053; baseline -0.004 -17"><span class='ocrx_word' id='word_1_671' title='bbox 459 4988 632 5052; x_wconf 75' lang='lat' dir='ltr'><strong>ginta.</strong></span> <span class='ocrx_word' id='word_1_672' title='bbox 658 4983 877 5053; x_wconf 87' lang='lat' dir='ltr'><strong>juvenci</strong></span> <span class='ocrx_word' id='word_1_673' title='bbox 898 4984 1111 5046; x_wconf 90' lang='lat' dir='ltr'><strong>decem,</strong></span> <span class='ocrx_word' id='word_1_674' title='bbox 1143 4983 1307 5035; x_wconf 83' lang='lat' dir='ltr'><strong>boves</strong></span> <span class='ocrx_word' id='word_1_675' title='bbox 1337 4981 1529 5050; x_wconf 82' lang='lat' dir='ltr'><strong>viginti</strong></span> <span class='ocrx_word' id='word_1_676' title='bbox 1569 4981 1700 5041; x_wconf 74' lang='lat' dir='ltr'><strong>duo,</strong></span> <span class='ocrx_word' id='word_1_677' title='bbox 1738 4995 1865 5030; x_wconf 80' lang='lat' dir='ltr'><strong>oves</strong></span> <span class='ocrx_word' id='word_1_678' title='bbox 1900 4993 2030 5030; x_wconf 80' lang='lat' dir='ltr'><strong>cen-</strong></span> 
     </span>
    </p>
   </div>
   <div class='ocr_carea' id='block_1_98' title="bbox 461 5071 2032 5147">
    <p class='ocr_par' dir='ltr' id='par_1_98' title="bbox 461 5071 2032 5147">
     <span class='ocr_line' id='line_1_98' title="bbox 461 5071 2032 5147; baseline -0.005 -15"><span class='ocrx_word' id='word_1_679' title='bbox 461 5090 598 5143; x_wconf 91' lang='lat' dir='ltr'><strong>tum,</strong></span> <span class='ocrx_word' id='word_1_680' title='bbox 659 5085 852 5147; x_wconf 63' lang='lat' dir='ltr'><strong>praeter</strong></span> <span class='ocrx_word' id='word_1_681' title='bbox 883 5090 1097 5138; x_wconf 84' lang='lat' dir='ltr'><strong>cervos,</strong></span> <span class='ocrx_word' id='word_1_682' title='bbox 1141 5075 1427 5144; x_wconf 90' lang='lat' dir='ltr'><strong>capreolos</strong></span> <span class='ocrx_word' id='word_1_683' title='bbox 1458 5085 1509 5128; x_wconf 87' lang='lat' dir='ltr'><strong>et</strong></span> <span class='ocrx_word' id='word_1_684' title='bbox 1567 5075 1834 5126; x_wconf 82' lang='lat' dir='ltr'><strong>volucres.</strong></span> <span class='ocrx_word' id='word_1_685' title='bbox 1895 5071 2032 5124; x_wconf 84' lang='lat' dir='ltr'><strong>Fue-</strong></span> 
     </span>
    </p>
   </div>
   <div class='ocr_carea' id='block_1_99' title="bbox 465 5163 2032 5234">
    <p class='ocr_par' dir='ltr' id='par_1_99' title="bbox 465 5163 2032 5234">
     <span class='ocr_line' id='line_1_99' title="bbox 465 5163 2032 5234; baseline -0.004 -12"><span class='ocrx_word' id='word_1_686' title='bbox 465 5177 590 5223; x_wconf 92' lang='lat' dir='ltr'><strong>runt</strong></span> <span class='ocrx_word' id='word_1_687' title='bbox 621 5167 782 5222; x_wconf 89' lang='lat' dir='ltr'><strong>etiam</strong></span> <span class='ocrx_word' id='word_1_688' title='bbox 819 5166 871 5219; x_wconf 92' lang='lat' dir='ltr'><strong>in</strong></span> <span class='ocrx_word' id='word_1_689' title='bbox 906 5165 1104 5234; x_wconf 89' lang='lat' dir='ltr'><strong>palatio</strong></span> <span class='ocrx_word' id='word_1_690' title='bbox 1166 5163 1477 5218; x_wconf 80' lang='lat' dir='ltr'><strong>Salomonis</strong></span> <span class='ocrx_word' id='word_1_691' title='bbox 1546 5172 1767 5217; x_wconf 84' lang='lat' dir='ltr'><strong>centum</strong></span> <span class='ocrx_word' id='word_1_692' title='bbox 1829 5179 2032 5216; x_wconf 85' lang='lat' dir='ltr'><strong>meus:c</strong></span> 
     </span>
    </p>
   </div>
   <div class='ocr_carea' id='block_1_100' title="bbox 463 5255 2032 5323">
    <p class='ocr_par' dir='ltr' id='par_1_100' title="bbox 463 5255 2032 5323">
     <span class='ocr_line' id='line_1_100' title="bbox 463 5255 2032 5323; baseline -0.004 -10"><span class='ocrx_word' id='word_1_693' title='bbox 463 5275 641 5314; x_wconf 67' lang='lat' dir='ltr'><strong>aurea:</strong></span> <span class='ocrx_word' id='word_1_694' title='bbox 672 5270 726 5313; x_wconf 92' lang='lat' dir='ltr'><strong>et</strong></span> <span class='ocrx_word' id='word_1_695' title='bbox 755 5258 806 5310; x_wconf 93' lang='lat' dir='ltr'><strong>in</strong></span> <span class='ocrx_word' id='word_1_696' title='bbox 833 5272 1021 5310; x_wconf 89' lang='lat' dir='ltr'><strong>earum</strong></span> <span class='ocrx_word' id='word_1_697' title='bbox 1058 5255 1292 5323; x_wconf 82' lang='lat' dir='ltr'><strong>singulis</strong></span> <span class='ocrx_word' id='word_1_698' title='bbox 1320 5266 1536 5308; x_wconf 80' lang='lat' dir='ltr'><strong>centum</strong></span> <span class='ocrx_word' id='word_1_699' title='bbox 1567 5256 1909 5322; x_wconf 71' lang='lat' dir='ltr'><strong>paropsides,</strong></span> <span class='ocrx_word' id='word_1_700' title='bbox 1934 5268 2032 5306; x_wconf 88' lang='lat' dir='ltr'><strong>nec</strong></span> 
     </span>
    </p>
   </div>
   <div class='ocr_carea' id='block_1_101' title="bbox 464 5346 2031 5416">
    <p class='ocr_par' dir='ltr' id='par_1_101' title="bbox 464 5346 2031 5416">
     <span class='ocr_line' id='line_1_101' title="bbox 464 5346 2031 5416; baseline -0.003 -12"><span class='ocrx_word' id='word_1_701' title='bbox 464 5348 572 5405; x_wconf 76' lang='lat' dir='ltr'><strong>nou</strong></span> <span class='ocrx_word' id='word_1_702' title='bbox 607 5360 845 5404; x_wconf 89' lang='lat' dir='ltr'><strong>trecenta</strong></span> <span class='ocrx_word' id='word_1_703' title='bbox 890 5348 1127 5413; x_wconf 84' lang='lat' dir='ltr'><strong>vasaria,</strong></span> <span class='ocrx_word' id='word_1_704' title='bbox 1165 5347 1217 5400; x_wconf 91' lang='lat' dir='ltr'><strong>iu</strong></span> <span class='ocrx_word' id='word_1_705' title='bbox 1246 5362 1479 5416; x_wconf 91' lang='lat' dir='ltr'><strong>quorum</strong></span> <span class='ocrx_word' id='word_1_706' title='bbox 1518 5346 1750 5415; x_wconf 88' lang='lat' dir='ltr'><strong>singulis</strong></span> <span class='ocrx_word' id='word_1_707' title='bbox 1786 5354 2031 5399; x_wconf 86' lang='lat' dir='ltr'><strong>trecenta</strong></span> 
     </span>
    </p>
   </div>
   <div class='ocr_carea' id='block_1_102' title="bbox 465 5430 1063 5514">
    <p class='ocr_par' dir='ltr' id='par_1_102' title="bbox 465 5430 1063 5514">
     <span class='ocr_line' id='line_1_102' title="bbox 465 5430 1063 5514; baseline -0.002 -18"><span class='ocrx_word' id='word_1_708' title='bbox 465 5430 623 5498; x_wconf 68' lang='lat' dir='ltr'><strong>erant</strong></span> <span class='ocrx_word' id='word_1_709' title='bbox 652 5444 844 5514; x_wconf 89' lang='lat' dir='ltr'><strong>pocula</strong></span> <span class='ocrx_word' id='word_1_710' title='bbox 876 5457 1063 5495; x_wconf 89' lang='lat' dir='ltr'><strong>aurea.</strong></span> 
     </span>
    </p>
   </div>
   <div class='ocr_carea' id='block_1_103' title="bbox 483 5519 2034 5602">
    <p class='ocr_par' dir='ltr' id='par_1_103' title="bbox 483 5519 2034 5602">
     <span class='ocr_line' id='line_1_103' title="bbox 483 5519 2034 5602; baseline -0.001 -14"><span class='ocrx_word' id='word_1_711' title='bbox 483 5519 880 5588; x_wconf 25' lang='lat' dir='ltr'><strong>&quot;(Salomonem</strong></span> <span class='ocrx_word' id='word_1_712' title='bbox 924 5543 1104 5587; x_wconf 89' lang='lat' dir='ltr'><strong>autem</strong></span> <span class='ocrx_word' id='word_1_713' title='bbox 1141 5533 1227 5588; x_wconf 87' lang='lat' dir='ltr'><strong>die</strong></span> <span class='ocrx_word' id='word_1_714' title='bbox 1270 5531 1505 5602; x_wconf 90' lang='lat' dir='ltr'><strong>quodam</strong></span> <span class='ocrx_word' id='word_1_715' title='bbox 1561 5532 1610 5584; x_wconf 89' lang='lat' dir='ltr'><strong>in</strong></span> <span class='ocrx_word' id='word_1_716' title='bbox 1649 5534 1898 5601; x_wconf 67' lang='lat' dir='ltr'><strong>prsctorio</strong></span> <span class='ocrx_word' id='word_1_717' title='bbox 1946 5549 2034 5587; x_wconf 59' lang='lat' dir='ltr'><strong>sco</strong></span> 
     </span>
    </p>
   </div>
   <div class='ocr_carea' id='block_1_104' title="bbox 469 5612 2033 5694">
    <p class='ocr_par' dir='ltr' id='par_1_104' title="bbox 469 5612 2033 5694">
     <span class='ocr_line' id='line_1_104' title="bbox 469 5612 2033 5694; baseline 0.001 -18"><span class='ocrx_word' id='word_1_718' title='bbox 469 5612 685 5678; x_wconf 76' lang='lat' dir='ltr'><strong>dentem</strong></span> <span class='ocrx_word' id='word_1_719' title='bbox 721 5636 1075 5680; x_wconf 88' lang='lat' dir='ltr'><strong>accesserunt</strong></span> <span class='ocrx_word' id='word_1_720' title='bbox 1128 5625 1340 5680; x_wconf 74' lang='lat' dir='ltr'><strong>femina:</strong></span> <span class='ocrx_word' id='word_1_721' title='bbox 1383 5625 1502 5679; x_wconf 67' lang='lat' dir='ltr'><strong>duae</strong></span> <span class='ocrx_word' id='word_1_722' title='bbox 1536 5625 1864 5694; x_wconf 90' lang='lat' dir='ltr'><strong>quibuscum</strong></span> <span class='ocrx_word' id='word_1_723' title='bbox 1917 5635 2033 5678; x_wconf 88' lang='lat' dir='ltr'><strong>erat</strong></span> 
     </span>
    </p>
   </div>
   <div class='ocr_carea' id='block_1_105' title="bbox 477 5715 2031 5785">
    <p class='ocr_par' dir='ltr' id='par_1_105' title="bbox 477 5715 2031 5785">
     <span class='ocr_line' id='line_1_105' title="bbox 477 5715 2031 5785; baseline 0.003 -21"><span class='ocrx_word' id='word_1_724' title='bbox 477 5728 610 5781; x_wconf 88' lang='lat' dir='ltr'><strong>puer</strong></span> <span class='ocrx_word' id='word_1_725' title='bbox 643 5727 828 5767; x_wconf 88' lang='lat' dir='ltr'><strong>recens</strong></span> <span class='ocrx_word' id='word_1_726' title='bbox 873 5725 1056 5781; x_wconf 85' lang='lat' dir='ltr'><strong>natus,</strong></span> <span class='ocrx_word' id='word_1_727' title='bbox 1102 5735 1332 5785; x_wconf 86' lang='lat' dir='ltr'><strong>quarum</strong></span> <span class='ocrx_word' id='word_1_728' title='bbox 1373 5733 1477 5770; x_wconf 87' lang='lat' dir='ltr'><strong>una</strong></span> <span class='ocrx_word' id='word_1_729' title='bbox 1521 5719 1655 5772; x_wconf 80' lang='lat' dir='ltr'><strong>dixit</strong></span> <span class='ocrx_word' id='word_1_730' title='bbox 1695 5735 1706 5770; x_wconf 90' lang='lat'>:</span> <span class='ocrx_word' id='word_1_731' title='bbox 1745 5715 1868 5769; x_wconf 87' lang='lat' dir='ltr'><strong>llcri</strong></span> <span class='ocrx_word' id='word_1_732' title='bbox 1910 5732 2031 5770; x_wconf 88' lang='lat' dir='ltr'><strong>cum</strong></span> 
     </span>
    </p>
   </div>
   <div class='ocr_carea' id='block_1_106' title="bbox 2131 4523 3707 4594">
    <p class='ocr_par' dir='ltr' id='par_1_106' title="bbox 2131 4523 3707 4594">
     <span class='ocr_line' id='line_1_106' title="bbox 2131 4523 3707 4594; baseline -0.001 -18"><span class='ocrx_word' id='word_1_733' title='bbox 2131 4526 2290 4587; x_wconf 83' lang='lat' dir='ltr'><strong>deus,</strong></span> <span class='ocrx_word' id='word_1_734' title='bbox 2319 4524 2454 4578; x_wconf 79' lang='lat' dir='ltr'><strong>dixit</strong></span> <span class='ocrx_word' id='word_1_735' title='bbox 2487 4542 2500 4577; x_wconf 89' lang='lat'><strong>:</strong></span> <span class='ocrx_word' id='word_1_736' title='bbox 2540 4523 2886 4594; x_wconf 78' lang='lat' dir='ltr'><strong>Regnaturus</strong></span> <span class='ocrx_word' id='word_1_737' title='bbox 2925 4541 2983 4578; x_wconf 85' lang='lat' dir='ltr'><strong>cs</strong></span> <span class='ocrx_word' id='word_1_738' title='bbox 3023 4536 3074 4576; x_wconf 89' lang='lat' dir='ltr'><strong>tu</strong></span> <span class='ocrx_word' id='word_1_739' title='bbox 3120 4526 3172 4576; x_wconf 93' lang='lat' dir='ltr'><strong>iu</strong></span> <span class='ocrx_word' id='word_1_740' title='bbox 3207 4524 3390 4577; x_wconf 86' lang='lat' dir='ltr'><strong>decem</strong></span> <span class='ocrx_word' id='word_1_741' title='bbox 3428 4523 3707 4578; x_wconf 81' lang='lat' dir='ltr'><strong>Israelita-</strong></span> 
     </span>
    </p>
   </div>
   <div class='ocr_carea' id='block_1_107' title="bbox 2135 4613 3703 4673">
    <p class='ocr_par' dir='ltr' id='par_1_107' title="bbox 2135 4613 3703 4673">
     <span class='ocr_line' id='line_1_107' title="bbox 2135 4613 3703 4673; baseline -0.003 -2"><span class='ocrx_word' id='word_1_742' title='bbox 2135 4634 2249 4671; x_wconf 92' lang='lat' dir='ltr'><strong>rum</strong></span> <span class='ocrx_word' id='word_1_743' title='bbox 2299 4617 2492 4670; x_wconf 87' lang='lat' dir='ltr'><strong>tribus.</strong></span> <span class='ocrx_word' id='word_1_744' title='bbox 2528 4617 2583 4669; x_wconf 88' lang='lat' dir='ltr'><strong>In</strong></span> <span class='ocrx_word' id='word_1_745' title='bbox 2615 4619 2795 4672; x_wconf 91' lang='lat' dir='ltr'><strong>animo</strong></span> <span class='ocrx_word' id='word_1_746' title='bbox 2823 4629 2998 4673; x_wconf 89' lang='lat' dir='ltr'><strong>autem</strong></span> <span class='ocrx_word' id='word_1_747' title='bbox 3046 4617 3322 4671; x_wconf 87' lang='lat' dir='ltr'><strong>Salomoui</strong></span> <span class='ocrx_word' id='word_1_748' title='bbox 3360 4616 3460 4670; x_wconf 88' lang='lat' dir='ltr'><strong>fuit</strong></span> <span class='ocrx_word' id='word_1_749' title='bbox 3492 4613 3703 4668; x_wconf 80' lang='lat' dir='ltr'><strong>Rabaa-</strong></span> 
     </span>
    </p>
   </div>
   <div class='ocr_carea' id='block_1_108' title="bbox 2135 4705 3704 4776">
    <p class='ocr_par' dir='ltr' id='par_1_108' title="bbox 2135 4705 3704 4776">
     <span class='ocr_line' id='line_1_108' title="bbox 2135 4705 3704 4776; baseline 0.001 -19"><span class='ocrx_word' id='word_1_750' title='bbox 2135 4724 2276 4759; x_wconf 82' lang='lat' dir='ltr'><strong>tuum</strong></span> <span class='ocrx_word' id='word_1_751' title='bbox 2312 4718 2484 4760; x_wconf 90' lang='lat' dir='ltr'><strong>morte</strong></span> <span class='ocrx_word' id='word_1_752' title='bbox 2519 4708 2750 4763; x_wconf 76' lang='lat' dir='ltr'><strong>allicere.</strong></span> <span class='ocrx_word' id='word_1_753' title='bbox 2807 4709 2896 4763; x_wconf 90' lang='lat' dir='ltr'><strong>Ille</strong></span> <span class='ocrx_word' id='word_1_754' title='bbox 2936 4725 3064 4776; x_wconf 78' lang='lat' dir='ltr'><strong>ergo</strong></span> <span class='ocrx_word' id='word_1_755' title='bbox 3096 4709 3163 4761; x_wconf 88' lang='lat' dir='ltr'><strong>ab</strong></span> <span class='ocrx_word' id='word_1_756' title='bbox 3224 4708 3343 4774; x_wconf 88' lang='lat' dir='ltr'><strong>ipso</strong></span> <span class='ocrx_word' id='word_1_757' title='bbox 3378 4706 3504 4776; x_wconf 86' lang='lat' dir='ltr'><strong>fuga</strong></span> <span class='ocrx_word' id='word_1_758' title='bbox 3541 4723 3598 4760; x_wconf 81' lang='lat' dir='ltr'><strong>se</strong></span> <span class='ocrx_word' id='word_1_759' title='bbox 3629 4705 3704 4758; x_wconf 86' lang='lat' dir='ltr'><strong>ad</strong></span> 
     </span>
    </p>
   </div>
   <div class='ocr_carea' id='block_1_109' title="bbox 2134 4798 3704 4870">
    <p class='ocr_par' dir='ltr' id='par_1_109' title="bbox 2134 4798 3704 4870">
     <span class='ocr_line' id='line_1_109' title="bbox 2134 4798 3704 4870; baseline 0 -19"><span class='ocrx_word' id='word_1_760' title='bbox 2134 4798 2488 4866; x_wconf 80' lang='lat' dir='ltr'><strong>Shishakum,</strong></span> <span class='ocrx_word' id='word_1_761' title='bbox 2526 4799 2742 4870; x_wconf 66' lang='lat' dir='ltr'><strong>JEgypti</strong></span> <span class='ocrx_word' id='word_1_762' title='bbox 2779 4800 3143 4864; x_wconf 67' lang='lat' dir='ltr'><strong>Pharaonem,</strong></span> <span class='ocrx_word' id='word_1_763' title='bbox 3193 4800 3522 4868; x_wconf 82' lang='lat' dir='ltr'><strong>proripiens,</strong></span> <span class='ocrx_word' id='word_1_764' title='bbox 3556 4798 3704 4866; x_wconf 84' lang='lat' dir='ltr'><strong>apud</strong></span> 
     </span>
    </p>
   </div>
   <div class='ocr_carea' id='block_1_110' title="bbox 2136 4891 3710 4964">
    <p class='ocr_par' dir='ltr' id='par_1_110' title="bbox 2136 4891 3710 4964">
     <span class='ocr_line' id='line_1_110' title="bbox 2136 4891 3710 4964; baseline 0.002 -23"><span class='ocrx_word' id='word_1_765' title='bbox 2136 4891 2311 4959; x_wconf 87' lang='lat' dir='ltr'><strong>ipsum</strong></span> <span class='ocrx_word' id='word_1_766' title='bbox 2349 4894 2590 4959; x_wconf 88' lang='lat' dir='ltr'><strong>tnausit;</strong></span> <span class='ocrx_word' id='word_1_767' title='bbox 2630 4893 2720 4961; x_wconf 90' lang='lat' dir='ltr'><strong>qui</strong></span> <span class='ocrx_word' id='word_1_768' title='bbox 2758 4893 2810 4946; x_wconf 90' lang='lat' dir='ltr'><strong>in</strong></span> <span class='ocrx_word' id='word_1_769' title='bbox 2849 4910 3072 4947; x_wconf 84' lang='lat' dir='ltr'><strong>uxorem</strong></span> <span class='ocrx_word' id='word_1_770' title='bbox 3108 4895 3156 4946; x_wconf 88' lang='lat' dir='ltr'><strong>ei</strong></span> <span class='ocrx_word' id='word_1_771' title='bbox 3185 4893 3436 4964; x_wconf 86' lang='lat' dir='ltr'><strong>conjugis</strong></span> <span class='ocrx_word' id='word_1_772' title='bbox 3478 4908 3589 4946; x_wconf 62' lang='lat' dir='ltr'><strong>sua:</strong></span> <span class='ocrx_word' id='word_1_773' title='bbox 3618 4907 3710 4944; x_wconf 85' lang='lat' dir='ltr'><strong>sc-</strong></span> 
     </span>
    </p>
   </div>
   <div class='ocr_carea' id='block_1_111' title="bbox 2138 4982 3704 5054">
    <p class='ocr_par' dir='ltr' id='par_1_111' title="bbox 2138 4982 3704 5054">
     <span class='ocr_line' id='line_1_111' title="bbox 2138 4982 3704 5054; baseline 0.001 -20"><span class='ocrx_word' id='word_1_774' title='bbox 2138 4997 2316 5034; x_wconf 83' lang='lat' dir='ltr'><strong>rorem</strong></span> <span class='ocrx_word' id='word_1_775' title='bbox 2361 4982 2529 5045; x_wconf 91' lang='lat' dir='ltr'><strong>dedit,</strong></span> <span class='ocrx_word' id='word_1_776' title='bbox 2572 4986 2658 5036; x_wconf 91' lang='lat' dir='ltr'><strong>cui</strong></span> <span class='ocrx_word' id='word_1_777' title='bbox 2707 4999 2904 5039; x_wconf 89' lang='lat' dir='ltr'><strong>nomen</strong></span> <span class='ocrx_word' id='word_1_778' title='bbox 2944 4986 3070 5046; x_wconf 83' lang='lat' dir='ltr'><strong>Atti,</strong></span> <span class='ocrx_word' id='word_1_779' title='bbox 3104 5002 3334 5054; x_wconf 71' lang='lat' dir='ltr'><strong>quaeque</strong></span> <span class='ocrx_word' id='word_1_780' title='bbox 3382 4985 3550 5036; x_wconf 88' lang='lat' dir='ltr'><strong>filitnu</strong></span> <span class='ocrx_word' id='word_1_781' title='bbox 3598 4983 3704 5051; x_wconf 66' lang='lat' dir='ltr'><strong>ipsi</strong></span> 
     </span>
    </p>
   </div>
   <div class='ocr_carea' id='block_1_112' title="bbox 2137 5073 3705 5146">
    <p class='ocr_par' dir='ltr' id='par_1_112' title="bbox 2137 5073 3705 5146">
     <span class='ocr_line' id='line_1_112' title="bbox 2137 5073 3705 5146; baseline 0.001 -21"><span class='ocrx_word' id='word_1_782' title='bbox 2137 5073 2367 5141; x_wconf 86' lang='lat' dir='ltr'><strong>peperit,</strong></span> <span class='ocrx_word' id='word_1_783' title='bbox 2401 5092 2559 5144; x_wconf 84' lang='lat' dir='ltr'><strong>quem</strong></span> <span class='ocrx_word' id='word_1_784' title='bbox 2597 5077 2814 5129; x_wconf 89' lang='lat' dir='ltr'><strong>nomine</strong></span> <span class='ocrx_word' id='word_1_785' title='bbox 2860 5079 3028 5145; x_wconf 88' lang='lat' dir='ltr'><strong>patris</strong></span> <span class='ocrx_word' id='word_1_786' title='bbox 3081 5078 3162 5130; x_wconf 75' lang='lat' dir='ltr'><strong>sui</strong></span> <span class='ocrx_word' id='word_1_787' title='bbox 3213 5076 3525 5146; x_wconf 80' lang='lat' dir='ltr'><strong>appellarit.</strong></span> <span class='ocrx_word' id='word_1_788' title='bbox 3567 5076 3705 5130; x_wconf 80' lang='lat' dir='ltr'><strong>Pru-</strong></span> 
     </span>
    </p>
   </div>
   <div class='ocr_carea' id='block_1_113' title="bbox 2137 5163 3707 5235">
    <p class='ocr_par' dir='ltr' id='par_1_113' title="bbox 2137 5163 3707 5235">
     <span class='ocr_line' id='line_1_113' title="bbox 2137 5163 3707 5235; baseline 0.001 -20"><span class='ocrx_word' id='word_1_789' title='bbox 2137 5167 2428 5232; x_wconf 86' lang='lat' dir='ltr'><strong>phetarunt</strong></span> <span class='ocrx_word' id='word_1_790' title='bbox 2481 5174 2722 5235; x_wconf 89' lang='lat' dir='ltr'><strong>tempore</strong></span> <span class='ocrx_word' id='word_1_791' title='bbox 2781 5165 3123 5230; x_wconf 86' lang='lat' dir='ltr'><strong>Salomonis,</strong></span> <span class='ocrx_word' id='word_1_792' title='bbox 3175 5170 3388 5219; x_wconf 77' lang='lat' dir='ltr'><strong>Nathan</strong></span> <span class='ocrx_word' id='word_1_793' title='bbox 3441 5176 3493 5220; x_wconf 91' lang='lat' dir='ltr'><strong>et</strong></span> <span class='ocrx_word' id='word_1_794' title='bbox 3532 5163 3707 5220; x_wconf 83' lang='lat' dir='ltr'><strong>Achia</strong></span> 
     </span>
    </p>
   </div>
   <div class='ocr_carea' id='block_1_114' title="bbox 2139 5255 3708 5324">
    <p class='ocr_par' dir='ltr' id='par_1_114' title="bbox 2139 5255 3708 5324">
     <span class='ocr_line' id='line_1_114' title="bbox 2139 5255 3708 5324; baseline 0.002 -17"><span class='ocrx_word' id='word_1_795' title='bbox 2139 5255 2427 5319; x_wconf 86' lang='lat' dir='ltr'><strong>Shil0uita,</strong></span> <span class='ocrx_word' id='word_1_796' title='bbox 2459 5256 2665 5324; x_wconf 83' lang='lat' dir='ltr'><strong>fuitque</strong></span> <span class='ocrx_word' id='word_1_797' title='bbox 2690 5257 2946 5311; x_wconf 89' lang='lat' dir='ltr'><strong>sacerdos</strong></span> <span class='ocrx_word' id='word_1_798' title='bbox 2998 5276 3244 5313; x_wconf 90' lang='lat' dir='ltr'><strong>summus</strong></span> <span class='ocrx_word' id='word_1_799' title='bbox 3273 5259 3470 5313; x_wconf 84' lang='lat' dir='ltr'><strong>Saduc.</strong></span> <span class='ocrx_word' id='word_1_800' title='bbox 3499 5258 3708 5312; x_wconf 82' lang='lat' dir='ltr'><strong>Eodem</strong></span> 
     </span>
    </p>
   </div>
   <div class='ocr_carea' id='block_1_115' title="bbox 2141 5343 3704 5418">
    <p class='ocr_par' dir='ltr' id='par_1_115' title="bbox 2141 5343 3704 5418">
     <span class='ocr_line' id='line_1_115' title="bbox 2141 5343 3704 5418; baseline -0.001 -20"><span class='ocrx_word' id='word_1_801' title='bbox 2141 5355 2380 5412; x_wconf 84' lang='lat' dir='ltr'><strong>tempore</strong></span> <span class='ocrx_word' id='word_1_802' title='bbox 2410 5345 2462 5399; x_wconf 91' lang='lat' dir='ltr'><strong>in</strong></span> <span class='ocrx_word' id='word_1_803' title='bbox 2491 5343 2700 5400; x_wconf 70' lang='lat' dir='ltr'><strong>Grrecia</strong></span> <span class='ocrx_word' id='word_1_804' title='bbox 2746 5347 2930 5401; x_wconf 82' lang='lat' dir='ltr'><strong>floruit</strong></span> <span class='ocrx_word' id='word_1_805' title='bbox 2964 5347 3232 5404; x_wconf 86' lang='lat' dir='ltr'><strong>Homerus</strong></span> <span class='ocrx_word' id='word_1_806' title='bbox 3271 5360 3424 5418; x_wconf 64' lang='lat' dir='ltr'><strong>posta</strong></span> <span class='ocrx_word' id='word_1_807' title='bbox 3453 5348 3704 5402; x_wconf 67' lang='lat' dir='ltr'><strong>Graecus.</strong></span> 
     </span>
    </p>
   </div>
   <div class='ocr_carea' id='block_1_116' title="bbox 2209 5437 3708 5508">
    <p class='ocr_par' dir='ltr' id='par_1_116' title="bbox 2209 5437 3708 5508">
     <span class='ocr_line' id='line_1_116' title="bbox 2209 5437 3708 5508; baseline -0.002 -16"><span class='ocrx_word' id='word_1_808' title='bbox 2209 5437 2357 5492; x_wconf 89' lang='lat' dir='ltr'><strong>Obiit</strong></span> <span class='ocrx_word' id='word_1_809' title='bbox 2409 5447 2587 5490; x_wconf 89' lang='lat' dir='ltr'><strong>autem</strong></span> <span class='ocrx_word' id='word_1_810' title='bbox 2644 5438 2897 5492; x_wconf 82' lang='lat' dir='ltr'><strong>Salomon</strong></span> <span class='ocrx_word' id='word_1_811' title='bbox 2948 5456 3071 5494; x_wconf 86' lang='lat' dir='ltr'><strong>cum</strong></span> <span class='ocrx_word' id='word_1_812' title='bbox 3113 5456 3292 5494; x_wconf 86' lang='lat' dir='ltr'><strong>annos</strong></span> <span class='ocrx_word' id='word_1_813' title='bbox 3343 5439 3708 5508; x_wconf 79' lang='lat' dir='ltr'><strong>quadraginta</strong></span> 
     </span>
    </p>
   </div>
   <div class='ocr_carea' id='block_1_117' title="bbox 2140 5534 3709 5604">
    <p class='ocr_par' dir='ltr' id='par_1_117' title="bbox 2140 5534 3709 5604">
     <span class='ocr_line' id='line_1_117' title="bbox 2140 5534 3709 5604; baseline -0.002 -16"><span class='ocrx_word' id='word_1_814' title='bbox 2140 5543 2438 5604; x_wconf 89' lang='lat' dir='ltr'><strong>regnasset,</strong></span> <span class='ocrx_word' id='word_1_815' title='bbox 2479 5546 2533 5588; x_wconf 89' lang='lat' dir='ltr'><strong>et</strong></span> <span class='ocrx_word' id='word_1_816' title='bbox 2579 5535 2631 5587; x_wconf 90' lang='lat' dir='ltr'><strong>iu</strong></span> <span class='ocrx_word' id='word_1_817' title='bbox 2679 5534 2892 5589; x_wconf 89' lang='lat' dir='ltr'><strong>Davidis</strong></span> <span class='ocrx_word' id='word_1_818' title='bbox 2947 5535 3108 5590; x_wconf 86' lang='lat' dir='ltr'><strong>dumo</strong></span> <span class='ocrx_word' id='word_1_819' title='bbox 3171 5537 3414 5604; x_wconf 78' lang='lat' dir='ltr'><strong>Sepultus</strong></span> <span class='ocrx_word' id='word_1_820' title='bbox 3451 5545 3552 5589; x_wconf 90' lang='lat' dir='ltr'><strong>cst.</strong></span> <span class='ocrx_word' id='word_1_821' title='bbox 3599 5535 3709 5602; x_wconf 78' lang='lat' dir='ltr'><strong>Ipsi</strong></span> 
     </span>
    </p>
   </div>
   <div class='ocr_carea' id='block_1_118' title="bbox 2141 5624 3713 5694">
    <p class='ocr_par' dir='ltr' id='par_1_118' title="bbox 2141 5624 3713 5694">
     <span class='ocr_line' id='line_1_118' title="bbox 2141 5624 3713 5694; baseline -0.002 -16"><span class='ocrx_word' id='word_1_822' title='bbox 2141 5625 2194 5678; x_wconf 89' lang='lat' dir='ltr'><strong>in</strong></span> <span class='ocrx_word' id='word_1_823' title='bbox 2229 5639 2390 5693; x_wconf 78' lang='lat' dir='ltr'><strong>regno</strong></span> <span class='ocrx_word' id='word_1_824' title='bbox 2437 5624 2705 5678; x_wconf 85' lang='lat' dir='ltr'><strong>successit</strong></span> <span class='ocrx_word' id='word_1_825' title='bbox 2753 5626 2896 5679; x_wconf 83' lang='lat' dir='ltr'><strong>filius</strong></span> <span class='ocrx_word' id='word_1_826' title='bbox 2947 5626 3120 5694; x_wconf 79' lang='lat' dir='ltr'><strong>ipsius</strong></span> <span class='ocrx_word' id='word_1_827' title='bbox 3157 5627 3496 5685; x_wconf 76' lang='lat' dir='ltr'><strong>llehohoam,</strong></span> <span class='ocrx_word' id='word_1_828' title='bbox 3533 5640 3713 5676; x_wconf 69' lang='lat' dir='ltr'><strong>annos</strong></span> 
     </span>
    </p>
   </div>
   <div class='ocr_carea' id='block_1_119' title="bbox 2141 5715 3706 5786">
    <p class='ocr_par' dir='ltr' id='par_1_119' title="bbox 2141 5715 3706 5786">
     <span class='ocr_line' id='line_1_119' title="bbox 2141 5715 3706 5786; baseline -0.001 -17"><span class='ocrx_word' id='word_1_829' title='bbox 2141 5729 2300 5771; x_wconf 84' lang='lat' dir='ltr'><strong>natus</strong></span> <span class='ocrx_word' id='word_1_830' title='bbox 2339 5716 2635 5776; x_wconf 69' lang='lat' dir='ltr'><strong>St‘thCl‘illl,</strong></span> <span class='ocrx_word' id='word_1_831' title='bbox 2668 5720 2758 5780; x_wconf 89' lang='lat' dir='ltr'><strong>qui</strong></span> <span class='ocrx_word' id='word_1_832' title='bbox 2798 5716 3376 5786; x_wconf 66' lang='lat' dir='ltr'><strong>llierosolymisanuos</strong></span> <span class='ocrx_word' id='word_1_833' title='bbox 3395 5715 3706 5786; x_wconf 72' lang='lat' dir='ltr'><strong>septemde-</strong></span> 
     </span>
    </p>
   </div>
  </div>
