4034 6214
386 298 493 362 949

1837 309 2202 373 ANNALES.

3553 323 3657 382 9'20

386 412 496 465 cim
553 412 821 480 regnavit.
877 410 1049 468 Porro
1100 415 1332 472 audiens
1386 414 1676 473 Jeroboam
1702 459 1716 479 .
1778 419 1970 474 Nubati
2005 428 2046 480 Λ
2079 423 2394 481 Rehoboam
2424 406 2735 482 Salomonis
2759 428 2900 484 filius
2927 445 3128 486 uxores
3153 433 3477 497 octodecim,
3514 437 3656 489 mul-

391 505 560 568 ﬁlius,
606 513 885 559 mortuum
931 523 1053 563 esse
1092 508 1466 574 Salomonem,
1513 527 1576 564 ex
1628 509 1868 581 Aieypto
1909 513 1974 567 ad

389 595 580 652 urbem
611 596 737 652 Sair
770 600 1039 656 ascendit.
1083 601 1343 657 Israelita:
1378 614 1558 658 autem
1589 604 1652 656 ad
1691 603 1977 658 Reltoboa-

390 705 542 744 mum
565 687 884 749 Salomonis
909 693 1080 748 filium
1113 696 1456 766 congregati.
1488 696 1745 752 dixerunt
1776 715 1788 751 :
1816 697 1978 752 Pater

391 796 520 840 tuus
553 785 696 840 male
731 787 1028 843 admodum
1079 805 1180 845 nos
1220 789 1566 860 gubernavit,
1610 797 1667 845 tu
1712 798 1894 847 autem
1932 791 1975 845 si

390 879 529 932 bene
582 893 683 934 nos
735 881 1131 950 gubernaveris
1189 883 1334 937 servi
1392 884 1491 938 tibi
1541 883 1714 938 futuri
1759 900 1974 939 sumus.

396 968 610 1036 Quibus
671 972 763 1027 ille
802 989 815 1024 :
858 974 1017 1029 Abite
1051 973 1275 1045 (inquit)
1344 984 1398 1032 et
1441 976 1784 1047 postriduum
1823 978 1976 1032 vobis

391 1077 714 1132 reaponsum
750 1065 1000 1120 reddam.
1039 1067 1172 1122 Cum
1208 1084 1338 1138 ergo
1381 1085 1411 1125 e
1443 1071 1560 1126 suis
1593 1070 1799 1140 aliquot
1844 1086 1977 1126 con-

392 1155 682 1223 suluissel,
716 1159 976 1215 dixerunt
1014 1161 1090 1215 illi
1138 1179 1151 1216 :
1206 1161 1367 1220 Dicas
1409 1163 1516 1217 illis
1558 1180 1572 1216 :
1605 1163 1664 1217 Si
1704 1164 1844 1217 mala
1882 1179 1977 1216 vos

394 1248 608 1303 ratione
641 1251 785 1304 rexit
826 1260 980 1321 pater
1031 1269 1209 1315 meus,
1244 1268 1345 1324 ego
1378 1269 1477 1310 vos
1512 1254 1718 1324 optima
1759 1270 1820 1308 ae
1855 1257 1975 1320 pul-

391 1333 945 1414 cberrima,’quteqno
978 1347 1131 1400 vobis
1163 1345 1442 1402 levissima
1485 1345 1670 1400 futura
1710 1345 1780 1401 sit
1815 1344 1977 1417 184

391 1439 446 1484 et
477 1431 873 1500 placidissimus,
927 1443 1180 1490 recturus
1228 1452 1375 1490 sum.
1428 1436 1583 1503 Quod
1619 1450 1743 1490 cum
1788 1435 1977 1488 audire

391 1523 586 1586 nollet,
613 1526 678 1578 ad
724 1528 983 1582 mulieres
1011 1543 1144 1582 suas
1178 1527 1461 1597 ingreSSus
1498 1527 1640 1581 idem
1681 1527 1787 1578 illis
1814 1525 1976 1584 dixit,

389 1631 515 1685 qutc
545 1617 836 1672 consilium
870 1619 972 1687 ipsi
1007 1617 1275 1673 dederunt
1308 1627 1367 1675 ut
1402 1620 1503 1672 hoc
1529 1618 1689 1671 modo
1713 1617 1978 1671 lsraelitis

391 1710 752 1776 responderet
792 1729 805 1764 :
857 1709 914 1764 Si
952 1713 1094 1766 male
1133 1727 1232 1766 vos
1275 1712 1415 1765 rexit
1465 1719 1617 1780 pater
1665 1725 1842 1771 meus,
1878 1723 1976 1777 ego

393 1812 490 1850 vos
540 1799 614 1852 ita
665 1815 850 1868 regam
900 1808 956 1854 ttt
1005 1809 1309 1855 conventus
1343 1810 1553 1856 vestros
1605 1799 1889 1866 dissipent,
1925 1806 1976 1851 et

390 1897 571 1944 cattus
606 1903 819 1946 vestros
852 1892 1158 1964 dispergam
1189 1912 1203 1959 ;
1250 1893 1356 1948 hoc
1406 1894 1706 1964 (dixerunt)
1755 1893 1861 1948 illis
1895 1894 1978 1946 di-

394 1997 491 2036 cas
532 1999 596 2036 ne
645 1992 698 2037 te
739 1999 836 2052 pro
891 2001 1063 2054 puero
1104 1986 1376 2049 habeant,
1419 1993 1474 2040 et
1519 1987 1762 2053 ipsorum
1825 1987 1890 2038 de
1931 1995 1979 2038 te

393 2075 750 2143 praesumptio
781 2075 1157 2134 confirmetur.
1201 2078 1445 2143 Quarum
1484 2078 1774 2133 consilium
1815 2093 1978 2132 secu-

397 2174 507 2227 tus,
537 2179 600 2218 ea
637 2163 904 2220 Israelitis
936 2165 1076 2220 dixit
1109 2182 1228 2236 quae
1261 2167 1393 2236 ipsae
1432 2167 1508 2220 illi
1562 2177 1977 2234 suggesseraut.

394 2252 473 2307 llli
527 2269 678 2320 ergo,
717 2256 921 2308 auditis
968 2256 1089 2326 ejus
1141 2258 1347 2319 verbis,
1390 2273 1418 2311 a
1471 2260 1760 2328 prmsentia
1809 2259 1981 2328 ipsius

390 2346 621 2413 egro-ssi.
664 2349 983 2402 tumnltuati
1036 2357 1183 2403 sunt.
1230 2350 1492 2416 Egressus
1526 2365 1656 2420 ergo
1712 2350 1776 2402 ad
1831 2350 1981 2416 ipsos

394 2438 734 2499 Reltoboam,
769 2439 912 2494 misit
943 2441 1009 2495 ad
1046 2442 1193 2510 ipsos
1223 2442 1614 2496 Adoniramum
1649 2441 1978 2495 tributorum

395 2529 916 2602 ptefectutn,quem
954 2533 1028 2587 illi
1064 2534 1200 2587 adeo
1237 2542 1295 2588 ut
1320 2533 1978 2600 morereturlapidarunl,

397 2623 641 2694 fugiente
691 2626 758 2679 ab
807 2625 942 2693 ipsis
993 2625 1345 2681 Dehoboatno
1397 2625 1797 2696 Hierosolyma.
1843 2625 1984 2679 Con-

396 2717 600 2786 gregati
640 2733 770 2786 ergo
809 2718 1071 2774 Israelita:
1099 2735 1279 2789 regem
1317 2720 1420 2775 sibi
1461 2719 1858 2773 constituerunt
1889 2716 1980 2770 Je-

397 2809 980 2874 roboamum,Nahati
1039 2812 1230 2873 lilium,
1273 2823 1434 2880 atque
1490 2810 1560 2862 ita
1621 2809 1854 2864 divisum
1905 2819 1982 2861 est

403 2915 653 2970 ι’(θὲηιιῐη.
698 2903 1078 2973 Regnavitque
1119 2901 1436 2966 Jcroboam,
1484 2901 1676 2955 Nabati
1730 2901 1894 2962 filius,
1932 2902 1982 2954 in

404 2994 594 3049 decem
627 2995 845 3061 tribus;
884 3005 937 3049 et
970 2995 1190 3057 Nables,
1223 2996 1408 3064 inqua
1445 3005 1499 3048 et
1530 2995 1818 3055 habitavit,
1856 3009 1986 3046 enu-

402 3085 565 3150 didit,
593 3104 804 3141 necmtn
834 3088 1098 3144 Phanuel.
1135 3087 1402 3156 Regnavit
1432 3097 1615 3142 autem
1647 3085 1985 3146 lieboboam,

404 3183 714 3236 Salomovis
743 3185 790 3236 iii
819 3199 902 3248 us,
937 3185 988 3237 in
1015 3184 1215 3239 tribum
1245 3182 1399 3238 Judze
1425 3192 1480 3238 et
1502 3183 1807 3252 Beniamin.
1843 3179 1984 3234 Fue-

403 3286 641 3341 runtque
684 3275 1058 3339 lieltoboamo,
1109 3274 1422 3329 Salomonis
1467 3273 1613 3337 filio,
1689 3273 1984 3327 bellatores

406 3364 616 3418 centies
661 3366 827 3418 vicies
872 3367 1039 3430 mille,
1093 3367 1400 3435 multasque
1447 3365 1688 3434 possedit
1725 3366 1908 3427 urbes,
1955 3379 1984 3417 e

403 3456 602 3522 quibus
630 3456 968 3522 Bethlchem,
1001 3461 1256 3516 Batshur.
1287 3458 1445 3529 Ziph,
1484 3459 1706 3515 Lalttsh.
1740 3460 1900 3524 Gath,
1933 3467 1985 3516 et

404 3546 599 3609 Azika,
625 3563 748 3601 cum
777 3551 1032 3606 omnibus
1067 3561 1225 3607 terra:
1253 3550 1495 3606 Judaica:
1529 3562 1581 3604 et
1615 3552 1984 3620 Benjatnitica:

405 3639 661 3694 urbibus.
694 3639 818 3695 Fuit
847 3645 1002 3696 matri
1037 3643 1210 3712 ipsius
1244 3658 1443 3698 nomen
1479 3643 1682 3705 Nanak,
1713 3659 1742 3695 e
1775 3642 1986 3696 filiabus

407 3732 868 3791 Atutnonitarum,
906 3748 1026 3800 qua:
1064 3732 1241 3801 ipsum
1275 3733 1340 3784 ad
1379 3730 1519 3785 idola
1568 3730 1796 3783 colenda
1847 3729 1980 3782 inci.

406 3827 564 3876 tavit.
614 3823 679 3877 At
721 3823 1038 3888 Jeroboatn,
1089 3824 1281 3878 Nabati
1345 3825 1506 3888 filius,
1553 3824 1750 3876 timens
1798 3821 1988 3893 185-

411 3917 571 3987 187
598 3934 664 3971 ne
695 3917 976 3982 lsraelitte,
1011 3918 1051 3970 si
1087 3933 1208 3971 cum
1248 3917 1486 3971 victimis
1523 3916 1893 3985 Hierosolyma
1923 3915 1985 3967 ad

407 4013 629 4061 domum
682 4008 897 4062 Domini
947 4009 1326 4072 ascenderem,
1377 4023 1500 4061 cum
1538 4009 1796 4075 templum
1843 4006 1989 4058 vide-

411 4110 552 4161 rent,
585 4103 636 4153 in
666 4101 841 4170 ipsum
867 4101 1211 4163 rebellarcut,
1244 4098 1988 4167 Rchoboamoque,Salomo-

410 4193 498 4248 nis
535 4193 665 4258 lilio,
713 4191 866 4246 Judze
901 4192 1010 4263 regi
1047 4193 1344 4256 traderent,
1374 4191 1512 4246 duos
1553 4192 1752 4243 vitulos
1796 4204 1991 4243 aureos

409 4285 674 4350 confecit,
706 4299 944 4353 quorutn
989 4298 1158 4336 unum
1199 4283 1252 4336 in
1286 4279 1500 4344 Betltel,
1533 4280 1762 4334 alterum
1797 4281 1848 4333 in
1889 4279 1988 4332 Ba-

413 4377 531 4429 nias
564 4378 764 4446 posuit,
801 4376 1110 4445 iisdemque
1142 4375 1458 4430 sacerdotes
1485 4390 1512 4427 e
1550 4372 1752 4428 Levitis
1784 4374 1988 4427 consti-

413 4467 537 4526 tuit.
570 4467 760 4522 dicens
792 4469 965 4536 ipsis:
994 4467 1054 4521 lli
1083 4475 1212 4523 sunt
1235 4468 1308 4522 dii
1341 4471 1505 4522 vesu-i
1532 4469 1624 4537 qui
1653 4483 1748 4520 vos
1779 4484 1808 4520 e
1831 4482 1990 4520 manu

417 4560 718 4614 Pharaonis
741 4561 1070 4622 liberarunt,
1106 4561 1270 4614 colite
1289 4560 1610 4630 ergoipsos,
1637 4575 1759 4614 cum
1783 4573 1890 4612 non
1930 4562 1998 4613 sit

415 4669 552 4721 opus
573 4661 629 4706 ιιι
648 4651 1026 4724 Hierosolyma
1044 4654 1388 4718 ascendatis;
1413 4653 1542 4721 quin
1564 4661 1618 4705 et
1644 4651 1842 4706 festum
1883 4667 1998 4704 ina-

419 4760 584 4814 gnum
629 4745 736 4798 illis
757 4744 1020 4810 instituit,
1040 4743 1182 4799 sicut
1213 4744 1263 4796 in
1286 4753 1428 4798 terra
1449 4741 1601 4796 .ludte
1623 4742 1736 4798 ﬁeri
1767 4742 1994 4794 Solebat.

489 4835 659 4888 Porro
707 4850 831 4889 cum
879 4849 1026 4888 anno
1088 4832 1451 4896 licltoboatni,
1508 4829 1823 4884 Salomonis
1881 4832 1997 4894 lilii,

417 4928 634 4994 quinto,
663 4927 989 4981 ascenderet
1019 4924 1218 4980 Shisak
1240 4924 1456 4978 Pharao
1487 4920 1845 4990 Egyptiacus
1875 4921 1999 4974 llic-

419 5019 695 5090 rosolytna
728 5035 852 5074 cum
884 5020 1016 5072 viris
1046 5020 1212 5072 vicies
1241 5025 1293 5071 et
1325 5018 1408 5071 bis
1443 5016 1587 5069 ntille
1621 5018 1874 5085 (quorum
1909 5033 1994 5069 sc-

421 5113 557 5180 pties
607 5112 753 5166 mille
796 5112 1011 5182 equites
1043 5109 1221 5179 erant)
1271 5109 1511 5178 fugiente
1554 5108 1623 5162 ab
1655 5107 1776 5176 ipso
1815 5106 1994 5160 iteho-

419 5207 638 5271 boatnu,
675 5207 819 5276 cepit
865 5204 1100 5259 Sltishak
1148 5218 1337 5258 omnes
1369 5203 1484 5255 auri
1531 5209 1584 5256 et
1620 5200 1832 5270 argenti
1881 5201 1993 5253 the-

420 5313 615 5352 sauros
640 5298 736 5367 qui
779 5299 832 5351 in
861 5297 1026 5352 domo
1067 5294 1277 5349 Domini
1311 5294 1574 5356 fuerunt;
1609 5308 1819 5346 necnon
1849 5302 2000 5347 scuta

423 5407 588 5445 aurea
626 5401 678 5446 et
703 5404 982 5462 argentea.
1010 5406 1131 5458 qum
1169 5391 1222 5443 in
1256 5405 1381 5444 arce
1415 5389 1583 5458 regia.
1619 5404 1852 5464 quorum
1881 5388 2000 5443 loco

420 5485 527 5539 alia
574 5499 638 5539 ex
675 5500 782 5538 aere
821 5483 1058 5538 confecit
1101 5483 1437 5542 lteboboam,
1495 5480 1804 5533 r'aloutouis
1838 5478 1999 5534 ﬁlius.

428 5575 594 5631 Multa
627 5585 808 5631 autem
839 5575 1162 5630 acciderunt
1195 5576 1336 5628 inter
1374 5573 1810 5636 Relmboamum,
1850 5572 1999 5626 Salo-

425 5667 604 5723 monis
641 5667 832 5732 tilium,
867 5677 916 5720 et
947 5665 1358 5729 Jeroboamum,
1393 5662 1586 5715 Nabati
1622 5661 1812 5725 filium,
1840 5660 1996 5726 bella,

424 5757 692 5829 quamdiu
746 5758 799 5812 in
849 5757 984 5812 vivis
1036 5767 1178 5812 cssrt
1235 5754 1566 5809 llrltoltoam.
1625 5751 1792 5806 Porro
1846 5753 2000 5808 duxit

2080 525 2272 583 tosqne
2302 519 2486 588 genuit
2522 519 2742 575 liberos.
2783 521 2946 576 Duxit
2982 523 3148 577 etiam
3180 524 3446 590 Mat-ham,
3484 528 3658 582 Abso-

2081 609 2243 664 lomis
2291 609 2480 672 filiam,
2516 625 2636 681 qua:
2677 612 2779 681 ipsi
2820 613 3013 668 Abiam
3049 607 3366 684 fratresque
3395 617 3518 684 ejus
3561 636 3654 685 pe-

2080 703 2220 771 perit
2268 721 2280 757 :
2333 703 2578 764 fuerunt
2611 706 2836 774 insuper
2879 707 2979 776 ipsi
3014 709 3338 763 concubinae
3388 711 3654 776 triginta;

2080 809 2271 850 omnes
2299 804 2481 850 autem
2514 797 2684 867 ipsius
2722 800 2879 855 liberi
2906 811 3012 856 tam
3047 817 3222 857 mares
3247 817 3409 872 quam
3445 803 3660 858 femina:

2082 882 2302 938 fuerunt
2343 886 2526 955 viginti
2577 898 2724 943 octo.
2780 891 2944 962 188
2965 891 3369 963 Pmphetarunt
3414 902 3662 965 tempore

2083 975 2414 1031 Rehoboami
2462 979 2775 1035 Salomonis
2830 983 2923 1036 filii
2975 983 3228 1040 Semaiah
3283 985 3658 1051 Macltlamita,

2080 1076 2131 1120 et
2169 1069 2334 1122 Achia
2377 1068 2669 1137 Sltilonita,
2715 1075 3079 1144 prephetante
3117 1079 3279 1132 etiam
3318 1076 3508 1132 Obedo
3541 1078 3662 1133 Bei~

2082 1161 2213 1214 theli
2253 1161 2441 1216 fissum
2487 1173 2572 1220 est
2604 1165 2795 1221 altare.
2821 1169 2957 1222 Cum
2989 1169 3222 1226 obiisset
3257 1179 3435 1224 autem
3470 1169 3657 1225 Reho-

2082 1254 2264 1318 hoam,
2307 1254 2619 1312 Salomonis
2671 1259 2836 1322 ﬁlius,
2885 1275 3010 1315 cum
3063 1269 3216 1332 patre
3265 1277 3366 1318 suo
3402 1262 3457 1315 in
3499 1261 3662 1315 domo

2084 1345 2124 1396 ft
2144 1347 2302 1402 tvidis
2325 1347 2571 1418 sepultus
2597 1360 2703 1410 est,
2729 1360 2848 1418 post
2873 1351 3050 1421 ipsum
3084 1361 3346 1420 regnante
3375 1354 3427 1408 in
3459 1353 3656 1408 Iudam

2081 1447 2136 1489 et
2185 1436 2556 1510 Hierosolyma
2608 1441 2716 1496 ftiio
2753 1444 2926 1511 ipsius
2971 1443 3108 1498 Abia
3141 1444 3249 1500 sex'
3280 1446 3461 1509 annis,
3496 1447 3659 1513 idque

2082 1542 2224 1582 anno
2259 1528 2474 1583 decimo
2511 1539 2704 1584 octavo
2737 1532 2887 1601 regni
2930 1530 3262 1599 Jeroboami,
3300 1532 3491 1587 Nabati
3539 1535 3654 1594 lilii,

2084 1620 2224 1688 regis
2270 1620 2509 1676 lsraelis.
2563 1623 2899 1678 Acciderunt
2948 1625 3114 1679 etiam
3161 1625 3308 1680 inter
3345 1625 3536 1679 Abiam
3573 1641 3657 1677 re—

2083 1729 2201 1782 gem
2229 1712 2401 1776 Iudae,
2429 1722 2482 1768 et
2509 1714 2799 1769 Jeroboam
2827 1716 3045 1772 lsraelis
3079 1733 3258 1788 regem
3293 1713 3432 1772 bella
3463 1720 3651 1770 multa.

2086 1807 2262 1876 ipsum
2300 1807 2352 1860 in
2390 1804 2572 1874 fugam
2615 1815 2970 1863 convertente
3014 1807 3145 1862 Abia
3188 1825 3312 1880 rege
3351 1808 3526 1870 .ludzn,
3565 1825 3628 1860 ο(-

2083 1899 2321 1968 eisisqne
2350 1898 2718 1953 lsraelitarum
2745 1899 3105 1968 quingenties
3139 1899 3303 1961 mille,
3336 1899 3470 1953 adeo
3503 1908 3558 1951 ιιι
3595 1899 3654 1950 al.
3692 1969 3696 1973 η

2091 1991 2225 2044 Αιιῑιι
2265 2006 2388 2059 rege
2422 1989 2575 2044 Judac
2613 1991 2827 2045 timeret
2852 1988 3094 2045 Rohoam
3129 1991 3344 2045 lsraelis
3373 2004 3483 2042 rex.
3523 1988 3642 2040 illor-

2083 2091 2208 2135 tuus
2253 2095 2433 2138 autem
2472 2084 2606 2137 Abia
2657 2083 2809 2138 ,Ιιιιιρ
2857 2098 2948 2137 rex
3003 2083 3252 2153 sepultus
3301 2091 3381 2135 est
3432 2080 3484 2134 in
3533 2081 3658 2132 nrbr

2085 2177 2378 2236 Davidica;
2419 2186 2680 2245 regnanto
2731 2185 2849 2244 post
2881 2177 3060 2245 ipsum
3095 2176 3148 2229 in
3196 2175 3335 2230 Juda
3374 2184 3426 2230 et
3479 2171 3662 2227 llicro-

2086 2268 2308 2338 soiymis
2341 2269 2454 2322 lilio
2493 2269 2666 2337 ipsius
2703 2271 2806 2321 Asa
2853 2269 3008 2322 annis
3038 2270 3396 2339 quadraginta
3431 2276 3484 2320 et
3527 2282 3661 2329 uno,

2088 2363 2250 2424 idque
2314 2376 2457 2415 anno
2512 2361 2662 2429 regni
2714 2359 3064 2423 .leroboami,
3117 2360 3310 2414 Nabati
3367 2362 3456 2414 lilii
3522 2360 3662 2429 regis

2086 2453 2323 2516 lsraelis,
2371 2453 2629 2507 vicesimo
2677 2462 2893 2520 quarto.
2943 2452 3097 2506 Matri
3144 2464 3324 2507 autem
3368 2453 3488 2506 Asua
3523 2453 3663 2518 regis

2085 2546 2237 2600 .Iudae
2281 2561 2475 2600 nomen
2512 2553 2630 2598 erat
2679 2542 2916 2598 Naemah
2951 2544 3269 2600 Abs-halomi
3321 2544 3449 2599 tilia.
3492 2545 3664 2597 Porro

2089 2644 2339 2690 mortuus
2372 2644 2456 2689 est
2500 2633 2788 2690 Jeroboam
2840 2633 3031 2689 Nabati
3074 2634 3234 2693 ﬁlius,
3287 2632 3501 2688 lsraelis
3546 2649 3662 2695 rex,

2089 2737 2374 2796 postquam
2424 2742 2600 2782 annos
2646 2728 2832 2795 viginti
2882 2737 3119 2796 quatuor
3166 2740 3447 2796 regnasset
3476 2765 3490 2786 ,
3542 2733 3666 2792 post

2089 2834 2251 2888 quem
2281 2835 2450 2888 regno
2488 2817 2706 2873 lsraelis
2733 2817 2937 2888 potittts
2972 2827 3055 2873 est
3086 2817 3230 2871 filius
3272 2818 3445 2885 ipsius
3489 2815 3664 2868 Nahat

2091 2912 2248 2966 annis
2297 2912 2533 2973 duobus,
2580 2911 2740 2981 idque
2781 2926 2926 2964 anno
2959 2910 3110 2979 regni
3157 2909 3277 2964 Asx:
3326 2909 3469 2978 regis
3515 2905 3666 2960 Jndtr:

2096 3001 2358 3056 secundo.
2406 3001 2674 3055 Nabatutn
2725 3011 2904 3055 autem
2957 3002 3185 3055 adortus
3231 3000 3461 3060 Baasha,
3518 3000 3668 3052 Altize

2096 3094 2260 3156 filius,
2285 3094 2608 3148 (Sibhethoni
2657 3095 2833 3162 ipsum
2875 3093 3169 3156 interfecit,
3202 3107 3530 3160 omnemque
3562 3106 3667 3143 una

2093 3185 2424 3250 Jeroboami,
2479 3185 2671 3239 Nabati
2726 3185 2855 3246 filii,
2905 3186 3239 3254 progeniem.
3298 3185 3670 3252 chnavilqtl‘.

2091 3279 2301 3333 Baasha
2343 3279 2498 3332 Abite
2547 3279 2711 3344 ﬁlius,
2765 3279 2820 3331 in
2860 3277 3118 3332 lsraelem
3171 3277 3224 3330 in
3279 3275 3436 3329 Tirsa
3495 3288 3670 3330 annos

2090 3370 2281 3439 viginti
2307 3378 2582 3437 quatuor;
2619 3370 2784 3438 idque
2827 3383 2974 3423 anno
3007 3369 3160 3434 regni
3195 3371 3314 3420 Asan
3346 3367 3490 3435 regis
3517 3365 3671 3418 ludat

2090 3463 2272 3516 tertio.
2323 3461 2510 3526 Porro,
2548 3461 2712 3516 multa
2749 3459 2911 3531 189
2945 3459 3098 3530 191
3145 3459 3285 3513 inter
3317 3459 3479 3513 Asam
3519 3456 3673 3512 Iuda:

2092 3570 2292 3619 regem,
2327 3564 2379 3607 et
2407 3554 2669 3607 Baasbaut
2707 3553 2926 3606 lsraelis
2958 3565 3134 3616 regem
3168 3549 3480 3604 aecidernnt
3509 3549 3668 3603 bella.

2162 3643 2459 3698 lnvadcute
2512 3655 2690 3697 autem
2752 3644 2964 3697 Baasha
3023 3643 3242 3696 lsraelis
3295 3657 3419 3710 rege
3469 3649 3670 3694 terram

2089 3735 2263 3798 Judze,
2297 3737 2597 3804 urbemque
2631 3736 2796 3787 flama
2823 3745 3165 3798 cxstruente,
3194 3736 3362 3788 multa
3393 3733 3541 3787 misit
3566 3733 3674 3787 Asa

2091 3827 2154 3880 ad
2181 3825 2389 3890 lladad,
2416 3825 2648 3880 Jazaelis
2675 3825 2862 3888 tiliu-n,
2896 3826 3144 3880 Damasci
3177 3840 3380 3893 regem,
3419 3839 3667 3881 munem.

2093 3931 2396 3984 omnesque
2430 3930 2570 3985 quos
2613 3915 2761 3969 domi
2799 3930 2911 3967 suae
2945 3915 3136 3968 habuit
3168 3915 3309 3976 auri,
3341 3918 3572 3984 argenti,
3614 3929 3674 3966 ac

2094 4023 2426 4080 gemmarum
2470 4007 2784 4066 thesauros,
2834 4021 2992 4074 opem
3043 4006 3109 4060 ab
3155 4007 3274 4075 ipso
3309 4017 3500 4060 contra
3536 4007 3672 4059 Baa-

2095 4105 2271 4163 sham,
2304 4100 2522 4156 lsraelis
2549 4115 2728 4170 regem
2771 4107 3001 4168 petens;
3037 4112 3206 4165 quare
3243 4098 3388 4151 tnisit
3416 4099 3518 4167 ipsi
3565 4097 3673 4150 Ila-

2094 4193 2449 4248 dadJazaelis
2472 4194 2637 4255 filius,
2672 4194 2976 4248 exercitum
3005 4206 3259 4262 maguum
3284 4189 3338 4243 in
3373 4189 3672 4250 auxilium;

2093 4302 2331 4356 quocum
2366 4300 2620 4355 egressus
2647 4285 2836 4338 urbem
2873 4283 3104 4336 fontium
3138 4293 3190 4336 et
3227 4281 3343 4348 Bal,
3381 4281 3674 4344 omniaque

2097 4377 2418 4444 repositoria
2456 4387 2766 4445 terramque
2802 4375 3116 4444 Naphtalim
3157 4375 3475 4427 universam
3515 4375 3670 4426 deva-

2032 4479 2072 4532 Ι)
2103 4471 2284 4525 slavit.
2319 4468 2472 4535 Quod
2497 4485 2620 4522 cum
2655 4469 2918 4522 audiisset
2950 4467 3184 4528 Baasha,
3215 4465 3430 4520 lsraelis
3461 4480 3576 4522 rex.
3609 4467 3674 4516 alt

2102 4557 2420 4611 aediﬁcanda
2456 4554 2624 4609 [lauta
2672 4557 2948 4611 desistens
2998 4555 3212 4611 Tirsam
3249 4570 3508 4609 reversus
3552 4566 3673 4614 θείς

2107 4648 2209 4701 Λετι
2264 4657 2448 4699 autem
2503 4647 2659 4701 .l'udve
2715 4663 2834 4714 rex,
2892 4645 3250 4716 comportatis
3303 4645 3575 4715 lapidibus
3623 4656 3679 4700 et

2105 4740 2264 4806 lignis
2310 4740 2512 4807 quibus
2563 4739 2786 4791 [tantam
2821 4747 3104 4793 exstruere
3152 4741 3398 4792 voluerat
3447 4740 3676 4802 Baasha,

2106 4831 2320 4885 lsraelis
2358 4845 2474 4890 rex,
2524 4831 2590 4883 iis
2630 4845 2822 4884 omnes
2866 4845 3022 4883 arces
3066 4846 3130 4884 ac
3170 4831 3389 4885 castella
3435 4832 3486 4885 in
3536 4842 3675 4885 terra

2106 4921 2456 4991 Benjamitica
2485 4923 2773 4976 exstruxit.
2801 4922 3115 4992 Contraque
3141 4925 3315 4992 ipsum
3344 4938 3466 4977 cum
3493 4937 3678 4990 egres-

2105 5030 2198 5068 sus
2241 5023 2386 5068 essrt
2429 5013 2628 5076 Zarah,
2681 5014 3036 5068 Cushaeorum
3091 5015 3206 5085 (qui
3262 5023 3395 5069 sont
3433 5013 3675 5081 Nigritte)

2107 5121 2222 5170 rex,
2250 5119 2373 5158 cum
2404 5104 2668 5158 militibus
2692 5104 2889 5159 millies
2921 5106 3090 5169 mille.
3116 5121 3414 5160 occurrens
3443 5105 3543 5172 ipsi
3573 5108 3676 5158 Asa

2105 5195 2260 5249 Juth
2297 5209 2390 5248 rex
2424 5209 2546 5247 cum
2596 5197 2857 5250 trecentis
2903 5197 2970 5250 de
3003 5195 3140 5250 Juda
3194 5195 3479 5254 militibus,
3525 5204 3578 5247 et
3615 5196 3678 5255 de

2107 5289 2424 5356 Benjamine
2458 5288 2852 5358 quinquaginta
2887 5288 3106 5343 duobus
3140 5287 3404 5347 millibus,
3442 5284 3679 5355 Nigritm

2109 5383 2159 5435 in
2209 5381 2391 5451 fugam
2436 5380 2730 5444 convertit,
2776 5396 2968 5449 magna
3001 5382 3242 5449 ipsorum
3285 5386 3468 5447 strage
3511 5379 3678 5439 edita,

2106 5475 2393 5544 captisque
2427 5489 2548 5544 quae
2582 5487 2769 5528 secum
2813 5470 3074 5525 attulerat
3105 5469 3388 5525 omnibus.
3430 5467 3676 5524 Mortuus

2107 5574 2284 5621 autem
2322 5566 2552 5629 Baasha,
2596 5562 2819 5618 lsraelis
2861 5578 2977 5623 rex,
3017 5561 3070 5615 in
3103 5560 3261 5615 Tirsa
3297 5561 3538 5632 sepultus
3572 5572 3676 5616 est.

2106 5658 2233 5712 Post
2282 5674 2442 5728 quem
2498 5661 2550 5712 in
2608 5657 2882 5712 lsraelitas
2934 5655 3148 5709 duobus
3197 5655 3358 5710 anuis
3411 5657 3463 5708 in
3519 5656 3676 5710 Tirsa

2109 5753 2354 5824 regnavit
2401 5751 2544 5805 filius
2585 5751 2754 5818 ipsius
2796 5748 2905 5813 Eia,
2952 5748 3113 5817 idque
3161 5763 3306 5804 anno
3349 5749 3492 5816 Asm,
3539 5748 3677 5816 regis
