4034 6214
375 157 473 221 951

1387 165 1758 228 EUTYCHH
1799 169 2332 235 ALEXANDRINI
2376 178 2594 242 PATR.

3507 191 3612 252 952

338 291 541 357 φασιν,
577 293 839 350 vicesimo
880 306 1054 351 εεκιο,
1103 297 1212 352 Eia,
1258 307 1437 352 autem
1477 299 1633 368 192
1669 301 1943 355 exercitus
1984 285 2026 336 A
2061 287 2332 354 Ahabum,
2389 307 2590 363 regem
2623 296 2862 361 lsraelis,
2911 297 3054 353 Elias
3111 303 3398 368 propheta,
3435 303 3612 369 ipsum

371 383 622 452 princeps
652 386 751 438 l'uit
788 388 956 448 Omri,
989 389 1080 455 qui
1119 389 1268 442 Ela'n
1298 392 1528 442 adortus
1570 392 1744 458 ipsum
1776 392 1944 444 inter-

373 473 519 540 fecit,
579 493 793 548 unaque
845 490 1008 534 totam
1060 481 1302 544 Baashm,
1341 483 1484 550 regis
1530 483 1772 547 lsraelis,
1823 499 1946 552 pro-

373 569 605 637 sapiam.
638 571 802 625 Erant
835 572 986 644 [tunc
1023 575 1310 644 temporis]
1343 576 1603 630 lsraelitae
1631 579 1945 646 congregati

375 662 428 713 in
475 661 743 717 Gibethon
796 667 861 717 ad
906 667 1105 719 bellum
1159 669 1478 736 alienigenis
1531 667 1946 742 [inferendum],

375 769 633 820 quorum,
670 772 794 810 cum
829 757 897 811 de
930 759 1075 811 cattle
1126 759 1231 811 Ehe
1268 761 1409 827 regis
1446 762 1530 812 sui
1565 763 1811 814 nuntitttn
1861 777 1951 814 ac-

376 848 673 916 cepissent,
731 851 1020 902 voluerunt
1074 851 1240 916 aliqui
1293 860 1349 901 nt
1403 867 1568 918 regno
1615 853 1951 918 praeﬁCerent

379 937 513 1005 ipsis
559 936 750 1003 Omri;
801 940 889 992 alii
943 940 1128 1001 Tibtti.
1176 943 1428 996 Cainalhi
1487 943 1677 1006 ﬁlium,
1729 944 1830 998 sibi
1884 945 1949 996 ad

381 1027 540 1082 breve
586 1033 848 1098 temporis
895 1035 1129 1100 spatium
1171 1034 1530 1101 prlefecernnt
1577 1051 1590 1088 :
1629 1045 1751 1102 post
1784 1035 1951 1103 quod,

381 1129 598 1174 mortuo
636 1122 820 1186 Tibni,
877 1125 1128 1192 regnavit
1180 1125 1230 1176 in
1287 1124 1542 1178 lsraelem
1582 1125 1733 1180 Omri
1782 1141 1954 1182 annos

380 1211 690 1276 duodecim,
719 1214 878 1282 idque
903 1230 1045 1268 anno
1077 1216 1224 1283 regni
1259 1218 1400 1274 Asm,
1444 1219 1586 1284 regis
1611 1217 1789 1276 .lndze.
1810 1219 1957 1270 vice,-

383 1304 525 1359 simo
552 1306 816 1375 septimo;
853 1323 1081 1375 quorum
1122 1324 1214 1362 sex
1249 1310 1299 1361 in
1325 1310 1480 1362 Tirsa
1515 1311 1775 1378 regnavit,
1811 1309 1959 1380 [qui-

385 1394 508 1467 bus]
541 1407 591 1450 et
634 1397 821 1452 urbem
870 1399 1114 1453 condidit
1149 1416 1311 1468 quam
1356 1401 1643 1469 appellavit
1686 1401 1860 1464 (iniri,
1904 1401 1956 1453 in

386 1497 569 1544 montc
607 1488 837 1556 Samer;
881 1506 974 1546 sex
1016 1493 1074 1546 in
1127 1492 1393 1548 Samaria.
1444 1491 1646 1546 Deinde
1689 1501 1959 1556 mortuus,

2053 384 2340 452 increpans
2376 403 2390 439 :
2425 386 2568 442 Cave
2599 388 2821 457 (inquit)
2845 385 3080 443 Nabothi
3108 391 3318 445 hortum
3354 394 3615 463 accipias,

2054 485 2148 530 aut
2174 481 2238 534 ad
2281 481 2455 548 ipsum
2493 486 2920 551 approplnqnes.
2955 481 3127 540 Iratus
3158 486 3370 540 scilicet
3399 498 3484 542 est
3517 488 3614 540 tibi

2056 570 2341 628 Dominus.
2380 582 2492 625 tum
2529 578 2670 640 quod
2704 573 2843 627 idola
2895 577 3065 636 colas,
3099 585 3209 630 tum
3255 578 3395 645 quod
3447 577 3618 632 Izebel

2056 672 2308 715 uxortua
2344 663 2651 720 Nabothum
2689 667 2891 734 injuste
2937 668 3236 732 occiderit;
3296 679 3617 738 potestatem

2054 768 2185 823 ergo
2238 757 2502 811 concedet
2557 759 2822 812 Dominus
2876 760 2927 813 in
2989 768 3062 824 te,
3121 770 3172 814 et
3230 761 3281 813 in
3339 761 3620 821 lzehclem,

2057 844 2222 918 {alii]
2253 848 2424 915 quiet
2460 860 2512 901 te
2564 860 2616 904 et
2664 851 2835 918 ipsam
2893 852 3204 906 interﬁciet.
3257 852 3413 906 Ahab
3462 853 3624 922 igitur

2057 955 2176 1002 rex,
2227 941 2416 994 audito
2473 941 2602 996 Eliae
2649 959 2926 1010 sermone,
2981 944 3347 1013 perterritus.
3407 945 3619 997 hortum

2058 1033 2321 1097 deseruit,
2353 1049 2454 1088 nec
2489 1036 2553 1089 ad
2591 1037 2767 1106 ipsum
2804 1039 3060 1092 accessit.
3090 1038 3157 1091 At
3191 1038 3390 1101 Izehel,
3437 1039 3625 1091 auditu

2064 1125 2233 1180 Eliam
2277 1129 2594 1198 prophetam
2646 1146 2828 1200 regem
2869 1129 3152 1198 impediise
3181 1145 3247 1183 ne
3283 1130 3501 1182 hortum
3533 1146 3624 1181 ac-

2064 1220 2292 1288 ciperet,
2357 1221 2507 1275 misit
2563 1233 2685 1289 post
2738 1237 2860 1274 eum
2913 1221 3006 1290 qui
3062 1221 3240 1289 ipsum
3297 1219 3626 1272 occiderent.

2066 1311 2313 1367 Metuens
2347 1327 2478 1381 ergo
2509 1315 2575 1367 ab
2608 1314 2721 1383 ipsa
2764 1315 2907 1367 Elias
2957 1312 3245 1366 Dominum
3288 1311 3510 1379 supplex
3547 1326 3630 1360 ro-

2064 1404 2212 1469 gavit
2243 1419 2311 1457 ne
2333 1404 2384 1458 in
2420 1413 2618 1456 terram
2659 1405 2898 1471 pluviam
2932 1403 3273 1464 dimitteret;
3308 1402 3424 1466 ipse
3450 1410 3626 1453 autem

2070 1509 2163 1561 per
2189 1493 2447 1549 .lordanis
2502 1495 2734 1547 conﬁnia
2782 1495 2833 1547 in
2879 1502 3114 1546 montem
3168 1490 3347 1545 lioreb
3394 1491 3506 1558 (qui
3549 1501 3628 1539 est

386 1580 646 1636 Samaria
673 1586 921 1654 sepultus
965 1596 1068 1641 est.
1112 1585 1242 1640 Post
1278 1589 1455 1652 ipsum
1509 1587 1560 1639 in
1597 1585 1876 1644 lsraelem.
1908 1586 1960 1638 itt
1998 1612 2040 1669 Β
2071 1603 2227 1640 mons
2259 1587 2416 1653 Sina)
2457 1586 2695 1655 fugiens,
2725 1587 2799 1639 ibi
2840 1586 2890 1637 in
2924 1584 3086 1638 fontis
3129 1585 3320 1638 ﬁssura
3353 1579 3634 1636 habitam.

386 1673 660 1742 Samaria,
687 1680 933 1746 regnatit
976 1679 1120 1733 ﬁlius
1153 1680 1322 1747 ipsius
1361 1679 1536 1738 Ahab.
1573 1694 1745 1732 annos
1778 1678 1965 1744 viginti

389 1781 577 1832 unum,
612 1767 775 1836 idque
813 1786 957 1822 anno
988 1772 1136 1840 regni
1168 1773 1286 1823 Asre
1323 1771 1466 1839 regis
1499 1769 1648 1824 Judze
1691 1771 1969 1825 tricesimo

391 1869 604 1914 octavo.
637 1859 877 1915 Aﬁ‘eetns
909 1869 991 1914 est
1015 1870 1196 1914 autem
1232 1861 1358 1921 Asa,
1385 1877 1504 1915 cum
1543 1864 1839 1926 senuisset,
1873 1879 1970 1931 po-

391 1953 559 2020 dagra
591 1971 607 2018 ;
637 1967 737 2006 nec
764 1952 928 2006 desiit
959 1955 1011 2005 in
1045 1953 1446 2021 tranquillitate
1477 1964 1530 2007 et
1562 1969 1694 2022 pace
1725 1970 1969 2021 regnare.

395 2042 529 2111 Ejus
560 2053 806 2113 tempore
841 2045 1236 2114 prophetarum
1267 2045 1500 2110 "auaui,
1535 2057 1586 2100 ct
1617 2046 1761 2100 ﬁlius
1793 2047 1972 2115 ipsius

395 2135 558 2202 Jchn,
589 2152 801 2190 net-non
845 2137 1062 2201 Azaria,
1098 2136 1265 2191 Ohedi
1311 2140 1475 2204 filius,
1513 2139 1806 2207 pl‘ttpitelze.
1836 2140 1970 2192 Cum

398 2228 631 2284 obiisset
668 2239 847 2283 autem
879 2229 1008 2293 Asa,
1051 2229 1203 2283 Judtc
1237 2247 1352 2292 rex,
1391 2232 1442 2283 in
1473 2235 1552 2283 ttrl
1576 2247 1604 2283 e
1638 2230 1855 2284 Davidis
1886 2248 1973 2285 se-

399 2319 584 2388 pultus
620 2331 724 2374 est.
776 2320 907 2398 Post
939 2322 1116 2390 ipsum
1151 2323 1203 2374 in
1237 2322 1428 2375 Judam
1467 2321 1860 2390 Hierosolymis
1893 2338 1978 2375 re-

399 2412 585 2479 gnavit
621 2412 769 2466 ﬁlius
803 2410 1108 2480 Joshaphat
1146 2410 1320 2466 annos
1363 2421 1524 2467 natus
1563 2415 1781 2484 triginta
1816 2414 1975 2480 quin-

401 2522 548 2572 que;
605 2505 960 2574 regnavitque
1007 2520 1183 2560 annos
1234 2505 1423 2574 viginti
1471 2505 1755 2574 quinque;
1813 2507 1978 2575 idque

402 2614 546 2652 anno
579 2597 725 2667 regni
766 2597 958 2660 Ahabi,
1003 2597 1144 2665 regis
1181 2597 1394 2650 lsraelis
1425 2639 1437 2660 ,
1477 2608 1695 2665 quarto.
1739 2596 1978 2664 lnelytns

407 2696 587 2739 autent
620 2687 794 2741 evasit
830 2702 920 2739 rex
957 2685 1279 2754 Joshaphat,
1311 2685 1622 2754 opibusque
1651 2696 1700 2739 et
1736 2687 1975 2741 exercitu

407 2777 638 2843 pollens.
697 2776 1048 2847 193-195
1103 2775 1233 2845 Ejus
1293 2786 1537 2843 tempore
1589 2778 1981 2846 prophetarum

409 2867 583 2920 Micha
629 2868 759 2925 Ehe.
805 2866 942 2920 .lchu
990 2865 1222 2930 llanani,
1263 2865 1478 2918 Eliazar
1522 2866 1754 2936 Dudayte
1791 2869 1978 2933 ﬁlius;

2071 1696 2100 1730 e
2133 1694 2238 1746 qua
2271 1688 2324 1732 et
2371 1694 2565 1744 aquam
2617 1679 2778 1740 bibit,
2837 1693 3002 1730 corvo
3054 1676 3157 1745 ipsi
3207 1674 3445 1742 quotidie
3485 1688 3641 1724 mane

2076 1786 2296 1834 panem.
2348 1769 2561 1837 vesperi
2619 1785 2841 1822 carnem
2905 1783 3066 1834 quam
3124 1765 3309 1819 ederet
3363 1763 3638 1814 aﬂ'erente.

2074 1863 2195 1916 Fuit
2230 1875 2415 1917 autem
2451 1863 2596 1915 [ﬁlias
2623 1863 2883 1930 propheta
2924 1862 3065 1913 ﬁlius
3096 1858 3274 1920 Arba',
3303 1856 3596 1909 Gileadites
3625 1869 3639 1905 :

2075 1955 2285 2009 Arabes
2320 1956 2496 2022 ipsum
2533 1954 2773 2007 Alchadr
2799 1953 3092 2020 appellant.
3143 1949 3278 2004 Cum
3313 1957 3491 2000 autem
3511 1955 3652 2023 post

2077 2052 2194 2105 dies
2230 2051 2434 2118 aliqua!
2465 2050 2722 2103 deﬁceret
2755 2065 2782 2102 e
2810 2049 2952 2100 clivo
2986 2063 3150 2114 aqua,
3186 2043 3462 2112 prolectus
3507 2038 3652 2091 Elias

2077 2143 2343 2212 propheta
2406 2142 2470 2195 ad
2528 2143 2717 2194 urbem
2779 2140 3126 2208 Sarephiah,
3181 2136 3423 2196 Sidonis,
3474 2132 3656 2186 vidum

2078 2236 2293 2311 cuidam
2349 2236 2492 2303 ligna
2535 2236 2812 2303 colligenli
2863 2233 3142 2295 occurrit;
3192 2246 3220 2284 a
3265 2245 3372 2298 qua
3419 2241 3543 2279 eum
3597 2234 3652 2275 nt

2080 2324 2183 2392 ipsi
2237 2327 2418 2378 cibum
2472 2338 2771 2392 potumque
2827 2320 3204 2392 197-199
3254 2320 3518 2386 praeberet
3554 2335 3658 2383 pc-

2080 2419 2278 2480 tiisset,
2319 2419 2436 2486 ipsa
2467 2417 2622 2468 illum
2675 2416 2897 2467 domum
2937 2429 3090 2468 suam
3140 2412 3365 2464 deduxit
3417 2411 3507 2463 ubi
3554 2414 3659 2479 ipsi

2081 2511 2275 2564 farinre
2319 2521 2481 2576 atque
2510 2510 2614 2560 olei
2648 2507 2990 2571 aliquanttt-u
3021 2505 3142 2564 fuit,
3188 2519 3217 2555 e
3251 2519 3361 2571 quo
3392 2519 3516 2555 eum
3552 2504 3657 2570 ipsi

2080 2617 2278 2670 panem
2333 2600 2756 2653 subrineritinm
2794 2609 3068 2666 parasset,
3122 2597 3197 2649 illi
3254 2609 3474 2663 unaque
3535 2595 3664 2647 liliis

2087 2694 2202 2746 suis
2245 2692 2515 2746 edendum
2552 2691 2804 2760 prtehnit.
2845 2689 3207 2743 Denedicente
3255 2703 3384 2754 ergo
3417 2688 3531 2740 Elia
3584 2686 3664 2738 fa-

2089 2787 2220 2840 rina:
2273 2787 2488 2855 oleique
2523 2786 2690 2847 vasis,
2735 2784 3010 2852 impletum
3066 2790 3148 2836 est
3174 2781 3361 2835 farinae
3409 2796 3504 2834 vas
3536 2779 3661 2832 fari.

2090 2891 2176 2933 na,
2205 2874 2310 2927 olei
2337 2874 2479 2927 oleo.
2518 2870 2840 2937 Aigrotante
2895 2869 3095 2923 deinde
3146 2869 3318 2920 vidum
3361 2867 3470 2920 ﬁlio
3526 2866 3667 2918 adeo

408 2959 640 3024 Ohadia,
676 2958 788 3012 Elia
825 2959 940 3026 (qui
971 2959 1257 3012 Al-(Zhadr
1287 2964 1418 3029 est),
1451 2971 1501 3013 et
1541 2962 1712 3028 ipsius
1745 2961 1982 3029 (lisciptt-
2012 2967 2057 3029 α
2093 2976 2205 3019 uta
2243 2981 2417 3020 morte
2471 2981 2639 3034 prope
2685 2964 2924 3026 abesset,
2982 2978 3106 3016 cum
3153 2961 3485 3029 supplicaret
3547 2959 3664 3012 Elia

413 3047 497 3102 ltts
533 3051 742 3106 Elisha.
781 3049 903 3104 Fuit
937 3050 1127 3104 eodem
1179 3065 1423 3120 tempore
1449 3051 1610 3104 etiam
1657 3056 1978 3119 pseudopro-

414 3145 572 3213 pheta
606 3144 824 3198 nomine
863 3142 1117 3208 Sedekia,
1148 3142 1461 3198 Chanaanaa
1502 3143 1664 3195 ﬁlius.
1708 3143 1861 3196 Ahah
1895 3159 1988 3194 au-

413 3247 544 3297 tem.
579 3236 799 3290 lsraelis
851 3251 967 3300 rex,
1001 3251 1228 3290 uxorem
1282 3237 1437 3288 duxit
1483 3237 1704 3288 nomine
1739 3234 1990 3295 lzhelcttt,

414 3327 722 3392 'l‘halmani,
775 3328 914 3398 regis
954 3326 1199 3390 Sidonis,
1250 3326 1456 3388 ﬁliam;
1505 3326 1704 3377 struxit
1752 3324 1910 3375 etia'u
1940 3324 1990 3375 in

417 3419 662 3473 Samaria
716 3420 1000 3486 templum,
1056 3419 1108 3471 in
1165 3433 1274 3486 quo
1326 3418 1558 3485 positum
1609 3415 1809 3467 idolum
1869 3416 1993 3466 Bacl

423 3513 619 3566 coluit.

494 3605 664 3658 Porro
722 3603 894 3657 Ahabi
955 3604 1096 3670 regis
1150 3601 1366 3656 Israel-is
1431 3609 1694 3666 tetupore,
1753 3599 1996 3652 Israelita

422 3695 643 3762 quidam
681 3693 802 3756 fuit,
837 3695 1057 3746 nomine
1083 3693 1318 3754 Nabotlt,
1341 3691 1427 3746 cui
1462 3693 1654 3744 hortus
1710 3691 1996 3743 aduiodunt

423 3788 644 3856 elegans
702 3785 827 3846 fuit,
886 3802 1045 3856 quem
1095 3801 1218 3840 cum
1267 3792 1496 3851 cuperet
1557 3799 1650 3837 rex
1705 3783 1879 3842 Ahab.
1933 3781 1997 3834 ad

427 3877 736 3932 Nabuthnm
785 3878 1032 3940 mittens,
1088 3886 1147 3929 nt
1193 3875 1298 3931 sibi
1328 3876 1482 3929 illum
1516 3875 1775 3928 venderet
1825 3874 1999 3942 petiit,

430 3981 617 4039 utpote
651 3970 861 4023 a-dihus
889 3971 1007 4024 suis
1042 3968 1304 4023 vicinum.
1366 3966 1608 4035 Negante
1641 3965 1910 4028 Nabmho,
1941 3981 2003 4016 ac

434 4066 696 4118 dicente:
737 4064 940 4117 llortus
981 4063 1082 4116 iste
1115 4061 1244 4114 mihi
1281 4059 1628 4114 liacreilitario
1657 4058 1780 4125 jure
1831 4073 1858 4109 a
1912 4071 2004 4123 pa-

431 4159 609 4213 tribus
649 4167 813 4226 atque
861 4154 979 4208 avis
1022 4152 1265 4215 obvenit,
1317 4151 1550 4219 ideoque
1602 4150 1779 4216 ipsum
1832 4162 2004 4214 neque

435 4248 689 4312 vendam,
722 4262 900 4314 neque
927 4245 1072 4298 dono
1120 4243 1285 4304 dabo.
1319 4240 1456 4295 Cum
1487 4255 1628 4308 agre
1683 4239 1785 4291 hoc
1839 4237 2006 4289 ferret

2098 3059 2350 3122 Domino,
2392 3059 2622 3111 salutem
2659 3057 2732 3111 illi
2770 3055 3047 3109 concessit
3082 3054 3224 3105 Deus
3270 3061 3328 3104 nt
3362 3053 3589 3105 viveret.

2167 3151 2391 3204 Exactis
2443 3158 2632 3217 postea
2693 3147 2870 3201 tribus
2921 3145 3080 3199 annis
3141 3154 3191 3197 et
3235 3159 3327 3198 sex
3381 3143 3667 3194 mensibus

2095 3242 2378 3313 profectus
2424 3240 2539 3292 Elia
2592 3238 2855 3308 propheta
2907 3237 3156 3290 Ababnm
3215 3250 3391 3303 regem
3453 3231 3672 3286 lsraelis

2098 3335 2276 3404 petiit,
2329 3348 2439 3402 quo
2491 3340 2604 3384 toto
2659 3330 2922 3400 temporis
2973 3329 3150 3397 spatio
3213 3341 3318 3379 non
3372 3324 3672 3377 demiserat

2100 3426 2301 3479 cmlum
2342 3425 2604 3493 pluviam.
2639 3422 2775 3474 adeo
2811 3428 2868 3472 ut
2900 3435 3011 3488 prze
3042 3417 3205 3471 famis
3241 3425 3293 3467 et
3342 3414 3463 3468 sitis
3506 3415 3668 3467 vehe-

2101 3519 2302 3572 mentia
2351 3523 2696 3569 morerentur
2730 3513 3003 3567 homines.
3063 3509 3195 3563 Dum
3243 3509 3408 3577 igitur
3440 3506 3666 3566 Obadia,

2099 3607 2274 3660 Ahabi
2330 3604 2649 3674 deputatus,
2706 3601 2773 3653 ad
2832 3597 3180 3669 quaerendam
3246 3611 3442 3665 aquam
3506 3593 3671 3646 valles

2105 3698 2389 3761 rircuiret,
2441 3710 2570 3750 ecce
2602 3694 2844 3747 occurrit
2895 3691 2994 3758 ipsi
3045 3688 3182 3749 Elia,
3232 3704 3390 3752 qurnt
3433 3701 3555 3739 cum
3606 3687 3672 3735 ad

2103 3789 2357 3842 Ahabum
2409 3785 2752 3844 deduxisset,
2800 3781 2938 3832 dixit
2987 3780 3088 3848 ipsi
3141 3779 3294 3832 Ahab
3349 3793 3438 3830 rex
3473 3793 3486 3828 :
3518 3774 3672 3826 Tune

2107 3882 2307 3936 coelum
2343 3876 2639 3931 cohilmisti
2676 3889 2741 3926 ne
2773 3889 2868 3940 per
2904 3883 3077 3925 tetnm
3107 3871 3208 3922 hoc
3242 3868 3504 3935 temporis
3548 3881 3678 3931 spa-

2107 3977 2242 4027 tium
2296 3969 2544 4041 plueret?
2578 3967 2676 4019 lTni
2739 3964 3017 4033 respondit
3075 3961 3186 4014 Elia
3239 3961 3500 4027 propheta
3545 3955 3676 4010 :Tn

2110 4069 2311 4122 callum
2349 4079 2416 4117 ne
2447 4063 2660 4131 plueret
2690 4056 2980 4112 cohibuisti
3018 4053 3159 4106 idola
3177 4051 3426 4116 colendo,
3459 4061 3509 4101 et
3533 4048 3682 4100 ca‘de

2111 4158 2402 4218 immerita,
2439 4169 2545 4223 qua
2586 4167 2719 4204 uxor
2743 4160 2833 4204 tua
2869 4146 3040 4200 lzcbel
3090 4143 3398 4199 Nabothum
3435 4139 3680 4199 sustulit,

2117 4266 2217 4305 nec
2275 4265 2380 4302 non
2449 4245 3044 4314 pseudoprophetarum
3104 4250 3412 4291 sermonem
3471 4232 3678 4298 amplc-

435 4340 589 4400 Ahab
617 4339 756 4394 adeo
783 4351 840 4392 ut
868 4337 947 4390 ira
976 4347 1027 4391 et
1063 4336 1253 4388 dolore
1288 4332 1615 4395 adiceretur,
1657 4331 1904 4399 ingressa
1937 4343 1983 4381 at

2112 4340 2331 4394 ctendo.
2357 4336 2695 4391 Convocavit
2734 4333 2898 4401 igitur
2951 4330 3106 4383 Ahab
3139 4344 3231 4380 rex
3267 4339 3459 4378 omnes
3512 4321 3684 4375 Israe-

436 4438 611 4499 ipsum
646 4432 788 4488 lzbcl
827 4446 966 4483 uxor
998 4429 1137 4481 dixit
1172 4444 1184 4479 :
1216 4425 1353 4491 Quid
1379 4425 1485 4478 hoc
1528 4425 1605 4477 rei
1639 4433 1724 4475 est
1753 4422 1900 4490 quod
1955 4429 2006 4473 te

440 4537 696 4580 tumstum
761 4540 823 4575 ac
891 4523 1100 4576 tristem
1182 4515 1564 4580 conSpiciam?
1622 4513 2009 4582 Respondente

442 4620 578 4670 illo:
615 4615 750 4669 Cum
804 4629 832 4666 a
888 4611 1141 4666 Nabutho
1184 4608 1430 4677 petierim
1481 4615 1541 4658 ut
1592 4605 1723 4657 mihi
1793 4605 2007 4654 hortum

440 4707 720 4770 venderet,
759 4714 920 4772 atque
955 4703 1045 4754 ille
1080 4699 1381 4767 negaverit,
1416 4700 1516 4750 hoc
1546 4711 1631 4748 me
1681 4694 1818 4747 male
1849 4694 2012 4745 habet

441 4799 587 4866 quod
622 4811 708 4850 me
741 4794 1027 4864 repulerit,
1073 4807 1250 4859 neque
1283 4790 1428 4858 quod
1473 4788 1617 4840 volui
1671 4787 2006 4853 praestiterit.

449 4894 679 4962 Egi-ossa
711 4904 839 4957 ergo
871 4885 1013 4940 lzbcl
1064 4883 1134 4937 ab
1185 4883 1376 4935 Ahabo
1429 4895 1574 4945 rege,
1638 4877 2010 4931 lsraelitarnm

447 4982 798 5052 quibusdam,
831 4978 922 5047 qui
956 4977 1056 5045 ipsi
1106 4973 1484 5029 contradicere
1542 4974 1836 5030 nescirent,
1884 4981 2015 5020 con-

447 5076 679 5138 vocatis,
704 5074 844 5127 dixit
872 5067 1304 5125 :Testimonium
1329 5064 1460 5117 mihi
1489 5071 1676 5115 contra
1709 5059 2013 5112 Nabothum

449 5167 760 5240 perhibeto,
788 5166 965 5234 ipsum
1001 5161 1168 5213 Deum
1201 5160 1523 5226 abnegasse.
1569 5162 1624 5206 et
1657 5151 1789 5205 Mosi
1828 5149 2008 5202 convi-

448 5238 650 5319 ciatum
676 5273 834 5318 esse;
875 5255 1019 5324 quod
1053 5266 1176 5305 cum
1212 5250 1289 5302 illi
1327 5250 1378 5302 in
1419 5245 1580 5315 196
1612 5245 1787 5312 ipsum
1836 5238 2018 5293 testati

449 5364 662 5419 essent,
693 5353 847 5419 jussu
881 5347 1074 5401 lzbelis
1103 5343 1374 5412 lapidatus
1414 5349 1524 5401 est,
1563 5336 1700 5389 adeo
1728 5343 1784 5387 ιιι
1843 5347 2021 5384 more-

454 5457 627 5499 retur.
659 5443 797 5497 Tum
826 5442 1072 5510 ingressa
1127 5436 1194 5490 ad
1228 5433 1506 5492 Ahabum,
1556 5443 1740 5498 regem
1785 5424 2021 5487 lsraelis,

455 5534 631 5588 lzebel
669 5553 684 5587 :
720 5534 798 5586 ΝΘ
840 5530 1064 5602 angaris
1097 5529 1344 5599 (inquit),
1382 5520 1556 5578 occidi
1613 5518 1882 5588 siquidem
1919 5511 2026 5566 Na-

456 5627 723 5691 botlnnu;
755 5626 942 5697 accipe
972 5639 1102 5695 ergo
1156 5624 1397 5677 hortum.
1449 5615 1730 5672 Accedens
1773 5626 1904 5679 ergo
1959 5605 2026 5660 ad

2115 4437 2264 4495 litas,
2322 4445 2537 4494 unaque
2594 4442 2783 4479 omnes
2839 4421 3366 4492 pseudoprophetas.
3443 4414 3686 4467 Fuerunt

2115 4515 2308 4580 antctn‘
2357 4521 2489 4575 idoli
2543 4519 2716 4572 Baulis
2771 4516 3054 4583 propheta:
3110 4507 3493 4579 quadringenti
3526 4505 3690 4572 quin-

2115 4616 2372 4688 quaginta
2403 4616 2485 4667 vel
2522 4612 2709 4682 |juxta
2748 4607 2895 4660 aliud
2947 4604 3244 4670 exemplar,
3299 4597 3686 4667 quadringenti

2117 4707 2430 4778 octoginta]
2484 4715 2529 4757 et
2584 4703 2864 4767 prophetze
2923 4699 3132 4750 Astera:
3165 4694 3306 4763 (qua:
3347 4692 3524 4759 palma
3571 4698 3694 4739 erat

2119 4777 2280 4872 quam
2308 4777 2579 4864 colebant)
2616 4793 2777 4863 200
2802 4786 3210 4860 quadringenti.
3238 4783 3382 4836 Dixit
3413 4795 3542 4846 ergo
3575 4777 3692 4829 Elia

2121 4887 2612 4958 pseudoprophetis
2649 4901 2663 4937 :
2701 4882 2867 4933 Binos
2914 4890 3194 4931 smnanms
3231 4872 3521 4940 juveucos,
3557 4883 3698 4936 quo-

2124 5001 2239 5037 l‘ttltl
2301 4982 2534 5051 primum
2595 4992 2690 5028 vos
2742 4971 2897 5024 vobis
2965 4969 3231 5036 eligentes
3286 4971 3577 5016 mactatum
3635 4959 3692 5009 in

2125 5047 2461 5128 oblationem
2509 5068 2616 5120 diis
2649 5063 2846 5116 VeSIris
2905 5059 3113 5116 aﬁ‘erte,
3157 5069 3318 5122 quem
3380 5051 3424 5103 si
3476 5066 3506 5102 e
3554 5047 3696 5100 uelo

2125 5168 2388 5234 delapsus
2437 5159 2578 5228 ignis
2619 5150 3050 5219 consumpserit,
3100 5146 3338 5199 sriemus
3378 5154 3538 5192 veros
3572 5151 3700 5189 esse

2125 5259 2258 5310 deos
2288 5268 2534 5307 vestros:
2595 5248 2677 5300 sin
2728 5245 2932 5302 minus,
2975 5254 3074 5308 ego
3121 5237 3269 5290 Solus
3320 5233 3422 5285 hoc
3476 5229 3696 5286 faciam,

2127 5363 2239 5416 quo
2271 5339 2616 5410 cognosratis
2652 5351 2741 5389 vos
2777 5336 2828 5386 in
2871 5345 3059 5383 errore.
3105 5343 3248 5388 esse,
3281 5341 3367 5377 tne
3410 5323 3694 5372 veritatetn

2128 5437 2301 5506 sequi.
2345 5433 2678 5486 Prehcnsum
2735 5439 2865 5493 ergo
2921 5423 3215 5490 juveneum
3275 5430 3395 5466 cum
3463 5419 3698 5462 nia-tas-

2131 5539 2270 5590 sent,
2296 5528 2534 5593 deosque
2553 5535 2680 5576 suos
2710 5517 2918 5570 Baelcm
2954 5522 3288 5566 t'mlerusuuc
3337 5522 3364 5557 a
3421 5517 3575 5555 tuane
3630 5500 3694 5549 ad

2133 5633 2411 5685 vesperam
2455 5630 2628 5680 usque
2666 5615 3035 5667 iltV'tttllSSCItl,
3071 5605 3199 5657 nihil
3232 5600 3457 5655 omnino
3492 5595 3690 5645 [λεγειν
