4034 6214
389 290 495 350 953

1817 292 2186 352 ANNALES.

3529 291 3634 356 954

393 412 502 460 est.
535 401 646 456 Elia
679 416 814 472 ergo
849 404 1092 472 acceptis
1137 403 1426 460 duodecim
1469 379 1740 476 lapidibus
1791 407 1958 460 altare
1989 406 2030 457 Α
2063 405 2206 460 Dixit
2249 415 2430 460 autem
2470 407 2625 460 Ahab
2669 405 2990 475 Josapbato,
3040 405 3152 475 regi
3203 405 3356 459 Judze
3387 423 3400 458 :
3427 405 3630 462 Urbem

392 494 686 556 exstruxit,
725 495 872 549 circa
914 497 1055 565 quod
1111 496 1311 553 fossam
1339 497 1548 559 ellodit,
1577 499 1774 551 deinde
1822 488 1963 568 ligna

396 584 674 655 lapidibus
707 585 1015 654 imponens,
1056 587 1420 657 etjuvencum
1458 597 1758 642 mactatum
1801 605 1966 658 super

395 674 671 745 lapidibus
705 687 759 729 et
811 677 973 746 lignis
1026 693 1248 748 parans.
1312 679 1601 747 eidemque
1673 679 1959 734 duodecim

397 783 552 836 aqua:
602 766 825 837 hydrias
867 769 1298 838 superfundeus,
1345 772 1568 842 impleta
1605 773 1768 827 etiam
1819 772 1963 827 fossa

392 873 515 926 qua:
549 857 753 912 circum
784 857 954 912 altare
985 874 1148 928 aqua,
1171 861 1462 915 Dominum
1523 879 1682 917 suum
1714 879 1840 918 eum
1875 865 1962 918 in-

393 958 666 1014 vocasset,
697 950 1035 1006 descendens
1066 968 1096 1006 e
1129 953 1270 1006 cmlo
1325 955 1468 1021 ignis
1532 971 1776 1019 carnem,
1834 957 1966 1025 lapi-

391 1040 512 1106 des,
545 1051 601 1096 et
631 1057 824 1108 aquatn
850 1043 1153 1104 devoravit,
1188 1045 1326 1098 adeo
1372 1056 1429 1099 ut
1481 1048 1754 1116 ingentem
1800 1048 1961 1101 etiam

394 1133 446 1184 in
479 1141 624 1186 terra
659 1132 860 1187 fossam
895 1143 1156 1196 cavaret;
1202 1135 1351 1203 quod
1397 1136 1671 1190 lsraelitas
1724 1141 1776 1192 in
1845 1149 1963 1191 stu-

395 1239 579 1291 porem
622 1227 754 1293 egit.
806 1224 1189 1294 [interfecitque
1260 1228 1375 1282 Elia
1458 1231 1964 1299 pseudoprophetas

392 1317 598 1386 gladio.
633 1319 684 1370 in
716 1327 960 1372 torrente
988 1319 1179 1374 Kison.
1219 1321 1417 1374 Deinde
1471 1322 1755 1377 Dominum
1812 1323 1962 1377 invo-

392 1410 556 1468 cavit.
587 1424 696 1478 quo
750 1410 804 1464 in
855 1411 1005 1478 ipsos
1058 1412 1292 1480 pluviam
1345 1413 1706 1478 demittente,
1747 1417 1959 1469 sublata

393 1509 476 1555 est
505 1501 698 1569 pestis.
727 1501 902 1555 lzebel
958 1513 1158 1565 autem,
1188 1504 1359 1556 Ahabi
1389 1507 1531 1572 regis
1561 1507 1777 1562 lsraelis
1803 1525 1960 1572 uxor,

394 1593 580 1644 amlito
632 1593 761 1661 quid
799 1592 1296 1662 pseudoprophetis
1353 1595 1573 1650 fecisset
1623 1597 1763 1662 Elia,
1819 1600 1964 1652 misit

393 1684 456 1737 ad
491 1683 911 1753 ipsum,ca2dem
938 1684 1014 1737 illi
1050 1685 1448 1746 inter-minans;
1485 1689 1574 1756 qui
1607 1704 1737 1758 ergo
1764 1691 1830 1743 ab
1873 1693 1961 1745 illa

395 1785 640 1830 metuens
661 1775 889 1846 aufugit.
919 1775 1260 1830 Occurrente
1284 1778 1501 1832 interim
1532 1781 1630 1848 ipsi
1656 1779 1837 1836 Elisha
1868 1783 1958 1835 ,Ινι-

393 1864 640 1933 shaphati
665 1865 796 1927 ﬁlio,
811 1865 902 1934 qui
928 1866 1102 1919 bobus
1118 1867 1232 1920 suis
1249 1867 1602 1938 201-203
1621 1885 1758 1938 quas
1775 1887 1962 1938 pasce-

396 1957 485 2008 bat
505 1955 728 2014 relictis.
752 1956 920 2010 Eliam
937 1966 1184 2020 secutus,
1205 1956 1384 2012 factus
1407 1968 1492 2013 est
1516 1960 1613 2028 ipsi
1637 1962 1958 2031 discipulus.

465 2042 600 2097 Tum
669 2045 782 2098 Elin
849 2043 1061 2108 lladad,
1119 2045 1367 2100 Damasci
1436 2063 1550 2108 rex,
1615 2053 1961 2118 congregatis

393 2137 626 2191 subditis
678 2139 814 2197 suis.
849 2139 1174 2206 regibusque
1225 2139 1443 2207 triginta
1493 2141 1707 2196 duobus
1756 2145 1806 2196 in
1860 2161 1962 2198 au—

393 2230 580 2282 xilium
640 2231 868 2292 vocalis,
929 2246 1050 2282 cum
1111 2232 1340 2299 ingenti,
1403 2235 1604 2302 quique
1667 2251 1956 2288 numerum

390 2321 702 2384 excederet,
741 2324 979 2376 exercitu
1019 2323 1290 2390 profectus
1314 2333 1366 2376 et
1416 2329 1480 2376 ad
1504 2327 1697 2379 bellu'n
1736 2329 1947 2392 Ababo,

392 2414 612 2469 Israelis
649 2415 782 2483 regi,
827 2415 1174 2469 inferendum
1211 2432 1488 2485 egressus,
1547 2419 1691 2471 misit
1733 2419 1798 2472 ad
1832 2437 1955 2473 eum

393 2503 652 2575 [dicens]
689 2521 702 2555 :
736 2505 1010 2573 Quidquid
1052 2507 1302 2573 possides
1357 2510 1471 2560 auri
1529 2519 1692 2578 atque.
1746 2513 1955 2578 argenti

394 2613 568 2649 meum
594 2607 696 2650 est.
733 2600 876 2651 servi
911 2597 1072 2650 etiam
1112 2599 1212 2661 tui,
1244 2601 1563 2656 ancillzeuue
1585 2615 1646 2652 ac
1683 2601 1957 2665 mulieres,

393 2696 568 2740 totum
612 2687 756 2756 quod
789 2689 1035 2756 possides
1070 2705 1249 2742 luerim
1290 2702 1395 2744 est.
1445 2691 1690 2746 Metuens
1739 2708 1864 2761 ergo
1891 2695 1960 2746 ab

392 2777 509 2845 ipso
551 2778 706 2831 Ahab
756 2788 924 2833 totum
958 2780 1101 2847 quod
1136 2780 1433 2847 postulavit
1481 2782 1552 2834 illi
1607 2785 1820 2836 annuit.
1871 2783 1960 2836 In-

400 2877 543 2921 terea
585 2882 766 2923 autem
799 2870 926 2922 dum
979 2869 1123 2924 inter
1159 2871 1308 2938 ipsos
1349 2872 1496 2925 ultro
1548 2874 1791 2940 citroque
1830 2891 1960 2927 cur-

393 2958 624 3011 sitareut
655 2959 838 3028 legati,
899 2975 1027 3014 ecce
1087 2963 1292 3026 egressi
1330 2964 1479 3030 pueri
1520 2964 1738 3031 quidam
1772 2981 1800 3018 e
1835 2965 1959 3019 filiis

391 3052 589 3104 ducum
642 3051 908 3123 Syrorum
946 3054 1250 3107 exercitqu
1287 3056 1602 3120 circumire,
1651 3072 1791 3124 quos
1826 3074 1949 3110 (‘ntr
1987 3070 2028 3122 ο
2064 3063 2238 3117 factus
2274 3063 2384 3116 Elia
2418 3060 2676 3130 propheta
2713 3055 2846 3110 dixit
2885 3075 2896 3110 :

392 3141 684 3209 spicit-rites
715 3144 974 3214 Syrorum
1020 3144 1294 3197 exercitus
1339 3146 1600 3213 suspicati
1634 3159 1758 3200 sunt
1794 3149 1959 3203 Israe-

395 3234 519 3286 litas
554 3234 700 3302 ipsos
729 3236 954 3289 adortos
987 3237 1178 3294 fuisse,
1238 3236 1374 3288 adeo
1402 3248 1460 3290 ut
1504 3239 1554 3290 iu
1595 3237 1776 3306 fugun
1832 3257 1961 3292 ent:—

393 3327 535 3378 versi
568 3327 658 3380 alii
697 3328 834 3382 alios
866 3328 1259 3396 opprimerent,
1296 3343 1464 3396 seque
1518 3341 1706 3383 umtuo
1741 3331 1960 3384 occide-

393 3428 536 3471 rent.
597 3419 766 3488 Cujus
826 3421 901 3474 rei
957 3420 1100 3474 fama
1159 3434 1284 3474 cum
1349 3421 1415 3473 ad
1473 3421 1722 3474 Ahabum
1779 3439 1958 3491 regem

395 3505 617 3564 Israelis
654 3522 1010 3578 pervenisset,
1051 3513 1165 3580 ipse
1196 3527 1317 3566 cum
1360 3514 1477 3567 suis
1507 3529 1604 3567 eos
1655 3515 1960 3577 insecutus,

390 3611 572 3654 castra
601 3616 810 3662 eorum,
845 3604 1098 3664 tentoria,
1125 3604 1371 3671 jumenta
1416 3613 1469 3656 et
1494 3605 1770 3674 quidquid
1826 3607 1962 3675 ipsis

390 3699 563 3751 esset,
595 3690 836 3758 diripuit.
899 3691 1010 3746 Ebn
1046 3691 1232 3746 llailad
1289 3703 1470 3747 autem
1533 3694 1782 3750 Damasci
1842 3713 1958 3757 rex,

391 3779 544 3834 solus
577 3780 642 3833 ad
696 3781 882 3834 urbem
936 3781 1262 3837 Damascum
1296 3784 1490 3848 evasit,
1541 3784 1631 3838 ubi
1675 3786 1740 3838 ad
1781 3785 1958 3854 ipsum

389 3875 702 3946 Congregati
739 3886 865 3929 sunt
901 3891 930 3928 e
954 3876 1246 3930 comitibus
1286 3877 1407 3945 ejus
1437 3877 1750 3946 quicunque
1777 3893 1964 3932 evase-

393 3975 536 4020 rant.
565 3965 820 4021 Collectis
846 3983 974 4036 ergo
1002 3969 1178 4036 copiis
1203 3984 1455 4038 egressus
1486 3981 1568 4023 eSt
1591 3969 1662 4023 ob
1688 3970 1789 4022 hoc
1816 3971 1959 4037 quod

392 4059 496 4112 sibi
522 4058 800 4113 aeciderat
846 4060 1105 4114 ultionem
1137 4041 1482 4129 sumpturus.
1535 4059 1758 4114 Obviam
1783 4075 1959 4114 autem

393 4150 470 4203 illi
526 4149 802 4218 profectus
851 4151 1024 4215 Ahah,
1065 4151 1282 4204 lsraelis
1338 4167 1450 4209 rex,
1496 4151 1614 4222 ipso
1671 4151 1722 4204 in
1779 4152 1960 4221 lugent

393 4245 524 4292 dato
561 4258 590 4295 e
624 4243 920 4296 comitibus
948 4243 1120 4311 ipsius
1165 4244 1313 4297 viros
1341 4244 1510 4297 vicies
1563 4243 1766 4310 septies
1817 4245 1964 4297 mille

393 4333 690 4392 interfecit,
732 4335 996 4386 madente
1051 4331 1165 4386 Ebn
1215 4333 1438 4385 lladado
1477 4334 1593 4387 solo
1637 4334 1960 4387 Damascum

2073 497 2301 551 Ramoth
2348 497 2557 563 Gilead,
2591 515 2710 566 quae
2772 507 2954 550 nostra
2996 496 3120 560 fuit,
3183 497 3410 550 abstulit
3476 499 3632 553 nobis

2070 606 2160 643 rex
2194 589 2386 659 Syrim,
2415 605 2443 643 a
2478 607 2608 657 quo,
2649 590 2692 643 si
2731 600 2782 642 tu
2808 590 2921 657 ipse
2951 587 3081 640 mihi
3126 586 3389 640 auxilium
3421 589 3630 653 tuleris,

2071 683 2214 736 illam
2251 681 2466 735 auferre
2510 681 2827 748 poterimus.
2879 682 3167 734 Annuente
3216 677 3550 745 Jnshaphato
3587 682 3634 734 ei

2068 774 2210 843 quod
2262 773 2436 841 petiit,
2488 772 2731 826 collectis
2796 773 2931 825 viris
2979 774 3092 824 suis
3164 770 3394 822 ltatnoth
3447 771 3634 825 Gilead

2068 864 2296 934 preteeti
2329 874 2478 918 sunt.
2511 863 2630 929 Quo
2687 863 2871 916 audito
2920 879 3010 916 rex
3075 863 3245 932 Syria:
3298 865 3414 916 εειίε
3473 866 3633 915 etiam

2067 957 2409 1023 Congregatis
2433 955 2496 1007 ad
2553 957 2704 1023 ipsos
2739 970 2996 1022 egressus
3028 965 3132 1008 e31.
3183 955 3328 1007 Dixit
3370 970 3500 1024 ergo
3541 952 3637 1005 Jo-

2067 1049 2335 1116 shaphato
2388 1048 2540 1100 Ahab
2579 1065 2592 1100 :
2641 1046 2861 1100 Mutatis
2907 1049 3247 1101 ornamentis
3295 1049 3403 1101 tuis
3459 1057 3636 1101 vestes

2071 1157 2220 1194 meas
2272 1140 2468 1192 induas
2523 1155 2590 1192 ne
2643 1141 2694 1192 in
2737 1141 2919 1208 pra'lio
2951 1140 3313 1208 dignoscaris.
3372 1139 3524 1204 Quod
3586 1149 3638 1192 et

2070 1231 2215 1284 fecit.
2257 1229 2370 1283 Rex
2410 1238 2588 1283 autem
2622 1231 2794 1300 Syrize
2838 1230 2956 1284 suis
3001 1238 3056 1282 ut
3097 1246 3276 1299 regem
3332 1229 3550 1282 lsraelis
3582 1229 3634 1280 iu

2069 1321 2251 1392 przrlio
2307 1331 2552 1390 peterent
2622 1321 2964 1391 praecipiens,
3011 1321 3146 1390 ipsis
3207 1324 3463 1373 vestitum
3517 1320 3636 1388 ejus

2067 1415 2450 1482 descripserat.
2509 1413 2588 1466 Illi
2636 1430 2788 1481 ergo,
2821 1417 3134 1476 conspectis
3192 1413 3475 1480 Josaphati
3549 1428 3638 1464 ve~

2069 1505 2266 1566 stibus,
2297 1505 2500 1574 ipsum,
2555 1505 2824 1567 Ahabum,
2877 1505 3093 1558 lsraelis
3147 1519 3324 1571 regem
3377 1503 3504 1564 rati,
3543 1519 3637 1571 pc-

2069 1603 2242 1649 tentes
2260 1595 2612 1664 205-207
2636 1596 3152 1660 circumdederunt;
3185 1611 3321 1664 quos
3351 1596 3440 1647 ille
3468 1595 3639 1646 incla-

2071 1703 2224 1742 mans
2249 1689 2317 1741 ab
2351 1689 2480 1756 ipsis
2504 1689 2701 1740 evasit.
2733 1687 2977 1739 Ababum
3007 1699 3180 1739 autem
3208 1701 3385 1751 regem
3421 1685 3638 1738 Israeli-

2069 1781 2228 1831 ticum
2255 1795 2376 1831 cum
2407 1779 2765 1848 percussisset
2793 1779 3007 1845 sagitta,
3030 1779 3080 1828 in
3104 1778 3281 1847 fugam
3304 1791 3486 1830 coram
3515 1793 3639 1840 rege

2068 1871 2236 1940 Syriae
2269 1871 2515 1924 conversi
2554 1881 2702 1932 sunt,
2745 1870 3004 1924 redeunte
3036 1869 3407 1936 Hierosolyma
3445 1867 3634 1920 Josha-

2067 1963 2251 2032 phalo,
2277 1963 2590 2026 Ahahojam
2613 1961 2899 2013 vulnerato
2921 1962 2972 2011 in
3001 1961 3176 2010 locum
3212 1976 3368 2010 suum
3397 1973 3636 2012 reverso.

2137 2053 2380 2106 Mortuus
2415 2063 2594 2106 autem
2634 2053 2784 2104 Ahab
2812 2052 3033 2103 vulnere
3063 2050 3207 2115 quod
3265 2050 3339 2102 illi
3373 2048 3636 2100 inﬂictuin

2064 2152 2168 2205 est,
2204 2143 2464 2196 Samaria:
2493 2145 2740 2211 sepultus
2770 2151 2872 2197 est.
2907 2142 3036 2194 Post
3069 2143 3246 2210 ipsum
3282 2142 3336 2193 in
3389 2139 3636 2191 flautaiia

2063 2237 2278 2289 duobus
2311 2235 2468 2289 annis
2503 2237 2749 2301 regnavit
2799 2235 2940 2287 lilius
2989 2235 3160 2301 ipsius
3209 2234 3433 2296 Ahazia,
3471 2233 3633 2297 idqu-e

2063 2341 2207 2377 anno
2238 2325 2386 2393 regni
2437 2324 2755 2392 Josbaphati
2829 2326 2970 2391 regis
3022 2322 3175 2376 .lud;e
3206 2323 3420 2376 decimo
3469 2337 3634 2374 noun.

2071 2415 2306 2484 Fuitque
2329 2415 2670 2469 conversatio
2718 2414 2889 2481 ipsius
2919 2412 3187 2481 ejusmodi
3218 2427 3338 2480 qua:
3369 2419 3422 2463 et
3470 2409 3639 2477 patris

2064 2509 2236 2577 ipsius
2265 2508 2409 2576 quod
2448 2508 2512 2559 ad
2565 2506 2886 2574 nequitiam,
2934 2514 2988 2558 et
3021 2504 3318 2566 idolorum,
3369 2516 3476 2556 una
3512 2517 3636 2555 cum

2068 2612 2240 2655 matre
2288 2601 2498 2655 lzebele
2547 2615 2668 2666 qua:
2710 2595 3017 2648 Nabolhum
3051 2594 3351 2656 occiderat,
3404 2595 3630 2646 cultum.

2061 2699 2194 2752 Cum
2223 2707 2401 2749 autem
2438 2693 2630 2745 morbo
2671 2689 2818 2759 gravi
2854 2687 3126 2741 laboraret
3156 2685 3380 2743 Ahazia,
3426 2685 3639 2738 lsraelis

2063 2806 2179 2850 rex,
2210 2790 2344 2840 adeo
2378 2795 2433 2838 ut
2469 2783 2574 2838 sibi
2604 2783 2840 2841 timeret,
2889 2780 3140 2833 nuntium
3177 2779 3326 2832 misit
3357 2776 3422 2829 ad
3465 2777 3639 2828 idolo-

2063 2898 2182 2934 rum
2230 2879 2544 2934 sacerdotes
2580 2875 2673 2944 qui
2714 2875 2781 2926 ah
2815 2873 2944 2933 illis,
2983 2870 3194 2924 'morbo
3241 2885 3342 2924 suo
3391 2869 3638 2922 convali-

2064 2983 2218 3028 Inrus
2280 2979 2426 3025 esset
2473 2985 2684 3031 necne,
2753 2966 3204 3027 sciscitarentur;
3265 2962 3350 3016 cui
3420 2961 3634 3012 obviam

2938 3055 3095 3110 Dicas
3138 3056 3290 3121 regi:
3326 3053 3485 3106 Certo
3524 3067 3637 3100 ιιιοο

2071 3156 2249 3208 rieris.
2273 3153 2548 3207 Reversus
2586 3167 2714 3220 ergo
2746 3149 2970 3204 nuntius
3010 3163 3132 3202 cum
3160 3149 3263 3200 hoc
3306 3145 3415 3211 regi
3448 3152 3634 3196 notum

2065 3244 2282 3298 fetfisset
2321 3261 2335 3297 :
2388 3242 2674 3296 Describas
2723 3239 2879 3299 mihi,
2924 3239 3102 3306 inquit
3151 3253 3242 3291 rex
3271 3277 3285 3297 ,
3335 3237 3511 3287 virum
3544 3233 3636 3301 qui

2066 3336 2164 3389 tibi
2196 3334 2412 3388 obviam
2449 3333 2625 3386 factus
2653 3339 2756 3386 est.
2785 3329 2904 3394 Quo
2935 3329 3155 3381 dicente
3191 3345 3204 3378 :
3249 3324 3344 3377 Vir
3377 3331 3494 3378 erat
3524 3325 3638 3375 hir-

2068 3437 2226 3482 sutus
2259 3441 2392 3479 zona
2427 3424 2652 3494 pellicea
2687 3420 3134 3475 circumcinctus.
3170 3417 3290 3482 llic,
3315 3417 3490 3482 inquit
3519 3429 3634 3474 rex,

2066 3518 2178 3571 Elia
2229 3526 2314 3571 est
2362 3515 2642 3587 propheta.
2672 3515 2876 3568 Ducem
2908 3529 3038 3583 ergo
3067 3507 3464 3579 quinquaginta
3502 3506 3636 3558 viris

2064 3611 2380 3664 comitatum
2421 3610 2485 3662 ad
2514 3609 2692 3677 ipsum
2743 3607 2910 3673 misit,
2947 3607 3169 3662 sedente
3201 3603 3312 3655 Elia
3344 3601 3396 3654 in
3432 3600 3638 3653 vertice

2064 3701 2265 3754 montis
2318 3699 2530 3754 Carmel
2563 3717 2575 3752 :
2620 3697 2717 3752 Cui
2774 3698 2882 3751 dux
2917 3715 2931 3752 :
2968 3695 3112 3752 lleus
3147 3696 3159 3747 !
3193 3691 3454 3762 prepheta
3521 3689 3636 3750 Dei,

2064 3787 2356 3844 descende.
2391 3787 2626 3836 accersit
2671 3794 2723 3838 te
2761 3801 2875 3837 rex.
2909 3780 3211 3851 Despondit
3250 3779 3362 3832 Elia
3397 3796 3410 3831 :
3447 3777 3502 3831 Si
3533 3777 3636 3829 sint

2065 3889 2166 3941 ego
2194 3872 2454 3940 prepbela
2507 3872 2598 3923 Dei
2629 3871 2923 3924 descendat
2967 3888 2995 3924 e
3030 3870 3172 3923 CtBiO
3215 3867 3382 3936 ignis,
3427 3867 3520 3934 qui
3559 3874 3633 3925 te,

2065 3979 2270 4032 eosque
2301 3963 2394 4030 qui
2445 3969 2627 4014 tecum
2661 3973 2790 4014 sunt
2823 3963 3069 4014 devoret.
3114 3959 3459 4012 Descendens
3506 3971 3638 4020 ergo

2065 4055 2206 4122 ignis
2251 4053 2401 4120 ipsos
2449 4051 2812 4117 consumpsit.
2871 4048 3036 4118 208
3091 4048 3228 4100 Tum
3283 4062 3376 4099 rex
3439 4045 3634 4097 ducem

2066 4145 2230 4197 alium
2259 4159 2382 4196 cum
2412 4142 2806 4212 quinquaginta
2842 4142 2971 4195 viris
3017 4140 3188 4199 misit,
3228 4138 3320 4207 qui
3362 4146 3418 4191 et
3450 4137 3590 4190 dixit
3619 4152 3633 4188 :

2070 4236 2212 4290 lleus
2252 4238 2266 4290 ι
2299 4237 2556 4304 propheta
2582 4233 2698 4297 Dei,
2750 4233 3089 4293 descendas;
3118 4232 3351 4285 accersit
3397 4231 3538 4281 enim
3588 4235 3640 4280 te

2070 4347 2182 4384 rex.
2210 4330 2308 4383 Cui
2344 4330 2455 4383 Elia
2501 4346 2513 4379 :
2564 4326 2622 4382 Si
2663 4328 2762 4380 sim
2795 4343 2894 4396 ego
2927 4325 3191 4395 propheta
3235 4324 3350 4383 Dei,
3382 4323 3637 4391 delapSus

395 4440 588 4491 usque.
619 4423 782 4494 204
803 4425 1168 4478 Consulentes
1201 4434 1380 4478 autent
1409 4427 1506 4493 ipsi
1531 4435 1582 4478 et
1611 4426 1964 4492 sociisipsius
2001 4425 2040 4474 Ι)
2071 4423 2208 4477 caelo
2240 4422 2381 4490 ignis
2418 4432 2469 4474 te
2500 4429 2548 4473 et
2585 4421 2675 4486 qui
2723 4429 2900 4473 tecum
2935 4428 3062 4472 sunt
3117 4424 3444 4477 consumat;
3493 4417 3636 4484 quod

395 4515 642 4568 nonnulli
691 4515 946 4569 dixerunt
987 4533 1001 4568 :
1045 4533 1134 4568 rex
1192 4515 1415 4570 Israelis
1480 4517 1792 4570 misericors
1841 4529 1958 4582 est;

393 4614 721 4662 accedentes
757 4625 886 4677 ergo
929 4609 1103 4676 ipsum
1153 4610 1466 4678 rogabimus
1508 4619 1564 4661 ut
1594 4626 1620 4660 a
1659 4610 1818 4663 nobis
1851 4610 1883 4661 d
1910 4625 1964 4663 s-

393 4701 571 4761 cedat,
601 4701 736 4753 alias
795 4702 938 4754 enim
978 4701 1260 4768 periimus.
1295 4699 1550 4754 Vestibus
1590 4717 1720 4768 ergo
1769 4701 1962 4755 laceris

394 4792 594 4857 induti,
624 4791 898 4852 Ahabum,
922 4793 1133 4846 lsraelis
1162 4808 1338 4860 regem
1375 4794 1637 4846 adeuntes
1665 4794 1922 4846 dixerunt
1948 4810 1962 4845 :

399 4885 538 4938 Dicit
573 4900 771 4940 servus
797 4893 925 4939 tuus
961 4883 1072 4939 Ebu
1109 4885 1318 4941 lladad.
1357 4902 1422 4937 ne
1457 4885 1589 4937 mihi
1639 4900 1963 4940 succenseas

393 4981 462 5030 ιιι»
495 4979 620 5031 illud
658 4977 803 5046 quod
855 4976 950 5030 tibi
983 4978 1164 5030 intuli.
1216 4977 1426 5042 Quibus
1463 4979 1741 5044 reSpondit
1787 4979 1961 5043 Ahab,

399 5085 489 5120 rex
534 5068 748 5122 lsraelis
787 5088 799 5122 :
846 5067 961 5119 Non
995 5079 1076 5122 est
1104 5070 1191 5122 ille
1215 5070 1356 5121 alius
1388 5084 1550 5136 quam
1590 5069 1756 5119 frater
1786 5085 1958 5121 meus.

391 5160 530 5216 Tum
560 5162 631 5215 illi
673 5180 686 5216 :
724 5163 776 5217 Si
817 5163 981 5215 frater
1041 5175 1164 5216 tuus
1203 5161 1290 5223 sit,
1324 5161 1596 5227 inquiunt,
1631 5160 1808 5214 fmtlus
1839 5176 1960 5213 tum

392 5255 485 5306 illo
515 5254 580 5307 de
605 5253 870 5305 Damasco
894 5267 1128 5319 paugas,
1165 5252 1344 5319 sitque
1386 5252 1526 5302 inter
1580 5262 1628 5304 te
1676 5262 1728 5302 et
1783 5253 1962 5318 ipsum

393 5358 510 5405 pax.
535 5342 633 5396 Cui
665 5342 750 5394 ille
777 5341 988 5394 annuit.
1010 5339 1205 5392 Tribus
1233 5348 1352 5408 pos't
1392 5340 1570 5403 anuis,
1597 5341 1962 5394 descendente

390 5429 750 5501 Josltaphato,
792 5433 943 5485 Juda:
978 5447 1122 5500 rege,
1169 5429 1234 5482 ad
1285 5432 1554 5495 Ahabum,
1612 5431 1823 5484 lsraeiis
1876 5448 1960 5482 re.

389 5541 534 5593 gem,
566 5525 938 5585 salutandum,
972 5524 1182 5577 obviam
1230 5523 1304 5574 illi
1341 5524 1514 5575 factus
1547 5523 1700 5577 Ahab
1732 5523 1870 5591 ame
1903 5538 1962 5576 se

393 5616 633 5684 imspilio
679 5615 912 5682 excepit.
979 5613 1278 5682 .Iunxitque
1332 5612 1631 5680 .loshaphat
1681 5613 1957 5667 connubio

391 5708 560 5761 lilium
596 5723 754 5762 stium
788 5707 1064 5761 .loramum
1098 5707 1303 5771 Malim,
1359 5706 1531 5760 Ahabi
1571 5707 1714 5774 regis
1750 5707 1942 5761 sru'ori.

2068 4524 2120 4568 et
2157 4514 2358 4566 factum
2389 4521 2488 4566 est.
2524 4510 2660 4565 Tum
2695 4513 2887 4565 ducem
2923 4512 3142 4564 tertium
3190 4509 3337 4562 misit
3367 4508 3639 4574 quinqua-

2066 4603 2214 4673 ginta
2258 4603 2420 4657 etiam
2476 4603 2608 4657 viris
2657 4604 3017 4664 comitatum;
3059 4615 3218 4670 quem
3273 4615 3393 4652 cum
3445 4600 3636 4653 eodem

2069 4699 2230 4751 modo
2283 4697 2550 4750 allocutus
2586 4683 2731 4750 chet
2774 4695 3032 4762 propheta
3079 4708 3186 4760 quo
3241 4691 3455 4760 priores
3502 4693 3638 4744 allo-

2067 4797 2230 4842 cutus
2265 4796 2369 4850 est,
2407 4787 2548 4841 idem
2581 4787 2628 4839 ei
2666 4784 2810 4853 quod
2861 4785 2988 4848 illis,
3022 4785 3199 4851 iisque
3226 4783 3317 4852 qui
3359 4800 3480 4836 cum
3520 4784 3636 4854 ipso

2069 4881 2545 4949 fuerunteontigit.
2567 4880 2704 4932 Tum
2733 4879 2974 4944 profecto
3003 4879 3067 4930 ad
3123 4878 3296 4945 ipsum
3332 4893 3508 4944 regem
3538 4877 3634 4929 de-

2067 4977 2338 5026 sreudens
2370 4969 2483 5023 Elia
2517 4971 2652 5022 dixit
2685 4987 2697 5020 :
2733 4969 3081 5036 Nequaquam
3105 4982 3133 5020 a
3164 4968 3348 5020 morbo
3381 4976 3474 5018 tuo
3503 4982 3635 5019 con-

2067 5064 2330 5124 valesces,
2363 5062 2455 5114 sed
2489 5061 2790 5112 moriturus
2822 5075 2880 5111 es
2914 5057 3056 5126 quod
3100 5057 3240 5110 idola
3283 5058 3552 5117 colueris,
3584 5068 3638 5110 et

2067 5157 2206 5222 quo]
2261 5156 2460 5207 malum
2505 5162 2588 5206 est
2631 5167 2814 5204 coram
2859 5151 2967 5204 Deo
3007 5149 3364 5219 mnuipotenti
3417 5149 3631 5201 feceris.

2065 5245 2237 5298 Porro
2267 5246 2460 5300 diebus
2503 5244 2724 5299 Ahazite
2754 5243 2898 5312 regis
2952 5244 3172 5298 lsraelis
3220 5253 3271 5296 et
3314 5239 3620 5306 .loshaphat

2069 5337 2209 5402 regis
2233 5333 2406 5400 .lndzc,
2439 5336 2684 5389 sublatus
2709 5345 2794 5388 est
2827 5334 2940 5387 Elia
2970 5335 3127 5402 quasi
3159 5334 3212 5385 in
3245 5333 3469 5386 caelum.
3501 5331 3639 5383 Mor-

2066 5435 2191 5478 tuus
2220 5439 2397 5479 autem
2430 5429 2631 5480 Ahazia
2664 5444 2752 5481 rex
2788 5426 3002 5480 lsraclis
3037 5425 3170 5477 morl
3192 5440 3226 5478 ο
3252 5441 3351 5478 suo
3381 5441 3482 5477 una
3511 5441 3631 5477 cum

2067 5529 2217 5586 patre
2250 5532 2351 5572 Suo
2387 5518 2630 5587 sepultus
2665 5526 2766 5576 est,
2803 5524 3062 5584 regnante
3093 5524 3213 5581 post
3246 5516 3422 5582 ipsum
3469 5512 3634 5568 fratre

2069 5609 2236 5677 ipsius
2263 5609 2485 5663 Joraino
2513 5610 2686 5664 Ahabi
2729 5607 2837 5659 tilio
2881 5605 2934 5658 in
2978 5603 3254 5662 lsraelitas
3286 5608 3338 5661 in
3381 5608 3630 5660 Samaria

2065 5725 2235 5775 autms
2265 5708 2573 5763 duodecim.
2606 5706 2768 5772 lalque
2796 5718 2940 5757 anno
2970 5704 3116 5772 regni
3145 5703 3462 5774 Joshaphati
3493 5704 3632 5771 regis
