4034 6214
387 221 490 328 955

1399 269 1697 329 EUTYCH
1714 271 1727 326 ι
1745 270 1764 326 Ι
1811 269 2334 330 ALEXANDRINI
2363 273 2571 331 PATR.

3558 279 3663 345 ‘56

385 377 542 433 Judze
566 375 832 432 vicesimo
857 376 1122 432 secundo.
1144 375 1412 431 Proiectis
1433 379 1630 432 deinde
1663 389 1851 430 contra
1888 376 1978 430 Jo-
2011 381 2054 434 Α
2085 381 2284 447 posito,
2317 380 2382 434 ad
2419 381 2656 435 Elisham
2713 382 3026 450 prnplmiam
3061 384 3280 438 ιιιῑιιυιιε
3302 423 3315 444 ,
3349 382 3481 435 dixit
3509 383 3609 450 ipsi
3644 406 3658 438 τ

386 469 710 541 shaphatum
727 469 878 524 Iuda:
893 485 1068 536 regem
1089 471 1414 524 Ammonitis
1427 477 1479 523 et
1493 470 1808 524 Amalekitis
1843 484 1968 522 cum

389 573 582 628 magna
618 560 894 613 hominum
921 557 1271 619 nultitudine,
1296 567 1444 611 metu
1471 575 1660 613 eorum
1690 559 1976 628 perculsus

396 650 821 722 estJoshaphat,
850 661 910 704 ut
945 652 1169 706 suborto
1197 652 1249 703 in
1292 651 1727 704 Ammonitarum
1757 650 1974 704 Amale-

388 743 625 798 kitarum
679 744 922 797 exercitu
974 744 1237 804 clamore,
1281 744 1536 798 aliialios
1574 746 1886 798 occidentes
1920 744 1971 796 in

393 838 572 904 fugam
603 850 787 888 coram
820 834 939 901 ipso
969 835 1223 888 cenversi
1260 843 1409 888 sunt.
1457 835 1594 889 Cum
1625 850 1754 903 ergo
1779 834 1975 889 Josha-

391 928 538 999 phati
569 927 798 982 comites
835 927 1015 981 tribus
1043 926 1238 982 diebus
1274 927 1338 980 ad
1386 936 1568 982 castra
1597 943 1814 989 eorum,
1848 938 1971 982 ten-

388 1022 528 1078 toria
561 1031 616 1074 et
647 1035 775 1073 vasa
808 1019 1139 1087 diripienda,
1185 1018 1585 1084 substitissent,
1627 1021 1742 1089 ipse
1776 1019 1971 1073 Hiero-

389 1115 599 1184 solyma
644 1112 996 1182 209-211
1055 1127 1306 1166 reversus
1351 1122 1454 1167 es:.
1513 1112 1708 1168 Postea
1745 1127 1970 1181 egresso

389 1221 515 1276 rege
563 1204 734 1259 Moabi
767 1215 956 1258 contra
983 1201 1264 1257 Joramum
1333 1203 1552 1259 lsraelis
1586 1219 1791 1272 regem,
1844 1203 1970 1256 mit-

389 1310 508 1352 tens
542 1298 632 1352 ille
678 1296 744 1350 ad
791 1294 1185 1363 Joshaphatum
1235 1296 1390 1349 .lud:e
1448 1312 1660 1364 regem,
1703 1312 1862 1365 opem
1899 1297 1966 1351 ab

388 1395 510 1461 ipso
535 1401 727 1446 contra
754 1391 933 1444 Moabi
969 1404 1146 1457 regem
1174 1391 1348 1458 petiit.
1391 1390 1535 1445 Misit
1565 1392 1729 1444 etiam
1765 1390 1830 1444 ad
1861 1391 1968 1444 Ho-

391 1499 648 1538 mazorum
685 1497 865 1552 regem
913 1482 1161 1550 quitunc
1194 1483 1459 1549 temporis
1503 1483 1555 1535 in
1590 1482 1800 1536 Sharah
1844 1483 1964 1546 l‘uit,

390 1579 566 1645 ipsum
603 1576 658 1628 in
695 1573 956 1628 auxilium
986 1584 1263 1627 vocatum.
1310 1574 1639 1644 Congregati
1678 1591 1809 1644 ergo
1858 1586 1966 1630 tres

389 1684 545 1741 reges
577 1685 640 1722 ac
672 1675 864 1722 contra
901 1682 1083 1737 regem
1119 1669 1280 1722 Moab
1307 1668 1533 1738 profecti
1576 1669 1718 1721 viam
1762 1669 1963 1723 deserti

389 1769 817 1828 tenueruntquo
853 1759 1032 1828 ipsum
1073 1760 1446 1824 adorirentur,
1496 1769 1549 1812 at
1591 1774 1715 1812 cum
1757 1767 1964 1826 septem

390 1855 600 1908 dierum
651 1853 754 1906 iter
808 1851 864 1905 in
915 1851 1136 1908 deserto
1190 1853 1563 1907 confecissent
1607 1850 1780 1906 defuit
1834 1851 1966 1919 ipsis

391 1960 530 2013 aqua
561 1960 722 2014 quam
757 1944 1031 2004 biberent,
1080 1943 1218 2000 adeo
1248 1955 1304 1999 ttt
1337 1960 1527 2009 parum
1573 1945 1794 1999 abesset
1831 1943 1964 2012 qttiu

392 2037 482 2090 siti
533 2036 800 2106 perirent.
850 2034 972 2088 Fuit
1023 2045 1202 2089 autem
1257 2052 1378 2090 cum
1435 2036 1568 2104 ipsis
1615 2035 1793 2088 Elisha
1843 2049 1970 2102 pro-

395 2129 594 2197 pheta,
643 2128 733 2197 qui
789 2129 928 2190 dixit
988 2128 1122 2196 ipsis
1192 2127 1399 2184 :Mane
1450 2127 1760 2196 implebitnr
1817 2128 1970 2182 vallis

395 2225 498 2276 ista
528 2220 886 2283 torrentibus,
920 2219 1181 2288 vobisque
1210 2218 1493 2273 victoriam
1529 2218 1582 2273 in
1618 2221 1805 2273 hostes
1836 2234 1966 2274 con-

393 2327 648 2368 cessurus
709 2323 792 2366 est
838 2311 1002 2367 Deus.
1054 2309 1394 2378 Factumque
1437 2317 1522 2364 est
1585 2311 1660 2363 uti
1717 2309 1969 2380 praadixit

394 2401 678 2473 propb’eta,
713 2402 820 2457 Deo
850 2403 985 2472 ipsis
1016 2402 1069 2456 in
1093 2401 1282 2458 hostes
1307 2403 1592 2457 victoriam
1614 2403 1970 2466 concedente,

395 2495 534 2550 adeo
559 2504 618 2549 ut
659 2496 804 2565 regis
846 2495 1128 2550 Moabitici
1169 2498 1433 2550 comitum
1467 2511 1664 2566 magna
1712 2497 1858 2550 edita
1902 2497 1973 2561 sit

396 2597 628 2660 strages.
660 2587 874 2659 Victum
904 2604 1035 2658 ergo
1065 2604 1122 2641 se
1152 2603 1275 2642 eum
1312 2589 1534 2643 vidisset
1576 2603 1668 2643 rex
1695 2588 1851 2643 Moab
1882 2603 1974 2642 ar-

393 2694 513 2735 cem
560 2681 864 2748 ingressus,
911 2681 1079 2734 lilium
1121 2696 1280 2735 suum
1317 2691 1446 2734 natu
1497 2681 1796 2734 maximum
1854 2696 1976 2750 pre-

395 2774 627 2828 hensum
659 2788 723 2826 ac
754 2789 917 2838 super
953 2789 1136 2828 arcem
1172 2773 1345 2828 Moahi
1373 2774 1680 2843 iugulatum
1713 2775 1765 2828 in
1794 2773 1972 2828 sacri-

396 2867 579 2918 licinm
636 2866 855 2919 obtulit.
905 2865 1078 2936 Cujus
1133 2866 1362 2921 horrore
1414 2867 1653 2936 perculsi
1713 2866 1974 2922 Israelirze

395 2958 593 3012 bellum
628 2957 726 3026 ipsi
763 2942 963 3013 inferre
997 2966 1283 3013 cessantes
1314 2959 1518 3014 reversi
1550 2970 1701 3014 sunt.

2080 475 2274 529 Annon
2331 476 2514 530 dixisti
2578 475 2862 529 Dominum
2919 491 3002 528 me
3054 477 3280 530 victoria
3336 478 3390 530 in
3443 477 3652 531 hoSIem

2077 586 2255 624 meum
2305 570 2656 632 donaturum,
2697 569 3048 640 213.215
3084 572 3325 639 quandiu
3363 587 3494 638 ergo
3542 572 3647 625 erit

2077 663 2218 717 hoc?
2246 662 2550 732 Respondit
2576 663 2758 717 Elisha
2787 664 3046 732 propheta
3075 665 3268 717 nuntio
3293 680 3307 715 :
3338 665 3495 716 Diras
3518 664 3649 726 regi,

2078 771 2201 809 cras
2255 756 2356 809 hac
2408 756 2624 808 circiter
2675 756 2829 819 hora,
2864 756 3152 808 victoriam
3193 756 3288 808 tihi
3343 756 3395 807 in
3432 754 3643 809 hostem

2080 855 2231 897 tuum
2264 859 2627 899 concessurus
2651 855 2732 899 est
2766 846 3048 910 Dominus,
3087 855 3139 899 et
3163 847 3228 898 ad
3255 856 3467 915 portam
3496 848 3640 900 urbis

2076 937 2338 992 Samaria:
2355 939 2547 991 similae
2570 939 2806 1001 modius,
2836 937 3024 992 hordei
3053 939 3162 992 duo
3194 940 3357 993 modii
3383 941 3634 993 drachma

2077 1031 2395 1085 vendentur.
2427 1031 2647 1085 Dicente
2689 1030 2881 1084 nnntio
2921 1030 3122 1084 Elisha:
3164 1032 3444 1099 propheta:
3481 1030 3634 1085 :lloe

2075 1123 2187 1176 lieri
2243 1139 2350 1176 non
2397 1132 2597 1190 potest,
2649 1123 2926 1192 respondit
2983 1121 3165 1176 Elisha
3207 1139 3221 1175 :
3257 1119 3523 1176 Futurum
3554 1132 3632 1176 est

2074 1215 2198 1276 hoc,
2236 1226 2288 1270 te
2318 1217 2556 1279 vidente,
2588 1227 2643 1270 at
2669 1216 2735 1270 de
2768 1230 2834 1268 eo
2881 1228 3222 1283 nequaquam
3258 1215 3595 1269 comedente.

2140 1307 2382 1362 Fuerunt
2406 1323 2536 1378 ergo
2573 1307 2638 1360 ad
2669 1315 2970 1361 extremam
3003 1306 3142 1359 muri
3169 1315 3376 1374 partem
3414 1317 3648 1374 quatuor

2069 1403 2168 1455 viri
2209 1400 2466 1454 Israelita;
2501 1401 2645 1469 lepra
2682 1399 2881 1461 all'eeti,
2924 1399 3018 1466 qui
3053 1398 3142 1451 alii
3179 1398 3302 1452 aliis
3351 1398 3600 1452 dixerunt.
3632 1417 3647 1452 :

2070 1495 2403 1550 Adveniente
2440 1501 2598 1548 nocte
2629 1508 2727 1545 nos
2757 1493 2824 1547 de
2857 1507 3017 1545 muro
3059 1491 3411 1546 demittentes
3446 1495 3507 1542 ad
3537 1490 3610 1560 Sy
3631 1522 3653 1530 ιο

2071 1602 2252 1641 rerum
2299 1595 2477 1641 castra
2514 1587 2800 1640 tendamus
2826 1627 2838 1650 ,
2881 1585 2972 1652 qui
3029 1599 3127 1637 nos
3170 1584 3253 1636 vel
3308 1583 3646 1637 interfecturi

2072 1693 2219 1741 sunt,
2262 1680 2340 1735 vel
2364 1695 2556 1748 panem
2592 1680 2751 1732 nobis
2781 1678 3079 1742 przebituri.
3108 1677 3265 1742 Quod
3297 1687 3350 1729 et
3379 1677 3639 1731 fecerunt.

2073 1775 2139 1828 At
2181 1790 2302 1828 cum
2353 1774 2416 1824 azl
2457 1781 2634 1826 castra
2683 1771 3082 1840 pervenissent,
3131 1770 3358 1824 tentoria
3391 1781 3443 1824 et
3479 1771 3651 1824 taber-

2072 1869 2193 1922 cnla
2243 1867 2374 1920 viris
2428 1881 2656 1934 prorsus
2703 1879 2874 1919 vacua
2933 1865 3228 1925 invenere,
3288 1863 3448 1932 idque
3507 1865 3645 1930 quod

2071 1960 2288 2022 oborto,
2340 1966 2502 2013 nocte
2551 1958 2681 2020 ista,
2719 1958 2774 2010 in
2827 1949 3376 2026 exercitu'Syrorum
3411 1971 3651 2014 rmnore.

2072 2052 2396 2106 convenisse
2438 2049 2678 2120 Egypti,
2714 2050 2932 2104 Israelis
2980 2057 3033 2103 et
3069 2045 3222 2102 Iudae
3284 2063 3460 2118 reges.
3495 2056 3654 2101 caete-

2073 2159 2270 2213 rosque
2298 2158 2488 2198 omnes
2527 2158 2635 2210 quo
2664 2144 2808 2211 ipsos
2849 2151 3010 2197 noctu
3047 2142 3418 2202 adorirentur.
3457 2142 3510 2195 in
3567 2141 3654 2195 fu-

2074 2253 2193 2303 gam
2226 2237 2477 2291 conversi
2510 2237 2859 2292 tabernacula
2884 2245 2937 2289 et
2969 2235 3201 2288 tentoria
3239 2251 3361 2289 cum
3418 2235 3650 2304 impedi-

2075 2327 2294 2390 mentis,
2334 2326 2596 2389 sarcinis,
2630 2340 2858 2394 qumque
2915 2326 3187 2381 habebant
3235 2327 3490 2381 omnibus
3535 2329 3658 2380 re‘i-

2073 2429 2332 2485 querunt.
2390 2418 2614 2474 Reversi
2671 2420 2840 2490 igitur
2902 2420 3132 2488 leprosi,
3189 2435 3315 2474 cum
3375 2421 3479 2474 hoc
3549 2422 3658 2486 regi

2084 2511 2300 2567 lsraelis
2340 2513 2708 2576 nuntiassent,
2770 2512 2920 2566 misit
2977 2511 3066 2566 ille
3127 2520 3247 2581 post
3283 2513 3452 2584 ipsos,
3510 2514 3656 2564 viros

2073 2603 2162 2671 qui
2195 2619 2382 2658 eorum
2416 2604 2643 2664 vestigia
2684 2611 3048 2670 sectarentur,
3076 2606 3315 2674 quicum
3367 2602 3662 2658 Jordanem

2077 2710 2248 2765 usque
2286 2696 2682 2765 pervenissent.
2738 2710 2842 2750 nec
2895 2696 3089 2750 ullum.
3117 2709 3308 2750 eorum
3343 2695 3659 2764 :vestigium

2075 2788 2440 2850 invenissent,
2483 2790 2658 2856 aperit
2695 2804 2786 2842 rex
2839 2788 2989 2842 urbis
3043 2797 3289 2856 portam,
3345 2784 3665 2851 egressique

2078 2881 2326 2937 homines
2358 2882 2540 2935 omnia
2573 2897 2690 2949 qua-
2726 2881 2778 2933 in
2813 2865 3072 2952 Syrorum
3120 2879 3320 2934 castris
3353 2886 3532 2941 erant,
3566 2876 3656 2930 di-

2081 2977 2382 3046 ripuerunt,
2433 2975 2570 3029 adeo
2610 2982 2666 3027 ut
2710 2977 2896 3028 statim
2947 2973 3145 3028 simila!
3199 2971 3445 3036 modius,
3497 2970 3664 3040 216

469 3047 717 3102 Μυτωυδ
747 3057 926 3102 “mem
957 3046 1261 3118 “5"”th
1292 3047 1446 3103 IIwa
1476 3065 1569 3103 rex
1603 3050 1656 3103 ίη
1702 3053 1835 3104 “me
1876 3051 1976 3102 0-⁸·
2003 3067 2044 3118 C
2082 3068 2266 3121 hordei
2301 3067 2468 3121 modii
2527 3066 2636 3121 duo
2673 3066 2936 3120 drachma
2971 3064 3244 3121 venirent.
3299 3062 3535 3118 Nuntius
3565 3079 3665 3117 au-

395 3124 536 3196 vilis
583 3145 836 3210 sepultus
881 3152 987 3205 est,
1050 3141 1138 3196 cui
1191 3141 1247 3196 in
1302 3157 1471 3213 regno
1517 3145 1786 3198 successit
1835 3146 1974 3198 lilius

397 3237 568 3300 ipsius
615 3236 832 3300 Joram,
885 3252 1062 3291 annos
1110 3244 1274 3290 natus
1328 3237 1552 3307 triginta
1606 3247 1737 3293 tres.
1770 3239 1873 3303 Qui
1919 3239 1972 3290 in

393 3330 589 3384 J-ulam
638 3329 1032 3399 Hierosolymis
1076 3341 1203 3383 octo
1253 3345 1430 3384 annos
1476 3331 1762 3399 regnavit;
1813 3329 1976 3398 idque

397 3440 540 3479 anno
568 3423 756 3492 quinto
784 3423 934 3492 regni
965 3421 1171 3476 Jorami
1226 3423 1323 3475 lilii
1355 3421 1528 3475 Ahabi
1560 3423 1703 3492 regis
1733 3420 1973 3478 Israelis.

396 3517 574 3586 Ipsius
594 3527 838 3585 tempore
859 3515 1256 3585 prophetat-unt
1279 3514 1465 3570 Elisha
1495 3515 1796 3583 discipulus
1821 3517 1974 3582 Elite,

397 3623 451 3665 et
482 3609 712 3664 Obadia.
753 3608 920 3660 Porro
968 3621 1225 3674 egressus
1262 3605 1557 3661 Benhadad
1589 3611 1752 3679 212
1803 3611 1978 3680 Syram

399 3718 492 3755 rex
538 3715 662 3754 cum
705 3699 878 3764 cepiis
932 3699 1048 3752 suis
1092 3697 1372 3753 Joramum
1422 3699 1641 3755 Israelis
1695 3719 1873 3772 regem
1924 3704 1976 3756 in

401 3793 648 3847 Samaria
699 3792 838 3844 bello
874 3808 1160 3861 ageressvis
1188 3806 1290 3850 est.
1325 3797 1368 3848 Α
1395 3810 1504 3865 quo
1541 3810 1662 3848 cum
1717 3806 1982 3850 metueret

397 3889 609 3952 Joram,
639 3888 774 3941 dixit
801 3888 900 3954 ipsi
933 3887 1110 3942 Elisha
1143 3909 1154 3944 :
1183 3891 1258 3944 Ne
1290 3893 1507 3949 timeas,
1554 3890 1732 3943 sedse
1765 3899 1974 3944 tantum

401 3985 456 4034 in
506 3981 637 4036 urbe
677 3992 766 4035 tua
804 3983 1057 4050 untnias;
1097 3984 1241 4038 Deus
1276 3985 1420 4036 enim
1455 3985 1552 4036 tibi
1607 3985 1890 4036 victoriam
1927 3987 1978 4037 in

403 4075 614 4129 Itobtetn
681 4081 832 4127 luunt
872 4091 1238 4130 concessurus
1289 4087 1393 4130 est.
1441 4076 1536 4131 llle
1571 4092 1700 4145 ergo
1743 4093 1864 4130 eum
1923 4093 1981 4129 se

403 4168 458 4222 in
495 4170 624 4224 urbe
652 4170 996 4231 munivissi-t,
1027 4171 1350 4226 accedentes
1391 4169 1654 4240 Syrorum
1687 4172 1863 4238 copiae
1901 4169 1981 4222 in-

404 4267 522 4314 star
573 4275 749 4314 arena:
804 4262 992 4324 maris,
1045 4260 1249 4314 Jorami
1297 4261 1512 4320 urhern,
1553 4260 1980 4328 universumque

407 4350 671 4406 Samarize
701 4353 980 4422 regionem
1011 4354 1320 4407 cinxerunt.
1346 4351 1595 4419 Cumque
1625 4352 1795 4406 tribtts
1822 4354 1981 4406 annis

2080 3170 2182 3212 tem
2212 3159 2302 3225 qui
2356 3157 2596 3211 Elisham
2635 3160 2953 3227 prophetam
2991 3156 3259 3213 mendacii
3293 3158 3494 3226 arguit,
3555 3156 3656 3208 hoc

2079 3251 2297 3319 quidem
2330 3250 2481 3309 vidit,
2523 3260 2577 3303 at
2618 3251 2669 3302 in
2705 3250 2856 3303 urbis
2892 3262 3043 3320 parta
3082 3265 3192 3319 pra:
3244 3265 3442 3318 magna
3484 3247 3654 3300 tnrb:e

2079 3340 2487 3410 compressione
2529 3350 2778 3395 mortuus
2814 3352 2914 3394 est.
2959 3343 3206 3396 Postha-c
3260 3357 3519 3404 egressus
3561 3339 3656 3393 Jo-

2081 3445 2195 3480 ram
2245 3443 2336 3480 rex
2379 3428 2530 3484 Juda:
2561 3429 2626 3482 ad
2688 3427 2962 3490 Roma-os,
2999 3431 3090 3496 qui
3143 3430 3195 3482 in
3237 3429 3450 3482 Sharah
3505 3436 3657 3481 erant

2083 3536 2329 3587 magnam
2355 3536 2544 3575 eorum
2585 3531 2822 3589 stragem
2859 3521 3045 3574 edidit.
3079 3521 3321 3574 Mortuus
3355 3532 3534 3574 autem
3574 3530 3654 3575 est

2079 3614 2259 3667 Jram
2303 3614 2457 3669 Iuda!
2512 3631 2636 3677 rex,
2690 3624 2737 3668 et
2799 3616 2851 3668 iu
2905 3617 3038 3669 urhe
3103 3615 3322 3668 Davidis
3377 3617 3656 3681 sepultus,

2083 3715 2341 3772 regnante
2388 3715 2508 3774 post
2544 3707 2724 3774 ipsum
2763 3721 2966 3759 annum
3006 3722 3171 3759 unum
3219 3708 3272 3759 in
3309 3703 3504 3759 Judam
3540 3705 3659 3758 "ie-

2085 3799 2394 3869 rosolymis,
2432 3799 2542 3852 lilio
2577 3798 2752 3867 ipsius
2802 3799 3028 3864 Ahazia,
3081 3814 3253 3854 annos
3289 3807 3417 3852 nato
3473 3800 3659 3864 viginti

2083 3891 2253 3955 duos;
2281 3890 2443 3960 idque
2474 3890 2618 3960 regni
2641 3889 2845 3944 Joratni
2879 3891 3049 3945 Ahabi
3098 3890 3190 3944 ﬁlii
3217 3931 3230 3952 ,
3264 3892 3405 3959 regis
3444 3889 3663 3943 lsraelis

2083 3983 2425 4037 duodecimo.
2464 3982 2634 4037 Mater
2655 3983 2772 4052 ejus
2795 3985 3016 4036 nomine
3043 3983 3256 4037 Athal'a
3287 3982 3485 4041 Ahahi,
3519 3986 3662 4037 regis

2085 4074 2321 4138 lsraelis,
2357 4073 2509 4130 Omri
2549 4075 2644 4129 lilii
2678 4090 2856 4129 soror.
2895 4076 3024 4141 I'Zjus
3061 4085 3308 4143 tempore
3359 4076 3657 4143 prepheta-

2087 4175 2212 4219 runt
2263 4165 2445 4221 Elisha
2491 4175 2540 4219 et
2589 4164 2858 4221 Ohadiab.
2909 4165 3197 4220 Profectus
3243 4175 3424 4220 autem
3481 4165 3661 4219 Joram

2086 4261 2302 4313 l~raclis
2333 4276 2445 4319 rex,
2478 4258 2708 4312 llamzun
2743 4275 2864 4312 cum
2897 4258 3128 4314 ilaziele
3173 4259 3413 4312 tribuum
3449 4275 3570 4328 rege
3595 4257 3660 4310 ad

2089 4351 2282 4402 lciluu:
2316 4364 2440 4402 cum
2474 4348 2628 4419 Syris
2655 4349 2975 4418 gerendum,
3009 4363 3133 4402 eum
3177 4350 3227 4401 in
3262 4349 3450 4416 praelio
3473 4350 3660 4401 vulne-

404 4443 695 4499 obsidione
726 4443 973 4516 [inclusi]
1007 4444 1373 4513 perstitissent
1409 4445 1688 4506 Israelitae,
1727 4444 1869 4498 facta
1902 4453 1984 4498 est
2019 4426 2057 4478 ί)
2092 4453 2238 4495 ratus
2287 4450 2432 4494 esset
2474 4441 2540 4494 ad
2601 4441 2792 4495 urbem
2843 4440 3138 4494 Ji-zrrelein
3193 4457 3445 4496 reversus
3473 4452 3555 4494 est
3602 4453 3660 4491 ut

405 4537 461 4590 in
491 4537 737 4590 Samaria
787 4536 956 4590 fames
1019 4552 1246 4603 magna,
1288 4537 1426 4592 adeo
1483 4547 1541 4592 ut
1595 4537 1661 4592 ad
1711 4537 1981 4593 cadavera

405 4629 613 4684 edenda
657 4628 1008 4698 adigerentur
1053 4629 1338 4690 homines,
1377 4645 1476 4685 nee
1514 4647 1621 4684 non
1651 4640 1864 4684 stercus
1894 4645 1985 4681 co-

405 4721 714 4775 lumbinum
745 4721 1115 4785 romederent,
1146 4723 1582 4792 vrndereturque
1626 4731 1792 4792 caput
1841 4721 1982 4776 asini

405 4811 609 4865 mortui
640 4811 917 4881 Octoginta
949 4811 1248 4878 drachmis,
1273 4816 1648 4883 stercorisque
1684 4814 1981 4866 columbini

404 4902 575 4957 cabus
621 4901 863 4970 quinque
911 4901 1203 4956 drachmis.
1264 4902 1398 4957 Dum
1441 4899 1573 4972 ergo
1625 4918 1791 4972 sup-r
1832 4903 1984 4957 urbis

407 4996 729 5049 rnnnimine.
757 4995 1032 5049 incederet
1063 4994 1268 5057 Joram,
1309 4995 1529 5050 lsraelis
1575 5010 1693 5060 rex,
1726 5009 1854 5047 ecce
1884 5009 1982 5046 oc-

402 5091 575 5143 currit
638 5088 742 5158 ipsi
804 5087 1000 5141 mulier
1054 5103 1175 5155 quae
1229 5088 1390 5141 aliam
1451 5097 1644 5141 tenens
1700 5087 1982 5140 mulierem

403 5198 558 5250 Opem
590 5198 616 5234 a
648 5197 771 5249 rege
794 5179 969 5250 petiit,
1001 5179 1193 5233 dicens
1227 5197 1242 5234 :
1275 5179 1416 5232 Dixit
1448 5181 1579 5232 mihi
1621 5179 1815 5232 mulier
1857 5178 1982 5242 ista,

407 5273 569 5328 hodie
600 5272 769 5326 lilium
801 5278 954 5324 tuu=n
1009 5276 1215 5322 maetes
1241 5284 1350 5337 quo
1385 5285 1690 5333 vescamur,
1744 5285 1813 5322 ne
1847 5269 1986 5323 [anne

405 5365 727 5426 moriamur,
769 5375 894 5416 cras
941 5360 1041 5429 ego
1095 5374 1275 5413 meum
1324 5359 1611 5420 mactabo,
1665 5370 1724 5412 ut
1774 5369 1829 5414 et
1864 5361 1985 5430 ipso

406 5470 714 5510 vescamur.
773 5453 885 5522 Ego
920 5453 1086 5522 igitur
1133 5453 1301 5505 lilium
1335 5467 1513 5504 meum
1558 5452 1674 5506 heri
1716 5453 1995 5522 jugulavi,’

407 5562 570 5616 quem
599 5547 850 5612 edimus;
880 5545 970 5599 illa
1006 5555 1191 5599 autem
1229 5544 1389 5598 hodie
1430 5544 1600 5596 lilium
1655 5560 1812 5599 suum
1860 5562 1986 5613 pre-

413 5640 646 5692 hensum
683 5637 994 5691 abscondit.
1046 5635 1430 5690 'l‘remefactus
1487 5651 1577 5690 rex
1631 5636 1716 5690 his
1758 5638 1982 5698 auditis.

413 5709 658 5784 vestibus
698 5727 812 5781 suis
854 5727 1066 5790 scissis,
1127 5727 1460 5796 pulvereque
1504 5730 1669 5798 capiti
1718 5730 1986 5798 superim-

2091 4532 2160 4585 ibi
2198 4539 2505 4592 sanaretur,
2555 4546 2663 4597 quo
2707 4531 3001 4586 Salutatum
3056 4548 3180 4586 en:n
3243 4533 3518 4603 profectus
3579 4541 3663 4586 est

2088 4626 2291 4678 Ahazia
2327 4625 2531 4677 .loratni
2567 4625 2734 4678 (ilius.
2773 4624 2958 4678 Elisha
2990 4633 3168 4677 autem
3202 4625 3468 4694 propheta
3504 4624 3663 4677 disci-

2087 4717 2212 4787 pulo
2239 4733 2338 4770 suo
2368 4715 2518 4769 Jonas
2561 4717 2748 4770 Mittazi
2790 4717 2900 4769 lilio
2931 4716 3043 4786 (qui
3083 4717 3222 4769 idem
3258 4727 3340 4771 est
3391 4717 3486 4770 Dul
3517 4713 3661 4774 Nun,

2089 4807 2138 4860 id
2175 4817 2258 4861 est
2297 4808 2552 4862 Dominus
2589 4809 2768 4874 piscis,
2801 4825 2959 4878 quem
2992 4807 3278 4879 deglutivit
3313 4809 3500 4876 piscis)
3538 4825 3665 4878 pre-

2090 4902 2119 4955 h
2145 4915 2281 4960 tusc,
2321 4916 2491 4953 rornu
2522 4900 2576 4954 in
2613 4917 2722 4969 quo
2754 4909 2873 4954 erat
2901 4901 3104 4962 oleum,
3145 4900 3369 4953 tradens
3410 4919 3423 4953 :
3475 4899 3662 4952 Profe-

2087 5000 2224 5049 ctus,
2262 4991 2458 5058 inquit,
2509 4991 2574 5043 ad
2629 4991 2821 5044 urbem
2877 4990 3072 5042 Ramot
3105 4989 3316 5052 Gilead,
3348 5006 3471 5044 cum
3519 4988 3588 5041 ibi
3632 5006 3662 5039 e

2089 5084 2319 5138 ducibus
2372 5083 2663 5152 quemdam
2718 5083 2937 5136 nomine
2990 5081 3149 5142 Jebu,
3211 5081 3420 5136 Nimshi
3473 5083 3664 5142 lilium,

2089 5178 2386 5240 inveneris,
2421 5177 2597 5244 ipsum
2629 5176 2747 5230 oleo
2775 5176 2879 5230 isto
2907 5190 3086 5244 ungas
3119 5177 3172 5228 in
3207 5191 3386 5245 regem
3425 5175 3662 5228 Israelis.

2089 5271 2289 5323 Abiens
2336 5283 2466 5333 ergo
2507 5265 2676 5319 Jonas
2735 5267 2940 5320 Elisha;
2997 5265 3304 5335 discipulus
3353 5267 3494 5335 quol
3555 5265 3662 5332 ipsi

2090 5363 2400 5415 mamlatum
2431 5361 2606 5414 fuerat
2637 5361 2781 5421 fecit,
2810 5359 2952 5428 quod
2981 5375 3104 5414 cum
3141 5360 3306 5414 sociis
3338 5359 3453 5412 suis
3479 5355 3667 5427 217~

2089 5453 2254 5524 219
2287 5455 2564 5508 retulisset
2598 5452 2758 5514 Jehu,
2795 5453 2929 5522 ipsis
2972 5453 3324 5520 congregatis
3359 5450 3424 5504 ad
3473 5450 3664 5504 urbem

2088 5542 2407 5608 Jezraelem,
2435 5539 2710 5596 Joramum
2747 5540 2970 5595 lsraelis
3009 5553 3188 5606 regem
3222 5538 3513 5607 quaesitum
3538 5550 3664 5606 pro-

2094 5640 2268 5689 I'ectus
2299 5644 2404 5689 est.
2440 5635 2688 5703 Cumque
2731 5633 2950 5688 ohviarn
2986 5631 3086 5700 ipsi
3137 5634 3515 5698 procederent,
3570 5629 3665 5684 Jo-

2101 5743 2236 5789 ram,
2273 5725 2508 5792 lst'arlis,
2559 5735 2609 5780 et
2647 5726 2882 5780 Achazia
2929 5724 3079 5778 .luda‘
3112 5741 3227 5792 rex,
3275 5723 3414 5779 Jchu
3470 5723 3664 5795 sagitta
