4034 6214
347 254 454 316 959

1365 249 1732 312 EUTYCl-III
1780 247 2318 308 ALEXANDRINI
2359 249 2574 308 PATR.

3498 238 3600 299 960

419 361 662 414 Mortuus
685 357 1228 424 Jeroboam,lsraelis
1259 375 1371 424 rex,
1393 359 1657 412 Samarim
1679 357 1926 427 sepultus
1954 356 2004 413 A
2030 365 2094 418 ad
2129 364 2305 432 ipsum
2339 361 2518 414 Achaz
2555 357 2705 412 Inda:
2759 371 2872 420 rex,
2913 365 2968 408 ut
3015 349 3217 424 gratias
3266 353 3310 403 ei
3360 351 3428 403 ob
3471 347 3599 402 iltul

346 464 450 510 est.
487 455 859 525 chnavitque
890 463 1009 524 post
1041 456 1219 524 ipsum
1277 453 1538 507 Samarize
1571 454 1622 504 in
1663 451 1920 504 lsraelem

357 565 450 601 sex
492 563 708 602 menses
736 589 750 609 ,
799 548 942 602 lilius
1006 549 1174 615 ipsius
1223 546 1486 600 Zacharia
1516 585 1529 607 ,
1571 545 1732 614 idque
1773 541 1922 612 regni

353 640 532 695 Uzzize
566 641 709 709 regis
736 639 890 694 Iuda:
919 655 1061 693 anno
1095 640 1356 692 vicesimo
1385 654 1529 692 nono
1557 655 1571 702 ;
1610 653 1768 705 quem
1801 649 1923 689 cum

356 734 532 801 ipsum
572 732 770 792 adorti,
803 730 1046 783 Shallum
1080 729 1300 784 Jaheshi
1337 729 1478 783 lilius
1508 739 1560 784 et
1596 730 1797 781 Bileum
1834 727 1924 796 qui

360 831 522 876 erant
554 838 585 876 e
619 822 851 876 ducibus
896 823 1088 890 ipsius,
1125 820 1549 884 interfecissent,
1580 834 1804 888 regnum
1835 833 1930 873 oc-

349 931 558 984 rupans
591 913 832 970 Shallum
866 913 1088 968 Jabeshi
1115 914 1276 978 lilius,
1306 914 1566 966 Samariae
1592 913 1644 964 in
1673 911 1925 964 lsraclem

354 1009 472 1062 dies
525 1007 740 1076 triginta
800 1006 1066 1074 regnavit,
1121 1007 1281 1074 idque
1337 1021 1480 1059 anno
1517 1006 1692 1073 .regni
1753 1003 1928 1057 tiniae

352 1101 515 1166 regis,
550 1097 705 1152 Iuda:
750 1098 1010 1153 vicesimo
1055 1116 1217 1153 nono.
1253 1097 1404 1151 Illum
1467 1097 1694 1150 adortus
1731 1095 1929 1148 Mena-

351 1192 510 1244 chem
545 1188 679 1242 Gadt
731 1188 897 1253 filius,
929 1191 1019 1258 qui
1056 1205 1086 1242 e
1111 1190 1342 1242 ducibus
1372 1189 1538 1259 228
1561 1189 1678 1255 ejus
1715 1188 1890 1241 fuerat
1915 1227 1928 1249 ,

354 1284 474 1350 ipso
503 1278 792 1333 interfecto
828 1294 1054 1347 regnum
1086 1281 1374 1346 occupavit
1397 1318 1411 1340 ,
1449 1279 1800 1347 rcgnavitque
1835 1278 1933 1331 Sa-

355 1369 540 1422 maria:
573 1369 626 1420 in
659 1367 914 1422 Israelem
945 1384 1118 1422 annos
1143 1369 1330 1437 viginti
1376 1387 1389 1422 :
1425 1369 1588 1436 idque
1623 1367 1779 1420 initio
1807 1367 1930 1418 anni

356 1461 509 1530 regni
541 1459 720 1514 Uzziae
769 1461 914 1528 regis
950 1457 1102 1513 Juda‘
1153 1460 1454 1514 tricesimo.
1493 1459 1692 1513 Deinde
1723 1457 1933 1512 Tirsam

361 1555 550 1606 urbem
593 1553 870 1618 profectus
909 1569 970 1605 ea
1001 1563 1159 1621 capta
1195 1569 1385 1606 omnes
1413 1554 1502 1621 qui
1548 1553 1599 1605 in
1634 1552 1747 1620 ipsa
1780 1559 1936 1604 erant

363 1656 538 1700 morte
564 1644 765 1710 alTeCit,
794 1654 842 1697 et
876 1653 1250 1714 liraégtiantttttt
1285 1653 1470 1698 uteros
1492 1644 1707 1697 difﬁdit.
1734 1643 1938 1695 Ascen-

2029 455 2171 523 quod
2205 454 2409 508 fecerat
2431 459 2634 522 ageret.
2681 449 2953 502 l‘ekahum
2981 457 3159 499 autem
3186 444 3397 496 lsraelis
3421 457 3600 509 regem

2027 545 2189 610 Osca,
2225 546 2335 599 Elre
2368 544 2531 607 tllius,
2570 543 2661 613 qui
2697 556 2728 595 e
2759 539 2988 592 ducibus
3035 538 3204 606 ipsius
3259 534 3378 592 fuit.
3426 535 3599 601 ipsmn

2030 639 2256 692 adortus
2310 637 2611 697 interfecit,
2663 647 2944 703 regnoque
3001 639 3285 694 occupato,
3343 626 3604 681 Samaria!

2029 730 2190 800 232
2237 731 2290 784 in
2331 729 2588 783 lsraclem
2650 741 2841 780 novem
2894 737 3066 774 annos
3119 718 3392 786 regnavit';
3445 715 3601 780 idque

2030 838 2173 877 anno
2211 822 2360 891 regni
2398 821 2598 873 Achazi
2639 818 2782 887 regis
2807 815 2958 870 Judre
2987 812 3335 866 duodecimo.
3361 806 3602 860 Mortuus

2031 915 2225 969 deinde
2257 915 2432 968 Achaz
2469 912 2621 967 Judze
2646 927 2734 964 rex
2771 912 2823 963 in
2847 909 3066 963 civitate
3113 904 3333 958 Davidis
3362 902 3604 969 Sepul'us

2031 1016 2115 1062 est
2141 1046 2155 1068 ,
2186 1014 2470 1075 postquam
2514 1003 2758 1071 regnavit
2793 1000 3184 1066 Hierosolymis
3223 1011 3386 1063 super
3407 993 3598 1047 ludam

2038 1114 2212 1154 annos
2258 1097 2446 1162 viginti
2500 1111 2692 1150 novem
2749 1095 2890 1147 lilius
2941 1092 3115 1160 ipsius
3148 1087 3401 1150 Ezekiab,
3435 1101 3606 1138 annos

2037 1201 2195 1244 natus
2230 1187 2735 1258 vigintiquinque;
2801 1184 2965 1252 idque
3027 1196 3172 1235 anno
3232 1177 3381 1246 regni
3431 1176 3603 1232 Oscae.

2039 1282 2180 1351 regis
2232 1281 2485 1342 lsraelis,
2552 1279 2733 1334 tertio.
2793 1275 2924 1340 Ejus
2971 1274 3170 1329 diebus
3223 1271 3608 1340 prophetarunt

2039 1372 2232 1437 Isaias,
2280 1371 2450 1427 Oseas
2498 1380 2550 1423 et
2620 1368 2792 1422 Micha
2846 1365 3198 1432 Ephraimita.
3249 1364 3418 1417 Porro
3467 1377 3608 1413 anno

2037 1464 2185 1531 regni
2224 1461 2451 1524 Ezekiie,
2490 1464 2630 1532 regis
2659 1461 2832 1522 Jud.e,
2885 1468 3100 1527 quarto,
3135 1457 3226 1526 qui
3263 1454 3438 1517 Oscae,
3470 1455 3608 1518 regis

2042 1554 2285 1619 lsiaelis,
2318 1555 2581 1623 Septimus
2614 1563 2750 1616 erat,
2804 1552 3105 1604 Samari-nn
3157 1547 3458 1600 ascendens
3491 1545 3604 1597 Sal-

2043 1663 2350 1711 manassar,
2398 1646 2565 1699 Musal
2603 1654 2656 1698 et
2687 1644 3091 1712 Mesopotamize
3122 1656 3236 1704 rex,
3266 1654 3386 1691 eam
3423 1639 3608 1690 tribus

362 1739 580 1793 dentem
614 1739 809 1792 deinde
857 1749 1048 1791 eontra
1095 1739 1272 1808 ipsum
1309 1737 1495 1789 Polam
1545 1751 1727 1804 regem
1764 1734 1936 1787 lllusal
1973 1710 2011 1762 Β
2046 1742 2204 1792 anuis
2239 1739 2520 1793 obsessam
2562 1737 2701 1807 cepit
2731 1755 2744 1798 ;
2780 1745 3108 1805 captumque
3139 1733 3360 1794 Oscam,
3394 1730 3612 1783 Israelis

359 1828 673 1883 Menachem
706 1830 921 1884 lsraelis
950 1845 1067 1892 rex,
1091 1845 1285 1897 magna
1313 1825 1430 1881 auri
1463 1839 1515 1882 et
1547 1827 1752 1896 argenti
1785 1825 1940 1894 copia

359 1921 504 1984 data,
545 1920 823 1984 demulsit,
854 1935 921 1973 ne
949 1921 1050 1973 sibi
1078 1917 1372 1990 [noceret,]
1403 1933 1575 1986 quare
1603 1918 1670 1970 ab
1703 1917 1822 1984 ipso
1856 1929 1942 1967 rc-

360 2027 556 2067 versus
597 2021 702 2065 est.
735 2011 952 2064 Mortuo
977 2010 1350 2070 Menachemo,
1382 2018 1438 2062 et
1470 2005 1729 2062 Samaria:
1763 2005 1946 2072 sepul-

361 2110 440 2168 to,
478 2103 727 2174 regnavit
756 2111 878 2172 post
910 2103 1083 2170 ipsmn
1132 2101 1397 2157 Samaria:
1429 2102 1483 2154 in
1511 2100 1764 2153 lsraelem
1807 2100 1945 2150 duos

362 2210 538 2248 annos
571 2195 716 2247 lilius
750 2193 922 2262 ipsitts
957 2193 1217 2256 Pt-kahia,
1249 2193 1412 2262 idque
1463 2211 1607 2246 anno
1649 2192 1798 2261 regni
1843 2188 1944 2244 υιο

364 2286 462 2338 zia:
497 2283 640 2354 regis
665 2281 820 2337 luds:
855 2285 1333 2353 quinquagesimo.
1371 2285 1526 2337 Illum
1583 2284 1812 2335 adortus
1843 2282 1944 2334 Pe-

363 2378 490 2443 ltah,
525 2376 780 2430 Hemalia:
815 2377 980 2441 lilius,
1009 2393 1038 2430 e
1073 2376 1305 2430 ducibus
1335 2376 1525 2445 ipsius,
1562 2391 1683 2429 cum
1723 2376 1948 2430 interfe-

363 2471 549 2530 cisset,
570 2485 792 2538 regnum
825 2469 1136 2537 occupavit,
1161 2451 1515 2538 regnavitque
1543 2470 1658 2538 ipse
1683 2472 1735 2524 in
1769 2471 1941 2526 Israe-

363 2557 771 2624 lem,Samaria-
801 2575 976 2614 annos
999 2560 1186 2629 viginti
1217 2571 1359 2619 octo.
1392 2561 1556 2630 idque
1591 2564 1742 2631 regni
1768 2563 1946 2617 Uzzize

367 2650 510 2718 regis
543 2649 692 2704 ludar
723 2650 1184 2719 quinquagesimo
1233 2651 1496 2705 secumlo.
1550 2651 1701 2705 Fecit
1753 2665 1938 2707 autem

379 2738 539 2794 Uzzia
575 2742 677 2796 iste
711 2757 874 2796 omne
907 2743 1149 2807 malum;
1182 2741 1465 2811 ingreSsus
1501 2729 1646 2797 enim
1689 2743 1951 2798 Sanctum

371 2844 718 2892 sanctorum,
739 2843 951 2900 arrepto
968 2834 1091 2886 inde
1110 2851 1138 2885 c
1153 2849 1312 2887 manu
1333 2835 1634 2892 sacerdotis
1657 2837 1952 2899 thuribulo,

368 2923 737 2980 sutlimentum
761 2926 916 2977 altari
945 2925 1218 2990 admovit;
1246 2941 1409 2994 quam
1444 2929 1514 2981 oh
1540 2943 1762 2984 causam
1791 2929 1942 2998 lepra

2045 1847 2248 1899 regem,
2281 1831 2334 1884 in
2359 1846 2630 1885 carcerem
2661 1829 2909 1897 coniecit,
2937 1843 2998 1880 ac
3022 1826 3212 1880 decem
3247 1825 3616 1878 lsraclitarnm

2046 1923 2240 1986 tribus,
2273 1938 2302 1977 e
2335 1922 2554 1991 regione
2589 1919 2935 1983 Samaritica,
2973 1917 3226 1972 Amidam
3262 1916 3529 1970 Musalnm
3562 1926 3615 1964 et

2050 2014 2295 2068 Babelem
2325 2013 2650 2081 deportavit,
2675 2012 2810 2066 adeo
2845 2019 2904 2064 ut
2930 2011 3040 2080 jam
3075 2019 3502 2079 nonsuperesset
3523 2007 3628 2056 nisi

2050 2102 2224 2157 tribus
2253 2101 2423 2167 Ιιιιίειξ,
2449 2117 2570 2153 cum
2605 2104 2775 2170 stirpe.
2815 2101 3069 2155 Davidica
3101 2116 3219 2170 quae
3251 2100 3360 2153 illis
3388 2100 3626 2165 impera-

2051 2206 2151 2258 ret,
2184 2207 2235 2251 et
2265 2197 2441 2249 tribus
2485 2194 2839 2264 Benjaminis.
2891 2194 3209 2248 Translatos
3241 2206 3420 2245 autem
3457 2191 3624 2242 Baha-

2051 2287 2140 2351 lis,
2169 2286 2370 2350 Ainidi,
2405 2297 2458 2340 et
2491 2286 2683 2341 Musali
2731 2287 2939 2340 incolas
2982 2285 3033 2338 in
3070 2285 3300 2338 urbibus
3341 2282 3628 2337 Samariti-

2051 2382 2130 2435 eis
2158 2380 2279 2432 loco
2310 2380 2678 2433 lsraelitarum
2717 2380 3037 2443 collocavit;
3071 2377 3262 2432 relicto
3291 2377 3433 2446 apud
3470 2377 3621 2443 ipsos

2051 2471 2334 2526 sacerdote
2390 2471 2608 2526 nomine
2660 2470 2777 2523 Lnn
2837 2470 2928 2534 qui
2988 2470 3138 2540 ipsos
3173 2469 3340 2536 legem
3384 2468 3627 2521 ιὶιιροι-ιιι.

2055 2564 2286 2618 Edocuit
2317 2578 2445 2632 ergo
2478 2562 2628 2630 ipsos
2659 2561 2796 2622 Lun,
2836 2562 2986 2614 illam
3019 2576 3182 2629 quam
3216 2566 3401 2612 tenent
3432 2557 3628 2618 Ιρμρειι.

2058 2657 2410 2725 Fueruntque
2443 2655 2516 2708 illi
2551 2654 3019 2709 Samaritanorum
3060 2661 3264 2728 patres,
3297 2650 3634 2705 Samaritaui

2054 2759 2234 2804 autem
2267 2750 2356 2817 qui
2400 2749 2500 2803 hoc
2536 2759 2781 2814 tempore
2820 2746 3173 2814 reperiuntur
3216 2744 3456 2813 ipsorum
3511 2743 3632 2795 lilii.

2057 2842 2302 2912 Separati
2334 2844 2474 2895 enim
2515 2858 2540 2892 a
2571 2839 2774 2893 Judzeis
2801 2837 3145 2907 prophetiam
3182 2835 3400 2890 Davidis
3429 2843 3483 2888 ct
3507 2851 3638 2902 pro-

2059 2939 2343 3007 phetarmn
2380 2936 2619 2989 omnimn
2661 2932 3045 3000 repudiarunt,
3075 2931 3340 2984 dicentes:
3376 2928 3493 2981 Non
3531 2927 3641 2980 fuit

369 3016 429 3071 ίη
464 3013 604 3070 [διίείο
635 3029 926 3084 Percussus
957 3027 1060 3077 θεῖν
1095 3031 1272 3086 neque
1296 3026 1479 3073 tamen
1518 3035 1546 3072 a
1580 3035 1743 3090 regno
1774 3038 1951 3075 semo-
1977 3053 2020 3114 α
2061 3040 2178 3098 post
2229 3028 2411 3082 Mosen
2446 3027 2760 3094 prophetare
2789 3064 2802 3086 ,
2831 3023 3132 3093 propheta;
3171 3022 3276 3076 sibi
3314 3019 3564 3088 principe
3597 3034 3634 3072 θ

371 3118 628 3174 ιυ8,«“υιιι
653 3107 802 3162 filius
823 3109 993 3177 ipsius
1015 3108 1254 3177 Jotham,
1279 3126 1503 3180 regnum
1531 3113 1947 3182 administrans,

370 3199 547 3268 ipsum
584 3210 849 3254 tuentur.
888 3200 1138 3257 Mortuus
1173 3213 1353 3256 autem
1385 3204 1547 3259 Uzzia
1575 3247 1591 3271 ,
1619 3205 1772 3261 Iusta:
1811 3224 1901 3262 rex
1931 3249 1945 3273 ,

373 3292 426 3344 in
472 3292 693 3345 civitate
753 3291 917 3345 David
968 3294 1215 3361 sepultus
1262 3302 1366 3348 est.
1418 3294 1790 3365 Regnavitque
1831 3307 1952 3367 post.

371 3384 546 3449 ipsum
586 3383 974 3454 llierOSolymis
1003 3385 1055 3437 in
1092 3385 1285 3456 ludam
1326 3385 1470 3440 filius
1507 3389 1677 3455 ipsius
1732 3387 1949 3442 Jotham

372 3490 495 3528 antu
519 3491 546 3530 s
579 3475 873 3533 sexdecim.
906 3491 1080 3528 annos
1107 3485 1218 3527 tum
1265 3486 1424 3529 ιιειίιις
1473 3478 1660 3545 viginti
1692 3480 1951 3547 quinque,

389 3564 550 3634 idque
585 3565 940 3634 229-231
976 3581 1120 3619 anno
1152 3566 1298 3635 regni
1337 3566 1512 3630 Ρριίαε,
1544 3571 1684 3640 regis
1711 3570 1950 3632 lsraelis.

378 3656 641 3710 secundo.
677 3655 810 3724 Ejus
853 3665 1098 3723 tempore
1135 3657 1532 3726 prOphetarunt
1566 3662 1751 3726 Isaias,
1781 3663 1954 3716 Micha

379 3748 694 3810 Morashita,
727 3759 780 3800 et
806 3747 924 3803 Joel
954 3748 1246 3804 Phanuelis
1274 3751 1436 3806 lilius.
1479 3753 1743 3821 Egressus
1768 3765 1951 3808 autem

377 3841 555 3911 Tiglat
589 3840 810 3906 Pili-ser,
847 3857 939 3896 rex
976 3843 1147 3898 Musal
1175 3883 1191 3903 .
1225 3845 1424 3898 multas
1454 3845 1823 3902 lsraebtarum
1860 3865 1954 3902 ur-

377 3933 476 3988 bes
511 3932 780 3997 devictas,
817 3934 950 4002 ipsis
987 3936 1231 3989 abstulit.

446 4022 691 4078 Mortuus
742 4023 960 4079 Jmham
997 4024 1150 4084 Judaz
1197 4043 1289 4080 rex
1319 4067 1332 4088 .
1369 4029 1422 4082 in
1469 4029 1687 4083 civitate
1738 4031 1956 4084 Davidis

375 4115 692 4172 Bethlehem
746 4119 996 4187 sepultus
1032 4127 1150 4184 est;
1201 4121 1560 4191 regnavitqne
1611 4132 1730 4190 post
1776 4124 1954 4192 ipsum

376 4207 774 4279 Hierosolymis
801 4211 853 4264 in
880 4209 1071 4265 Judam
1110 4228 1283 4267 annos
1310 4214 1588 4268 sexdecim
1619 4215 1762 4270 filius
1789 4218 1961 4286 ipsius

377 4304 558 4358 Achaz
587 4318 765 4359 annos
803 4315 963 4359 natus
991 4305 1180 4374 viginti
1211 4325 1224 4360 :
1258 4305 1419 4374 idque
1450 4307 1601 4374 regni
1632 4309 1792 4362 Pckae
1821 4311 1958 4378 regis

379 4396 548 4451 Israel
589 4397 804 4451 decimo
835 4397 1089 4465 septimo.
1121 4398 1253 4465 Ejus
1288 4407 1530 4466 tempore
1562 4400 1956 4468 prophetarunt
1997 4389 2039 4445 n

379 4487 568 4549 Isaias,
630 4486 823 4550 Oscas,
869 4499 922 4542 et
975 4489 1172 4552 Micha,
1210 4490 1575 4559 princepsque
1610 4491 1960 4546 sacerdotum

376 4589 495 4634 erat
529 4579 678 4634 Uria.
718 4578 1001 4633 Profectus
1047 4588 1229 4634 autem
1281 4581 1449 4636 Rezin
1502 4581 1752 4638 Damasci
1815 4599 1906 4638 rex
1941 4625 1954 4650 ,

381 4685 491 4724 una
517 4685 641 4723 cum
671 4669 908 4734 Pekaho,
943 4671 1161 4726 lsraelis
1190 4687 1336 4742 rege,
1365 4672 1732 4747 Hierosolyma
1770 4690 1962 4730 ascen-

381 4760 518 4815 dens
551 4774 670 4813 eam
709 4760 965 4824 obsedit;
1001 4778 1161 4830 quam
1191 4780 1314 4816 eum
1342 4779 1538 4833 capere
1566 4781 1670 4820 non
1705 4778 1959 4834 possent,

387 4852 591 4908 reversi
623 4853 1138 4922 sunt.Vastavitquc
1170 4853 1357 4920 Hezin,
1397 4858 1644 4910 Damasci
1681 4874 1794 4920 rex,
1832 4857 1959 4909 Lam

387 4944 555 5016 Syriae
589 4945 796 5007 urbem,
843 4946 896 4998 in
951 4961 1093 5014 qua,
1143 4947 1395 5002 abductis
1433 4949 1556 5003 inde
1603 4949 1826 5011 Judaeis,
1862 4950 1966 5002 Ro-

389 5053 551 5092 Intnos
575 5037 641 5090 ad
674 5038 846 5106 ipsam
884 5037 1228 5090 incolentium
1267 5041 1480 5104 statuit,
1517 5043 1609 5110 qui
1661 5057 1777 5094 eam
1819 5042 1964 5094 hunc

391 5144 561 5199 usque
603 5129 743 5182 diem
799 5130 1062 5183 incolunt.
1095 5130 1325 5198 Scripsit
1373 5147 1503 5198 ergo
1555 5133 1760 5189 Achaz.
1812 5132 1965 5186 Jndac

389 5238 505 5285 rex,
540 5223 606 5276 ad
640 5222 1136 5277 Saltnau-assarunt
1163 5263 1174 5282 ,
1218 5240 1398 5291 regem
1440 5223 1607 5276 Musal
1633 5265 1648 5286 ,
1696 5241 1849 5294 opem
1899 5226 1967 5279 ab

395 5314 520 5382 ipso
558 5313 780 5382 petitum
810 5353 824 5378 ,
855 5317 1024 5370 misso
1059 5315 1123 5367 ad
1178 5315 1356 5383 ipsum
1411 5315 1777 5384 quodcunque
1807 5317 1921 5370 auri
1951 5359 1965 5381 ,

393 5404 628 5472 argenti,
659 5419 723 5459 ac
758 5421 1090 5474 gemmarum
1127 5405 1178 5458 in
1211 5408 1411 5474 templo
1440 5408 1735 5475 repositum
1772 5407 1965 5462 fuerat.

397 5496 480 5549 Ad
516 5513 678 5566 quem
710 5514 842 5568 ergo
875 5500 1137 5554 accedens
1179 5516 1302 5553 cum
1335 5500 1667 5553 exercitibus
1715 5502 1828 5553 suis
1880 5516 1968 5552 rex

402 5586 594 5647 Μιιεειιο
634 5587 950 5645 Dalltucurn
986 5602 1199 5659 captam
1242 5594 1361 5656 igne
1395 5593 1716 5650 nitidius-it,
1763 5608 1971 5660 regetu-

407 5691 514 5742 quc
550 5675 722 5743 ipsius
763 5675 927 5731 liezin
969 5692 1142 5733 tuottc
1185 5680 1384 5735 :iﬂt'cit.
1424 5681 1704 5734 l‘rol‘xtctus
1731 5693 1806 5735 cst
1846 5699 1973 5748 ιιι-ευ

2055 3121 2286 3191 posteris
2333 3121 2563 3173 Aaronis
2613 3117 2936 3182 constituto,
2971 3115 3056 3172 cui
3099 3111 3448 3184 233—235
3480 3111 3638 3180 regis

2055 3216 2269 3270 titulum
2309 3213 2642 3267 indiderunt.

2129 3306 2312 3375 Regno
2340 3316 2520 3358 autem
2555 3305 2730 3372 potito
2767 3302 2966 3356 Ezekia
3016 3301 3167 3355 Judae
3197 3315 3323 3362 rege
3360 3299 3411 3351 in
3445 3314 3642 3352 omnes

2057 3398 2352 3460 israelitas,
2385 3404 2439 3452 et
2467 3397 2559 3467 qui
2592 3413 2654 3450 ex
2689 3397 2822 3464 ipsis
2850 3394 3042 3464 reliqui
3069 3402 3252 3447 essent
3283 3394 3332 3444 iu
3360 3389 3633 3448 Samaria,

2058 3492 2198 3546 idola
2231 3489 2638 3560 confregerunt,
2664 3498 2984 3556 statuasque
3018 3495 3375 3544 atnovcrnnt;
3408 3497 3504 3536 nec
3527 3497 3642 3534 non

2064 3593 2372 3653 serpentem
2422 3598 2632 3637 aeneum
2663 3621 2677 3644 ,
2722 3597 2880 3650 quem
2925 3580 3121 3641 Moses,
3153 3595 3203 3634 c.
3242 3595 3294 3647 p.
3325 3579 3375 3630 in
3413 3577 3630 3629 deserto

2060 3675 2280 3738 fecerat,
2312 3691 2586 3744 quemque
2635 3675 2764 3727 illud
2811 3689 2982 3743 usque
3015 3683 3225 3737 tempus
3257 3687 3363 3724 non
3393 3671 3637 3724 destitis-

2061 3781 2180 3821 sent
2214 3767 2476 3822 Israelita:
2510 3766 2686 3834 magni
2732 3766 2911 3820 facere
2941 3776 2994 3818 et
3040 3765 3240 3824 colere.
3295 3763 3638 3816 comminuit.

2061 3856 2258 3911 Tribus
2285 3859 2447 3910 etiam
2480 3856 2812 3924 alienigenas
2844 3865 3204 3924 Oppugnatas,
3237 3853 3438 3908 Gazam
3467 3869 3640 3919 usque

2060 3960 2115 4004 et
2167 3950 2351 4004 urbem
2390 3948 2651 4018 Haphach
2699 3946 2925 4017 fugavit.
2965 3946 3105 3998 Misit
3146 3946 3306 3997 etiam
3352 3944 3415 3996 ad
3466 3953 3640 3994 totum

2065 4041 2456 4096 lsraelitaruni.
2483 4042 2572 4109 qui
2602 4039 2865 4094 ditionem
2987 4038 3381 4097 Samariticam,
3411 4047 3639 4090 terram-

2062 4149 2170 4205 que
2195 4132 2348 4188 Judze
2382 4133 2706 4192 incolerent,
2741 4139 2969 4188 ccetum,
2998 4140 3053 4180 ut
3090 4126 3476 4198 Hierosolymis
3509 4141 3643 4180 con-

2065 4229 2344 4281 venientes
2377 4225 2585 4279 Pascha
2622 4224 2984 4278 eclehrarent.
3023 4221 3344 4289 Congregati
3379 4235 3506 4289 ergo
3549 4219 3625 4269 illi

2066 4319 2274 4372 Pascha
2315 4317 2708 4388 Hierosolymis
2742 4317 3109 4370 celebrarunt.
3164 4311 3410 4365 Mactavit
3463 4317 3640 4363 autem

2075 4409 2268 4462 Ezekia
2309 4407 2465 4462 Judae
2513 4422 2602 4459 rex
2650 4406 2914 4474 iuvencos
2947 4403 3030 4456 bis
3072 4403 3239 4461 mille,
3274 4400 3508 4470 pecudes
3557 4415 3644 4451 se.-

2075 4501 2214 4570 pties
2249 4499 2432 4563 mille;
2467 4496 2706 4567 przrfecti
2739 4498 2858 4564 ejus
2903 4497 3167 4561 iuvencos
3214 4492 3377 4552 mille,
3416 4491 3649 4558 pecudes

2072 4594 2254 4647 decies
2292 4591 2457 4654 mille,
2493 4589 2802 4656 festumque
2841 4589 3125 4657 pulchrmn
3162 4594 3214 4638 et
3247 4585 3526 4651 cepiosum
3559 4597 3648 4633 ce-

2071 4686 2370 4740 lebrarunt.
2393 4681 2562 4735 Porro
2585 4696 2726 4733 anno
2752 4681 2898 4748 regni
2932 4677 3142 4732 Etekiae
3183 4677 3326 4743 regis
3357 4674 3528 4734 Judte,
3555 4672 3650 4724 de-

2073 4776 2213 4828 cimo
2231 4785 2445 4838 quarto,
2469 4788 2590 4825 cum
2618 4772 2921 4824 ascendens
2960 4767 3332 4822 Seunaehcrih
3352 4781 3441 4819 rex
3469 4762 3639 4816 Musal

2072 4868 2125 4920 in
2158 4877 2356 4919 terram
2389 4864 2560 4923 Judae,
2611 4863 2807 4916 tnultas
2846 4863 2966 4929 ejus
3001 4862 3164 4913 urbes
3193 4858 3468 4922 cepisset._
3493 4865 3644 4908 metu

2071 4958 2190 5025 ejus
2224 4955 2511 5024 perculsus
2547 4952 2772 5007 Ezekias
2817 4950 2970 5004 Juda}
2995 4965 3112 5013 rex,
3143 4949 3292 5001 misit
3350 4947 3412 5000 ad
3453 4949 3650 5015 ipsum,

2073 5045 2326 5102 Lachishi
2359 5057 2470 5098 tum
2500 5052 2804 5096 manentem
2832 5038 3092 5115 [dicens],
3119 5037 3486 5106 quodcunque
3523 5038 3651 5086 mihi

2075 5135 2419 5202 imposueris,
2453 5149 2551 5197 ego
2605 5135 2656 5185 in
2689 5149 2772 5186 me
2810 5132 2902 5182 tibi
2938 5130 3302 5197 pra-standum
3335 5129 3652 5197 suscipiam,

2077 5228 2240 5281 modo
2269 5243 2294 5280 a
2324 5244 2406 5280 me
2437 5227 2681 5278 recedas.
2717 5222 2950 5292 Scripsit
2976 5237 3105 5288 ergo
3138 5221 3202 5273 ad
3241 5222 3415 5287 ipsum
3447 5220 3654 5270 Sentia-

2073 5321 2284 5383 elu-rih,
2313 5335 2400 5373 rex
2427 5319 2619 5372 Musal:
2644 5315 2769 5378 Fac,
2793 5316 2920 5369 mihi
2945 5315 3060 5368 auri
3083 5313 3278 5368 talenta
3301 5321 3560 5373 IreCenta,
3577 5326 3661 5362 ar-

2076 5411 2220 5481 genti
2246 5422 2325 5464 ter
2347 5410 2490 5462 mille
2507 5409 2701 5464 afferas
2727 5425 2739 5461 :
2767 5408 2962 5462 obtulit
2988 5423 3116 5477 ergo
3135 5407 3235 5475 ipsi
3259 5405 3449 5459 Ezekia
3483 5404 3656 5472 quod-

2080 5519 2296 5573 cnnque
2325 5504 2376 5555 in
2415 5503 2612 5572 tenqlo
2649 5501 2752 5554 fuit
2783 5503 2897 5553 auri
2922 5500 3085 5570 236
3108 5508 3268 5569 atque
3301 5500 3528 5566 argenti,
3561 5513 3656 5547 nec

2081 5611 2184 5646 twn
2222 5603 2405 5661 portas
2438 5591 2620 5657 templi
2641 5605 2835 5644 aureas
2859 5589 3169 5644 confractas
3192 5589 3256 5642 ad
3281 5587 3455 5657 ipsum
3489 5586 3650 5638 misit.

2084 5684 2277 5735 l‘l'dcm
2311 5696 2486 5736 att'etu
2528 5689 2686 5734 nocte
2715 5681 2905 5732 oborto
2944 5681 2994 5729 in
3027 5680 3266 5733 exercitu
3301 5674 3652 5732 Scuachctibi
