4034 6214
402 330 497 391 9ὓ1

1837 341 2212 401 ΑΝΝΑΙΈΒ.

3553 337 3656 401 962

418 449 742 519 rcgisllusal
765 464 1002 512 rumore,
1028 451 1256 520 aliisque
1285 453 1417 506 alios
1448 453 1776 508 credentibus
1801 471 1984 525 νει-ρεσ-
2018 461 2054 513 Λ
2095 456 2217 523 igne
2253 455 2586 518 combussit;
2636 454 2833 508 occisis
2875 453 3096 518 insuper
3135 460 3184 505 et
3231 455 3349 521 igne
3397 454 3652 506 crematis

401 561 493 597 sus
530 539 773 604 Ezekias,
805 557 892 594 rex
935 539 1108 605 Judze,
1148 543 1416 597 interfecit
1462 559 1524 597 ex
1556 543 1689 612 ipsis
1728 545 1967 600 virorum

401 631 606 684 centies
655 629 899 694 Ortogies
934 631 1224 699 quinquies
1282 633 1446 685 mille.
1495 631 1962 686 Sennacheribnm

401 736 526 774 vero
562 736 738 790 regem
775 719 965 784 Musal,
1002 737 1126 775 cum
1169 723 1394 791 fugisset
1427 720 1690 785 Nineven,
1728 723 1820 777 filii
1852 725 1970 792 ejus

399 814 527 874 duo,
565 827 794 881 quorum
845 815 996 866 alteri
1047 830 1243 867 nomen
1288 815 1467 868 Auzar
1514 815 1726 868 Malach
1754 857 1768 877 ,
1811 816 1967 870 alteri

401 905 648 969 Sareser,
690 905 740 957 in
778 905 954 972 ipsum
991 905 1278 968 irruentes,
1309 907 1489 975 gladio
1538 907 1966 972 interfecerunt;

397 998 590 1052 deinde
637 999 687 1049 in
722 1007 918 1049 terram
971 996 1184 1061 Korda,
1211 1014 1330 1066 quze
1358 1007 1442 1052 est
1483 1006 1626 1052 terra
1667 997 1964 1060 Al-Musal,

400 1090 674 1156 fugertmt.
707 1088 814 1142 Iste
849 1088 1040 1142 lizckia
1074 1104 1165 1141 rex
1188 1127 1204 1150 ,
1252 1089 1339 1142 ille
1393 1098 1508 1143 erat
1538 1090 1696 1157 cujus
1722 1091 1841 1142 vitae
1875 1091 1968 1142 ad-

401 1181 536 1233 didit
571 1177 828 1230 Dominus
867 1193 1039 1230 annos
1076 1178 1382 1246 quindecim
1413 1217 1428 1241 ,
1480 1177 1624 1244 quod
1651 1219 1665 1242 ,
1719 1178 1964 1240 scilicet,

409 1271 707 1338 propinqua
744 1280 913 1321 morte
945 1285 1067 1320 cum
1105 1270 1288 1322 nullus
1317 1269 1417 1336 ipsi
1456 1270 1598 1322 lilius
1630 1278 1802 1331 esset,
1829 1283 1964 1321 eon-

403 1377 557 1415 vcrsa
593 1363 851 1431 parietem
904 1360 1043 1414 faeie
1075 1377 1260 1414 amare
1296 1361 1446 1414 fleret
1476 1376 1660 1414 coram
1714 1358 1964 1413 Domino.

402 1453 650 1507 Miserius
670 1469 796 1520 ergo
824 1453 996 1520 ipsius
1024 1451 1284 1506 Dominus
1305 1454 1781 1516 clementissimus,
1799 1453 1968 1507 misso

400 1544 656 1611 adipsum
676 1543 886 1611 angelo,
931 1552 1116 1596 notum
1151 1543 1250 1612 ipsi
1284 1542 1407 1596 fecit
1439 1560 1496 1598 se
1531 1545 1842 1613 quindecim
1871 1561 1968 1597 an-

401 1649 500 1687 nos
533 1633 654 1685 vita:
682 1631 853 1700 ipsius
891 1632 1167 1700 adjecisse.
1202 1631 1372 1686 Natus
1402 1642 1634 1703 estergo
1682 1634 1784 1702 ipsi
1829 1633 1966 1688 filius

396 1741 552 1793 quem
581 1725 877 1778 Manasseut
903 1726 1208 1792 appellavit.
1245 1725 1434 1787 Porro,
1471 1727 1668 1779 dicitur
1696 1727 1845 1780 illum
1873 1728 1961 1796 qtti

2083 545 2358 597 idolorum
2405 544 2807 608 sacerdotibus,
2855 561 2951 598 nec
2990 560 3096 598 non
3141 559 3265 598 ossa
3313 552 3648 596 mortuorum

2077 635 2169 701 qui
2245 635 2382 689 idola
2444 635 2730 690 coluerant
2802 638 3028 689 collecta
3098 634 3333 688 ﬂammis
3398 633 3645 688 tradidit.

2077 725 2250 778 Porro
2284 739 2428 778 anno
2463 727 2612 793 regni
2647 726 2729 778 sui
2763 725 2979 779 decimo
3025 734 3218 779 octavo
3262 722 3472 777 Pascha
3503 724 3652 777 ceie-

2085 815 2258 868 bravit
2287 816 2448 884 quale
2479 831 2636 868 nemo
2671 832 2901 883 unquam
2935 816 3308 869 celebraverat
3342 829 3370 867 a
3405 823 3648 882 tempore

2071 907 2235 959 Josue
2269 907 2360 960 filii
2396 907 2537 961 Non.
2579 906 2846 959 Saceitlos
2881 916 3009 960 tunc
3042 916 3158 960 erat
3196 905 3371 958 Ililkia
3403 905 3651 960 Jeremiae

2074 996 2348 1063 propheta:
2390 1006 2574 1063 pater;
2617 997 2728 1063 qui,
2763 1007 2974 1059 reperto
3000 998 3050 1049 in
3083 997 3282 1063 templo
3311 997 3446 1048 libro
3481 997 3636 1065 legis,

2073 1102 2195 1140 cum
2264 1087 2414 1139 illum
2475 1088 2726 1158 legisset,
2791 1087 2992 1140 Pascha
3041 1090 3194 1157 juxta
3249 1089 3392 1158 quod
3453 1089 3503 1140 in
3555 1089 3650 1142 illo

2073 1177 2393 1250 [scriptum]
2439 1193 2575 1238 erat.
2619 1182 2872 1233 ittSlilttil.
2923 1179 3036 1234 Sub
3085 1182 3201 1250 ipso
3251 1181 3648 1250 prolihetarunt

2080 1268 2282 1322 Chalda
2320 1286 2456 1321 uxor
2492 1271 2618 1323 Salu
2649 1307 2652 1310 -
2682 1272 2695 1323 i
2720 1272 2963 1326 custodis
2991 1274 3223 1326 vestium
3254 1273 3467 1338 templi,
3497 1271 3649 1325 lere-

2075 1360 2211 1414 tnias
2273 1369 2324 1413 et
2376 1359 2686 1428 Sephonias
2748 1364 3074 1431 prophetae:
3133 1361 3402 1416 Jercmias
3463 1372 3642 1416 autem

2071 1460 2355 1519 acceptam
2410 1468 2590 1506 arcam
2633 1454 2686 1506 in
2743 1455 2934 1508 media.
2971 1463 3122 1523 petra
3176 1455 3504 1508 abscondit:
3543 1454 3646 1506 fttit

2069 1543 2235 1596 etiam
2264 1544 2333 1595 ibi
2369 1545 2842 1613 pseudoprophcta
2875 1547 3094 1613 quidam
3128 1547 3345 1599 nomine
3373 1544 3640 1599 lianania.

2071 1633 2343 1703 Tempore
2399 1633 2562 1688 Josia:
2622 1638 2764 1704 regis
2819 1635 2973 1689 .Iudae
3034 1639 3337 1691 ascendens
3393 1635 3638 1691 Pharaoh

2069 1724 2223 1779 Nalm
2255 1729 2420 1794 (quod
2444 1734 2526 1778 est
2548 1726 2814 1795 Clandus)
2842 1727 3057 1799 .‘Egypti
3091 1745 3202 1791 rex,
3235 1739 3425 1783 contra
3461 1745 3639 1798 regem

395 1816 492 1884 ipsi
524 1831 552 1868 a
585 1815 694 1868 Deo
713 1815 907 1868 dixerit
934 1835 947 1868 :
978 1815 1197 1869 Addidit
1225 1816 1365 1869 Deus
1393 1818 1514 1870 vitae
1547 1818 1968 1886 tuaequindecim
2005 1813 2042 1866 Β
2075 1814 2244 1868 Musa]
2266 1856 2280 1878 ,
2342 1815 2488 1867 illum
2544 1817 2683 1869 bello
2742 1817 3054 1871 lacessitum
3105 1830 3532 1888 super-aluntque
3584 1823 3637 1874 in

394 1921 584 1968 annos,
617 1905 781 1960 fuisse
809 1905 995 1958 Isaiam
1030 1909 1374 1974 prophetam;
1425 1916 1586 1976 atque
1622 1911 1722 1961 hoc
1772 1923 1956 1961 verum

391 2006 496 2050 est.
531 1995 792 2065 Regnavit
824 2006 1002 2048 autem
1050 1997 1103 2048 in
1137 1993 1308 2050 Musal
1359 1996 1532 2050 Filius
1569 1997 1960 2051 Scnnacheribi

391 2091 606 2144 nomine
655 2088 1024 2142 Asarhaddon.
1063 2087 1329 2158 Tempore
1361 2101 1539 2143 autem
1559 2088 1766 2143 Ezekia:
1819 2090 1960 2159 regis

387 2179 557 2244 Judw,
589 2181 868 2250 imperavit
899 2179 1154 2234 Romanis
1185 2196 1276 2235 rex
1324 2180 1543 2234 nomine
1574 2179 1839 2243 Romanis,
1869 2182 1958 2249 qui

389 2273 574 2325 urbem
603 2272 865 2326 comicus:
892 2271 991 2338 ipsi
1026 2272 1275 2334 Romam,
1297 2271 1660 2340 appellatione
1683 2286 1711 2321 a
1742 2271 1959 2324 nomine

387 2380 485 2420 suo
536 2365 850 2432 desumpta,
885 2379 1076 2416 nomen
1126 2364 1410 2431 imposuit;
1456 2363 1524 2417 ab
1565 2363 1751 2417 eodem
1796 2363 1956 2416 etiam

385 2457 712 2511 denouiiuali
743 2464 868 2510 sunt
897 2454 1254 2524 237-239
1283 2455 1508 2508 Romani
1537 2461 1551 2506 ξ
1579 2455 1647 2508 ab
1679 2469 1744 2509 eo
1780 2471 1950 2524 usque

386 2562 625 2617 tempore
671 2549 802 2602 urbs
852 2547 1021 2602 Roma
1069 2548 1221 2616 regni
1278 2545 1483 2617 [caput]
1523 2546 1643 2599 fuit.
1689 2546 1954 2618 Regnavit

382 2650 560 2694 autem
594 2639 843 2694 RODHBDS
879 2654 1049 2693 annos
1077 2638 1293 2708 triginta
1320 2647 1460 2692 octo.

453 2732 696 2786 Mortuus
753 2741 931 2784 autem
1006 2729 1198 2783 Ezekia
1289 2728 1442 2784 Juda:
1501 2744 1595 2783 rex
1675 2727 1728 2782 in
1793 2727 1954 2783 domo

387 2823 605 2878 Davidis
637 2826 882 2891 sepultus
913 2829 1015 2876 est.
1047 2820 1178 2876 Post
1218 2823 1396 2890 ipsum
1447 2820 1845 2890 Hierosolymis
1896 2823 1949 2874 in

385 2914 578 2969 .iudam
611 2921 854 2986 regnavit
901 2913 1043 2967 filius
1085 2913 1259 2982 ipsius
1298 2911 1550 2967 Manasse
1583 2928 1757 2968 annos
1789 2914 1952 2982 quin-

381 3008 637 3077 quaginta
687 3006 968 3076 quinque,
1023 3019 1197 3057 annos
1251 3012 1410 3056 natus
1465 3003 1793 3070 duodecim;
1854 3003 1946 3072 qui

382 3101 542 3153 tertio
593 3098 740 3166 regni
779 3099 862 3150 sui
907 3111 1050 3148 anno
1107 3095 1247 3148 idola
1298 3093 1570 3157 confecit,
1610 3093 1674 3147 ad
1710 3107 1944 3162 quorum

380 3192 586 3247 cultum
641 3189 919 3244 Israelitas
973 3189 1188 3256 adegit,
1234 3187 1304 3239 ob
1349 3184 1496 3255 quod
1541 3199 1664 3239 eum
1703 3187 1771 3238 ab
1807 3181 1944 3238 Isaia

382 3284 641 3350 propheta
681 3281 997 3348 increpatus
1038 3287 1206 3341 essm,
1240 3278 1415 3345 ipsum
1450 3274 1798 3329 interfectum
1833 3289 1949 3326 ser-

381 3388 546 3441 raque
585 3368 820 3423 medittm
870 3370 1013 3421 inter
1055 3367 1192 3420 duos
1221 3380 1435 3421 asseres
1479 3365 1777 3418 dissectum
1824 3365 1946 3433 igne

379 3463 710 3517 combussit.
746 3459 940 3514 Fertur
975 3469 1158 3512 autem
1193 3456 1366 3522 Isaize,
1399 3472 1520 3510 cum
1553 3464 1678 3508 ante
1714 3467 1941 3508 mortem

378 3556 574 3609 sitiens
607 3551 896 3604 Dominum
946 3551 1274 3613 invocasset,
1323 3560 1566 3618 apertum
1616 3549 1782 3601 luisse
1819 3548 1938 3600 fon-

380 3656 485 3698 tem
534 3660 563 3696 e
594 3657 701 3710 quo
749 3640 913 3703 bibit;
968 3647 1156 3707 rstque
1209 3638 1298 3691 ille
1344 3635 1465 3690 fons
1511 3636 1748 3699 Silwan,
1783 3634 1939 3702 cujus

381 3735 617 3788 noiiiinis
646 3729 1020 3799 interpretatio
1048 3737 1156 3794 est,
1188 3727 1371 3782 Missa.
1406 3726 1600 3779 Fertur
1627 3727 1787 3778 etiam
1817 3740 1940 3777 cum

380 3835 564 3894 postea
606 3831 792 3892 gentes
843 3820 1210 3888 Hierosolyma
1249 3818 1566 3878 incolerent,
1600 3817 1937 3868 exsiccatum

375 3933 495 3969 esse
525 3917 724 3968 fontem
761 3913 948 3977 illum;
985 3920 1039 3964 at
1062 3925 1183 3964 cum
1216 3910 1498 3970 Israelitae,
1532 3922 1669 3975 aqua
1695 3905 1940 3958 fluxisse.

374 4007 665 4061 (lolucrunt
720 4015 897 4058 autem
951 4003 1208 4056 Israelita:
1269 4001 1408 4054 idola
1458 4000 1615 4052 annis
1668 3999 1940 4066 quinqua-

373 4099 516 4168 ginta
550 4106 804 4167 quatuor.
843 4095 1044 4149 Deinde
1080 4094 1292 4147 Babclis
1331 4108 1421 4144 res
1461 4103 1676 4160 captum
1719 4088 1938 4142 Manas-

372 4207 468 4243 sen
509 4189 661 4244 Judze
698 4205 878 4258 regem
914 4188 1069 4241 vituli
1098 4187 1245 4248 aerei,
1283 4185 1366 4236 etti
1407 4185 1584 4251 ignem
1622 4180 1934 4249 supposuit,

373 4283 493 4334 alvo
520 4281 758 4334 inclusit.
786 4279 973 4332 Oranti
1003 4279 1164 4347 igitur
1192 4275 1437 4329 Manasse
1469 4273 1620 4327 Juda:
1656 4274 1765 4341 regi
1806 4272 1932 4324 dum

375 4375 425 4425 in
462 4373 738 4425 simulacri
776 4372 896 4424 alvo
925 4371 1248 4431 exsisteret,
1287 4377 1341 4420 ct
1373 4367 1442 4419 ob
1480 4382 1539 4419 ea
1575 4380 1695 4433 quae
1729 4363 1936 4418 fecerat

2069 1905 2247 1974 fugam
2283 1907 2469 1968 dedit,
2507 1907 2683 1962 donec
2718 1909 3047 1976 Euphratem
3097 1912 3447 1978 perveniret:
3484 1927 3642 1964 eum-

2065 2013 2170 2064 que
2218 1997 2414 2050 rediret
2464 1997 2835 2069 241-243
2867 1999 3081 2052 obviam
3110 2000 3207 2068 ipsi
3244 2001 3522 2069 profectus
3555 2010 3642 2054 est.

2061 2087 2208 2142 Josia
2257 2106 2346 2142 rex
2402 2087 2556 2142 Judae
2601 2091 2790 2144 multis
2838 2107 2959 2143 cttm
3019 2093 3371 2154 muneribus,
3424 2102 3476 2145 at
3524 2093 3640 2162 ipse

2064 2181 2240 2235 visum
2297 2197 2420 2235 eum
2482 2181 2794 2246 interfecit,
2848 2198 3008 2250 quem
3061 2198 3190 2253 ergo
3239 2193 3571 2252 reportatum
3607 2201 3635 2237 a

2061 2272 2308 2344 .‘iIegiddo
2344 2275 2485 2344 (quae
2517 2273 2730 2328 Menhai
2769 2273 2885 2342 (est)
2921 2274 3316 2344 Hierosolyma,
3352 2277 3421 2328 ibi
3462 2277 3636 2345 ipsum

2066 2367 2404 2434 sepelierunt
2460 2368 2604 2420 servi
2665 2367 2878 2433 ipsius,
2941 2381 3114 2420 annos
3171 2375 3355 2419 natum
3419 2367 3634 2436 triginta

2065 2475 2282 2512 novem.
2312 2459 2441 2512 Post
2476 2459 2650 2526 ipsum
2687 2456 3084 2525 Hierosolymis
3121 2459 3172 2510 in
3208 2456 3402 2510 Judam
3437 2473 3632 2526 regna-

2063 2553 2135 2603 vit
2169 2551 2347 2604 tribus
2373 2551 2654 2604 mensibus
2679 2550 2819 2602 lilius
2843 2550 3013 2618 ipsius
3039 2548 3261 2610 Jochaz,
3286 2565 3454 2604 annos
3479 2559 3635 2604 natus

2060 2642 2253 2711 viginti
2294 2651 2431 2694 tres.
2463 2642 2781 2696 Ascendens
2811 2653 2989 2694 autem
3023 2640 3274 2694 Pharaob
3314 2641 3463 2694 Nahu
3501 2641 3631 2696 Ilie-

2057 2734 2335 2803 rosolyma
2358 2730 2656 2790 .Iochazum
2688 2730 2842 2784 .Iudae
2869 2747 3047 2802 regem
3072 2741 3288 2800 captum
3315 2742 3362 2785 et
3391 2735 3631 2788 vinetum

2055 2838 2161 2876 una
2195 2839 2317 2875 cum
2355 2822 2664 2876 Juda‘orum
2713 2823 3063 2876 multitudine
3104 2823 3397 2894 Egyptum
3432 2826 3630 2896 depor-

2057 2916 2210 2969 tavit.
2252 2915 2514 2984 Imposuit
2556 2916 2719 2968 etiam
2756 2913 3006 2968 Pbaraoh
3048 2916 3199 2968 Nalm
3237 2919 3500 2973 omnibus
3535 2921 3628 2987 qui

2054 3005 2448 3076 Hierosolymis
2482 3013 2639 3058 erant
2676 3006 2966 3070 tributum,
2991 3008 3132 3076 quod
3168 3009 3302 3076 ipsis
3333 3010 3437 3063 sibi
3472 3022 3632 3080 quot—

2053 3097 2211 3151 annis
2275 3096 2612 3150 offeretidum
2661 3096 2940 3161 injunxit,
2983 3097 3101 3150 auri
3148 3098 3347 3150 talenta
3389 3109 3626 3164 centum,

2052 3196 2103 3241 et
2129 3188 2336 3258 argenti
2361 3189 2607 3241 totidem.
2636 3188 2832 3241 Deinde
2852 3189 2904 3240 in
2923 3188 3212 3258 Egyptqu
3241 3204 3489 3243 reversus
3521 3203 3630 3249 est.

2119 3280 2333 3336 Mortuo
2385 3294 2563 3334 autem
2602 3280 2842 3334 .lorbazo
2887 3280 3042 3335 Judze
3095 3297 3220 3346 rege
3271 3283 3323 3334 in
3367 3281 3626 3352 Egypto,

2049 3374 2296 3442 regnavit
2337 3382 2455 3440 post
2487 3374 2662 3438 ipsum
2701 3373 3095 3442 llierosoly-uis
3134 3374 3184 3424 in
3211 3369 3407 3424 Jutlam
3452 3372 3625 3426 nude-

2049 3467 2155 3519 cim
2212 3480 2387 3518 annos
2438 3464 2669 3518 Eliakim
2719 3463 2885 3518 .losiae
2944 3466 3084 3518 filius
3132 3465 3258 3533 (qui
3311 3474 3362 3518 ct
3413 3463 3622 3518 Joakim

2046 3558 2232 3610 dictus
2283 3557 2403 3615 est)
2460 3572 2635 3610 annos
2688 3565 2850 3608 natus
2904 3555 3090 3624 viginti
3156 3557 3419 3624 quinque.
3493 3558 3625 3621 Ejus

2045 3653 2288 3711 tempore
2348 3646 2746 3713 prophetarnnt
2801 3642 3068 3697 Jercmias
3127 3647 3432 3713 propheta,
3488 3644 3620 3700 Uria

2045 3732 2275 3786 Semaiae
2323 3734 2468 3786 filius
2514 3750 2574 3786 ex
2606 3733 2806 3802 Oppido
2835 3735 3047 3798 Aauab,
3087 3743 3138 3786 et
3187 3734 3311 3787 Buzi
3361 3735 3624 3788 Ezikielis

2045 3832 2217 3892 pater.
2247 3823 2487 3876 I’ortavit
2520 3834 2698 3877 autem
2731 3823 2942 3877 .Ioaltim
2980 3823 3131 3878 Juda‘.
3173 3843 3289 3889 rex,
3327 3829 3621 3896 quotannis

2042 3916 2106 3967 ad
2141 3914 2478 3968 Pharaonem
2516 3915 2670 3967 Nalm
2713 3915 2933 3985 Aigypti
2979 3933 3184 3985 regem,
3223 3934 3320 3985 pro
3346 3934 3403 3972 se
3434 3928 3485 3971 et
3524 3936 3622 3987 pro

2042 4006 2263 4076 regione
2298 4021 2392 4060 sua
2416 4047 2429 4069 ,
2479 4005 2530 4057 in
2577 4007 2839 4058 tributum
2891 4015 3108 4060 centum
3146 4010 3264 4061 auri
3304 4026 3364 4064 ac
3397 4010 3618 4062 totidem

2040 4097 2250 4165 argenti
2288 4097 2515 4148 talenta.
2551 4097 2706 4148 Anno
2746 4105 2926 4149 autem
2953 4108 3155 4166 quarto
3192 4101 3341 4162 regni
3381 4098 3617 4154 Jo-akimi

2041 4185 2181 4254 regis
2220 4183 2376 4239 Iuda:
2413 4186 2702 4252 imperavit
2748 4185 3150 4240 lioclatanasser
3185 4187 3392 4252 liabeli,
3425 4191 3535 4251 cui,
3567 4199 3619 4242 et

2038 4276 2141 4330 sub
2189 4277 2328 4344 ipso,
2382 4276 2764 4345 Hierosolyma
2812 4276 3125 4339 ascendenti
3177 4277 3391 4330 obviam
3442 4278 3619 4331 factus

2036 4365 2248 4420 Joakim
2283 4365 2435 4422 Judte
2467 4384 2582 4434 rex,
2615 4368 2716 4436 ipsi
2759 4368 2932 4422 instar
2967 4369 3109 4423 servi
3138 4367 3316 4422 factus
3343 4369 3505 4440 244
3536 4381 3618 4424 est

371 4467 742 4535 pmtiiteutiam
787 4468 964 4534 agenti
1009 4479 1302 4533 precesque
1350 4463 1413 4515 ad
1461 4462 1746 4515 Dominum
1796 4461 1930 4512 fun-
1966 4484 2006 4538 Β
2040 4459 2105 4512 ad
2167 4459 2487 4512 triennium.
2552 4458 2824 4512 Reversus
2886 4471 2968 4511 est
3030 4475 3159 4527 ergo
3217 4461 3615 4518 Bochtanasser

369 4557 538 4620 denti,
571 4571 695 4609 cum
732 4567 1013 4623 peccatum
1057 4557 1145 4608 ille
1183 4556 1507 4618 remisisset,
1536 4562 1589 4607 et
1624 4554 1798 4623 ipsius
1831 4552 1930 4605 tui-

370 4661 548 4702 sertus
598 4660 778 4712 esset,
832 4647 1109 4714 diruptum
1170 4655 1254 4700 est
1308 4647 1697 4710 simulacrum,
1751 4647 1823 4698 ita
1875 4653 1933 4697 ttt

365 4739 576 4803 exiret;
621 4740 874 4805 misitque
905 4734 1169 4788 Dominus
1205 4736 1306 4804 ipsi
1347 4738 1594 4806 angelum
1629 4736 1718 4801 qui
1749 4735 1930 4789 subla-

368 4839 482 4881 tum
519 4827 893 4897 Hierosolyma
945 4826 1263 4894 reportavit.
1307 4824 1552 4879 Mortuus
1592 4834 1771 4878 autem
1813 4824 1930 4876 Ma-

368 4929 526 4967 nasse
560 4915 610 4966 in
655 4915 806 4965 horto
842 4912 1003 4983 240
1037 4912 1194 4967 Una:
1230 4913 1476 4980 sepultus
1508 4921 1621 4978 est;
1658 4914 1931 4980 regnavit-

367 5020 472 5071 qve
502 5013 620 5072 p0st
657 5005 832 5070 ipsum
874 5004 1096 5057 biennio
1132 5004 1273 5056 filius
1304 5004 1476 5070 ipsius
1507 5004 1716 5068 Anton;
1757 5020 1928 5059 annos

2037 4551 2289 4605 Bahelem
2347 4552 2593 4604 mittente
2662 4551 2724 4603 ad
2783 4554 2959 4620 ipsum
3015 4553 3314 4620 quotannis
3370 4553 3616 4610 Joakiuo

2035 4659 2152 4695 eam
2199 4658 2364 4710 quam
2415 4643 2479 4695 ad
2520 4643 2860 4696 Pharaonem
2908 4641 3061 4696 Nahu
3119 4646 3334 4698 mi:tere
3385 4647 3613 4714 Solebat,

2033 4736 2152 4789 auri
2183 4745 2344 4803 atque
2369 4736 2578 4805 argenti
2609 4751 2916 4798 summam;
2951 4737 3240 4804 imperium
3270 4739 3416 4792 enim
3443 4741 3616 4794 tenuit

2036 4823 2438 4877 Bochtauasser
2471 4839 2498 4875 a
2553 4822 2748 4878 Babele
2793 4839 2966 4890 usque
3014 4827 3078 4876 ad
3121 4827 3310 4879 urbem
3361 4825 3611 4896 Raphak.

2037 4912 2232 4967 Postea
2281 4924 2500 4981 pactum
2551 4914 2764 4966 irritum
2818 4912 3056 4968 reddens
3100 4911 3314 4970 Joakim
3371 4918 3502 4970 nihil
3544 4919 3610 4970 ad

2031 5005 2209 5073 ipsum
2253 5005 2421 5058 misit.
2467 5003 2712 5056 Mortuus
2746 5015 2923 5059 autem
2953 5003 3186 5072 Jonkim,
3223 5025 3310 5059 rex
3339 5005 3514 5072 Judae,
3554 5009 3606 5061 in

2029 5096 2238 5148 uadibus
2293 5095 2507 5149 Davidis
2586 5097 2834 5164 sepultus
2897 5106 3002 5152 est.
3061 5099 3435 5168 Iteguavitque
3487 5097 3609 5168 pos‘

2029 5185 2206 5254 ipsutn
2235 5186 2379 5240 filius
2408 5185 2579 5254 ipsius
2611 5184 2888 5252 Joachim,
2917 5192 3008 5258 qui
3040 5199 3090 5242 ιι
3122 5193 3252 5244 Abia
3286 5190 3466 5245 du-tus
3499 5199 3606 5258 est,

2031 5277 2448 5348 Hierosolymis,
2493 5279 2667 5332 tribus
2707 5282 3008 5343 mensibus.
3042 5299 3214 5334 annos
3255 5291 3414 5336 natus
3449 5295 3606 5338 octo-

2028 5372 2204 5426 decim
2234 5373 2380 5444 ;_qui
2415 5389 2538 5427 cum
2582 5375 2848 5427 tributum
2890 5390 2996 5429 non
3035 5376 3294 5439 mitteret,
3342 5378 3606 5433 aecedens

2027 5462 2430 5517 Bochtanasser
2458 5480 2580 5518 cum
2619 5468 2861 5519 exercitu
2896 5481 2997 5519 suo
3040 5465 3414 5536 Hierosolyma
3447 5472 3604 5525 obse-

2027 5555 2138 5620 dit;
2181 5554 2248 5608 ad
2298 5571 2458 5624 quem
2504 5570 2726 5624 egresso
2784 5554 3066 5608 Joacbimo
3110 5554 3264 5610 Indae
3310 5574 3454 5628 rege,
3496 5578 3601 5616 una

2027 5662 2148 5697 cum
2185 5656 2379 5708 matre,
2408 5647 2716 5713 servisque,
2750 5654 2804 5696 et
2840 5643 3208 5701 Israelilarum
3241 5649 3598 5720 principibus,

2028 5738 2217 5793 urbem
2245 5739 2292 5792 ei
2320 5744 2689 5807 aperuerunt;
2714 5749 2873 5804 quam
2904 5735 3186 5806 ingressus
3207 5739 3599 5797 Boebtanasser

367 5107 528 5147 natus
582 5095 769 5162 viginti
803 5095 961 5160 duos,
996 5096 1085 5161 qui
1133 5097 1184 5148 in
1228 5093 1472 5147 colendis
1514 5094 1668 5148 idolis
1718 5104 1925 5162 patrem

364 5202 522 5239 suum
558 5187 798 5239 imitatus
829 5197 932 5240 est.
966 5185 1121 5238 Illttm
1155 5196 1334 5238 autem
1374 5183 1548 5236 adorti
1583 5185 1724 5236 servi
1758 5184 1928 5251 ipsius

364 5278 508 5331 domi
547 5293 658 5331 sua:
691 5287 862 5330 morte
895 5278 1146 5330 allectum
1184 5292 1307 5328 cum
1347 5276 1495 5342 patre
1538 5290 1638 5328 suo
1681 5276 1731 5327 in
1771 5273 1926 5330 Uzz.e

364 5368 524 5422 horto
555 5369 922 5437 sepelierunt;
955 5376 1216 5432 regnante
1247 5379 1370 5433 POSt
1401 5367 1576 5434 ipsum
1616 5366 1927 5437 Hierosoly-

364 5461 467 5512 mis
519 5465 570 5512 in
615 5459 846 5523 Judam,
893 5473 1065 5512 annos
1113 5457 1331 5526 triginta
1383 5473 1545 5509 unum
1597 5457 1707 5510 lilio
1756 5459 1924 5526 ipsius

360 5548 544 5614 Josia,
586 5552 826 5604 octcnui.
867 5552 957 5604 llle
988 5561 1165 5604 autem
1199 5565 1343 5603 anno
1379 5549 1529 5617 regni
1565 5551 1648 5604 sui
1682 5549 1924 5603 secundo

361 5638 500 5691 idola
563 5639 879 5702 confracta,
939 5641 1238 5708 onmiaque
1291 5639 1562 5691 idolorum
1613 5641 1811 5707 templa
1870 5643 1920 5694 in

359 5730 624 5796 Samaria,
660 5747 778 5802 quae
837 5740 1213 5787 exstittxerant
1272 5731 1487 5787 Israelis
1524 5748 1699 5802 reges,
1741 5732 1920 5788 diruta
