4034 6214
413 293 518 354 96ι

420 400 686 476 quidquid
726 401 777 452 in
818 394 1019 464 templo
1051 399 1166 444 erat
1199 399 1418 446 vasum,
1462 381 1609 440 auri,
1647 377 1890 446 argenti,
1923 382 1977 426 et
2016 377 2063 435 Α

417 509 781 568 gemmarum,
833 505 932 542 nec
966 503 1073 541 non
1121 475 1386 552 quidquid
1433 473 1484 525 in
1535 485 1659 524 arce
1703 467 1849 538 regia
1882 465 1987 519 fuit

419 555 790 655 gemmarum,
821 579 964 638 auri,
1002 583 1054 629 et
1087 567 1336 640 argenti,
1369 560 1621 615 Babelem
1655 555 1987 627 asportavit;

415 677 728 733 .loakimum
768 673 992 738 insuper
1017 665 1169 720 Iuda:
1197 675 1377 731 regem
1412 659 1684 718 vinctum,
1718 640 1825 706 una
1860 666 1986 703 eum

419 768 716 824 comitibus
748 762 921 833 ipsius
955 759 1159 827 septies
1193 753 1337 807 mille
1363 763 1550 807 secum
1583 745 1838 799 Babelem
1871 751 1985 792 tra-

421 862 597 923 duxit,
633 873 734 912 nec
767 871 870 908 non
909 850 1278 909 lsraelitarnm
1321 849 1593 911 quotquot
1619 837 1832 889 viribus
1865 830 1985 901 pol-

423 955 622 1008 lerent.
661 951 807 1005 Inter
836 945 1079 1014 captivos
1109 948 1268 993 erant
1308 933 1497 989 Daniel
1531 931 1710 983 adhuc
1745 941 1900 996 puer,
1937 931 1992 973 et

420 1056 531 1100 tres
560 1041 734 1112 pueri,
757 1013 1065 1095 Ilananiah,
1093 1029 1288 1083 Azan-ia
1331 1035 1383 1078 et
1440 1013 1649 1084 Misael,
1674 1021 1763 1087 qui
1799 1017 1851 1068 in
1887 1016 1999 1066 for—

423 1150 615 1193 nacem
655 1132 800 1202 ignis
832 1125 1066 1195 conjecti
1104 1129 1254 1176 sunt.
1288 1117 1475 1184 Neque
1512 1115 1567 1166 in
1607 1112 1740 1165 urbe
1771 1108 1996 1162 relictus

423 1239 508 1284 est
538 1226 624 1280 vel
657 1235 801 1278 unus
833 1218 978 1288 quis,
1011 1212 1245 1268 infirmis
1278 1218 1329 1260 rt
1364 1204 1696 1276 pauperibus
1725 1198 1990 1262 exceptis.

424 1318 674 1373 Przrfecit
699 1324 878 1368 autem
905 1308 1302 1362 Borhtanasser
1325 1295 1740 1366 Hierosolymis,
1766 1289 1997 1346 Joakimi

428 1413 574 1478 regis
618 1405 771 1462 Judze
811 1403 1053 1463 fratrem,
1084 1392 1440 1468 255-257
1470 1388 1632 1444 Josiae
1676 1385 1865 1443 filium,
1897 1394 1999 1433 uo-

431 1472 576 1555 mibe
602 1497 917 1554 Matauiam,
944 1506 1104 1562 quem
1135 1484 1424 1541 Zedekiam
1450 1476 1742 1551 appellavit
1769 1472 1998 1527 Joakimi

430 1597 572 1664 regis
599 1591 755 1644 Juda:
788 1595 1078 1654 patruum;
1125 1580 1218 1650 qui
1252 1574 1506 1632 undecim
1553 1571 1712 1624 anuis
1740 1569 2000 1620 Hieroso-

432 1687 590 1758 lymis
623 1681 892 1754 regnavit,
925 1691 1101 1730 annos
1129 1682 1294 1726 natus
1332 1667 1522 1737 viginti
1555 1675 1610 1718 et
1644 1677 1833 1716 unum.
1861 1659 1993 1728 Ejus

434 1791 677 1847 tempore
707 1771 1099 1843 prophetarum
1131 1761 1419 1820 .‘leremias,
1459 1757 1737 1816 Habacuc,
1761 1763 1814 1808 et
1838 1751 1992 1805 Buri.

433 1870 602 1923 Porro
630 1879 774 1918 anno
801 1875 942 1914 nono
969 1855 1205 1911 detinuit
1230 1849 1464 1904 Zedckia
1487 1847 1643 1902 Judze
1669 1861 1779 1908 rex,
1810 1858 2001 1897 aurum

435 1970 596 2026 atque
631 1963 915 2023 argentum
958 1945 1103 2016 quod
1137 1944 1201 1997 ad
1242 1942 1738 1995 Bocbtauasscrum
1787 1937 2003 1988 mittere

436 2051 631 2104 solitus
682 2046 899 2099 fuerat:
928 2053 1117 2111 ,quare
1161 2037 1337 2090 iratus
1375 2031 1782 2086 Bochtanasser
1813 2026 2006 2080 ducem

437 2163 466 2198 e
494 2143 610 2198 suis
639 2136 957 2208 quemdam,
1006 2130 1224 2184 nomine
1264 2123 1778 2183 Nabuzaradanum,
1827 2116 2010 2186 spicu-

440 2241 670 2290 latorum
718 2229 1046 2299 principem,
1092 2217 1474 2286 Hierosolyma
1525 2214 1709 2274 misit,
1742 2209 1844 2278 qui
1886 2223 2008 2263 cum

441 2330 632 2383 urbem
667 2321 906 2376 triennio
953 2314 1250 2374 obsideret,
1285 2308 1520 2363 maxima
1557 2304 1842 2359 heminum
1885 2315 2012 2372 pars

443 2421 586 2474 fatue
615 2418 900 2480 absumpta
936 2416 1037 2461 est.
1059 2402 1291 2458 Zedekia
1327 2409 1530 2458 autem.
1556 2396 1707 2450 Juda:
1742 2409 1856 2458 rex,
1887 2392 2012 2461 fuga

445 2523 608 2569 noctu
661 2504 943 2564 contendit
987 2499 1056 2554 ad
1107 2496 1422 2567 speluncam
1475 2504 1640 2560 quam
1698 2489 2013 2557 paraverat,

447 2609 775 2678 Speluncam
805 2597 1013 2652 Canum
1042 2589 1369 2662 appellatam
1398 2605 1411 2638 :
1443 2582 1586 2653 quod
1614 2597 1732 2634 cum
1762 2576 2012 2633 animad-

444 2669 703 2755 vertisset
736 2683 1154 2746 Nabuzaradan,
1182 2680 1334 2733 illum
1365 2669 1681 2728 Jerechunti
1708 2675 2015 2727 assecutus,

448 2791 852 2861 apprehensum
883 2779 951 2834 ad
985 2774 1508 2832 Bochtanasserum,
1543 2760 1889 2816 Antiochiam
1921 2756 2019 2810 mi-

449 2888 520 2938 sit
549 2902 562 2938 ;
587 2894 747 2948 quem
781 2875 1110 2944 prehensum
1133 2863 1309 2920 oculis
1334 2858 1566 2930 privavit
1593 2855 2017 2912 Bechtanasser,

452 2973 578 3030 filiis
605 2944 782 3040 ipsius
812 2964 993 3036 gladio
1014 2956 1281 3030 iugulatis
1311 2971 1325 3007 :
1362 2948 1745 3015 interfecitque
1779 2944 2021 2998 Nabuza-

447 3035 898 3130 radan-n'iagnam
927 3052 1239 3108 Iudaeorum
1272 3042 1699 3102 multitudinem,
1733 3035 2019 3104 templum-
2048 3069 2088 3122 Ο

453 3173 560 3228 que
592 3155 832 3206 dirutum
893 3143 1169 3205 incendit,
1209 3149 1266 3194 ut
1310 3146 1365 3192 et
1406 3134 1596 3190 urbem
1645 3126 2018 3196 Hierosolyma

459 3217 729 3305 vastatam
793 3237 1071 3299 incendit,
1134 3244 1187 3289 et
1237 3227 1502 3300 quidquid
1553 3225 1605 3277 in
1651 3220 1855 3288 templo
1893 3217 2018 3278 fuit,

453 3341 592 3399 auri,
613 3333 820 3406 argenti
849 3342 900 3384 et
921 3330 1069 3392 reris,
1093 3321 1340 3377 Bahelem
1368 3311 1688 3384 asper-tavit,
1709 3307 2020 3362 Iudaeorum

467 3441 650 3486 autem
678 3397 802 3481 cum
840 3423 932 3475 alii
964 3418 1278 3487 Aigyptum,
1311 3409 1403 3462 alii
1434 3409 1487 3460 in
1522 3405 1737 3458 deserta
1772 3409 1826 3452 et
1860 3397 2026 3450 valles

458 3524 763 3592 fugissent,
814 3521 1082 3583 quotquot
1134 3502 1330 3571 reliqui
1383 3505 1577 3560 erant,
1631 3493 1723 3546 ille
1770 3488 2023 3542 Babelem

460 3577 706 3681 captivos
741 3577 1006 3662 abduxit,
1042 3598 1178 3650 adeo
1219 3600 1278 3646 ut
1311 3588 1554 3644 desolata
1589 3587 1877 3638 manerent
1906 3577 2030 3632 llie-

463 3673 731 3769 rnsolyma
755 3737 768 3758 ,
819 3690 1038 3746 nemine
1070 3687 1184 3754 ipsa
1230 3679 1526 3735 incolcnte.
1561 3673 1818 3729 Habacuc
1847 3676 2026 3722 autem

463 3793 721 3862 propheta
775 3785 830 3837 in
883 3790 1083 3834 terram
1137 3771 1302 3844 248
1350 3766 1748 3823 lsmaelitartun
1799 3760 1924 3827 fuga
1973 3772 2032 3812 se

465 3849 704 3946 i'ccepit,
751 3871 945 3926 deinde
993 3871 1046 3921 in
1104 3863 1396 3934 Egyptum
1447 3853 1750 3912 descendit.
1795 3849 2032 3906 Jeremia

465 3942 724 4040 propheta
751 3963 1043 4033 [Egyptum
1075 3956 1230 4026 fugit,
1258 3953 1420 4022 idque
1447 3964 1590 4002 anno
1618 3943 1768 4012 regni
1800 3942 2034 3996 Bocbta-

463 4063 724 4123 nasseris,
754 4056 968 4111 decimo
1001 4064 1168 4104 nono.

533 4155 711 4208 Porro
755 4151 820 4202 ad
877 4142 1242 4214 captivitatem
1299 4131 1680 4203 Babylonicam
1729 4136 1781 4182 ct
1821 4127 2036 4181 destru-

464 4247 699 4302 ctionem
749 4236 961 4306 templi,
1013 4248 1042 4285 a
1078 4244 1245 4299 regno
1280 4224 1523 4286 Davidis,
1568 4218 1696 4273 anni
1734 4227 1862 4273 sunt
1900 4231 2036 4286 qna-

466 4333 736 4405 dringenti
784 4325 1128 4396 septuaginta
1173 4326 1405 4388 septem.
1460 4313 1540 4368 Ab
1577 4313 1726 4366 exitu
1769 4307 2041 4362 Israelita-

470 4400 695 4483 rum'ex
742 4421 998 4490 Egypto,
1047 4413 1195 4468 mille
1239 4409 1518 4474 octoginta
1568 4415 1697 4457 tres.
1752 4401 1834 4454 Ab
1865 4400 2039 4452 Abra-

471 4525 662 4581 hamo,
700 4489 862 4569 mille,
891 4489 1172 4579 quingenti
1207 4499 1525 4570 nonaginta.
1563 4496 1606 4547 A
1642 4490 1913 4555 Phaleko,
1955 4489 2040 4543 bis

473 4610 620 4665 mille
663 4613 883 4660 centum
932 4597 1155 4666 triginta
1199 4599 1253 4646 et
1289 4603 1450 4643 unus.
1485 4587 1530 4639 A
1557 4584 1759 4639 diluvio
1781 4582 1862 4636 bis
1896 4580 2044 4633 mille

474 4694 713 4759 sexcenti
761 4692 1045 4759 sexaginta
1097 4687 1224 4739 duo.
1262 4683 1344 4736 Ab
1374 4679 1610 4739 Adamo,
1661 4685 1853 4744 quater
1902 4672 2045 4725 mille

475 4789 731 4860 nongenti
764 4796 814 4838 et
851 4779 1176 4836 octodecim.
1225 4777 1416 4836 Porro,
1462 4770 1870 4823 Buchtanasser
1897 4778 2044 4816 anno

477 4884 628 4956 regni
654 4881 735 4936 sui
775 4877 989 4932 decimo
1022 4881 1238 4933 octavo,
1269 4880 1333 4921 eo
1362 4877 1554 4932 nempe
1588 4862 1678 4930 qui
1709 4855 2046 4913 destructio-

478 4955 600 5047 nem
646 4969 836 5041 templi
884 4965 1135 5036 proxime
1183 4955 1479 5013 antecessit
1524 4960 1759 5006 statuam
1807 4963 1873 5001 ex
1913 4960 2048 4999 auro

476 5065 736 5126 conflavit
758 5059 976 5116 cubitos
1002 5056 1166 5108 altam
1197 5048 1499 5115 sexaginta,
1533 5047 1696 5097 latam
1722 5054 1856 5100 sex;
1885 5051 2046 5106 quam

479 5175 604 5214 cum
637 5159 690 5210 in
721 5153 900 5209 medio
935 5149 1089 5202 urbis
1118 5145 1283 5198 Babel
1314 5141 1618 5196 statuisset,
1654 5149 1848 5189 onines
1878 5133 2051 5200 impe-

485 5255 564 5306 rio
616 5265 714 5304 suo
761 5243 1007 5300 subditos
1047 5241 1220 5309 ipsam
1283 5233 1509 5288 adorare
1556 5228 1762 5298 jussit:
1813 5223 1958 5294 quod
2007 5221 2052 5276 si

484 5345 609 5415 quis
642 5342 819 5395 facere
847 5338 1125 5390 recusaret
1147 5330 1202 5382 in
1230 5326 1454 5380 fornace
1481 5322 1622 5391 ignis
1649 5314 2054 5374 comburendus

484 5410 624 5494 erat.
662 5437 945 5504 Selegcrat
984 5437 1160 5481 autem
1202 5421 1304 5476 sibi
1341 5417 1744 5472 Bocbtanasser
1773 5428 1836 5468 ex
1876 5410 2054 5465 lsrae-

489 5531 603 5582 litis
627 5500 828 5596 pueros
855 5533 989 5582 tres,
1018 5529 1250 5587 quorum
1281 5524 1451 5564 unum
1480 5506 1773 5576 appellavit
1799 5500 2052 5564 Sidraeh,

488 5591 717 5671 alterum
770 5611 1010 5673 Misacli,
1062 5607 1282 5661 tertium
1335 5597 1663 5668 Abd-Nagu.
1713 5598 1851 5650 'l'rcs
1902 5591 2053 5662 pueri

492 5707 583 5765 isti
633 5720 756 5759 cum
803 5702 1006 5756 idolum
1057 5713 1164 5753 non
1210 5695 1533 5758 adorarent,
1573 5691 1727 5762 jussu
1778 5687 1949 5756 ipsius
1999 5684 2056 5738 in

1424 269 1782 332 EU'I‘YClIll
1825 258 2362 325 ALEXANDRINI
2403 257 2627 317 PATR.

3563 245 3664 307 9η

2093 373 2372 425 fornacem
2411 369 2553 439 ignis
2599 364 2834 433 conjecti
2881 369 3028 414 sunt.
3069 358 3211 412 Misit
3251 372 3375 412 vero
3415 357 3556 411 Dens
3596 359 3665 410 ad

2094 470 2241 536 ipsos
2279 479 2308 518 e
2352 465 2494 517 caelo
2542 459 2793 528 angelum
2829 457 2923 525 qui
2957 455 3135 522 ignem
3172 452 3246 504 ita
3283 450 3576 513 exstinxit,
3609 458 3669 500 ut

2096 556 2268 626 frigus
2322 553 2458 624 ipsis
2507 561 2562 606 et
2613 547 2966 604 incolumitas
3012 553 3159 600 esset
3205 559 3222 598 :
3277 542 3422 609 quod
3474 541 3668 594 videns

2094 649 2500 704 Bochtanasser
2540 645 2691 712 ipsos
2718 655 2750 696 θ
2782 639 3009 695 fornace
3049 635 3260 698 eduxit,
3297 647 3534 701 cumque
3567 646 3666 684 eos

2094 748 2374 796 scrutatus
2416 738 2625 790 nullum
2656 734 2796 804 ignis
2831 730 3140 798 vestigium,
3175 740 3273 779 nec
3309 727 3363 778 in
3395 723 3532 792 ipsis
3559 735 3660 774 nec

2097 833 2149 886 in
2180 829 2420 883 vestibus
2447 829 2690 894 ipsorum
2720 818 3194 888 deprehendisset,
3224 814 3383 866 valde
3416 813 3664 868 miratus.

2099 928 2356 988 metuque
2401 915 2689 986 perculsus
2737 907 3090 982 249-251
3142 906 3288 974 ipsos
3331 903 3541 956 honore
3583 901 3664 954 af-

2098 1012 2306 1073 fectos,
2352 1021 2404 1063 et
2455 1006 2624 1078 gradu
2675 1001 2890 1058 sublimi
2937 999 3235 1054 collocatos
3290 996 3566 1063 principes
3610 994 3662 1047 in

2099 1103 2300 1173 palatio
2346 1114 2448 1155 suo
2495 1096 2805 1152 constituit.
2844 1094 3013 1146 Porro
3059 1105 3202 1144 anno
3231 1097 3349 1157 post
3395 1087 3662 1140 excidium

2103 1193 2604 1262 Hierosolymorum
2628 1196 2842 1258 quarto,
2867 1200 2990 1239 cum
3015 1181 3244 1236 vidisset
3272 1179 3667 1232 Bocbtanasser

2102 1287 2416 1347 insomnia,
2504 1280 2850 1350 congregatis
2905 1274 3218 1330 onirocritis
3272 1280 3326 1325 et
3381 1270 3668 1339 astrologis

2102 1378 2270 1431 dixit:
2317 1375 2568 1429 Visiones
2599 1388 2739 1442 quas
2779 1369 2889 1424 vidi
2926 1384 3029 1421 una
3064 1381 3187 1419 cum
3224 1364 3463 1433 ipsarum
3499 1362 3668 1414 inter-

2104 1467 2507 1542 pretationibus
2556 1465 2687 1518 mihi
2739 1461 3024 1517 narretis:
3083 1457 3166 1512 sin
3225 1455 3442 1516 minus,
3493 1452 3671 1520 capite

2103 1578 2200 1616 vos
2250 1561 2502 1631 plectam.
2558 1555 2982 1625 Responderunt
3031 1550 3153 1604 illi:
3211 1546 3327 1601 Non
3376 1557 3457 1600 est
3513 1543 3672 1598 nobis

2105 1654 2376 1708 visionum
2430 1649 2698 1712 scientia,
2751 1646 2855 1700 nisi
2907 1645 3022 1712 ipse
3073 1639 3233 1696 nobis
3281 1637 3490 1692 iudices
3540 1633 3672 1704 quid

2034 1739 2354 1810 Bvideris,
2424 1753 2484 1797 ut
2533 1741 2665 1796 illud
2734 1739 2828 1794 tibi
2889 1737 3247 1806 explicemus.
3313 1731 3492 1783 iratus
3543 1739 3673 1794 ergo

2109 1837 2508 1891 Bochtanasser
2536 1833 2589 1886 in
2623 1832 2803 1885 animo
2827 1825 3177 1883 habuit'colla
3200 1821 3332 1892 ipsis
3357 1818 3674 1889 praecidere.

2112 1926 2387 1982 Danielem
2415 1933 2593 1978 autem
2621 1921 2960 1992 prophetam,
2994 1917 3085 1986 qui
3117 1926 3360 1982 tempore
3386 1909 3677 1980 captivita-

2113 2022 2181 2074 tis
2217 2019 2535 2072 adolescens
2569 2013 2701 2078 fuit,
2752 2024 3093 2079 assumptum
3136 2006 3237 2060 sibi
3278 2004 3679 2058 Bochtanasser

2112 2111 2263 2164 domi
2303 2125 2413 2165 suae
2446 2107 2778 2162 educaverat
2818 2113 2873 2156 et
2904 2099 3255 2168 prrcfecerat;
3290 2095 3381 2149 ille
3413 2105 3543 2160 ergo
3574 2090 3681 2159 ipsi

2114 2203 2247 2254 dixit
2280 2217 2296 2253 :
2335 2201 2446 2268 Ego
2481 2196 2576 2251 tibi
2613 2196 2667 2248 in
2703 2191 2976 2248 somnium
3022 2188 3164 2257 quod
3197 2183 3374 2238 vidisti
3424 2180 3680 2242 narrabo,
3732 2234 3735 2236 _

2119 2295 2407 2362 ipsumque
2462 2288 2556 2344 tibi
2605 2283 3030 2355 interpretabor.
3083 2277 3229 2332 Vidit
3273 2272 3542 2344 siquidem
3585 2285 3681 2323 rex

2118 2383 2406 2454 imaginem
2454 2393 2705 2449 magnam
2730 2417 2746 2443 ,
2782 2383 3007 2444 aspectu
3037 2367 3368 2429 terribilem,
3397 2364 3485 2417 cui
3521 2369 3690 2430 caput

2117 2492 2180 2530 ex
2209 2489 2377 2537 auro,
2422 2486 2620 2525 manus
2654 2485 2716 2523 ex
2764 2474 3023 2536 argento,
3059 2471 3247 2515 venter
3280 2467 3334 2512 et
3377 2456 3583 2510 femora
3617 2468 3686 2506 ex

2119 2585 2246 2632 aere,
2279 2579 2440 2620 crura
2472 2579 2501 2618 c
2533 2562 2702 2626 ferro,
2739 2560 2902 2629 pedes
2934 2573 2964 2610 e
2995 2563 3164 2619 testa;
3195 2551 3326 2604 vidit
3356 2548 3552 2602 deinde
3590 2560 3690 2598 rex

2124 2670 2333 2732 petram
2369 2656 2626 2729 grandem
2670 2670 2700 2708 e
2735 2659 2920 2706 monte
2956 2648 3075 2703 sine
3119 2644 3354 2710 alicujus
3395 2655 3498 2708 ope
3533 2637 3693 2692 exci-

2121 2767 2272 2815 sam,
2303 2765 2424 2818 qua:
2457 2747 2744 2816 imaginem
2779 2743 2940 2798 istam
2975 2738 3308 2793 confractam
3342 2730 3692 2792 comminuit,

2123 2844 2257 2897 adeo
2324 2852 2382 2895 ut
2445 2840 2657 2894 nullum
2716 2835 2885 2905 ipsius
2943 2831 3227 2901 vestigium
3283 2826 3694 2895 perciperetur;

2125 2945 2273 3004 petra
2306 2942 2486 2986 autem
2538 2943 2694 2983 mons
2737 2940 2969 2995 magnus
3001 2923 3196 2982 evasit,
3241 2925 3549 2984 terramque
3592 2915 3736 2973 ἰπὶ-υ,

2127 3027 2330 3096 plevit:
2367 3025 2468 3077 hoc
2506 3029 2591 3077 cst
2626 3019 2771 3090 quod
2811 3017 2947 3072 vidit
2995 3031 3112 3070 rex.
3156 3009 3540 3080 Interpretatio
3576 3005 3699 3074 ejus

2126 3122 2269 3174 haec:
2301 3117 2403 3179 Tu,
2438 3131 2470 3169 ο
2503 3127 2620 3179 rex,
2645 3120 2808 3182 caput
2843 3125 2902 3164 es
2960 3105 3214 3176 imaginis
3250 3103 3408 3159 istius
3447 3111 3698 3160 aureum;

2126 3220 2247 3279 post
2282 3220 2334 3262 te
2379 3215 2704 3275 regnaturus
2740 3217 2832 3255 rex
2877 3211 2926 3255 te
2974 3197 3230 3259 inferior,
3273 3200 3554 3262 argentum
3587 3197 3697 3253 est;

2127 3310 2248 3371 post
2285 3301 2460 3369 ipsum
2499 3297 2618 3365 ipso
2669 3292 2928 3353 inferior,
2961 3305 3067 3356 res;
3104 3285 3266 3356 252
3299 3293 3420 3354 post
3449 3283 3597 3334 illum
3633 3295 3702 3333 eo

2131 3391 2381 3454 inferior,
2415 3387 2656 3451 ferrum;
2695 3395 2818 3452 pest
2846 3396 3006 3452 quem
3043 3377 3278 3446 denique
3314 3382 3368 3427 et
3401 3373 3516 3441 ipso
3556 3368 3704 3424 infe-

2126 3486 2242 3539 rior
2276 3490 2628 3551 regnaturus,
2657 3483 2799 3530 tesm
2831 3483 2958 3527 est:
2994 3481 3048 3524 at
3079 3478 3202 3539 post
3229 3467 3409 3535 ipsum
3444 3467 3703 3530 regnatu-

2128 3591 2221 3630 rus
2244 3584 2329 3629 est
2354 3588 2445 3626 rex
2476 3583 2704 3637 magnus
2727 3565 2886 3634 cujus
2913 3575 3137 3632 regnum
3165 3569 3442 3623 nunquam
3466 3552 3696 3606 desinet:

2129 3673 2183 3719 et
2215 3660 2674 3732 quemadmodum
2715 3654 2901 3709 vidisti
2931 3659 3139 3720 petram
3167 3663 3196 3702 e
3241 3654 3423 3698 monte
3452 3643 3572 3698 sine
3599 3639 3708 3694 ali-

2131 3754 2288 3824 cujus
2327 3767 2430 3822 ope
2469 3749 2708 3806 excisam
2755 3758 2878 3814 qua:
2919 3739 3208 3808 imaginem
3250 3733 3552 3803 confregit,
3589 3740 3704 3783 ter-

2134 3860 2359 3914 ramque
2405 3839 2678 3912 implevit,
2725 3838 2804 3890 ita
2850 3834 2956 3889 erit
2999 3843 3057 3884 ut
3097 3845 3190 3884 rex
3245 3829 3348 3882 iste
3396 3825 3493 3878 toti
3546 3832 3710 3877 terra:

2135 3939 2451 3992 dominetur
2492 3946 2668 4000 usque
2713 3928 2767 3983 in
2814 3924 3097 3982 saeculum.
3140 3920 3542 3974 Buchtanasser
3577 3930 3710 3984 ergo

2137 4029 2410 4083 Danielem
2452 4033 2604 4079 veste
2631 4021 2884 4075 indutqu
2927 4019 3133 4070 honore
3163 4011 3376 4074 allecit,
3420 4007 3713 4062 omnibus-

2137 4135 2243 4190 que
2274 4117 2490 4172 Bahelis
2517 4115 2695 4170 doctis
2731 4109 2998 4181 prmfecit,
3027 4108 3332 4173 domusque
3358 4119 3470 4158 sua:
3507 4099 3714 4169 princi-

2141 4228 2260 4282 pem
2287 4207 2575 4264 constituit
2606 4223 2621 4271 ;
2653 4203 2873 4257 nomine
2903 4199 3147 4252 Beltasar
3173 4196 3274 4265 ipsi
3308 4194 3504 4248 indito.
3534 4191 3715 4245 Porro.

2140 4318 2283 4356 anno
2307 4299 2642 4370 “captivitatis
2672 4292 3017 4363 Babylonica:
3051 4289 3247 4357 quinto
3279 4294 3400 4354 post
3429 4285 3715 4337 destructa

2074 4394 2558 4468 DHierosolyma,
2609 4388 3009 4456 prophetaruut
3067 4379 3250 4435 Babeli
3304 4394 3369 4432 ex
3422 4373 3712 4438 lsraelilis,

2145 4483 2357 4538 Ezekiel
2399 4481 2543 4534 filius
2592 4477 2760 4540 Buzi,
2810 4476 2930 4529 loco
2979 4471 3125 4526 dicto
3165 4469 3451 4531 Carmela;
3501 4464 3712 4519 Barucb

2141 4577 2317 4632 Neriaa
2363 4573 2539 4635 filius,
2583 4569 2754 4623 frater
2797 4567 2917 4636 ejus
2948 4565 3144 4626 Saras,
3179 4561 3367 4616 Daniel
3399 4575 3428 4613 e
3460 4557 3722 4628 prosapia

2146 4667 2422 4728 Davidica,
2455 4659 2829 4724 Mordecbani,
2868 4654 3189 4724 Benjalnita,
3221 4649 3410 4712 llacai,
3447 4645 3718 4701 Zacharia

2147 4760 2288 4813 filius
2319 4755 2630 4816 Barachiaa,
2664 4751 2962 4805 Malacliias
2987 4787 3000 4810 ,
3035 4745 3190 4806 Επεὶ,
3222 4756 3273 4796 et
3307 4739 3538 4793 Nahum.
3568 4735 3716 4789 Fuc-

2148 4861 2383 4918 runtque
2416 4844 2652 4916 Egypto
2683 4843 2958 4912 propheta:
2996 4836 3272 4895 [labat-uc,
3315 4829 3636 4890 Simeonita,
3661 4835 3730 4879 et.

2143 4940 2400 4998 Jeremia.
2424 4937 2725 4993 Colucrunt
2749 4943 2930 4986 autem
2958 4928 3218 4983 Israeliue
3241 4925 3292 4978 in
3320 4922 3516 4976 Babele
3545 4918 3719 4981 idola,

2149 5035 2219 5090 ob
2244 5032 2390 5103 quod
2423 5045 2546 5084 cum
2578 5027 2726 5096 ipsos
2759 5023 3068 5090 increparet
3103 5017 3312 5071 Ezekiel
3341 5012 3625 5082 propheta,
3657 5009 3721 5061 in

2151 5140 2274 5181 eum
2313 5123 2582 5176 irruentes
2616 5113 2984 5172 lsraelitarum
3021 5109 3290 5178 primores
3326 5113 3503 5158 morte
3537 5103 3721 5171 ipsum

2154 5217 2477 5272 multarunt.
2535 5213 2707 5266 Porro
2762 5204 3167 5260 Bochtauasscr
3222 5212 3366 5252 anno
3421 5195 3569 5264 regni
3631 5193 3722 5245 sui

2155 5307 2414 5364 vicesimo
2469 5303 2662 5372 quinto
2716 5297 3010 5368 IEgyptum
3072 5289 3348 5362 profectus
3399 5300 3552 5356 reges
3599 5283 3727 5351 ejus

2155 5396 2468 5462 interfecit;
2502 5390 2896 5463 imperavitque
2933 5384 3190 5455 Aigypto,
3223 5379 3417 5452 Syrias,
3453 5384 3730 5441 terraeque

2154 5490 2328 5554 Iudae,
2356 5488 2729 5549 Romaaorum,
2775 5479 3112 5537 Graecorum,
3162 5473 3378 5533 Persian,
3418 5468 3630 5521 Babelis
3667 5476 3730 5516 et

2159 5582 2450 5640 Al-Musal.
2482 5579 2677 5633 Totum
2715 5571 2863 5644 regni
2892 5570 3012 5639 ejus
3037 5566 3276 5637 spatium
3311 5575 3576 5616 annorum
3604 5566 3733 5609 erat.

2160 5676 2519 5748 quadraginta
2565 5669 2840 5740 quinque,
2895 5675 3124 5732 quorum
3167 5653 3538 5712 novemdccim
3570 5648 3730 5702 exci-
