4034 6214
383 317 486 380 965

1808 323 2181 384 ANNALES.

3531 313 3637 378 966

381 423 530 475 dium
574 421 928 492 253-255
972 424 1468 497 Hierosolymorum
1505 439 1556 482 et
1594 429 1963 498 captivitatem
2001 436 2044 493 Α
2077 441 2198 494 set,
2240 448 2348 483 rem
2391 431 2463 482 illi
2488 430 2722 483 confessi
2756 439 2924 494 sunt;
2964 444 3130 498 quare
3161 439 3212 481 et
3258 429 3460 482 idolum
3508 445 3641 481 con-

385 513 750 566 lsraelitarum
781 524 1231 582 antecesserunt;
1273 519 1457 588 viginti
1481 535 1572 573 sex
1607 521 1775 573 secuti
1809 531 1956 575 sunt.

461 601 676 656 Mortuo
709 601 1149 658 Bochtanassero
1173 622 1314 676 rege,
1349 608 1665 675 postipsnm
1723 611 1964 678 regnavit

387 695 528 747 filius
569 693 742 762 ipsius
781 693 1178 750 Evil-Mardoch
1233 714 1408 751 annos
1459 699 1641 768 viginti
1703 710 1828 754 tres.
1868 701 1964 754 llic

379 781 647 841 .Ioaehirn,
680 783 1047 836 lsraelitarum
1087 800 1143 838 re
1163 801 1309 856 gem,
1341 803 1371 838 e
1405 803 1622 842 carcere.
1652 787 1906 841 eductum
1943 831 1958 852 ,

387 883 534 930 veste
569 876 771 939 induit,
809 877 1052 945 beneque
1082 880 1358 942 tractavit,
1393 896 1490 933 nec
1519 896 1626 934 non
1684 882 1958 934 Israelitas

379 979 644 1038 quotquot
676 969 728 1022 in
762 985 979 1024 carcere
1011 979 1165 1024 erant
1219 971 1447 1025 dimisit.
1485 971 1718 1027 .leremia
1774 985 1952 1025 autem

381 1063 646 1130 propheta
673 1062 728 1114 in
765 1061 1000 1130 Egypto
1037 1063 1368 1131 lapidatione
1424 1081 1453 1118 e
1482 1065 1663 1117 medio
1699 1065 1949 1118 sublatus

377 1163 482 1208 cst.
513 1151 778 1220 lapidibus
809 1153 1012 1220 petitus
1047 1155 1363 1222 usquedum
1392 1165 1709 1221 moreretur,
1730 1154 1955 1225 [ibique]

379 1242 646 1311 sepultus.
683 1240 890 1297 Ferunt
921 1243 1292 1298 Alexandrum
1351 1262 1474 1300 cum
1520 1247 1814 1317 [Egypltttn
1869 1252 1953 1300 in-

379 1351 599 1404 gressus
637 1346 802 1397 esset,
835 1333 1088 1390 Ieremia:
1129 1341 1408 1406 prophetae
1458 1354 1660 1408 corpus
1706 1341 1946 1392 Alexan-

379 1430 550 1481 driam
583 1428 909 1481 translatum
950 1429 1020 1482 ibi
1060 1431 1360 1497 sepeliisse.
1416 1429 1631 1484 Mortuo
1664 1431 1778 1483 Evil
1812 1429 1957 1482 Mar-

379 1522 557 1572 docho
587 1528 709 1588 post
755 1520 932 1588 ipsum
1005 1521 1242 1575 triennio
1301 1523 1542 1590 regnavit
1601 1523 1742 1576 filius
1784 1524 1956 1592 ipsius

380 1610 642 1672 Beltasar,
660 1611 856 1665 deinde
880 1599 1200 1666 interfectus
1223 1621 1325 1666 est.
1347 1617 1576 1683 Quippe,
1611 1630 1732 1668 cum
1756 1615 1959 1669 instru-

383 1713 471 1756 cto
505 1702 752 1756 convivio
784 1719 886 1754 una
915 1719 1038 1756 cum
1065 1704 1364 1758 comitibus
1387 1709 1503 1759 suis
1558 1709 1746 1760 ederet
1779 1723 1842 1760 ae
1875 1708 1955 1760 hi-

387 1797 557 1859 beret,
583 1795 905 1863 ebriusjam
938 1795 1116 1850 factus
1143 1797 1328 1850 afferri
1372 1797 1537 1864 jussit
1586 1814 1714 1852 vasa
1766 1800 1949 1866 templi
1987 1787 2026 1840 Β

377 1901 538 1939 aurea
567 1897 620 1939 et
642 1898 896 1954 argentea
919 1904 1036 1956 qua:
1065 1887 1454 1957 Hierosolymis
1478 1889 1793 1944 abduxisset
1820 1906 1952 1946 avus

378 1977 547 2044 ipsius
584 1978 1006 2042 Bochtanasser,
1043 1982 1094 2032 in
1125 1981 1324 2049 quibus
1361 1995 1483 2033 cum
1523 1983 1747 2035 bibisset
1775 1992 1828 2036 ct
1861 2000 1950 2037 so-

376 2067 478 2119 ciis
506 2068 622 2120 suis
648 2068 937 2120 bibendum
977 2071 1318 2136 przebuisset.
1351 2071 1556 2124 interea
1588 2073 1714 2124 dum
1751 2073 1801 2124 in
1835 2074 1951 2125 loco

379 2174 480 2210 suo
512 2159 802 2221 dormiret,
837 2159 972 2213 vidit
1024 2175 1152 2213 ecce
1187 2162 1363 2214 volam
1409 2177 1600 2215 manus
1635 2159 1685 2216 in
1723 2164 1948 2232 pariete,

377 2251 534 2315 cujus
558 2251 706 2320 digiti
735 2249 985 2320 [aliquid]
1017 2253 1344 2305 scriberent.
1378 2251 1570 2318 Magno
1615 2255 1778 2320 igitur
1804 2265 1948 2308 metu

377 2350 764 2394 consternatus
791 2357 983 2396 omnes
1035 2341 1459 2412 Babyloniorum
1501 2345 1695 2398 doctos
1747 2362 1949 2398 convo-

377 2433 518 2485 cavit
557 2441 616 2486 ut
649 2434 978 2502 scripturam
1020 2435 1179 2487 istam
1217 2435 1457 2504 legerent
1492 2445 1653 2505 atque
1679 2437 1947 2506 interpre-

378 2534 644 2578 tarentur.
685 2523 840 2590 Quod
876 2540 996 2578 cum
1039 2526 1110 2578 illi
1142 2527 1322 2580 facere
1359 2542 1465 2579 non
1514 2539 1759 2595 possent,
1803 2529 1949 2582 dixe-

377 2627 503 2670 runt
564 2618 676 2686 regi
716 2617 851 2670 :list
908 2618 995 2670 hic
1035 2633 1098 2671 ex
1155 2616 1413 2672 lsraclitis
1454 2619 1699 2687 quidam,
1728 2621 1946 2674 nomine

379 2706 586 2772 Daniel,
621 2723 782 2776 quem
818 2708 884 2760 ad
927 2709 1187 2763 honorem
1231 2711 1428 2772 evexit,
1483 2719 1538 2764 et
1599 2712 1777 2780 magni
1823 2712 1950 2766 fecit

378 2812 511 2851 avus
553 2809 677 2853 tuus
709 2799 1147 2867 Boehtanasser;
1185 2801 1274 2854 ille
1295 2801 1459 2872 256
1485 2801 1578 2856 tibi
1619 2805 1947 2871 scripturam

379 2890 521 2944 hanc
558 2901 613 2944 et
664 2890 805 2959 leget
836 2900 890 2945 et
959 2893 1428 2960 interpretabitur.
1489 2897 1788 2949 Areersivit
1822 2911 1950 2964 ergo

381 2996 475 3034 rex
511 2980 814 3048 Danielem,
849 2983 945 3052 qui
995 2984 1125 3036 illud
1157 2985 1302 3051 quod
1357 2985 1619 3053 scriptum
1683 2986 1786 3040 fuit
1846 2990 1946 3057 ipsi

372 3074 527 3140 legit.
559 3072 686 3126 Erat
715 3084 918 3140 autem,
957 3073 1113 3136 flaui,
1135 3075 1340 3141 Thecel,
1380 3076 1605 3132 Pharas.
1625 3078 1945 3149 Dixitergo;
1975 3110 2018 3171 Ο

377 3165 760 3235 lnterpretatio
781 3167 940 3231 Mani,
971 3180 1074 3232 est,
1112 3167 1251 3222 Deus
1283 3185 1507 3238 regnum
1541 3182 1690 3224 tuum
1727 3171 1951 3238 perfecit

377 3267 429 3310 et
460 3256 525 3310 ad
561 3259 988 3327 magnitudinem
1024 3259 1699 3330 perduxit.Interpretatio
1731 3263 1950 3329 Thecel,

376 3363 604 3418 regnum
634 3352 724 3403 ubi
756 3350 1053 3418 perfectum
1084 3352 1269 3416 fuerit,
1291 3352 1542 3406 deficere.
1573 3354 1950 3423 Interpretatio

376 3437 602 3503 Pharas,
639 3455 864 3510 regnum
912 3450 1065 3494 tuum
1099 3443 1269 3497 Medis
1303 3453 1358 3498 et
1390 3444 1568 3498 Persis
1598 3445 1946 3508 distributum

377 3533 464 3586 iri.
507 3531 618 3585 Rex
652 3547 782 3600 ergo
839 3534 1110 3587 Danielem
1161 3545 1309 3589 veste
1343 3545 1398 3590 et
1433 3547 1623 3605 torque
1660 3552 1829 3590 aureo
1863 3544 1943 3591 in-

375 3623 516 3676 duit.
557 3622 660 3674 iniit
698 3630 881 3676 autem
913 3635 1072 3676 noue
1105 3625 1422 3678 interfectus
1451 3637 1532 3677 est
1566 3643 1656 3678 rex
1684 3625 1946 3687 Baltasar,

379 3712 736 3782 Ilegnumque
775 3723 897 3783 post
941 3718 1117 3784 ipsum
1169 3717 1462 3785 oecupavit
1521 3715 1715 3771 Darius
1770 3718 1942 3771 Asriri

375 3806 542 3868 tilius,
572 3804 780 3870 Medus,
813 3820 844 3859 e
876 3805 1288 3862 liladanensium
1321 3824 1401 3863 se.
1437 3809 1624 3876 stirpe,
1652 3824 1794 3861 anno
1816 3826 1942 3863 uno.

376 3897 474 3950 llie
506 3907 686 3951 autem
718 3910 1058 3968 assumptum
1087 3901 1356 3953 Daniclem
1379 3901 1639 3953 exercitui
1675 3918 1776 3953 suo
1808 3917 1944 3968 prte-

375 3988 522 4049 fecit,
559 4003 718 4056 quam
751 3988 824 4041 ob
862 4003 1084 4042 causam
1144 3990 1345 4042 invidia
1387 4002 1512 4055 erga
1564 3990 1736 4059 ipsum
1791 4006 1942 4043 com-

377 4080 529 4140 moti,
569 4078 738 4131 duces
764 4079 902 4147 ejus,
963 4079 1138 4145 ipsum
1191 4081 1328 4148 apud
1393 4097 1570 4150 regem
1623 4082 1944 4134 incusarunt

374 4169 620 4222 dicentes
652 4186 667 4222 :
700 4170 909 4222 Danieli
957 4172 1009 4222 in
1042 4174 1224 4223 animo
1253 4182 1335 4223 est
1370 4172 1422 4223 in
1469 4187 1647 4239 regem
1680 4157 1943 4225 rebellare

375 4271 538 4329 atque
574 4261 752 4329 ipsum
792 4261 1118 4314 interficere.
1155 4261 1401 4332 Conjecit
1442 4275 1573 4328 ergo
1604 4276 1694 4312 rex
1747 4259 1942 4311 Danie-

376 4350 480 4402 lem
509 4352 561 4403 in
601 4351 777 4403 lacum
813 4350 1068 4403 leonibus
1110 4351 1438 4403 truculentis
1466 4351 1708 4419 plenum.
1741 4350 1942 4402 Deinde

378 4441 696 4508 poenitentia
755 4451 936 4494 tnotus
987 4452 1088 4494 est.

374 4541 651 4587 extractus
681 4542 764 4586 est
793 4532 980 4585 Daniel
1013 4547 1042 4585 a
1083 4532 1212 4585 feris
1241 4532 1497 4584 intactus.
1540 4531 1784 4584 Metuens
1815 4545 1943 4596 ergo

375 4637 468 4674 rex
543 4623 708 4677 duces
784 4627 918 4678 iSIos
981 4624 1073 4692 qui
1145 4623 1418 4676 Danielem
1481 4631 1832 4676 accusasscnt
1892 4623 1941 4672 in

376 4715 691 4782 Speluncam
714 4715 970 4784 conjecit,
995 4729 1131 4782 quos
1155 4714 1488 4766 devorarunt
1510 4713 1656 4764 fera:.
1673 4711 1942 4763 Danielem

374 4815 552 4860 autem
596 4807 928 4874 perfectura:
954 4805 1227 4860 exercitus
1262 4812 1314 4857 et
1347 4803 1607 4873 dynastis:
1638 4802 1896 4855 restituit.

447 4896 551 4950 Ubi
591 4908 769 4951 autem
803 4898 1055 4966 periisset
1105 4894 1304 4948 Darius
1335 4894 1620 4947 Persarum
1682 4907 1794 4955 rex,
1831 4893 1940 4959 pri-

377 5003 500 5043 mus
543 4990 633 5058 qui
665 4988 848 5044 Persis
891 4990 1198 5058 imperavit,
1237 4987 1338 5040 fuit
1396 4987 1570 5054 Cyrus
1633 4985 1814 5049 Persa,
1850 4984 1939 5050 qui

374 5083 538 5132 etiam
578 5080 853 5134 Danielem
886 5080 1276 5136 exercituisuo
1305 5077 1568 5147 praefecit.
1605 5076 1725 5129 Fuit
1759 5088 1936 5128 autem

377 5168 557 5222 liabeli
591 5171 794 5223 idolum
827 5187 1026 5224 aereum
1061 5172 1252 5240 ingens
1283 5169 1369 5224 cui
1403 5183 1595 5221 nomen
1629 5166 1740 5231 Bel,
1783 5168 1943 5234 cujus

373 5262 682 5314 dimensum
723 5260 882 5330 257
918 5261 1082 5329 259
1105 5259 1480 5329 quotidianum
1507 5267 1622 5310 erat
1653 5258 1941 5310 duodecim

379 5355 545 5405 modii
579 5353 771 5407 similae
801 5370 973 5422 purm,
999 5369 1130 5407 oves
1180 5353 1562 5421 quadraginta,
1590 5361 1641 5403 et
1675 5353 1778 5403 vini
1816 5366 1941 5404 sex-

376 5446 499 5501 tarii
533 5461 651 5507 sex,
689 5447 833 5514 quod
886 5461 1011 5498 cum
1041 5445 1284 5514 quotidie
1326 5443 1651 5511 adequitans
1698 5459 1789 5497 rex
1849 5442 1943 5496 ad~

380 5543 586 5598 oraret,
617 5539 924 5591 vetuiteum
957 5537 1059 5591 hoc
1107 5537 1284 5590 facere
1315 5533 1524 5598 Daniel,
1573 5533 1761 5590 dicens
1792 5552 1806 5588 :
1840 5538 1942 5599 Qui

377 5628 681 5682 inserviunt
735 5630 899 5694 idolo,
939 5629 1040 5699 ipsi
1090 5629 1210 5696 ejus
1251 5627 1560 5681 dimensum
1627 5628 1943 5681 comedunt.

374 5720 510 5771 Cum
537 5735 668 5787 ergo
701 5734 794 5774 rex
822 5722 1138 5776 convocatis
1168 5717 1384 5774 tantulis
1418 5718 1534 5773 istis
1579 5720 1824 5774 minatus
1864 5737 1943 5774 es-

2075 521 2255 591 frcgit,
2286 531 2334 572 et
2373 523 2600 577 famulos
2643 532 2816 575 morte
2839 521 3038 575 affecit.
3087 519 3217 574 Fuit
3252 522 3417 575 etiam
3454 520 3638 574 Babeli

2065 615 2229 668 draco
2271 615 2626 684 praegrandis,
2679 630 2837 684 quem
2873 630 2992 666 cum
3025 613 3237 667 Babelis
3269 615 3456 667 incolae
3491 614 3643 668 cole-

2067 715 2213 768 rent,
2250 705 2440 759 Daniel
2480 706 2588 766 regi
2625 724 2638 759 :
2680 705 2734 758 Si
2765 705 2897 758 mihi
2963 704 3015 758 in
3071 705 3248 774 ipsum
3312 713 3632 772 potestatein

2064 796 2426 852 concesseris.
2459 811 2558 864 ego
2590 797 2760 864 ipsum
2809 796 3153 849 intertieiam.
3200 795 3455 864 Acceptis
3509 811 3639 866 ergo

2064 891 2243 958 adipe,
2276 889 2392 957 pice
2427 899 2478 941 et
2515 890 2660 956 pilis,
2701 889 2877 957 iisque
2910 889 3153 943 subactis
3185 905 3307 943 cum
3344 891 3634 943 draconem

2069 982 2313 1036 cibasset
2343 981 2455 1048 ipse
2479 981 2624 1034 illico
2650 990 2896 1035 mortuus
2926 991 3027 1034 est.
3061 979 3190 1033 Viso
3219 997 3349 1048 ergo
3391 981 3517 1050 quid
3572 984 3641 1034 l'e.

2061 1073 2227 1126 cisset
2283 1071 2466 1124 Daniel
2529 1072 2731 1124 invidia
2787 1089 2909 1141 erga
2966 1088 3086 1125 eum
3144 1074 3272 1125 moti
3329 1072 3635 1141 Baby’onii,

2061 1163 2236 1232 ipsum
2287 1163 2429 1230 apud
2467 1177 2643 1232 regem
2708 1161 3046 1227 deferebant,
3111 1162 3404 1216 dicentes:
3444 1160 3626 1212 Daniel

2060 1251 2259 1305 cardem
2300 1265 2446 1306 tuam
2502 1255 2743 1307 molitur.
2809 1251 2984 1306 Iratus
3023 1266 3152 1320 ergo
3203 1266 3294 1304 rex
3341 1251 3517 1318 ipsum
3577 1251 3629 1302 in

2041 1333 2374 1412 ‘speluncatn
2408 1347 2536 1398 feris
2579 1347 2761 1399 noxiis
2798 1347 3008 1414 plenam
3063 1345 3321 1416 conjecit,
3383 1345 3470 1396 ubi
3533 1359 3628 1397 sex

2058 1437 2252 1491 diebus
2309 1439 2594 1504 substitit;
2674 1437 2802 1491 feris
2863 1439 2982 1491 istis
3039 1439 3344 1490 dimensum
3401 1437 3630 1505 singulis

2057 1529 2249 1582 diebus
2272 1539 2387 1582 erat
2425 1532 2586 1582 boves
2615 1531 2751 1593 bini,
2786 1547 2908 1582 etnn
2955 1531 3151 1584 ovibus
3200 1529 3342 1581 binis
3374 1547 3388 1582 :
3422 1539 3476 1582 at
3533 1545 3628 1582 sex

2058 1617 2177 1672 istis
2221 1619 2414 1672 diebus
2466 1620 2599 1672 nihil
2631 1622 2853 1673 omnino
2907 1623 3087 1674 carnis
3142 1621 3446 1687 conjectum
3504 1617 3625 1674 fuit.

2060 1707 2309 1762 [labat-uc
2350 1720 2528 1762 autem
2561 1711 2876 1778 prophetam
2912 1715 3001 1779 qui
3048 1712 3098 1763 in
3129 1719 3272 1762 terra
3303 1707 3475 1773 ludar,
3504 1710 3626 1762 loco

2057 1801 2292 1868 quodam
2329 1800 2477 1853 dicto
2530 1797 2736 1861 Tekoa,
2783 1800 2906 1862 fuit,
2963 1804 3087 1852 dum
3131 1802 3300 1852 lentes
3346 1808 3624 1868 coqueret,

2055 1901 2106 1941 et
2137 1905 2325 1958 panem
2355 1889 2600 1941 iutriturn
2636 1891 2907 1958 paropsidi
2942 1889 3172 1950 inderct,
3207 1905 3314 1958 quo
3354 1905 3624 1944 messores

2055 1981 2282 2041 cibaret,
2311 1996 2338 2032 e
2365 1982 2505 2034 cmlo
2539 1982 2849 2034 inclamavit
2877 1983 3135 2050 angelus:
3160 1980 3303 2034 lleus
3341 1980 3616 2043 llabacuc.

2055 2066 2184 2118 illud
2222 2068 2365 2134 quod
2394 2070 2533 2135 apud
2567 2078 2618 2121 te
2644 2079 2746 2131 est,
2777 2069 2842 2121 ad
2878 2071 3175 2136 llaniclem,
3224 2071 3495 2136 Babeletn,
3552 2071 3628 2126 fe-

2058 2172 2182 2224 ras;
2249 2159 2337 2211 ille
2397 2159 2660 2228 siquidem
2711 2160 2824 2229 jam
2879 2177 2972 2215 sex
3029 2163 3244 2226 diebus,
3313 2165 3515 2229 quibus
3570 2165 3624 2215 in

2054 2250 2313 2317 spelunca
2351 2249 2585 2303 ferarum
2621 2250 2744 2316 fuit,
2789 2253 2921 2304 nihil
2967 2254 3218 2307 comedit.
3276 2252 3623 2308 llaharuenm

2053 2357 2182 2410 ergo
2235 2344 2550 2411 prophetam
2585 2343 2748 2414 260
2778 2345 2975 2411 capillo
3027 2346 3218 2413 capitis
3277 2347 3625 2413 prehensum,

2057 2449 2160 2485 una
2211 2448 2334 2486 cum
2372 2434 2493 2487 cibo
2525 2436 2616 2502 qui
2651 2437 2702 2486 in
2733 2435 2986 2488 manibus
3030 2435 3151 2502 ejus
3202 2434 3321 2500 fuit,
3377 2434 3624 2490 Bahelem

2055 2527 2312 2594 portavit,
2349 2533 2400 2578 et
2425 2542 2586 2594 super
2613 2527 2784 2578 laeum
2823 2527 2873 2578 in
2903 2541 3009 2595 quo
3043 2536 3159 2579 erat
3193 2527 3376 2581 Daniel
3402 2528 3622 2596 posuit;

2054 2621 2142 2690 qui
2173 2637 2302 2690 ergo
2332 2621 2508 2690 ipsum
2537 2621 2838 2675 inclamans
2861 2621 2996 2674 dixit
3037 2640 3048 2674 :
3078 2619 3121 2674 Ο
3145 2620 3354 2683 Daniel,
3391 2637 3475 2674 me
3516 2621 3621 2674 lla-

2055 2714 2320 2766 bacucum
2350 2715 2495 2767 misit
2519 2715 2583 2766 ad
2619 2723 2670 2768 te
2701 2713 2959 2766 Dominus
2991 2729 3111 2766 eum
3144 2714 3266 2768 cibo
3299 2729 3408 2782 quo
3435 2729 3625 2767 vesca-

2055 2804 2151 2857 ris.
2185 2802 2500 2858 Asceudens
2524 2819 2652 2873 ergo
2685 2803 2868 2857 Daniel
2904 2821 2934 2856 e
2973 2803 3092 2856 lacu
3126 2805 3384 2870 comedit,
3419 2803 3618 2856 Demn-

2055 2909 2160 2962 que
2221 2893 2536 2956 celebravit,
2583 2908 2646 2946 ac
2705 2907 2921 2947 rursum
2978 2893 3030 2945 in
3087 2892 3265 2946 lacum
3317 2895 3620 2949 descendit.

2055 2985 2404 3041 llabacncum
2433 2997 2610 3039 autem
2647 2984 2918 3037 sublatura
2949 2984 3000 3037 in
3031 2997 3231 3037 terram
3260 2984 3408 3040 Judae
3439 3001 3622 3054 repor-

2056 3075 2187 3128 tavit
2233 3075 2486 3144 angelus.
2525 3073 2727 3128 Deinde
2781 3089 2872 3128 rex
2932 3075 3254 3143 poenitentia
3316 3083 3494 3129 motus
3554 3077 3624 3128 ob

2057 3167 2184 3220 illud
2215 3165 2359 3236 quod
2419 3164 2623 3218 Danieli
2695 3165 2920 3227 fecerat,
2977 3166 3154 3234 ipsum
3177 3180 3206 3218 c
3234 3181 3397 3233 specu
3432 3180 3460 3219 a
3493 3166 3626 3223 feris

2057 3258 2322 3310 intactum
2359 3255 2584 3320 eduxit;
2621 3256 2763 3323 quod
2807 3256 3039 3309 miratus
3074 3271 3163 3307 rex
3217 3257 3392 3324 ipsum
3434 3257 3626 3324 praefe-

2053 3356 2219 3400 cturae
2250 3348 2529 3400 exercitus
2563 3347 2822 3400 restituit.
2853 3345 3027 3416 Cyrus
3061 3340 3249 3399 autem
3277 3346 3458 3405 Persa.
3491 3361 3614 3398 eum

2053 3441 2290 3493 triennio
2348 3448 2669 3509 regnasset,
2731 3449 2977 3494 mortuus
3032 3449 3138 3502 est,
3187 3450 3447 3508 regnante
3497 3450 3620 3508 post

2051 3533 2226 3600 ipsum
2263 3531 2739 3586 Achashavirosho
2771 3547 2943 3584 annos
2964 3532 3270 3586 duodecim.
3299 3531 3424 3585 Post
3453 3547 3612 3599 quem

2052 3624 2193 3677 filius
2233 3623 2406 3692 ipsius
2442 3623 2636 3694 Cyrus.
2694 3623 3114 3692 cognominatus
3173 3623 3388 3684 Darius.
3415 3638 3628 3676 annos

2049 3713 2266 3783 triginta
2307 3714 2610 3781 imperavit.
2653 3713 2826 3781 Cujus
2877 3713 3025 3782 regni
3064 3727 3206 3764 anno
3261 3713 3437 3781 primo
3491 3725 3621 3762 mox

2047 3806 2189 3857 diem
2224 3804 2359 3856 obiit
2397 3803 2582 3856 Daniel
2616 3805 2900 3873 propheta.
2933 3807 3092 3858 Anno
3125 3815 3301 3858 autem
3334 3805 3480 3874 regni
3529 3805 3622 3857 sui

2048 3895 2288 3947 secundo
2336 3894 2608 3946 lsraelitas
2649 3893 3020 3964 Hierosolyma
3079 3897 3278 3959 redire,
3317 3897 3622 3962 urbemque

2047 3997 2108 4034 ac
2147 3983 2406 4050 templum
2432 3982 2698 4035 aedificare
2723 3984 2908 4050 jussit.
2949 3985 3119 4050 Cujus
3148 3999 3310 4037 causa
3337 3984 3438 4038 fuit
3467 3988 3616 4054 quod

2046 4074 2223 4143 Cyrus
2258 4073 2444 4139 Persa,
2498 4075 2851 4128 Israelitidem
2895 4075 3185 4143 quamdam
3234 4079 3455 4130 nomine
3500 4077 3616 4128 Ma-

2050 4165 2214 4228 lehat,
2239 4165 2586 4219 Zerobabelis
2611 4181 2879 4226 sororem,
2925 4180 3148 4217 uxorem
3184 4165 3412 4228 ducens,
3443 4169 3618 4234 ipsam

2049 4257 2336 4312 Persarum
2394 4274 2545 4311 more
2603 4260 2842 4328 reginam
2904 4258 3267 4311 ronstitucrit.
3314 4256 3443 4322 Quae
3491 4275 3611 4311 eum

2047 4353 2218 4421 ipsam
2263 4361 2473 4404 amaret
2506 4352 2702 4421 Cyrus,
2748 4351 2901 4418 petiit
2949 4352 3016 4402 ab
3054 4352 3142 4402 illo
3169 4360 3226 4402 ut
3261 4349 3619 4404 Zorohabelis

1161 4441 1250 4493 Die
1306 4456 1433 4510 ergo
1489 4443 1730 4494 crastino
1761 4456 1791 4494 e
1823 4442 1938 4492 lacn
1979 4448 2018 4499 ι)
2051 4443 2234 4496 fratris
2257 4441 2338 4494 sui
2374 4441 2548 4509 gratia
2585 4441 2856 4493 l~raelitas
2882 4440 3252 4509 Hierosolyma
3289 4442 3616 4498 remitteret.

2048 4530 2380 4598 Jussitcrgo
2401 4529 2575 4599 Cyrus
2625 4528 3015 4582 Zorohabeletn
3073 4527 3462 4598 Hierosolymis
3515 4531 3622 4583 itu-

2048 4637 2258 4689 perare.
2294 4619 2406 4672 Sub
2433 4622 2548 4688 ipso
2579 4620 2976 4688 prephetarunt
3027 4620 3278 4688 Aggzeus,
3311 4632 3358 4671 et
3409 4619 3619 4674 Zacha-

2049 4712 2179 4764 tias.
2206 4709 2378 4762 Porro
2427 4711 2528 4762 fuit
2569 4713 2710 4779 (Syro
2757 4725 3079 4762 ueconmnus
3549 4729 3618 4766 ei

2049 4805 2310 4857 Israelilis
2353 4804 2572 4856 nomine
2604 4801 2932 4862 Nahthania,
2975 4801 3196 4872 llajalim
3239 4805 3404 4866 filius,
3439 4807 3530 4872 qui
3564 4814 3618 4856 et

2048 4896 2380 4966 captivitatis
2410 4894 2665 4963 princeps
2700 4892 2822 4947 fuit.
2862 4895 2950 4947 Ille
2987 4895 3170 4960 templi
3225 4896 3472 4947 struendi
3525 4911 3614 4948 cu-

2049 5006 2163 5072 raj‘n
2195 4989 2460 5053 suscepit,
2481 5001 2714 5054 quocum
2749 5003 2853 5039 una
2888 4988 2995 5038 funt
3023 4998 3116 5039 unt
3159 4988 3292 5040 Ezra
3323 4986 3522 5038 St‘l'nltl!
3555 4985 3620 5036 fi-

2049 5082 2153 5134 lius
2187 5079 2463 5140 sacerdos,
2496 5085 2550 5130 et
2583 5076 2950 5131 Israelitarurn
2982 5079 3294 5131 multitudo.

2116 5171 2233 5224 Jatn
2271 5186 2300 5222 a
2333 5169 2646 5236 captivitate
2674 5168 3002 5240 Babylonica
3039 5170 3104 5222 ad
3139 5171 3396 5238 templum
3425 5169 3613 5223 condi-

2051 5273 2160 5316 tum
2195 5264 2320 5316 anni
2351 5261 2949 5331 fueruntseptuaginta.
2978 5263 3148 5315 Anan
3177 5272 3358 5315 autem
3383 5272 3618 5330 quatuor

2049 5354 2286 5422 perfecta
2347 5361 2430 5406 est
2499 5360 2815 5416 structura;
2887 5360 3178 5406 structurae
3225 5351 3341 5420 ejus
3403 5351 3616 5419 pra-fuit

2049 5444 2346 5498 Zerohahcl
2383 5444 2526 5498 filius
2550 5446 2846 5508 Salatielis,
2884 5445 2975 5498 filii
3059 5445 3263 5506 Achize,
3294 5445 3384 5512 qui
3414 5459 3618 5512 cogno-

2049 5537 2288 5589 minatus
2316 5545 2402 5588 est
2444 5533 2718 5598 Joachim,
2751 5533 2904 5588 Judae
2948 5534 3109 5602 regis,
3149 5549 3310 5603 quem
3343 5538 3612 5606 captivum

2048 5627 2343 5681 abductum
2379 5631 2430 5680 in
2465 5641 2742 5681 carcerem
2775 5625 3014 5693 conjecit
3043 5625 3462 5682 Boehtanasser.
3510 5628 3617 5680 lie.-

2051 5720 2238 5791 gnavit
2275 5729 2453 5773 autem
2481 5719 2784 5772 Zorobabcl
2817 5717 3212 5788 Hierosolymis
3234 5720 3284 5774 in
3315 5721 3611 5778 lsraelitas.
