4034 6214
451 335 553 396 967

1419 329 1780 391 EUTYCHII
1823 324 2355 388 ALEXANDRINI
2385 327 2604 389 PATR.

3595 334 3698 397 968

452 452 626 502 Porro
653 462 760 502 uno
786 454 903 516 post
937 446 1122 499 urbem
1153 445 1426 499 conditam
1484 459 1630 497 anno
1678 443 1818 496 diem
1878 441 2015 494 obiit
2059 448 2102 503 Α
2148 441 2325 495 donia:
2392 458 2482 495 rex
2550 441 2831 512 Philippus
2892 443 3185 496 Alexandri
3247 455 3416 513 pater.
3487 446 3700 502 Mortuo

456 539 592 592 Ezra
623 538 902 602 sacerdos,
937 537 1052 604 qui,
1094 547 1220 590 ante
1257 536 1441 590 .lnsuze
1498 536 1590 589 lilii
1640 534 1890 588 Josadaci
1935 548 2019 585 sa-

451 630 692 684 cerdotis
739 631 1058 691 adventum,
1110 628 1413 683 sacerdotis
1467 642 1666 680 munus
1717 625 1850 678 obiit
1884 642 1896 678 :
1927 627 2019 692 qui

449 737 572 774 eum
598 720 818 775 Iudaeos
867 721 918 773 in
974 721 1158 773 multis
1199 721 1342 773 circa
1379 720 1546 788 legem
1583 732 1801 770 errasse
1835 715 2010 770 offen-

450 815 637 873 dissel.
677 814 872 866 librttm
925 813 1059 883 legis
1107 814 1240 880 ipsis
1283 813 1593 880 descripsit,
1645 827 1771 864 eum
1829 823 2021 874 nempe

451 907 543 974 qtti
582 906 742 959 hodie
772 907 822 958 in
853 906 1106 959 manibus
1131 906 1368 972 ipsorum
1392 912 1496 956 est.
1527 903 1739 970 Resque
1762 901 1826 953 ad
1848 901 2016 967 legem

451 995 690 1063 ipsorum
725 1003 1033 1062 spectantes
1081 997 1210 1062 ipsis
1247 993 1546 1056 renovavit,
1579 1001 1631 1044 et
1657 992 1778 1059 jura
1811 990 2018 1043 docuit.

451 1083 664 1137 Mortuo
687 1084 828 1153 Cyro
854 1085 1032 1146 Dario,
1069 1083 1280 1136 Babclis
1315 1100 1459 1152 rege,
1491 1095 1608 1152 post
1641 1084 1813 1151 ipsum
1847 1083 2019 1148 impe-

453 1175 592 1225 ravit
629 1175 772 1228 lilius
824 1175 995 1242 ipsius
1054 1175 1326 1243 Kamysus
1382 1190 1555 1227 annos
1610 1190 1800 1227 novem
1841 1191 1855 1225 :
1899 1184 2020 1242 post

449 1281 610 1332 quem
647 1262 961 1318 Samardius
995 1279 1183 1331 magus
1213 1281 1415 1317 annum
1455 1281 1642 1317 unum.
1694 1266 1791 1318 Hic
1827 1280 2012 1333 magus

451 1356 868 1423 cognominatus
923 1365 1002 1406 est
1054 1355 1197 1422 quod
1263 1355 1431 1423 ipsius
1478 1363 1720 1422 tempore
1783 1353 2023 1409 ﬂoruerit

450 1441 615 1498 Persa
641 1445 856 1513 quidam
897 1446 1118 1498 nomine
1143 1443 1468 1508 Zoradasht,
1500 1446 1591 1512 qui
1627 1460 1901 1512 magorum
1931 1461 2021 1498 re-

452 1535 706 1604 ligionem
766 1535 1012 1590 condidit
1077 1535 1291 1590 aedibus
1355 1535 1460 1606 igni
1531 1534 1820 1588 dedicatis.
1897 1534 2022 1590 Pest

450 1625 626 1694 ipsum
666 1626 904 1694 regnavit
961 1626 1096 1679 llara
1134 1627 1363 1696 primus,
1417 1641 1592 1678 annos
1645 1626 1856 1695 viginti.
1894 1625 2022 1680 Post

450 1716 601 1768 illum
634 1718 990 1771 Artaehshast
1019 1717 1382 1787 Longimanus
1405 1714 1568 1786 264
1590 1719 2020 1785 cognominatus,

453 1821 632 1859 annos
673 1807 858 1874 viginti
919 1817 1173 1874 quatuor,
1222 1809 1379 1874 cujus
1433 1819 1673 1875 tempore
1738 1809 1921 1862 lloruit
1963 1809 2014 1862 in
2053 1797 2092 1850 Β

449 1895 761 1949 Graecorum
825 1898 1066 1965 regione,
1104 1896 1155 1948 itt
1197 1898 1328 1948 urbe
1361 1897 1490 1958 Coo,
1530 1895 1888 1965 Hippocrates
1932 1915 2020 1953 sa—

451 1987 604 2052 piens
637 1987 768 2037 artis
794 1989 1018 2039 medicae
1039 1998 1251 2039 ant-tor.
1289 1986 1426 2040 Dicit
1456 1986 1583 2041 Said
1606 1990 1821 2042 Patricii
1855 1990 2017 2050 ﬂlins,

453 2075 700 2130 medicus
738 2095 752 2131 :
791 2076 965 2145 Hujus
997 2079 1070 2131 rei
1106 2079 1366 2133 indicium
1404 2090 1486 2134 est
1539 2084 1684 2148 quod
1717 2082 1878 2137 refert
1913 2083 1989 2138 Ca

451 2167 609 2222 lenus
644 2170 697 2223 in
735 2183 834 2223 sua
875 2169 1174 2237 juramenti
1207 2179 1260 2224 et
1286 2171 1523 2226 niandati
1554 2171 1897 2241 Hippocratis
1925 2189 2020 2228 ex-

454 2258 763 2326 pliratione,
788 2261 953 2313 scilitxt
978 2268 996 2312 t
1037 2277 1211 2330 regem
1239 2261 1523 2315 Persarum
1549 2264 1612 2314 ad
1646 2262 2016 2331 Hippocratem

459 2350 691 2414 misisse,
713 2366 776 2405 ac
803 2367 992 2421 magna
1021 2354 1258 2419 pecuniae
1278 2369 1487 2407 summa
1519 2354 1694 2406 oblata
1716 2353 2018 2426 [invitasse]

455 2447 512 2493 ut
549 2442 614 2493 ad
653 2443 830 2510 ipsum
857 2443 1182 2507 accederet;
1229 2453 1354 2498 voto
1385 2452 1572 2498 autem
1621 2445 1739 2514 ejus
1770 2462 1875 2500 non
1924 2463 2019 2500 an-

455 2533 642 2584 nuisse
677 2533 1089 2603 Hippocratem,
1123 2550 1296 2605 ueque
1328 2538 1500 2604 ipsum
1527 2537 1742 2602 adiisse,
1771 2555 1892 2592 cum
1929 2556 2018 2592 nc-

454 2637 725 2692 qnaquam
759 2625 857 2693 ipsi
887 2641 1040 2693 aequo
1061 2636 1486 2681 consentaneum
1517 2629 1796 2684 videretur
1824 2631 2019 2685 Persas

455 2714 544 2779 qui
575 2712 886 2768 G:a:corum
925 2717 1111 2771 HOSICS
1142 2729 1324 2773 essent
1348 2733 1562 2774 sanare.
1601 2719 1787 2775 llefert
1838 2732 2016 2774 autem

457 2804 667 2858 l'lonain
731 2806 904 2860 lsaaki
945 2809 1107 2874 lilius,
1168 2812 1220 2862 in
1269 2825 1367 2864 sua
1419 2812 1540 2865 libri
1598 2812 1806 2879 hujuse
1838 2813 2014 2880 lingua

457 2896 642 2950 Crzeca
676 2899 727 2952 in
758 2901 1049 2953 Arabieatn
1075 2904 1347 2963 versione,
1391 2904 1702 2958 meminisse
1732 2902 2015 2967 Calenum,

456 2983 837 3056 Hippocratem
866 3006 972 3043 non
1000 2991 1199 3046 adiisse
1231 2993 1678 3047 Artachshastnm
1728 2993 2020 3063 Longima-

462 3093 589 3130 nunt
645 3082 994 3150 appellatum,
1057 3085 1199 3151 quod
1246 3098 1504 3154 regnante
1555 3087 1672 3155 ipso
1727 3089 2017 3157 contigisse

458 3149 690 3224 feratur
719 3149 916 3228 Persis
971 3149 1218 3229 morbum
1266 3149 1468 3231 dictum
1513 3149 1873 3232 Al;bl:tW';trek
1917 3181 2018 3248 (vel
2046 3149 2089 3209 Ο

451 3261 606 3326 juxta
636 3264 780 3318 aliud
815 3268 1115 3336 exemplar,
1161 3268 1415 3336 pestem).
1448 3269 1653 3324 lllisisse
1682 3286 1811 3341 ergo
1844 3271 2018 3338 ipsum

456 3354 522 3406 ad
559 3355 705 3409 urbis
738 3355 816 3409 Κο
847 3360 1159 3426 praefectum
1199 3374 1359 3428 quem
1424 3361 1656 3428 rogavit,
1715 3369 1772 3414 ιιι
1818 3361 2020 3432 Hippo-

453 3450 588 3500 crati
623 3456 842 3500 centum
879 3451 995 3501 auri
1033 3451 1232 3502 talenta
1293 3449 1550 3514 traderet,
1613 3452 1900 3520 ipsumque
1953 3455 2016 3507 ad

456 3553 534 3603 se,
569 3539 869 3591 honorilice
910 3548 1221 3603 tractatum,
1277 3539 1596 3604 adduceret,
1625 3557 1732 3610 quo
1762 3541 1954 3598 Persas
1989 3561 2016 3597 a

458 3629 646 3685 morbo
673 3629 763 3700 qni
795 3629 925 3700 ipsis
953 3629 1291 3698 contigisset,
1345 3643 1603 3696 sanaret;
1636 3632 1896 3688 abnuisse
1926 3650 2016 3689 au-

459 3734 564 3776 tern
637 3721 1046 3792 Hippocratem,
1130 3735 1250 3772 eum
1303 3736 1410 3778 non
1474 3737 1686 3794 sequum
1753 3728 2016 3797 judicaret

456 3811 771 3867 Graecorum
809 3815 1068 3870 hostibus
1097 3831 1250 3885 opem
1289 3816 1443 3882 ferre,
1477 3833 1678 3887 eosque
1715 3833 1928 3874 sanare.

525 3905 741 3960 Mortuo
773 3907 1206 3962 Artachshasltto
1255 3909 1615 3980 Longimauo,
1671 3923 1791 3978 post
1846 3911 2019 3980 ipsum

456 3998 741 4066 imperavit
774 3999 1175 4053 Artachshasht
1225 3999 1472 4071 Magnus,
1514 4017 1684 4054 annos
1719 4003 1937 4072 triginta
1968 4012 2021 4056 et

459 4105 645 4142 unum.
677 4091 803 4144 Post
826 4108 947 4145 eum
973 4089 1280 4146 Saadianus
1311 4108 1482 4146 annos
1513 4101 1643 4147 tres.
1679 4091 1809 4147 Post
1841 4095 2018 4162 ipsum

461 4179 593 4231 Dara
627 4181 922 4246 Secundus,
956 4181 1308 4252 265-267
1356 4184 1448 4251 qui
1482 4185 1893 4254 cognominatus
1939 4194 2023 4241 est

459 4270 755 4324 Al-Naceth
810 4289 982 4326 annos
1041 4274 1456 4342 septemdecim.
1501 4274 1629 4329 Post
1683 4292 1804 4330 cum
1859 4279 2020 4332 Arta-

457 4361 737 4426 chshasht,
770 4378 799 4415 e
835 4361 960 4416 filiis
983 4361 1164 4415 fratris
1192 4362 1316 4432 Cyri
1351 4367 1600 4427 secundi,
1629 4381 1798 4422 annos
1832 4369 2018 4438 viginti

2137 533 2351 588 Acbuso
2383 533 2675 586 Persarum
2709 549 2853 604 rege,
2887 547 3006 605 post
3060 538 3238 605 ipsum
3279 540 3523 609 regnavit
3555 543 3697 596 lilius

2129 623 2304 692 ipsius
2326 625 2517 686 Arses,
2540 626 2630 694 qui
2650 626 3066 692 cognominatus
3087 638 3170 681 est
3186 626 3370 695 Naeet,
3405 645 3577 686 annos
3601 648 3699 686 uu-

2126 716 2320 769 decim.
2355 716 2485 784 Ejus
2515 725 2758 786 tempore
2793 717 3093 772 ﬂoruerunt
3120 721 3170 772 in
3201 722 3334 776 urbe
3359 723 3690 778 Athenarum

2126 815 2179 859 et
2214 806 2529 862 Graecorum
2584 809 2805 877 regione
2843 808 3146 878 philosophi
3185 811 3481 880 sapientes,
3521 813 3692 878 Plato,

2124 895 2390 950 Censalou
2424 896 2800 970 [XenOphon],
2845 900 3204 964 Dcmoeritus,
3254 903 3591 970 Apollonius,
3643 915 3695 961 et

2130 993 2406 1044 Socrates.
2432 990 2644 1045 Mortuo
2664 992 2862 1047 Arscso
2891 991 3182 1047 Persarum
3205 1010 3353 1064 rege,
3375 1010 3496 1063 post
3521 999 3690 1068 ipsum

2128 1082 2372 1150 l't'gnm'il
2429 1083 2574 1136 lilius
2631 1084 2802 1151 ipsius
2850 1082 3046 1139 Darius
3078 1100 3251 1140 annos
3283 1098 3511 1155 septem,
3538 1106 3690 1158 quem

2129 1175 2398 1230 interﬁcit
2424 1176 2746 1230 Alexander.
2780 1176 3021 1247 Regnum
3049 1189 3338 1233 tenuerunt
3359 1181 3525 1252 268
3547 1199 3692 1253 reges

2127 1269 2215 1322 iell
2270 1268 2324 1321 in
2383 1267 2576 1332 Musal,
2634 1270 2979 1340 Babylonem,
3042 1270 3278 1324 Persiam
3313 1280 3368 1325 et
3410 1275 3690 1332 Antetlnm.

2123 1358 2295 1412 Causa
2329 1369 2506 1413 autem
2535 1375 2629 1413 cur
2654 1361 2981 1414 interliceret
3005 1362 3308 1417 Alexander
3333 1363 3551 1417 Darium
3583 1365 3692 1420 haec

2131 1459 2268 1512 erat,
2306 1451 2449 1519 quod
2485 1466 2607 1505 cum
2629 1462 2845 1507 mortuo
2867 1464 3020 1522 patre
3053 1453 3308 1524 Philippo
3340 1459 3690 1513 successisset

2128 1541 2177 1591 in
2209 1539 2540 1596 Macedonia:
2574 1557 2743 1612 regno
2770 1543 3078 1598 Alexander
3099 1561 3272 1601 annos
3298 1548 3567 1602 sexdecim
3591 1564 3689 1603 na-

2129 1642 2235 1694 tus,
2269 1642 2432 1700 atque
2456 1633 2615 1687 Dario
2653 1633 2851 1690 Persia:
2882 1638 2992 1706 regi
3041 1639 3351 1692 nuntiatum
3391 1647 3537 1694 esset
3576 1640 3693 1695 Ale-

2128 1722 2392 1776 xandrum
2429 1732 2551 1791 post
2603 1733 2809 1792 patrem
2843 1742 3002 1780 suum
3029 1725 3232 1783 Crtecis
3282 1729 3569 1798 inzpcrare,
3603 1731 3689 1785 ille

2124 1811 2294 1879 ipsius
2325 1811 2702 1886 [subjugandi]
2737 1816 2994 1884 cupidus,
3030 1818 3238 1872 litteras
3259 1821 3323 1872 ad
3358 1821 3531 1889 ipsum
3557 1836 3656 1875 con
3676 1849 3690 1862 -

2126 1903 2426 1971 seripserit,
2459 1919 2690 1972 quarum
2726 1906 2828 1960 hoc
2851 1908 3126 1975 exemplar
3157 1918 3240 1962 est
3269 1927 3282 1960 :
3326 1929 3343 1960 ε
3375 1909 3686 1965 Nuntiatum

2125 2003 2206 2046 est
2239 1996 2365 2049 mihi
2404 2004 2453 2050 te
2503 1997 2715 2066 injussu
2755 2015 2878 2053 meo
2907 2000 2956 2052 in
2990 1999 3207 2054 Graecos
3265 2017 3490 2070 regnum
3520 2017 3686 2057 occu-

2124 2102 2303 2156 passe.
2329 2089 2482 2154 Quod
2513 2090 2558 2143 si
2582 2091 2767 2146 eadem
2798 2107 2904 2161 qua
2931 2109 2994 2161 pa
3023 2109 3082 2146 er
3112 2102 3239 2149 tuus
3263 2095 3346 2149 via
3373 2096 3692 2151 incessisses

2126 2181 2177 2230 in
2233 2182 2462 2235 consilio
2497 2183 2780 2252 capiendo,
2849 2186 3082 2254 etquod
3144 2201 3245 2255 ego
3295 2196 3346 2242 te
3401 2188 3686 2256 jussisscm

2128 2270 2368 2336 fecisses,
2421 2275 2524 2329 hoc
2557 2276 2654 2330 tibi
2691 2277 2886 2332 melius
2939 2277 3153 2341 fuisset,
3195 2290 3245 2333 et
3273 2284 3688 2350 prosperitatem

2126 2373 2268 2415 tuam
2292 2363 2500 2419 diutius
2528 2366 2930 2424 continuasscs.
2967 2369 3164 2423 Verum
3201 2373 3266 2424 ad
3304 2372 3405 2426 hoc
3439 2381 3489 2425 te
3515 2373 3694 2443 impu-

2125 2454 2186 2508 lit
2224 2457 2468 2524 pueritiae
2503 2459 2748 2529 deceptio
2785 2477 2884 2530 pro
2915 2471 3000 2514 tua
3044 2473 3095 2514 et
3125 2471 3338 2516 tuorum
3366 2465 3694 2534 ignorantia.

2125 2547 2335 2602 Recede
2360 2565 2487 2620 ergo
2533 2553 2601 2605 ab
2630 2565 2695 2606 eo
2723 2567 2831 2621 quo
2857 2554 2967 2622 jam
2993 2570 3049 2608 es
3083 2553 3272 2625 [loco,_|
3298 2566 3349 2610 et
3372 2573 3467 2625 pro
3499 2557 3696 2626 teipse,

2125 2649 2175 2689 ‹-ι
2207 2640 2375 2705 patria
2411 2651 2497 2693 tua
2534 2640 2920 2712 redemptionis
2943 2647 3171 2714 pretium
3198 2648 3453 2714 aﬂ'crens,
3479 2651 3692 2716 culpam

2129 2740 2274 2783 tuam
2321 2733 2598 2796 confitere,
2635 2746 2796 2804 atque
2827 2737 2927 2790 hoc
2957 2737 3064 2791 cito
3087 2742 3230 2793 omni
3265 2755 3413 2795 mora
3449 2742 3696 2810 deposita

2129 2822 2317 2876 facias.
2355 2823 2448 2878 Sin
2484 2827 2664 2881 minus
2695 2828 2760 2881 ad
2793 2840 2842 2882 te
2885 2843 3008 2882 cum
3072 2829 3363 2886 Persarum
3401 2833 3533 2887 viris
3569 2849 3698 2903 pro-

2127 2913 2320 2980 fectus,
2352 2917 2581 2982 patriam
2636 2928 2781 2972 tuam
2819 2935 3006 2974 eorum
3050 2923 3276 2990 pedibus
3333 2924 3689 2989 conculcabo,

2127 3007 2274 3061 viros
2303 3017 2426 3062 tuos
2459 3009 2730 3074 occidam,
2768 3019 2924 3081 teque
2955 3015 3312 3083 prosperitate
3346 3026 3435 3069 tua
3470 3030 3692 3072 exuam.

2129 3095 2242 3151 Misi
2277 3099 2488 3152 interim
2546 3100 2636 3154 tibi
2669 3100 2796 3155 illud
2853 3104 2998 3172 quod
3049 3106 3091 3157 si
3144 3122 3432 3160 munerare
3490 3107 3694 3175 possis,

2123 3203 2408 3244 munerare
2423 3190 2581 3243 etiam
2601 3192 2747 3247 viros
2769 3203 2819 3246 et
2847 3195 3072 3248 comites
3097 3210 3245 3250 meos
3262 3198 3481 3265 poteris.
3509 3197 3688 3254 Vale»

2193 3275 2414 3332 Miserat
2441 3287 2619 3333 autem
2658 3285 2722 3335 ad
2757 3284 2929 3350 ipsum
2965 3285 3306 3355 perlegatum
3351 3302 3689 3342 sesamorum

2122 3369 2576 3424 cxcorticatorum
2626 3374 2890 3428 modium.
2947 3377 3228 3432 Accedens
3262 3394 3391 3448 ergo
3434 3379 3576 3434 Darii
3617 3381 3693 3436 le-

2123 3467 2276 3526 gatus
2299 3459 2364 3512 ad
2388 3460 2778 3529 Alexandrum,
2811 3465 2909 3533 ipsi
2934 3467 3140 3520 litteras
3163 3476 3215 3520 et
3243 3484 3453 3523 sesama
3476 3471 3689 3524 obtulit.

2123 3552 2425 3606 Alexander
2462 3553 2632 3623 igitur
2671 3559 3014 3626 congregatis
3043 3559 3394 3630 269-271
3427 3563 3685 3616 comitum

2123 3656 2348 3697 suorum
2410 3645 2703 3715 praacipuis
2767 3663 2832 3702 ac
2887 3648 3028 3702 Darii
3089 3651 3281 3706 litteris
3340 3653 3689 3710 audientibus

2124 3732 2415 3800 prmlectis,
2439 3735 2574 3788 dixit
2604 3753 2616 3788 :
2653 3737 2708 3790 Si
2747 3753 2852 3792 uno
2877 3739 3060 3793 animo
3096 3743 3307 3796 fueritis
3366 3745 3538 3812 ipsum
3569 3745 3688 3797 viu-

2124 3828 2276 3891 cetis,
2311 3828 2393 3882 sin
2427 3829 2495 3881 ah
2526 3830 2755 3884 invicem
2792 3833 3051 3899 separati,
3083 3834 3234 3888 vobis
3294 3835 3549 3888 inhiabit.
3583 3836 3681 3890 Cui

2125 3922 2519 3988 responderunt
2549 3922 2745 3992 singuli
2784 3932 2941 3992 prout
2971 3925 3103 3994 ipsis
3132 3937 3260 3981 tunc
3284 3928 3457 3982 visum
3490 3927 3688 3983 fuerat.

2123 4010 2331 4075 Quibus
2392 4012 2730 4067 Alexander:
2764 4013 3051 4070 Otninatur
3106 4019 3236 4072 mihi
3277 4021 3491 4074 animus
3521 4021 3695 4075 victo-

2125 4106 2258 4155 riam
2296 4105 2348 4157 in
2410 4104 2628 4158 Darium
2675 4105 2854 4176 (cujus
2908 4109 3040 4162 mihi
3106 4110 3365 4164 indicium
3429 4111 3556 4165 inde
3605 4122 3694 4165 est

2123 4193 2262 4258 quod
2301 4195 2526 4246 comites
2555 4208 2686 4248 suos
2727 4210 2939 4250 sesamo
2991 4198 3333 4262 assimilarit,
3358 4202 3502 4268 quod
3532 4201 3691 4255 cibus

2122 4292 2205 4338 est
2238 4286 2474 4354 pinguis,
2509 4296 2563 4340 et
2595 4289 2713 4342 sine
2747 4289 2991 4343 molestia
3034 4292 3259 4364 editur),
3295 4308 3502 4363 nosque
3522 4309 3691 4364 regno

2124 4378 2294 4446 ipsius
2348 4381 2636 4446 petituros.
2677 4382 2937 4436 Dixerunt
3003 4384 3105 4454 ipsi
3166 4387 3300 4439 socii
3358 4387 3528 4455 ipsius
3561 4403 3575 4436 .-
3609 4387 3689 4440 Ita

455 4453 614 4507 duos.
646 4454 772 4521 Ejus
804 4464 1046 4522 tempore
1072 4453 1376 4507 ﬂoruerunt
1404 4456 1456 4507 in
1505 4456 1712 4510 Graicia
1745 4461 2018 4528 sapientes
2055 4487 2094 4540 ί)
2125 4470 2287 4523 faciat
2313 4470 2478 4526 Deus.
2508 4470 2802 4542 Respondit
2831 4489 2958 4544 ergo
2985 4453 3290 4530 Alexander
3311 4453 3472 4531 Dario
3496 4477 3694 4530 litteris

454 4554 508 4597 et
540 4544 870 4613 philosophi,
903 4543 1187 4609 Hercules,
1217 4544 1404 4610 Malus,
1432 4545 1790 4618 Pythagoras,
1822 4549 2018 4605 Socra-

457 4645 562 4699 tes,
594 4635 755 4688 Solon
794 4636 1093 4702 legislater,
1145 4635 1350 4700 Zenon,
1380 4651 1434 4693 et
1472 4639 1846 4710 Empedocles.
1891 4643 2014 4699 Post

456 4728 632 4794 ipsum
666 4727 909 4793 regnavit
937 4742 1107 4780 annos
1155 4727 1344 4796 viginti
1410 4729 1556 4785 filius
1614 4731 1730 4800 ejus
1784 4733 2018 4787 Artach-

456 4817 670 4877 shasht,
699 4818 788 4884 qui
840 4819 1256 4885 cognominatus
1299 4829 1382 4874 est
1426 4819 1632 4876 Aelius.
1688 4823 1786 4877 Hic
1846 4825 2018 4894 copiis

455 4908 568 4963 suis
607 4908 847 4962 collectis
880 4907 1172 4979 Atlgyptum
1231 4911 1404 4978 petiit,
1464 4928 1627 4979 quam
1685 4929 1809 4984 rege
1844 4915 2017 4983 ipsius

452 5001 665 5054 devicto
685 5002 990 5068 occupavit.
1035 5001 1146 5054 Rex
1199 5009 1381 5056 autem
1429 5001 1648 5072 Aﬁgypti
1681 5004 1788 5072 (cui
1820 5019 2014 5059 nomen

453 5090 664 5145 Pharao
693 5091 931 5159 Shanak)
974 5092 1244 5157 devictus,
1303 5094 1500 5147 timens
1539 5110 1604 5147 ne
1641 5096 1684 5147 si
1739 5095 1791 5147 in
1826 5111 2016 5150 manus

452 5183 680 5248 Achusi,
722 5181 1008 5237 Persarum
1045 5184 1188 5251 regis
1244 5182 1529 5246 incideret,
1593 5183 1730 5237 male
1781 5186 1848 5237 ab
1900 5188 2016 5255 ipso

456 5281 798 5340 multaretur,
825 5280 964 5334 rasis
1007 5280 1182 5348 eapite
1203 5289 1256 5334 et
1288 5281 1477 5341 barba,
1507 5295 1569 5334 ac
1598 5284 1817 5335 mutatis
1853 5284 2016 5336 vesti-

455 5370 556 5423 bus
587 5370 958 5426 Macedoniam
993 5372 1179 5424 urbem
1218 5373 1474 5440 profugit.
1520 5372 1705 5428 Achus
1734 5389 1864 5429 vero
1889 5371 2016 5430 Per-

454 5477 636 5515 sarum
683 5479 774 5518 rex
799 5463 1029 5528 Fustati,
1060 5463 1276 5534 [Egypti
1332 5481 1537 5530 arcem,
1591 5468 1858 5532 condidit,
1895 5484 2014 5538 qua:

457 5551 612 5606 hodie
645 5554 1058 5610 Kasrolshamaa
1116 5557 1306 5610 audit:
1368 5557 1419 5609 in
1479 5574 1584 5626 qua
1642 5569 1694 5612 et
1752 5563 2009 5630 templum

458 5659 710 5712 magnum
756 5651 1051 5714 exstruxit,
1110 5650 1218 5717 igni
1271 5648 1600 5712 dedicatum,
1649 5654 1791 5720 quod
1855 5654 2012 5707 hodie

454 5728 682 5782 ecclesia
706 5730 890 5786 Sancti
928 5733 1194 5789 Theodori
1225 5736 1547 5806 appellatur.
1576 5737 1805 5810 Fuitque
1837 5741 2009 5798 Macc-

2119 4565 2336 4633 scriptis
2359 4580 2589 4634 quarum
2626 4568 2728 4621 hoc
2754 4569 3032 4636 exetnplar
3051 4578 3132 4624 est
3167 4588 3180 4624 :
3205 4569 3286 4623 Ab
3312 4585 3377 4623 eo
3407 4570 3497 4640 qui
3524 4586 3553 4623 a
3579 4569 3691 4624 Deo

2121 4672 2209 4709 rex
2248 4658 2579 4712 constitutus
2608 4666 2713 4723 est,
2747 4658 3059 4713 Alexandro
3106 4669 3264 4714 servo
3297 4661 3407 4723 Dei,
3444 4673 3496 4714 et
3539 4659 3694 4715 Grie-

2119 4765 2309 4804 corum
2347 4766 2472 4821 rege
2511 4751 2576 4805 ad
2617 4751 2836 4806 Darium
2868 4753 3210 4820 praecelsum.
3239 4753 3480 4808 Intellexi
3542 4753 3689 4806 litte-

2121 4851 2374 4901 rastuas,
2401 4852 2455 4895 et
2483 4843 2757 4910 quomodo
2813 4858 2896 4897 me
2937 4852 2996 4897 ut
3046 4846 3098 4897 in
3160 4844 3471 4897 mandatum
3533 4853 3688 4897 tuttm

2121 4931 2372 4985 rebellem
2420 4931 2814 4999 indigitaveris,
2844 4943 2896 4986 et
2943 4932 3074 5001 quid
3133 4932 3274 4985 mihi
3322 4932 3691 4984 comminatus

2122 5019 2310 5074 fueris.
2348 5019 2610 5074 Videlicet
2639 5021 2684 5076 si
2718 5036 2748 5074 a
2777 5021 2946 5090 gradu
2993 5036 3116 5075 meo
3150 5037 3254 5075 non
3289 5034 3590 5082 recessero,
3631 5029 3692 5072 et

2120 5111 2369 5165 diﬂ'eratn
2399 5111 2529 5165 illud
2561 5112 2754 5167 aﬂ‘erre
2784 5114 2930 5182 quod
2974 5115 3178 5182 scripto
3215 5124 3308 5167 tuo
3352 5111 3562 5180 jussisti
3597 5125 3689 5164 me

2120 5205 2212 5256 tibi
2243 5203 2456 5268 aﬂ'erre,
2482 5203 2848 5271 profecturum
2905 5215 2956 5258 te
3009 5212 3203 5259 contra
3261 5219 3346 5256 me
3381 5219 3503 5257 cum
3550 5202 3688 5256 viris

2119 5292 2431 5348 Persarum.
2463 5294 2622 5348 Certe
2660 5295 2827 5347 dictat
2853 5293 2948 5349 tibi
2987 5295 3204 5347 animus
3255 5305 3380 5347 tuus
3410 5308 3530 5362 qua:
3573 5307 3686 5345 non

2118 5397 2439 5451 assequetur
2491 5400 2684 5439 manus
2716 5396 2826 5451 tua,
2865 5400 2963 5439 nec
3016 5385 3376 5453 apprehendit
3426 5383 3685 5454 cogitatio

2118 5483 2229 5527 tua.
2261 5473 2369 5544 Ego
2397 5483 2577 5528 autem
2617 5475 2682 5528 ad
2712 5485 2762 5530 te
2797 5490 2985 5528 revera
3017 5475 3333 5543 proficiscar
3355 5488 3476 5531 cum
3505 5471 3684 5527 leoni-

2119 5566 2217 5618 hns
2256 5565 2590 5630 Cra-corum,
2632 5577 2683 5619 et
2725 5566 2999 5634 quomodo
3025 5583 3082 5620 se
3131 5582 3216 5618 res
3249 5566 3443 5619 habeat
3476 5565 3683 5618 docebo

2117 5664 2167 5707 te
2201 5657 2287 5707 ubi
2313 5655 2526 5708 obviam
2568 5657 2661 5709 tibi
2698 5655 2874 5711 factus
2921 5655 3092 5709 fuero.
3137 5655 3257 5710 Misi
3316 5657 3528 5710 interim
3580 5655 3677 5712 tibi

2116 5760 2223 5820 quo
2255 5746 2573 5810 dignoscere
2605 5747 2777 5816 possis
2836 5755 3040 5819 quanto
3095 5748 3336 5803 acriores
3363 5747 3523 5817 272
3550 5746 3678 5800 viris
