4034 6214
375 204 483 262 969

1810 194 2178 259 ANNALES.
3221 199 3227 207 '
3510 180 3613 241 9ἷο

375 311 484 367 tuis
514 308 714 366 iuerint
745 308 844 364 viri
896 309 1024 365 mei.
1060 307 1210 367 Vale.
1246 310 1390 367 Misit
1420 320 1600 367 autem
1651 310 1717 365 ad
1756 310 1937 380 ipsum
1969 312 2013 366 Α
2042 302 2256 376 natum]
2294 318 2306 356 :
2343 308 2461 373 pete
2496 310 2675 356 autem
2721 314 2751 354 a
2789 312 2875 354 me
2903 297 3045 368 quod
3077 296 3175 351 tibi
3210 296 3387 350 visum
3427 294 3614 349 fuerit.

376 419 592 459 saccum
639 402 867 471 sinapis.
904 402 1194 458 ‘Reversus
1225 418 1357 473 ergo
1387 403 1453 457 ad
1488 403 1668 472 ipsum
1727 401 1939 470 legatus

377 495 575 565 ipsius,
600 492 729 563 quid
763 491 980 548 fecisset
1019 494 1325 549 Alexander
1359 495 1458 562 ipsi
1489 492 1778 546 nuntiavit.
1825 490 1942 545 Ale-

377 587 583 640 xan‘der
598 596 803 652 autem,
824 587 1135 641 convocatis
1153 588 1392 656 patriciis
1406 603 1469 641 ac
1492 587 1624 640 viris
1643 584 1942 656 primariis,

377 677 458 731 sic
492 677 613 731 illos
641 677 910 732 allocutus
941 687 1066 733 est:
1102 679 1146 733 0
1182 679 1397 748 popula,
1436 678 1612 733 tribus
1638 678 1945 747 preprieta-

378 771 521 826 tibus
545 770 900 839 perﬁciuntur
923 785 1030 833 res,
1065 770 1319 825 videlicet
1348 770 1580 824 consilio
1612 770 1775 832 bono,
1807 767 1944 822 viri-

376 864 479 919 bus
511 862 580 917 ad
611 863 750 916 idem
771 861 1248 935 [exsequendum],
1272 862 1467 917 deinde
1494 863 1607 917 haec
1631 873 1859 932 utraque
1890 862 1944 915 in

373 966 557 1010 actum
585 955 891 1009 intentione
920 957 1135 1011 sincera
1180 954 1547 1024 perducendo.
1580 954 1843 1024 Quisquis
1869 954 1944 1007 ita

376 1052 724 1114 comparatus
760 1044 952 1109 fuerit,
1001 1044 1231 1099 idoneus
1280 1052 1365 1099 est
1413 1045 1479 1099 ad
1524 1060 1588 1099 ea
1620 1060 1741 1114 qua:
1797 1045 1946 1112 cupit

377 1133 755 1203 assequenda;
808 1132 855 1186 si
900 1134 1024 1202 quis
1051 1147 1183 1203 ergo
1227 1142 1469 1189 vestrum
1520 1133 1607 1188 his
1647 1134 1945 1187 instructus

378 1223 567 1288 fuerit,
600 1224 735 1278 mihi
784 1238 845 1279 se
891 1223 1176 1293 adjuugat,
1228 1232 1283 1279 et
1326 1224 1638 1293 quicunque
1682 1238 1842 1278 secus
1889 1239 1948 1278 se

379 1316 656 1381 habuerit,
694 1331 723 1370 a
767 1330 852 1370 me
887 1315 1127 1370 recedat.
1177 1314 1596 1385 Responderunt
1656 1314 1732 1368 illi
1766 1330 1780 1368 :
1815 1313 1946 1368 Pro-

379 1410 636 1479 prietates
681 1409 812 1463 istas
846 1408 898 1460 in
926 1423 1051 1477 rege
1082 1407 1423 1476 conjunctas,
1477 1409 1530 1461 in
1564 1406 1719 1461 nobis
1747 1407 1950 1461 discre-

381 1509 464 1554 tas
518 1498 703 1568 posuit
766 1499 927 1563 Deus,
981 1512 1081 1552 nec
1128 1499 1363 1553 cessabit
1395 1516 1425 1551 e
1473 1499 1627 1552 nobis
1680 1499 1948 1568 quispiam

382 1591 632 1647 ultimum
667 1588 810 1660 quod
842 1603 1008 1658 penes
1030 1588 1206 1658 ipsum
1243 1589 1402 1642 fuerit
1430 1586 1759 1661 [praestare].
1793 1588 1947 1654 Quod

384 1684 629 1755 ipsorum
671 1696 992 1753 responsum
1041 1696 1165 1736 cum
1197 1681 1476 1748 probasset
1498 1681 1824 1745 Alexander,
1851 1695 1947 1749 pa-
1984 1664 2022 1718 Β

384 1776 522 1831 ratis
554 1774 735 1829 statim
769 1772 948 1843 copiis
1007 1774 1074 1826 ad
1143 1771 1341 1826 bellum
1403 1770 1563 1827 Dario
1612 1772 1951 1827 inferendum

383 1865 659 1937 profectus
683 1873 785 1920 est.

454 1957 698 2024 Quicum
728 1958 782 2009 in
807 1955 1192 2025 Mesopotamia
1223 1957 1647 2024 concurrissent,
1680 1956 1782 2012 init
1810 1957 1954 2013 inter

384 2050 535 2121 ipsos
588 2050 951 2120 quadraginta
1003 2051 1215 2105 dierum
1262 2054 1439 2120 spatio
1484 2053 1710 2108 bellum.
1759 2053 1953 2109 Darius

386 2159 521 2198 vero
555 2145 803 2214 quinque
838 2144 1106 2199 conlectis
1141 2142 1307 2200 fossis
1356 2145 1411 2199 in
1468 2144 1700 2215 singulis
1758 2145 1951 2200 ducem

386 2251 514 2291 cum
583 2235 872 2290 duodecim
943 2236 1188 2289 virorum
1263 2236 1506 2291 millibus
1563 2237 1951 2301 collocaverat,

386 2345 621 2398 quorum
673 2330 805 2383 nulli
858 2329 962 2385 nisi
1017 2331 1212 2398 quinto
1253 2330 1494 2400 quolibet
1540 2330 1629 2384 die
1676 2330 1951 2401 pugnandi

389 2423 536 2477 vices
583 2421 922 2491 obtigerunt.
980 2420 1107 2477 Suis
1159 2422 1326 2476 etiam
1359 2421 1674 2491 injunxerat
1723 2422 1954 2492 singulis

388 2512 581 2569 diebus
626 2513 859 2567 duorum
912 2511 1068 2585 [sibi]
1116 2510 1429 2568 Graecorum
1464 2515 1645 2583 capita
1686 2512 1951 2585 [all‘erre].

388 2605 565 2658 Allata
620 2613 750 2659 sunt
800 2618 933 2674 ergo
985 2604 1064 2659 illi
1102 2605 1348 2675 quotidie
1393 2604 1624 2659 duorum
1661 2606 1743 2660 vel
1793 2606 1955 2659 unius

390 2700 587 2752 saltem
636 2694 949 2751 Grmcorum
1004 2698 1207 2767 capita.
1238 2694 1322 2751 Ob
1363 2696 1511 2767 quod
1545 2711 1741 2768 magna
1785 2696 1954 2751 animi

388 2790 612 2844 tristitia
634 2788 993 2859 273-275
1011 2788 1257 2853 aﬁ‘ectus,
1287 2790 1475 2858 iraque
1499 2802 1696 2859 quanta
1718 2789 1831 2844 fieri
1856 2805 1955 2860 po-

390 2882 492 2935 tuit
522 2891 833 2936 exaestuans
876 2882 1181 2936 Alexander
1216 2881 1363 2937 misit
1388 2882 1458 2937 ad
1483 2882 1703 2936 Darium
1727 2883 1819 2953 qui
1853 2882 1954 2952 ipsi

386 2975 624 3031 diceret:
645 2973 839 3027 Parum
859 2974 1015 3028 abest
1033 2989 1097 3029 ne
1116 2982 1305 3030 mutuo
1328 2990 1747 3043 consmnamur;
1775 2976 1949 3030 visum
1980 2999 2023 3059 α

389 3075 475 3122 est
501 3076 678 3120 autem
718 3065 847 3120 mihi
876 3067 1020 3136 quod
1047 3066 1209 3121 saluti
1243 3075 1444 3121 nostra:
1482 3068 1643 3123 simul
1680 3077 1734 3121 et
1759 3079 1956 3122 vestra:

392 3160 731 3222 consulatur,
762 3159 1017 3212 nimirum
1053 3166 1112 3213 ut
1138 3173 1259 3212 cum
1289 3159 1625 3214 instruendae
1651 3160 1759 3213 sint
1782 3162 1954 3224 acies,

390 3252 625 3321 spatium
672 3251 988 3321 relinquant
1030 3249 1193 3304 nobis
1222 3250 1454 3305 comites
1486 3251 1560 3304 tui
1588 3265 1697 3319 quo
1731 3252 1955 3307 ordines

393 3350 515 3397 tuos
564 3342 631 3395 ad
665 3342 890 3395 ditionis
936 3350 1040 3393 tua:
1068 3339 1296 3395 limitem
1329 3350 1721 3408 pertranseam,
1762 3342 1957 3397 deinde

391 3434 457 3487 ad
508 3436 740 3503 patriam
794 3448 965 3486 meam
1023 3441 1289 3487 revertar.
1325 3431 1513 3501 Neque
1546 3434 1690 3486 enim
1738 3434 1957 3488 animus

393 3528 554 3583 nobis
602 3534 687 3579 est
730 3534 1005 3579 certamen
1058 3526 1400 3588 detrectare;
1435 3533 1583 3578 esset
1628 3526 1729 3580 hoc
1757 3540 1959 3594 oppro-

393 3620 572 3675 brium
615 3616 760 3687 quod
792 3617 923 3679 elui,
966 3616 1180 3674 macula
1234 3631 1356 3685 qua:
1391 3615 1667 3681 mundari,
1696 3616 1957 3686 ﬂagitium

398 3711 484 3764 cui
538 3708 770 3779 ignosci,
819 3723 924 3761 non
966 3715 1175 3776 posset.
1224 3706 1529 3776 Respondit
1578 3705 1961 3763 Darius:Non

396 3801 571 3854 visum
603 3808 688 3853 est
716 3798 877 3852 nobis
907 3797 1014 3849 ullo
1043 3796 1204 3850 modo
1227 3796 1371 3865 quod
1402 3794 1607 3864 petiisti
1635 3796 1959 3851 concedere.

398 3889 553 3955 Quod
608 3903 729 3941 cum
786 3888 1016 3941 vidisset
1048 3884 1379 3951 Alexander,
1416 3881 1720 3955 [homines]
1764 3887 1827 3936 ad
1864 3883 1964 3936 ali-

397 3983 528 4051 quid
564 3990 753 4036 contra
801 3986 964 4047 caput
1012 3975 1187 4045 ipsius
1236 3973 1658 4028 machinandum
1715 3973 1964 4027 incitavit

396 4074 585 4129 dicens
616 4089 629 4125 :
657 4070 839 4125 Heus!
875 4069 1070 4130 Graeci,
1105 4077 1189 4121 est
1217 4067 1321 4120 hoc
1360 4065 1727 4130 imbecillitas,
1760 4075 1813 4121 et
1844 4069 1964 4137 opis

399 4165 716 4236 indigentia.
772 4162 943 4215 Estne
983 4174 1014 4213 e
1046 4157 1202 4212 vobis
1231 4168 1320 4210 aut
1353 4173 1382 4210 ε
1413 4156 1597 4213 Persis
1637 4158 1728 4229 qui
1760 4158 1965 4227 aliquid

398 4260 531 4313 mihi
566 4258 669 4311 hoc
708 4256 760 4309 in
808 4253 1023 4324 negotio
1054 4252 1521 4316 eomminiscatur,
1552 4266 1663 4321 quo
1690 4268 1775 4306 me
1805 4268 1834 4304 a
1872 4251 1968 4305 tri-

2051 394 2179 450 Tria
2229 395 2326 449 tibi
2374 409 2404 448 a
2434 408 2520 447 me
2571 394 2865 461 impetrare
2916 386 3122 451 licebit,
3178 396 3234 441 tu
3281 400 3448 441 unum
3484 384 3617 438 mihi

2051 496 2259 542 tantum
2297 486 2586 541 concedas.
2629 483 2774 537 Dixit
2820 495 2949 551 ergo
2976 479 3054 534 illi
3102 478 3334 534 Darius:
3367 477 3479 531 lloc
3507 492 3537 530 a
3563 484 3617 531 te

2051 591 2196 652 peto,
2236 594 2302 634 ne
2329 577 2551 632 familiis
2594 575 2731 647 apud
2782 575 2979 630 Persas
3018 573 3323 628 illustribus
3353 581 3521 635 satos,
3566 580 3622 626 et

2053 673 2262 727 nobiles
2308 671 2523 740 perdas,
2565 670 2659 724 sed
2708 668 2909 722 liberos
2952 665 3235 730 dimittas;
3266 671 3392 732 peto
3431 664 3619 729 etiam,

2052 780 2121 820 ne
2152 765 2359 833 ignium
2404 761 2552 816 mdes
2605 760 2817 825 diruas,
2871 772 3169 827 earumque
3205 756 3436 810 aedituos
3487 756 3622 809 bene

2056 855 2272 910 tractari
2323 854 2554 923 jubcas;
2622 852 2857 920 denique
2908 859 2967 904 ut
3020 865 3105 904 me
3154 848 3221 904 de
3274 848 3624 902 interfectore

2057 960 2174 1000 meo
2208 945 2514 1009 ulciscaris,
2560 943 2855 1012 ipsumque
2895 941 3025 995 mihi
3072 941 3338 1010 adjungas
3374 958 3387 994 :
3419 955 3541 993 nam
3575 938 3623 995 si

2054 1045 2331 1107 superstes
2357 1035 2645 1099 manserit,
2672 1044 2887 1088 tuorum
2917 1033 3081 1087 etiam
3103 1031 3491 1086 beneficiorum
3524 1030 3625 1083 im-

2057 1142 2265 1184 memor
2309 1128 2437 1191 erit,
2478 1134 2540 1179 ut
2572 1139 2699 1195 erga
2734 1136 2821 1177 me
2865 1131 3025 1177 antea
3060 1135 3119 1177 se
3149 1121 3423 1191 ingratum
3492 1135 3625 1189 prte-

2055 1220 2212 1276 stitit.
2267 1218 2527 1273 Promisit
2578 1230 2712 1286 ergo
2769 1214 3077 1270 Alexander
3139 1213 3509 1283 praestiturum
3565 1228 3625 1266 se

2056 1311 2201 1381 quod
2236 1311 2487 1382 petierat.
2519 1308 2665 1362 Dixit
2705 1307 2904 1362 deinde
2936 1304 3283 1361 Alexander:
3312 1304 3466 1370 Quod
3503 1320 3530 1358 a
3568 1316 3619 1358 te

2056 1402 2248 1458 vellem
2294 1410 2401 1464 est,
2429 1408 2486 1455 ut
2514 1400 2678 1453 ﬁliam
2731 1407 2877 1453 tuam
2932 1395 3177 1453 Ruslitac
3225 1396 3357 1450 mihi
3400 1397 3453 1449 in
3488 1412 3625 1449 uxo-

2058 1509 2172 1547 rem
2218 1492 2508 1554 concedas,
2546 1490 2677 1544 illud
2725 1489 2870 1544 enim
2917 1496 2971 1542 te
3019 1487 3225 1541 sciente
3278 1501 3343 1540 ac
3392 1500 3627 1540 consen-

2061 1585 2229 1639 tiente
2256 1583 2374 1637 ﬁeri
2402 1583 2618 1637 vellem.
2643 1581 2941 1652 Respondit
2966 1581 3040 1635 illi
3068 1580 3267 1635 Darius
3292 1596 3306 1633 :
3338 1580 3490 1634 Illam
3526 1581 3620 1635 tibi

2055 1678 2107 1731 in
2158 1690 2381 1730 uxorem
2435 1675 2595 1729 trado
2636 1675 2741 1728 hac
2779 1673 3111 1737 conditione,
3164 1682 3222 1726 ut
3275 1679 3400 1742 post
3440 1680 3492 1725 te
3532 1688 3618 1727 re-

2054 1783 2219 1837 gnum
2241 1766 2515 1837 progeniei
2541 1774 2649 1821 tua:
2664 1766 2731 1819 ah
2750 1766 2866 1835 ipsa
2884 1764 3130 1819 oriundze
3149 1765 3448 1835 relinquas.
3466 1763 3625 1830 Quod

2054 1874 2178 1914 cum
2219 1862 2503 1913 annuisset
2533 1858 2636 1926 ipsi
2665 1856 2969 1910 Alexander
3010 1856 3158 1909 illam
3188 1870 3411 1910 uxorem
3447 1855 3623 1911 duxit.

2126 1944 2398 2001 Mortuum
2441 1955 2623 2001 autem
2664 1944 3086 2015 pretiosissimis
3114 1960 3235 2013 quae
3258 1945 3401 2015 apud
3443 1961 3624 2014 regem

2055 2048 2210 2093 erant
2265 2037 2448 2093 linteis
2482 2036 2684 2092 involvi
2745 2036 2995 2099 curavit;
3052 2034 3252 2091 deinde
3310 2033 3625 2091 Grecorum

2053 2129 2459 2199 Persarumque
2504 2128 2802 2192 exercitus,
2852 2126 3117 2182 feretrum
3170 2135 3416 2183 armatos
3452 2129 3627 2181 comi.

2054 2221 2159 2278 tari
2206 2221 2434 2292 juhcns,
2491 2219 2609 2291 ipse
2676 2218 2841 2273 etiam
2918 2232 3046 2272 cum
3092 2219 3355 2272 comitum
3399 2235 3623 2274 suorum

2055 2312 2421 2384 277-279
2436 2310 2722 2382 praecipuis
2741 2309 2882 2364 idem
2908 2318 3129 2364 secutus
3156 2318 3241 2364 est
3258 2310 3428 2365 donec
3449 2313 3625 2381 ipsui-r

2056 2417 2215 2461 terrae
2259 2404 2600 2460 mandasset.
2651 2402 2797 2456 Dixit
2841 2416 2971 2471 ergo
3020 2400 3369 2455 Alexander:
3401 2400 3627 2456 Etiamsi

2057 2496 2409 2570 praestiterim
2442 2494 2605 2548 Dario
2646 2491 2795 2562 quod
2845 2490 3080 2555 vidistis,
3117 2506 3511 2561 usquequaque
3545 2500 3631 2546 ta-

2057 2603 2180 2643 men
2217 2587 2394 2641 hostis
2441 2584 2571 2639 milii
2620 2582 2744 2646 fuit,
2792 2597 2856 2637 ac
2891 2589 3040 2637 certe
3075 2590 3321 2651 magnam
3360 2598 3471 2636 rem
3515 2595 3631 2637 ten-

2058 2681 2192 2736 tavit
2222 2678 2314 2749 qui
2347 2692 2432 2732 me
2479 2676 2584 2731 hoc
2611 2676 2831 2743 negotio
2860 2672 3159 2743 expedivit,
3191 2673 3279 2728 cui
3317 2675 3625 2730 mercedem

2058 2771 2357 2842 rependere
2411 2782 2639 2824 necesse
2698 2767 2909 2832 habeo;
2966 2766 3209 2820 libellum
3269 2780 3401 2837 ergo
3467 2781 3629 2821 suum

2059 2864 2195 2919 mihi
2230 2861 2510 2933 porrigat;
2555 2866 2745 2914 sancte
2776 2858 2921 2913 enim
2960 2872 3056 2926 per
3089 2854 3259 2910 Deum
3291 2857 3418 2925 juro
3450 2858 3629 2926 ipsum

2059 2956 2356 3011 exaltatum
2391 2953 2458 3008 iri
2492 2961 2548 3007 et
2581 2968 2611 3006 a
2644 2967 2729 3007 me
2787 2966 2953 3022 supra
3013 2964 3205 3005 omnes
3255 2943 3437 3004 soeios
3484 2964 3632 3003 meos

2059 3046 2422 3103 evehendum.
2471 3044 2666 3099 Statim
2722 3058 2852 3113 ergo
2884 3058 2942 3097 se
2985 3042 3059 3095 illi
3093 3041 3382 3096 oﬁereutes
3418 3040 3634 3095 Chesli—

2059 3139 2230 3208 ncsph
2259 3148 2314 3194 et
2344 3137 2659 3201 Adarsliist,
2684 3135 3017 3190 Adarliachti
3050 3134 3167 3200 ﬁlii,
3199 3133 3454 3188 dixerunt
3483 3150 3501 3186 :
3524 3134 3634 3189 Nos

2060 3232 2209 3287 Darii
2246 3230 2478 3285 comites
2511 3242 2723 3291 sumus,
2758 3236 2813 3282 et
2846 3226 2937 3296 qui
2975 3225 3251 3295 negotium
3283 3226 3385 3279 hoc
3414 3226 3509 3278 tibi
3543 3242 3635 3279 ex-

2058 3321 2370 3391 pedivimus
2404 3336 2417 3373 :
2454 3326 2649 3387 praesta
2682 3319 2850 3388 igitur
2880 3317 3040 3371 nobis
3070 3316 3216 3385 quod
3247 3316 3526 3385 pollicitus
3552 3331 3631 3370 cs.

2058 3409 2231 3466 Jussit
2274 3426 2403 3482 ergo
2450 3410 2597 3481 ipsos
2634 3424 2797 3477 super
2845 3408 3061 3463 duabus
3109 3408 3359 3461 trabibus
3390 3406 3635 3460 sublimi

2059 3503 2161 3558 bus
2212 3500 2511 3572 suspendi;
2556 3499 2843 3569 dixitque:
2873 3498 3031 3554 Certe
3066 3499 3117 3551 hi
3150 3498 3259 3552 duo
3290 3496 3472 3551 meriti
3506 3506 3635 3550 sunt

2061 3594 2167 3648 hoc
2195 3594 2338 3664 quod
2390 3593 2529 3663 ipsis
2570 3591 2687 3646 ﬁeri
2715 3589 2878 3658 jussi,
2909 3591 2980 3644 ob
3013 3602 3323 3671 suam.erga
3354 3586 3634 3640 dominum

2065 3702 2222 3743 suum
2273 3683 2652 3740 inﬁdelitatem
2699 3697 2762 3736 ac
2791 3681 3073 3746 fraudem;
3108 3681 3199 3750 qui
3232 3680 3376 3735 enim
3413 3678 3637 3733 domino

2062 3792 2165 3832 suo
2194 3776 2353 3831 ﬁdem
2384 3790 2491 3830 non
2526 3774 2927 3843 praestiterunt,
2967 3788 3066 3826 nec
3096 3771 3251 3826 alteri
3283 3770 3636 3841 praestabunt.

2062 3867 2178 3939 Ego
2222 3867 2440 3921 interim
2492 3864 2640 3934 quod
2693 3863 2829 3933 ipsis
2873 3863 3153 3930 pollicitus
3198 3879 3318 3917 sum
3368 3862 3634 3916 exhibui:

2069 3961 2223 4030 ipsos
2274 3971 2441 4027 supra
2478 3969 2671 4010 omnes
2724 3954 2908 4008 socios
2958 3967 3105 4006 meos
3147 3951 3446 4007 eveliendo.
3499 3949 3638 4005 Tum

2070 4051 2125 4105 in
2154 4047 2298 4103 Darii
2329 4058 2556 4101 matrem
2583 4058 2809 4101 uxorem
2837 4053 2890 4097 et
2917 4042 3079 4097 ﬁliam
3109 4041 3336 4095 dunaria
3362 4056 3425 4095 ac
3457 4051 3639 4095 vestes

2066 4139 2304 4196 conferri
2353 4139 2538 4209 jussit,
2600 4139 2856 4207 ipsasque
2908 4135 3115 4189 honore
3168 4131 3349 4187 atIecit
3397 4148 3412 4185 :
3468 4132 3635 4185 duces

2067 4233 2232 4287 etiam
2282 4246 2346 4285 ac
2400 4228 2545 4284 viros
2583 4227 2880 4282 Persarum
2931 4224 3245 4295 primarius,
3298 4223 3639 4286 muneribus,

395 4352 541 4407 stitia
567 4352 670 4405 ista
700 4348 966 4408 exsolvat.
1003 4345 1129 4417 [hac
1151 4342 1423 4415 mercede]
1456 4353 1513 4398 ut
1544 4346 1615 4399 sit
1646 4345 1745 4413 ipsi
1768 4359 1962 4416 regno-
1997 4339 2043 4399 ο
2068 4323 2333 4417 νεδιᾲίυυῄεν
2380 4320 2713 4417 h9"?'_al‘iis.
2751 4319 3059 4417 γεὺυεςιυεξ.
3082 4316 3149 4417 ad
3203 4316 3405 4417 victutn
3451 4329 3640 4369 neces-

395 4457 515 4496 rum
575 4440 772 4496 Persia:
830 4447 881 4494 et
935 4437 1179 4502 Graecia,
1234 4451 1333 4491 nec
1396 4452 1503 4490 non
1548 4436 1790 4489 omnium
1842 4453 1963 4508 quae

396 4535 447 4586 in
476 4533 878 4602 gazopliylaeiis
907 4529 1130 4595 fuerint,
1164 4528 1488 4583 dimidium?
1515 4527 1647 4595 Quae
1672 4529 1962 4583 Alexandri

394 4628 558 4680 verba
587 4641 707 4678 cum
738 4623 1022 4677 audissent
1048 4620 1363 4690 Chesnesph
1395 4630 1447 4675 et
1474 4622 1763 4676 Adarshist
1787 4620 1963 4677 Adar-

399 4714 583 4769 bachti
620 4712 737 4778 ﬁlii,
782 4713 876 4782 qui
908 4712 1236 4765 satellitibus
1283 4709 1431 4765 Darii
1469 4710 1599 4782 [νει.
1630 4710 1784 4778 juxta
1817 4710 1963 4764 aliud

393 4805 697 4874 exemplar,
754 4797 1112 4872 exercitibus]
1164 4808 1456 4871 prmerant,
1507 4799 1805 4852 commissa
1848 4797 1963 4869 jam

393 4913 572 4969 pugna
621 4894 842 4949 Darium
876 4892 1053 4947 adorti
1087 4891 1279 4962 gladiis
1316 4891 1702 4954 confoderunt,
1738 4890 1873 4944 adeo
1910 4900 1968 4945 ut

394 5005 601 5061 pronus
645 4988 943 5042 decideret.
979 4986 1161 5039 Persae
1203 4992 1382 5037 autem
1413 4982 1465 5036 in
1494 4980 1674 5051 fugam
1718 4984 1967 5039 conversi

394 5093 519 5140 sunt
561 5094 753 5149 magna
785 5079 1033 5148 ipsorum
1085 5088 1272 5146 strage
1301 5075 1468 5130 edita.
1502 5076 1807 5130 Alexander
1838 5092 1965 5131 vero

394 5178 486 5231 ubi
528 5176 595 5230 ad
628 5176 850 5228 Darium
890 5187 953 5226 eo
1005 5170 1166 5225 modo
1195 5186 1254 5225 se
1281 5170 1572 5224 habentem
1598 5170 1962 5238 pervenisset,

395 5268 561 5339 276
591 5280 733 5335 equo
761 5260 1104 5319 descendens
1134 5260 1279 5315 Darii
1311 5269 1472 5329 caput
1502 5259 1707 5329 gremio
1736 5274 1837 5314 suo
1866 5260 1969 5312 im-

402 5361 605 5431 posuit,
631 5359 992 5423 abstersaque
1024 5352 1161 5407 facie
1187 5359 1242 5405 et
1266 5352 1488 5404 vulnere
1515 5348 1759 5420 alligato,
1792 5352 1967 5421 ipsum

393 5453 676 5508 osculatus
700 5459 752 5504 et
784 5450 837 5502 in
868 5446 1139 5513 lacrymas
1171 5441 1424 5513 profusus
1454 5442 1590 5496 dixit
1616 5460 1629 5495 :
1662 5440 1807 5497 Laus
1840 5443 1968 5508 Deo,

394 5544 487 5614 qui
525 5552 577 5598 te
612 5541 847 5599 interﬁci
900 5536 1071 5592 noluit
1102 5551 1131 5589 a
1180 5533 1438 5588 comitum
1472 5548 1719 5588 meorum
1751 5534 1969 5604 aliquo;

392 5643 513 5692 erat
551 5636 674 5701 hoc,
709 5631 852 5701 quod
877 5631 1148 5691 videmus,
1184 5625 1528 5696 praescieutia
1559 5625 1650 5681 Dei
1683 5624 1971 5697 [determi-

719 5728 991 5786 ΡΑτιιοι.
1033 5726 1147 5782 (in.
1187 5719 1346 5782 CXI.

2068 4415 2229 4473 sariis
2263 4413 2456 4469 donari
2485 4412 2708 4483 jubens,
2751 4409 2904 4481 ipsos
2936 4411 2986 4461 in
3024 4406 3219 4462 iisdem
3255 4405 3454 4476 quibus
3485 4416 3640 4460 erant

2068 4509 2401 4580 dignitatum
2471 4504 2734 4576 gradibus
2785 4501 3125 4557 conﬁrmavit
3184 4517 3198 4554 :
3244 4513 3414 4569 quare
3461 4498 3640 4568 ipsum

2068 4613 2257 4655 amore
2322 4595 2603 4666 prosecuti
2667 4601 2818 4657 sunt,
2876 4607 2940 4646 ac
3002 4589 3459 4644 consuetudinem
3520 4603 3640 4643 cum

2068 4693 2188 4763 ipso
2220 4688 2552 4744 habuerunt.
2601 4685 2858 4740 Invitavit
2891 4683 3057 4737 etiam
3089 4697 3279 4736 eorum
3312 4695 3453 4751 quos
3487 4680 3641 4733 libuit

2071 4788 2137 4841 ad
2177 4784 2391 4839 lndiam
2442 4782 2608 4853 280
2652 4780 3040 4843 invadendam,
3090 4779 3181 4849 qui
3213 4793 3344 4849 ergo
3376 4778 3477 4848 ipsi
3514 4793 3640 4845 ope-

2070 4896 2185 4935 ram
2218 4880 2424 4933 alacres
2470 4890 2536 4930 ac
2584 4875 2691 4928 lazti
2744 4874 3142 4943 praestiterunt.
3199 4871 3273 4926 Ita
3324 4871 3376 4923 in
3433 4881 3638 4940 septem

2069 4973 2287 5028 climata
2317 4984 2485 5040 regno
2515 4967 2719 5039 petitus
2748 4975 2833 5019 est
2858 4965 3183 5019 Alexander.

2136 5064 2312 5121 Jama
2345 5061 2658 5131 captivitate
2718 5057 3043 5130 Babylonica
3107 5057 3174 5110 ad
3223 5069 3449 5125 regnum
3504 5053 3632 5106 Ale-

2068 5157 2253 5212 xandri
2288 5155 2417 5209 anni
2442 5161 2571 5208 sunt
2597 5150 2815 5206 ducenti
2847 5149 3129 5220 sexaginta
3181 5156 3314 5201 tres.
3373 5148 3418 5198 A
3471 5157 3637 5213 regno

2071 5247 2320 5313 Davidis,
2355 5242 2687 5315 septingenti
2741 5240 3126 5313 quadraginta.
3163 5237 3246 5291 Ab
3278 5237 3425 5289 exitu
3474 5234 3643 5288 lsrae-

2072 5341 2296 5395 litarum
2322 5352 2387 5393 ex
2416 5334 2675 5408 Egypto,
2702 5334 2852 5389 mille
2878 5330 3103 5386 trecenti
3134 5326 3496 5399 quadraginta
3524 5337 3642 5379 sex.

2072 5433 2155 5488 Ah
2184 5431 2518 5496 Ahrahamo,
2550 5429 2697 5483 mille
2730 5424 3030 5495 octingenti
3064 5421 3455 5491 quinquaginta
3502 5426 3642 5475 tres.

2072 5529 2117 5583 A
2143 5523 2403 5589 Phaleko,
2454 5522 2539 5577 bis
2570 5520 2719 5574 mille
2768 5515 2996 5571 trecenti
3053 5513 3348 5582 nonaginta
3382 5519 3635 5580 quatuor.

2073 5624 2118 5679 Α
2149 5620 2377 5685 diluvio,
2421 5615 2505 5671 bis
2538 5612 2685 5669 mille
2723 5605 2981 5679 nongenti
3026 5604 3211 5675 viginti
3248 5604 3508 5674 quinque.
3550 5597 3630 5654 Ab

3153 5694 3220 5760 31
