4034 6214
424 182 529 243 9ῖὶ

1438 167 1807 234 EUTYCHII
1837 162 2375 227 ALEXANDRINI
2416 160 2635 221 PATR.

3583 151 3693 217 979.

432 294 666 354 Adamo,
699 287 994 357 quinquies
1050 284 1198 340 mille
1227 291 1445 339 centum
1502 282 1781 350 octoginta
1846 290 2010 330 unus.
2043 279 2095 338 Α
2127 294 2143 327 σ
2185 274 2374 337 tendo,
2409 287 2475 327 ne
2510 268 2822 325 dominetur
2860 266 2959 319 tibi
2991 264 3237 320 tristitia.
3282 262 3514 334 Scripta:
3562 279 3692 324 smn

427 382 724 436 Alexandri
757 389 1064 449 prmceptor
1120 377 1224 432 fuit
1249 375 1574 431 Aristoteles
1626 369 2005 441 philosophus.

428 472 553 528 Fuit
580 471 745 527 etiam
781 470 1013 524 Athenis
1066 469 1290 539 sapiens
1319 466 1543 520 nomine
1582 462 1887 531 Diogenes.‘
1911 460 2011 513 De-

426 566 561 620 vicit
618 578 750 631 ergo
803 560 1116 617 Alexander
1171 559 1443 627 regiones,
1494 556 1862 622 suberantque
1905 551 2007 621 ipsi

426 660 745 714 Graecorum
814 670 971 726 reges
1026 652 1315 714 tredecim,
1345 649 1603 704 tredecim
1645 648 1808 702 etiam
1848 645 2010 699 urbes

425 752 695 817 condidit,
723 764 953 819 quarum
976 748 1095 799 alia:
1127 747 1180 798 in
1206 743 1521 808 Occidente,
1547 742 1664 795 aliae
1683 742 1732 794 in
1766 737 2006 793 Oriente.

427 844 573 899 Bella
608 843 773 897 etiam
828 840 1020 911 gessit,
1059 853 1123 891 ac
1181 837 1443 891 victorias
1474 837 1779 905 reportavit
1820 834 2009 902 quales

430 952 611 1008 regum
644 935 866 1006 [praeter
922 929 1126 1002 ipsum]
1169 942 1349 983 nemo.
1412 926 1609 981 Urbem
1661 924 1825 978 etiam
1877 936 2009 977 con-

425 1032 562 1088 didit
599 1045 764 1100 quam
800 1028 866 1083 de
900 1027 1123 1081 nomine
1173 1039 1274 1080 suo
1330 1017 1716 1075 Alexandriam
1771 1014 2011 1085 appella-

427 1126 536 1190 vit;
576 1122 640 1177 ad
679 1135 841 1188 quam
904 1135 934 1172 a
989 1114 1308 1171 Macedonia
1359 1109 1648 1180 imperium
1705 1106 2007 1161 transtulit.

426 1216 664 1269 Pharum
699 1213 863 1267 etiam
915 1207 1261 1264 Alexandria:
1288 1202 1583 1265 exstruxit,
1620 1213 1785 1269 quam
1829 1195 2014 1250 omni-

422 1309 528 1365 bus
557 1303 946 1376 navigantibus
981 1302 1035 1356 in
1072 1300 1314 1370 signum,
1363 1309 1473 1366 quo
1524 1293 1590 1348 ad
1616 1291 2008 1347 Alexandriam

420 1400 818 1467 dirigerentur,
853 1395 1060 1464 posuit.
1087 1390 1387 1457 Postquam
1430 1394 1613 1441 autem
1665 1380 1893 1438 devictis
1926 1394 2012 1433 re-

346 1542 351 1545 .
421 1493 584 1561 gibus
634 1498 688 1543 et
735 1485 1036 1556 subjugato
1084 1482 1291 1537 mundo
1328 1480 1585 1534 Babelem
1645 1473 2007 1545 pervenisset,

2119 387 2139 421 ε
2175 369 2240 423 ad
2273 377 2323 422 te
2349 367 2546 421 littera:
2572 364 2690 419 ista
2720 377 2874 425 mea},
2926 360 3014 414 die
3063 357 3224 428 hujus
3257 357 3443 412 mundi
3470 358 3690 425 ultimo,

2119 481 2137 514 ‹
2178 459 2350 515 futuri
2382 459 2599 530 primo:
2634 456 2738 510 hac
2768 469 2864 522 spe
2892 462 2952 507 ut
2978 452 3074 506 tibi
3132 451 3199 505 ad
3249 450 3691 506 consolationem

2118 574 2136 608 ι
2179 555 2520 609 inserviturae
2562 550 2696 613 sint,
2752 556 3030 619 grataeque
3098 545 3311 600 futurae.
3370 542 3449 600 Ne
3507 552 3692 599 autem

2118 667 2138 701 ι
2178 655 2377 701 contra
2400 661 2464 700 ac
2510 646 2709 713 opinor
2740 641 2931 704 facias,
2967 653 3145 709 neque
3195 638 3452 710 spiritum
3507 654 3690 694 meum

2119 763 2136 795 ι
2170 741 2482 796 contristes.
2519 736 2673 791 Vale.
2717 755 2736 787 ι

2185 834 2325 888 Tum
2355 831 2562 902 signari
2593 831 2835 894 litteras,
2893 835 3059 895 atque
3120 825 3189 879 ad
3242 833 3472 879 matrem
3535 839 3688 878 suam

2113 936 2328 985 secreto
2358 925 2500 980 mitti
2534 923 2700 992 jussit
2736 940 2749 975 :
2787 936 2850 975 ac
2879 936 3004 975 cum
3032 917 3339 974 Philemoni
3369 917 3690 972 consiliario

2113 1035 2236 1083 suo,
2266 1025 2327 1073 ut
2377 1026 2609 1072 mortem
2660 1030 2814 1070 suam
2864 1013 3096 1075 celaret,
3142 1020 3198 1065 et
3248 1010 3516 1064 citissime
3561 1009 3687 1063 Ale-

2114 1111 2404 1167 xandriam
2440 1111 2566 1176 iret,
2601 1114 2956 1179 praeceperat,
2988 1106 3133 1160 diem
3167 1104 3324 1159 obiit.
3360 1102 3558 1158 Fertur
3586 1118 3685 1157 au-

2115 1213 2224 1259 tem
2253 1201 2653 1265 Alexandrum,
2714 1215 2841 1255 cum
2904 1197 3203 1252 Komosum
3236 1197 3598 1266 pervenisset,
3632 1196 3688 1249 in

2115 1297 2366 1351 morbum
2394 1308 2610 1365 gravem
2641 1292 2920 1353 incidisse,
2957 1305 3068 1358 quo
3092 1288 3355 1343 continue
3401 1287 3686 1350 laboravit,

2114 1398 2393 1444 crescente
2421 1388 2474 1441 in
2492 1387 2608 1441 dies
2627 1384 2983 1456 285-287
3009 1380 3328 1452 aegritudine
3352 1396 3367 1434 :
3393 1390 3691 1433 narratum-

2114 1498 2220 1553 que
2242 1483 2344 1552 ipsi
2370 1498 2399 1536 a
2422 1490 2597 1535 matre
2623 1482 2793 1533 fuisse
2819 1478 3126 1547 astrologos
3144 1491 3264 1529 cum
3302 1475 3478 1544 primo
3500 1488 3689 1528 nasce-

425 1595 693 1636 venenum
758 1579 837 1631 illi
893 1573 1191 1630 bibendum
1248 1571 1541 1632 dederunt.
1588 1560 1712 1636 ‘QUO
1756 1572 2006 1619 Ιηθηυυε
2040 1594 2081 1653 Β
2114 1586 2267 1633 retur
2293 1575 2523 1639 dixisse,
2548 1572 2871 1627 Moriturum
2900 1570 3074 1639 ipsum
3124 1570 3173 1620 in
3222 1568 3341 1621 loco
3372 1567 3528 1636 cujus
3579 1580 3690 1621 cre-

426 1684 527 1727 est.
592 1670 766 1740 Cujus
819 1681 983 1722 causa
1042 1666 1164 1728 fuit,
1217 1662 1360 1734 quod
1426 1675 1551 1714 eum
1603 1666 1778 1711 mater
1830 1653 2004 1724 ipsius

426 1765 701 1837 Olympias
727 1764 939 1816 litteras
970 1760 1037 1813 ad
1066 1760 1244 1828 ipsum
1279 1754 1619 1823 scripsisset,
1684 1751 1740 1804 in
1802 1748 2005 1818 quibus

426 1859 573 1912 illum
627 1870 787 1924 quem
847 1850 1182 1905 Macedonia:
1244 1846 1565 1916 praefecerat
1626 1846 2002 1903 accusaverat,

426 1945 783 2019 281-283
811 1945 984 1997 iratus
1007 1939 1318 1995 Alexander
1342 1944 1517 1993 morte
1548 1936 1698 1989 illum
1720 1932 1933 1987 allicere
1952 1931 2005 1983 in

427 2044 607 2094 animo
640 2039 897 2101 haberet;
929 2050 1038 2102 quo
1072 2033 1346 2087 intellecto
1390 2030 1473 2083 vir
1520 2028 1611 2082 ille
1645 2027 1815 2080 lilium
1846 2037 2004 2077 suum

427 2148 545 2187 cum
576 2130 901 2185 muneribus
936 2124 1177 2196 pulchris
1210 2117 1879 2186 mittens,tradiditetiam
1904 2115 2007 2182 ipsi

428 2241 695 2282 venenum
729 2222 1099 2288 mortiferum,
1121 2220 1322 2289 jubens
1357 2217 1541 2286 aliquo
1584 2213 1664 2267 uti
1695 2215 2009 2267 commento

427 2334 531 2390 quo
564 2318 741 2389 ipsum
778 2329 990 2368 veneno
1024 2312 1340 2383 perimeret.
1376 2308 1668 2361 Profectus
1720 2302 1887 2372 igitur
1915 2298 2009 2368 ju-

429 2414 602 2479 venis,
644 2425 770 2465 cum
806 2424 927 2479 quae
958 2420 1143 2462 secum
1192 2404 1385 2458 habuit
1434 2414 1660 2455 munera
1694 2395 2006 2457 obtulisset,

430 2508 572 2560 inter
597 2504 842 2573 reliquos
895 2503 949 2556 in
1000 2497 1299 2556 Alexandri
1350 2493 1731 2564 pocillatorem
1787 2485 2001 2547 incidit,

429 2598 541 2663 cui,
582 2596 729 2666 quod
764 2611 871 2649 non
908 2594 979 2647 ita
1036 2591 1245 2662 pridem
1280 2589 1455 2642 iratus
1481 2584 1793 2640 Alexander
1826 2580 2003 2650 ipsum

429 2696 792 2761 percusserat,
825 2695 1014 2755 pectus
1050 2686 1128 2738 ira
1159 2681 1460 2744 aestuabat;
1508 2677 1597 2732 hic
1649 2689 1782 2745 ergo
1812 2686 2013 2743 propo-

429 2785 534 2837 sito
568 2782 747 2852 ipsius
775 2778 908 2833 favit
939 2798 951 2831 :
988 2776 1340 2845 conspirante
1368 2771 1531 2825 etiam
1567 2785 1689 2823 cum
1722 2769 1852 2837 ipsis
1882 2780 2015 2834 quo-

428 2874 550 2929 dam
601 2890 666 2927 ex
713 2868 1012 2927 Alexandri
1069 2863 1459 2921 familiaribus.
1507 2860 1754 2930 Contigit
1821 2867 2007 2910 autem

2110 1671 2242 1735 lum,
2277 1682 2468 1722 aurum
2495 1672 2660 1727 eSset,
2690 1672 2836 1718 terra
2874 1659 3083 1715 ferrum
3119 1674 3133 1712 :
3166 1659 3346 1730 ipsum
3375 1673 3504 1726 ergo
3535 1657 3606 1710 ita
3632 1671 3691 1711 se

2111 1761 2400 1815 habentem
2435 1758 2744 1829 porrexisse
2767 1770 2941 1825 usque
2969 1755 3097 1809 dum
3124 1753 3191 1806 ad
3227 1750 3545 1805 Shahrazur
3573 1763 3694 1816 per-

2108 1853 2346 1917 veniret;
2378 1860 2432 1904 at
2460 1851 2603 1903 inter
2633 1847 2872 1901 eundum
2904 1862 3027 1901 cum
3057 1846 3471 1914 ingravescente
3501 1840 3692 1896 morbo

2109 1944 2492 2004 descenderet,
2523 1942 2824 2011 supposita:
2854 1947 2982 1994 sunt
3014 1937 3118 2003 ipsi
3151 1934 3353 1990 tabulae
3401 1934 3562 1995 binae,
3593 1949 3692 1986 su-

2112 2037 2467 2108 perimposita
2520 2035 2687 2088 lorica
2747 2033 2947 2096 ferrea,
3002 2030 3089 2085 cui
3165 2028 3405 2091 insedit,
3481 2031 3695 2094 tegente

2109 2130 2289 2200 ipsum
2316 2131 2555 2200 quodam
2606 2130 2802 2199 clypeo
2866 2129 3172 2181 deaurato:
3244 2137 3355 2193 quo
3398 2128 3693 2190 conspecm

2110 2230 2229 2295 ejus
2262 2225 2408 2295 quod
2454 2232 2777 2278 narraverat
2807 2221 2911 2291 ipsi
2947 2229 3143 2282 mater,
3178 2220 3551 2277 recordatum,
3607 2228 3699 2268 ac-

2111 2322 2311 2375 cersito
2337 2320 2428 2389 qui
2468 2318 2568 2387 ipsi
2601 2332 2630 2370 a
2659 2316 2908 2370 consiliis
2947 2324 3087 2373 erat,
3112 2312 3323 2365 litteras
3354 2310 3419 2363 ad
3463 2318 3693 2361 matrem

2112 2413 2372 2474 dictasse,
2403 2426 2467 2465 ac
2496 2420 2608 2462 tum
2634 2409 2774 2463 diem
2816 2407 3041 2460 obiisse.
3085 2405 3156 2459 At
3212 2403 3300 2456 ubi
3354 2404 3421 2455 ad
3458 2409 3691 2454 matrem

2116 2504 2293 2574 ipsius
2322 2501 2701 2571 pervenissent
2753 2499 2969 2560 litterae,
3006 2499 3122 2565 ipsa
3153 2494 3373 2560 epulum
3411 2492 3514 2547 sibi
3540 2490 3696 2545 insti-

2112 2597 2404 2666 tuijussit,
2462 2595 2527 2649 ad
2574 2592 2721 2662 quod
2778 2590 2976 2645 deinde
3040 2588 3290 2642 homines
3343 2584 3695 2644 convocavit.

2113 2691 2423 2759 prmﬁcicns
2475 2689 2651 2755 portis
2679 2686 2773 2755 qui
2817 2684 3091 2739 neminem
3143 2681 3368 2735 introire
3428 2680 3697 2740 sinerent,

2118 2787 2224 2840 nisi
2276 2786 2363 2837 cui
2414 2782 2623 2836 nullum
2674 2779 2968 2835 accidisset
3005 2775 3386 2831 infortunium.
3418 2774 3700 2829 Janitores

2115 2894 2268 2947 ergo,
2297 2891 2491 2931 omnes
2547 2875 2642 2944 qui
2698 2873 3025 2927 accederent
3078 2870 3504 2936 interrogantes,
3564 2884 3691 2922 cum

428 2974 486 3020 ut
514 2964 823 3019 Alexander
859 2960 1155 3014 comitibus
1195 2958 1311 3012 suis
1334 2955 1650 3009 convivium
1681 2955 2004 3010 instrueret,
2036 2964 2076 3022 ο
2113 2974 2348 3041 aliquem
2375 2968 2740 3023 ἰητοηυηίυιη
2773 2965 2998 3035 aliquod
3053 2977 3278 3032 passum
3315 2961 3488 3016 fuisse
3535 2975 3701 3027 ηερε,

430 3060 630 3129 quibus
654 3056 945 3110 edentibus
970 3068 1034 3106 ac
1059 3051 1395 3116 bibentibus,
1451 3048 1568 3119 ipse
1615 3062 1739 3101 cum
1777 3044 2009 3099 familia-

430 3152 582 3205 ribus
616 3165 677 3203 ae
710 3146 955 3201 convivis
981 3146 1098 3199 suis
1142 3142 1414 3208 consedit,
1445 3140 1719 3195 hilaritate
1752 3154 1814 3193 ac
1843 3136 2015 3192 collo-

430 3243 558 3312 quio
591 3240 905 3309 indulgens.
940 3240 1075 3292 Cum
1102 3252 1234 3306 ergo
1269 3236 1397 3290 vino
1433 3235 1610 3289 victus
1645 3240 1812 3295 esset,
1844 3245 2013 3285 vene-

430 3350 560 3388 num
596 3333 734 3387 illud
790 3331 933 3401 regis
968 3328 1165 3399 poculo
1211 3329 1530 3382 immiscens
1556 3326 1865 3395 pocillator,
1898 3320 2009 3391 regi

430 3426 711 3498 porrexit;
741 3438 849 3495 quo
874 3433 1059 3491 epoto,
1118 3418 1409 3474 confestim
1438 3427 1668 3473 mortem
1726 3413 2012 3487 [ingruen-

433 3519 570 3591 tem]
601 3519 809 3580 sensit;
831 3531 1002 3584 quare
1022 3512 1291 3567 accersito
1313 3510 1490 3565 scriba
1518 3524 1637 3574 suo,
1670 3508 1774 3577 ipsi
1795 3509 1863 3563 ad
1897 3522 2014 3561 ma-

439 3629 574 3666 trem
607 3623 762 3663 suam
787 3605 1069 3676 epistolam
1101 3604 1349 3665 dictavit,
1372 3601 1529 3669 cujus
1562 3602 1664 3655 hoc
1684 3603 1962 3673 exemplar
1996 3621 2010 3658 :

438 3727 453 3755 ι
486 3705 566 3757 Ab
597 3698 909 3755 Alexandro
935 3709 1097 3750 servo
1128 3693 1244 3758 Dei,
1300 3694 1394 3765 qui
1429 3693 1547 3747 heri
1575 3695 1820 3748 omnium
1858 3706 2014 3750 terrm.

437 3813 456 3844 ‹
499 3794 689 3845 liuium
722 3786 998 3851 dominus,
1052 3785 1216 3838 hodie
1250 3782 1491 3852 ejusdem
1547 3782 1856 3852 depositum
1908 3794 2011 3852 est,

439 3905 456 3937 ε
496 3884 563 3939 ad
600 3881 976 3953 Olympiadem
1006 3885 1239 3931 matrem
1304 3892 1460 3932 suam
1502 3876 1815 3947 benignam,
1846 3878 2015 3933 mise-

440 3999 456 4028 ι
501 3974 796 4037 ricordem,
846 3986 951 4043 qua
998 3972 1222 4042 propius
1270 3968 1375 4022 frui
1419 3982 1524 4022 non
1584 3970 1733 4024 licet.
1768 3969 1880 4025 Pax
1916 3971 2015 4025 tibi

441 4087 457 4117 ι
498 4068 728 4136 integra,
766 4065 993 4130 optima.
1029 4058 1183 4115 Viam
1244 4045 1409 4131 quam
1463 4061 1615 4115 calco
1667 4076 1789 4128 ego,
1834 4078 1896 4117 ea
1929 4072 2015 4118 est

444 4181 460 4211 ς
496 4176 657 4229 quam
691 4158 979 4211 calcarunt
1026 4155 1121 4223 qui
1169 4162 1569 4223 praecesserunt
1611 4155 1847 4223 priores.
1904 4153 2009 4219 Tu,

442 4273 461 4304 ι
491 4251 782 4319 ca-terique
803 4249 893 4317 qui
919 4247 1049 4301 mihi
1077 4246 1403 4315 snperstites
1422 4252 1571 4304 sunt,
1592 4243 1831 4313 vestigiis
1850 4240 2015 4316 284

2116 3066 2339 3122 rissent,
2374 3061 2602 3115 introire
2634 3074 2742 3112 non
2777 3057 3055 3121 sinebant,
3088 3056 3224 3109 adeo
3258 3062 3313 3107 ut
3350 3067 3568 3118 omnes,
3598 3066 3699 3106 ne-

2115 3155 2262 3209 mine
2286 3155 2501 3216 rclicto,
2538 3152 2802 3207 redirent.
2840 3149 2998 3217 Quod
3036 3164 3158 3202 cum
3193 3147 3442 3212 vidisset,
3493 3161 3701 3202 conso-

2114 3246 2318 3301 latione
2380 3245 2620 3299 admissa
2656 3244 2980 3314 patientiam
3024 3241 3232 3306 induit,
3267 3253 3369 3313 pro
3405 3248 3697 3312 comem»

2116 3339 2327 3393 habens
2376 3339 2519 3390 viam
2579 3352 2703 3392 esse
2764 3336 2907 3391 hanc
2961 3336 3247 3409 [omnibus
3292 3336 3693 3408 communem].

2114 3432 2287 3486 Porro
2311 3431 2593 3485 Philemon
2630 3430 2980 3485 consiliarius
3024 3432 3327 3487 Alexandri
3364 3446 3562 3502 corpus
3588 3431 3693 3484 ho-

2117 3524 2269 3579 noris
2299 3539 2464 3578 causa
2504 3538 2647 3577 arca:
2682 3538 2865 3578 aureae
2923 3524 3207 3594 imposuit.
3252 3525 3310 3577 In
3354 3524 3462 3578 alio
3510 3538 3695 3579 exem-

2116 3620 2251 3690 plari
2280 3620 2475 3688 legitur
2510 3618 2687 3688 ipsum
2732 3617 2865 3672 illud
2914 3617 3071 3671 melle
3130 3616 3467 3686 implevisse,
3519 3621 3693 3669 morte

2116 3716 2236 3780 ejus
2268 3712 2466 3775 celata,
2514 3710 2791 3765 exercitus
2838 3717 2893 3763 et
2951 3708 3241 3763 thesauros
3300 3708 3691 3762 Alexandriam

2116 3803 2407 3859 deduxisse
2431 3820 2445 3869 ;
2466 3818 2531 3857 eo
2558 3812 2737 3857 autem
2772 3817 2895 3855 cum
2924 3800 3283 3869 pervenisset,
3317 3808 3550 3854 mortem
3573 3800 3695 3867 ejus

2116 3884 2301 3948 notam
2354 3892 2665 3946 hominibus
2695 3889 2865 3959 288
2902 3889 3121 3955 fecisse,
3168 3905 3295 3943 arca
3350 3890 3405 3943 in
3454 3888 3695 3944 medium

2119 3985 2352 4055 prolata,
2388 3998 2562 4053 eaque
2615 3984 2671 4037 in
2720 3985 3030 4052 pavimento
3080 3970 3353 4051 deposita,
3415 3982 3698 4051 sapientes

2115 4077 2347 4146 jussisse
2380 4091 2821 4145 unumquemque
2846 4074 3155 4145 Epicedium
3180 4089 3377 4128 canere
3396 4073 3540 4143 quod
3564 4076 3700 4127 ami-

2118 4168 2198 4223 cis
2254 4169 2524 4233 solandis,
2581 4168 2839 4221 omnibus
2918 4166 3301 4230 instituendis,
3383 4167 3697 4220 inserviret.

2119 4259 2267 4315 Dixit
2309 4276 2439 4332 ergo
2488 4259 2771 4314 Philemon
2808 4258 3068 4329 sapiens:
3114 4258 3367 4328 Magnum
3428 4258 3516 4312 hic
3578 4258 3698 4311 dies

441 4364 459 4396 ¢
490 4337 1487 4417 [nostrisinsistitisj.Siquidemillud
1507 4336 1664 4390 cuiin
1694 4337 1794 4389 hoc
1815 4338 2015 4390 mundo
2048 4340 2090 4394 D
2124 4351 2430 4420 exemplum
2480 4349 2723 4404 exhibet.
2780 4350 3067 4403 Ρηερεδεη
3120 4352 3319 4403 malum
3370 4349 3513 4419 eius,
3550 4348 3697 4418 quod

451 4458 468 4489 ς
509 4436 717 4492 similes
744 4448 957 4496 sumus,
992 4440 1076 4485 est
1100 4431 1217 4483 dies
1244 4428 1561 4494 hodiernus,
1587 4430 1679 4497 qui
1704 4428 2014 4498 praeceden-

443 4550 459 4580 ι
497 4538 606 4585 tem
647 4528 819 4599 pellit.
850 4524 927 4579 Nc
959 4532 1137 4577 autem
1166 4521 1236 4576 ob
1279 4522 1542 4576 mundum
1605 4523 1748 4575 hunc
1805 4521 2013 4575 contri-

444 4642 463 4674 ι
499 4622 685 4683 steris,
713 4634 835 4673 cum
871 4632 1003 4671 suos
1034 4614 1222 4669 fallere
1250 4620 1447 4669 soleat.
1478 4614 1801 4683 Exemplum
1850 4614 2015 4683 hujus

446 4733 462 4763 ι
504 4712 584 4765 rei
610 4711 780 4763 habes
810 4710 865 4763 in
899 4724 964 4762 eo
985 4708 1128 4776 quod
1157 4708 1256 4761 tibi
1285 4716 1471 4761 notum
1500 4716 1583 4761 est
1628 4706 1696 4761 de
1726 4722 1851 4777 rege
1885 4706 2017 4761 Phi-

445 4825 461 4854 ι
508 4803 677 4874 lippo,
708 4802 801 4869 qui
832 4800 981 4853 nullo
1010 4800 1170 4853 modo
1198 4801 1447 4852 obtinere
1480 4801 1675 4868 potuit,
1710 4810 1767 4853 ut
1800 4799 1884 4853 vel
1934 4809 2018 4853 te-

445 4919 460 4947 ι
513 4912 635 4949 cum
671 4904 1038 4963 permaneret,
1066 4896 1146 4946 vel
1174 4892 1315 4947 mihi
1340 4901 1620 4961 superstes
1644 4902 1794 4947 esset
1829 4912 1840 4945 :
1878 4906 2016 4960 prte-

451 5016 464 5040 ι
510 4992 667 5060 cinge
696 4988 860 5056 igitur
890 4998 939 5040 te
982 4987 1265 5057 patientia,
1318 4997 1367 5041 et
1426 4986 1815 5054 impatientiam
1857 4985 2015 5054 pelle.

450 5105 465 5137 ι
512 5095 669 5154 teque
708 5096 737 5134 a
769 5080 927 5133 turba
964 5077 1293 5143 subduceris,
1321 5077 1513 5145 jnbeas
1541 5093 1609 5132 ne
1645 5078 1711 5130 ad
1735 5088 1784 5131 te
1830 5078 2016 5146 ingre-

449 5196 467 5228 ι
513 5178 697 5231 diatur
721 5174 871 5246 quis,
901 5171 1005 5225 nisi
1044 5172 1131 5223 cui
1178 5170 1545 5223 infortunium
1595 5170 1818 5240 aliquod
1872 5172 2017 5225 acci-

450 5292 467 5322 ί
500 5269 664 5333 derit,
701 5280 812 5337 quo
840 5263 975 5334 quid
1006 5262 1075 5315 sit
1105 5262 1238 5315 illud
1267 5256 1409 5315 scire
1436 5262 1664 5331 poteris,
1716 5270 1768 5314 et
1817 5272 2016 5315 statum

452 5382 467 5411 ι
509 5373 659 5415 tuum
683 5362 877 5415 melius
913 5358 1205 5427 percipias.
1265 5356 1345 5409 'l‘u
1398 5372 1485 5409 res
1534 5365 1655 5410 tuas
1708 5371 1829 5426 age,
1886 5357 2017 5411 illud

454 5472 471 5503 ι
512 5462 694 5507 autem
721 5454 787 5505 ad
823 5451 966 5520 quod
1012 5465 1114 5519 ego
1164 5450 1348 5513 tendo,
1383 5448 1578 5503 melius
1645 5460 1747 5514 cst,
1784 5467 1847 5505 ac
1884 5450 2021 5506 faci-

458 5554 474 5588 t
515 5540 618 5593 lius
643 5556 708 5593 eo
733 5555 840 5608 quo
870 5539 943 5593 fui
978 5537 1195 5612 [statu].
1248 5538 1390 5593 Bene
1446 5547 1629 5594 autem
1685 5542 1838 5606 mihi,
1893 5542 2021 5596 tibi-

458 5651 475 5680 ο
510 5646 613 5699 que
642 5633 746 5700 ipsi
770 5633 937 5689 facias
963 5634 1392 5691 consolationem
1413 5637 1801 5707 ctpatientiam
1824 5640 2017 5694 admit-

2119 4458 2149 4496 a
2201 4449 2355 4511 tergo
2413 4450 2565 4507 (rat;
2625 4450 2679 4494 et
2749 4451 2897 4496 retro
2920 4443 3055 4495 abiit
3119 4442 3323 4496 bonum
3384 4444 3518 4513 ejus,
3548 4443 3695 4511 quod

2121 4542 2509 4603 praecesserat;
2567 4532 2893 4602 Quicunque
2941 4546 3123 4588 autem
3173 4550 3296 4589 eum
3348 4536 3506 4602 cujus
3560 4536 3696 4590 abiit

2124 4640 2381 4695 reg-num,
2415 4625 2615 4680 deﬂere
2635 4625 2782 4689 velit,
2815 4625 3029 4680 defleat.
3056 4625 3206 4680 Plato
3226 4629 3446 4697 sapiens
3473 4646 3487 4680 τ
3516 4628 3689 4684 Heus!

2120 4718 2212 4785 qui
2250 4732 2345 4784 per
2370 4717 2474 4769 vim
2525 4713 2756 4787 [omnia]
2792 4717 3016 4794 agebas,
3047 4718 3313 4788 collegisti
3344 4720 3489 4787 quod
3525 4729 3572 4774 tc
3601 4720 3698 4773 de-

2120 4810 2287 4879 cepit,
2319 4817 2371 4862 et
2407 4824 2433 4860 a
2468 4816 2518 4862 te
2558 4816 2823 4873 recessit;
2852 4812 2924 4862 ita
2959 4818 3018 4861 ut
3070 4810 3165 4863 tibi
3199 4810 3474 4866 adhaereat
3507 4823 3695 4868 reatus

2121 4903 2264 4972 ejus,
2304 4903 2515 4956 utilitas
2551 4912 2732 4956 autem
2768 4903 2832 4955 ad
2879 4904 3048 4956 alium
3083 4903 3329 4959 redierit.
3366 4905 3697 4963 Aristoteles

2120 4994 2332 5062 sapiens
2360 5012 2373 5049 :
2410 4993 2558 5049 Abiit
2579 5011 2607 5047 a
2650 4996 2804 5049 nobis
2825 4995 3132 5050 Alexander
3156 4997 3411 5067 loquens,
3439 5015 3698 5056 reversus

2121 5097 2205 5145 est
2240 5091 2305 5142 ad
2339 5104 2439 5144 nos
2480 5092 2670 5144 silens.
2702 5089 2887 5146 Naren
2915 5092 3139 5163 sapiens
3189 5113 3202 5148 :
3242 5092 3337 5148 Dic
3380 5097 3529 5165 gregi
3564 5093 3697 5148 Ale-

2125 5179 2339 5245 xandri,
2378 5180 2477 5236 llic
2531 5190 2615 5236 est
2644 5183 2761 5237 dies
2795 5182 2848 5236 in
2879 5199 2986 5255 quo
3018 5186 3253 5239 custodit
3305 5202 3437 5255 grex
3501 5197 3693 5256 pasto-

2124 5287 2237 5326 rem
2270 5288 2456 5327 suum.
2485 5272 2645 5328 Nilon
2682 5291 2695 5326 :
2734 5274 2815 5327 An
2867 5275 3247 5331 consolabitur
3308 5294 3429 5343 nos,
3479 5280 3552 5335 ob
3609 5295 3697 5333 re-

2122 5381 2241 5436 gem
2293 5374 2563 5431 nostrum,
2623 5366 2724 5421 nisi
2762 5368 2852 5437 qui
2912 5367 3272 5423 infortunium
3323 5386 3519 5441 passus
3555 5372 3707 5426 sola-

2126 5459 2254 5509 tium
2287 5455 2540 5525 accepit?
2573 5454 2715 5509 Dixit
2765 5459 2908 5512 alius
2941 5476 2956 5512 :
2986 5456 3111 5511 ΙΙωο
3171 5466 3254 5512 cst
3288 5458 3393 5523 via,
3445 5474 3551 5527 qua
3602 5473 3705 5511 ne-

2126 5563 2283 5602 cesse
2306 5549 2544 5604 eundum
2581 5560 2683 5605 est.
2740 5550 2940 5606 Eodem
2995 5567 3126 5624 ergo
3190 5553 3386 5607 affectu
3425 5553 3569 5622 quod
3599 5551 3707 5603 du-

2128 5652 2370 5699 ratorum
2395 5657 2477 5702 est
2505 5646 2751 5715 quaerite,
2785 5663 2893 5718 quo
2924 5649 3163 5716 peritura
3189 5647 3455 5717 qua‘ritis.
3487 5645 3641 5700 Alius
3680 5664 3695 5699 :
