4034 6214
385 245 493 310 9Ϊ3

1819 237 2186 307 ANNALES.

3521 251 3624 312 97f

379 357 588 417 Sufficit
619 348 721 411 hoc
758 356 813 409 in
847 354 1154 425 exemplum
1198 373 1211 409 :
1243 354 1356 408 lteri
1424 353 1524 408 fuit
1576 367 1770 408 aurum
1827 355 1951 411 Ale-
1980 367 2027 422 Α
2058 357 2301 427 Iosephis
2329 375 2342 412 :
2374 359 2435 415 Si
2472 362 2636 416 vestri
2659 362 3047 416 deAlexandro
3068 363 3621 419 sermonesilludendi

381 456 588 509 xandro
620 452 933 513 thesaurus,
998 448 1160 501 hodie
1213 447 1529 501 Alexander
1592 447 1643 500 in
1688 461 1823 501 auro
1868 464 1951 502 re-

378 536 653 604 conditus.
682 544 834 598 Alius
876 541 1196 611 :«Sequetttr
1228 550 1281 595 te
1314 540 1406 609 qui
1474 548 1650 593 morte
1685 547 1777 591 tua
1815 554 1950 606 gau-

379 641 489 705 det,
518 636 982 709 quemadmodum
1010 642 1069 688 tu
1093 643 1317 689 secutus
1345 647 1404 687 es
1427 646 1552 687 eum
1584 632 1743 701 cujus
1776 638 1951 685 morte

378 734 599 802 gavisus
624 744 703 785 es.
738 727 885 782 Dixit
917 726 1081 781 Lotas
1132 724 1496 794 philosophus
1525 740 1537 775 :
1571 722 1649 777 Ne
1679 722 1950 776 miremini

376 838 524 884 eum,
555 821 646 891 qui
678 835 800 875 cum
838 819 892 872 in
934 819 1045 871 vita
1083 832 1182 871 sua
1235 830 1335 871 nos
1356 830 1464 868 non
1499 814 1819 878 instituerit,
1852 828 1953 867 no-

377 914 460 967 bis
493 913 709 965 tandem
742 925 801 965 se
824 920 1000 963 morte
1033 922 1129 963 sua
1160 908 1485 960 monitorem
1524 906 1772 974 praebuit.
1810 904 1951 958 Dixit

377 1006 584 1060 Metron
622 1004 841 1072 sapiens
876 1019 889 1055 :
920 1001 1071 1066 Heri,
1107 1000 1243 1055 heus
1269 1001 1353 1053 tu!
1380 999 1729 1069 289-291
1761 998 1951 1051 audire

376 1095 676 1168 potuimus,
710 1107 817 1146 non
850 1102 1031 1146 autem
1083 1091 1229 1159 loqui
1266 1090 1471 1161 [coram
1509 1087 1608 1159 te],
1650 1101 1793 1141 nunc
1822 1099 1950 1139 vero

376 1204 504 1244 num
533 1186 688 1241 audis
718 1200 836 1255 quae
859 1183 1174 1254 loquimur?
1204 1183 1347 1236 Dixit
1397 1180 1487 1235 Sis
1531 1183 1752 1251 sapiens
1789 1196 1802 1232 :
1851 1176 1949 1232 Hic

377 1280 579 1334 multos
608 1286 781 1332 morte
803 1276 983 1330 affecit
1012 1292 1081 1331 ne
1112 1283 1443 1339 moreretur,
1469 1284 1524 1327 at
1553 1282 1802 1326 mortuus
1823 1280 1946 1335 est;

375 1372 649 1443 quomodo
681 1387 791 1425 non
817 1370 993 1439 potuit
1022 1384 1052 1423 a
1090 1384 1149 1424 se
1185 1380 1413 1422 mortem
1445 1376 1617 1421 morte
1646 1363 1950 1434 repellere?

375 1467 523 1520 Dixit
552 1465 693 1519 alius
726 1463 883 1518 :Non
934 1462 1005 1515 ita
1069 1461 1305 1515 erudivit
1352 1474 1454 1514 nos
1488 1458 1799 1513 Alexander
1837 1473 1950 1512 ser-

375 1573 535 1613 mone
562 1572 685 1617 suo,
713 1572 775 1610 ac
802 1556 1022 1610 silentio
1073 1568 1174 1608 suo
1227 1568 1329 1606 nos
1383 1551 1585 1606 erudit.
1642 1551 1787 1604 Dixit
1845 1550 1949 1604 De-

374 1651 602 1705 metrius
633 1649 850 1717 sapiens
879 1666 891 1700 :
926 1644 1070 1700 lleus
1095 1656 1147 1698 ιιι
1172 1646 1185 1698 !
1212 1644 1370 1713 cujus
1398 1646 1477 1698 ira
1517 1659 1663 1699 mors
1689 1645 1811 1709 fuit,
1848 1660 1945 1698 cur

2058 450 2419 521 293-295
2450 453 2622 521 gratia
2666 453 2905 519 fuerunt,
2943 454 3159 523 reliquit
3198 454 3452 523 poculum
3477 454 3621 524 quod

2056 543 2249 608 ebibit,
2275 546 2580 608 vobiscum,
2610 545 2677 600 de
2724 561 2836 616 quo
2862 544 3155 600 videndum
3186 554 3268 600 est
3308 546 3463 601 vobis
3488 561 3624 600 om—

2056 634 2218 690 nibus
2244 636 2373 703 quid
2405 638 2675 692 sentiatis.
2702 636 2797 691 Sin
2822 637 2888 692 ad
2908 638 3340 693 consolationem
3360 645 3413 693 et
3444 638 3624 693 luctus

2055 724 2510 794 signum,parate
2561 743 2657 781 vos
2691 728 2756 781 ad
2806 728 3282 798 respondendum,
3339 736 3394 783 et
3458 743 3624 800 argu-

2055 826 2237 870 menta
2277 818 2611 886 conquirite,
2673 817 2945 888 siquidem
2977 820 3247 890 gustaturi
3298 820 3431 875 estis
3479 823 3623 890 quod

2055 910 2147 963 ille
2178 910 2508 978 degusmvit.
2562 911 2686 965 Sint
2736 927 2865 980 ergo
2901 927 3064 980 opera
3097 923 3275 967 vestra
3336 913 3497 968 dictis
3528 928 3623 967 ve-

2053 1001 2180 1054 stris
2204 1008 2597 1063 consentanea,
2629 1016 2803 1069 ueque
2834 1004 2978 1057 enim
3024 1004 3075 1056 in
3121 1004 3415 1058 securitate
3460 1005 3621 1073 positi

2052 1092 2208 1146 estis.
2248 1092 2391 1145 .Tum
2416 1107 2637 1161 egressa
2688 1093 2983 1149 Alexandri
3013 1104 3185 1148 mater
3207 1110 3342 1163 gena
3366 1110 3459 1149 sua
3484 1110 3624 1149 arca:

2053 1181 2273 1235 admota
2315 1183 2494 1236 dixit:
2540 1184 2772 1239 Abunde
2822 1201 2920 1241 nos
2967 1185 3232 1239 consolati
3264 1185 3417 1241 estis.
3467 1186 3624 1242 Certe

2052 1274 2197 1343 quod
2239 1276 2529 1329 timueram
2560 1275 2895 1339 Alexandro,
2919 1278 3031 1346 jam
3075 1277 3152 1331 illi
3185 1275 3410 1342 accidit,
3448 1293 3624 1347 neque

2052 1368 2321 1437 reliquum
2350 1378 2435 1423 est
2460 1369 2533 1421 illi
2571 1370 2656 1422 vel
2705 1378 2897 1423 contra
2950 1369 3102 1423 illum
3149 1385 3412 1439 regnum;
3468 1369 3624 1423 valde

2050 1474 2181 1528 ergo
2215 1477 2243 1512 a
2275 1460 2481 1513 mundo
2506 1460 2848 1528 abstineatis,
2884 1469 2938 1516 et
2971 1462 3115 1530 quod
3182 1477 3209 1514 a
3266 1462 3422 1515 vobis
3474 1460 3623 1515 debi-

2054 1563 2167 1605 tum
2198 1561 2281 1605 est
2319 1560 2593 1620 praestate.
2631 1552 2833 1623 Accepi
2878 1554 3307 1608 consolationem
3359 1563 3622 1622 vestram,

2052 1643 2341 1712 ipsumque
2364 1644 2581 1712 sepeliri
2602 1644 2788 1710 jubeo.

374 1756 481 1796 non
514 1742 616 1811 ipsi
652 1740 815 1794 morti
844 1740 1018 1793 iratus
1049 1737 1150 1792 es?
1188 1736 1331 1789 Dixit
1360 1736 1504 1789 alius
1534 1752 1549 1789 :
1585 1735 1805 1790 Timent
1828 1736 1940 1805 jam
1982 1717 2021 1768 Β
2119 1734 2387 1804 Regnavit
2414 1748 2592 1789 autem
2646 1736 2953 1791 Alexander
2994 1754 3169 1795 annos
3201 1741 3441 1796 sedecim
3475 1760 3490 1796 :
3544 1743 3623 1797 vi-

374 1848 527 1887 arces
550 1842 677 1896 tute,
709 1848 739 1885 Ο
773 1845 889 1893 rex,
938 1838 991 1884 et
1045 1844 1252 1883 εροιιιω
1281 1840 1406 1883 δυιιι
1460 1842 1617 1882 arces
1662 1838 1713 1881 te
1761 1830 1949 1882 timen-

375 1927 531 1978 tium.
559 1923 701 1977 Dixit
734 1924 916 1978 alius:
947 1922 1121 1987 Quam
1170 1930 1328 1974 caute
1360 1920 1471 1989 jam
1501 1935 1528 1973 a
1588 1929 1640 1975 te
1673 1920 1946 1973 abstinent

375 2015 647 2081 homines,
676 2029 708 2067 o
738 2030 856 2080 rex,
884 2025 1122 2084 etquam
1168 2014 1324 2067 avide
1374 2026 1514 2066 arcae
1550 2020 1655 2065 tttte
1696 2011 1943 2064 inhiant!

376 2108 517 2161 Dixit
550 2107 691 2161 alius
727 2107 933 2172 :Quam
978 2108 1244 2159 veraciter
1276 2107 1386 2175 agit
1427 2120 1575 2157 mors
1633 2118 1754 2157 cum
1809 2104 1943 2167 suis,

373 2198 478 2252 nisi
512 2196 659 2266 quod
693 2197 768 2250 illi
801 2198 992 2251 oculos
1023 2212 1155 2251 suos
1184 2197 1467 2259 claudant,
1498 2206 1549 2249 et
1579 2210 1740 2249 aures
1781 2194 1944 2247 obtu-

372 2290 526 2343 rent!
568 2286 1054 2342 DixitPhilokaton
1080 2288 1299 2357 sapiens
1326 2306 1340 2346 :
1365 2286 1526 2353 Quod
1550 2288 1616 2341 ad
1654 2287 1941 2352 mundum,

372 2383 524 2449 cujus
552 2380 653 2434 hoc
693 2389 776 2433 est
808 2381 1078 2443 ultimum,
1106 2389 1254 2433 certe
1288 2381 1446 2434 nobis
1480 2381 1653 2434 satius
1690 2381 1887 2434 fuisset
1913 2394 1942 2434 a

372 2472 546 2541 primo
570 2472 689 2541 ejus
707 2471 1060 2526 abstinuisse.
1092 2471 1233 2524 Dixit
1254 2471 1397 2525 alius
1422 2485 1435 2524 :
1458 2471 1636 2525 Heus!
1670 2472 1941 2537 homines,

373 2580 438 2620 ne
466 2565 715 2622 delicatis
767 2566 916 2619 illum
974 2566 1068 2634 qui
1112 2566 1241 2621 ﬂere
1301 2566 1485 2627 desiit,
1547 2566 1641 2621 sed
1698 2569 1939 2636 seipsum

372 2658 747 2728 unusquisque
808 2669 1050 2713 vestrum
1098 2658 1314 2715 deﬂeat.
1374 2658 1522 2712 Dixit
1561 2660 1750 2713 alius:
1790 2660 1941 2729 Rogo

372 2749 500 2804 mihi
530 2750 704 2815 dicas,
743 2749 835 2818 qui
888 2750 1130 2803 animum
1171 2751 1455 2820 regionum
1484 2751 1839 2820 amplitudine
1866 2752 1942 2805 la-

371 2843 566 2897 ti0rem
591 2842 834 2911 gessisti,
867 2842 1144 2909 quomodo
1204 2840 1315 2910 jam
1370 2843 1480 2911 pati
1543 2854 1698 2912 potes
1761 2844 1939 2897 locum

370 2947 477 2989 tam
510 2934 840 3004 augustum?
894 2933 1038 2987 Dixit
1097 2935 1241 2989 alius
1272 2952 1285 2988 :
1352 2935 1408 2988 Si
1442 2950 1549 2989 non
1584 2935 1847 2990 deflentur
1876 2936 1943 2990 de

372 3037 544 3078 morte
571 3026 673 3079 nisi
705 3025 917 3078 novitas
947 3026 1084 3093 ejus,
1127 3033 1275 3079 certe
1315 3026 1563 3095 quotidie
1616 3041 1762 3080 mors
1802 3042 1938 3081 nova
1972 3052 2014 3109 ο

371 3116 599 3173 accidit.
633 3117 780 3170 Dixit
814 3117 953 3171 alius
983 3135 994 3169 :
1053 3116 1108 3171 Si
1144 3118 1321 3172 elatus
1362 3118 1534 3183 fuisti,
1570 3119 1681 3187 jam
1725 3119 1946 3173 humilis

370 3224 450 3271 es,
487 3217 540 3262 et
581 3209 626 3263 si
654 3208 977 3264 inridendus
1013 3209 1217 3273 fueras,
1270 3209 1382 3277 jam
1417 3218 1565 3263 certe
1599 3210 1943 3264 miserandus

372 3317 450 3357 es.
474 3301 615 3356 Dixit
637 3302 777 3356 alius
809 3319 823 3355 :
853 3300 994 3367 Quid
1021 3302 1138 3356 est?
1159 3317 1191 3355 ο
1220 3310 1273 3354 ιιι
1302 3301 1465 3371 cujus
1494 3302 1575 3355 ira
1602 3301 1942 3357 formidanda

371 3402 506 3459 erat,
561 3404 613 3447 et
660 3393 800 3446 latus
854 3394 1145 3459 munitum,
1183 3393 1345 3464 292
1377 3409 1475 3448 cur
1514 3409 1619 3448 non
1652 3398 1825 3449 iratus
1859 3409 1939 3461 es,

383 3495 430 3536 ιι
459 3498 487 3536 a
524 3492 579 3536 te
616 3484 921 3537 discederet
956 3483 1140 3538 mors?
1178 3493 1293 3549 aut,
1320 3498 1420 3538 cur
1448 3500 1557 3538 non
1605 3491 1659 3537 te
1704 3485 1942 3554 protexi-

383 3578 468 3633 sti.
499 3584 551 3628 ut
600 3591 628 3628 a
675 3585 728 3629 te
784 3576 1169 3645 impotentiam
1200 3578 1536 3646 repelleres?
1574 3576 1720 3631 Dixit
1753 3578 1896 3631 alius
1925 3591 1939 3629 :

381 3666 584 3720 Sufficit
616 3668 775 3738 vulgo
806 3668 859 3721 in
906 3670 1216 3738 exemplum
1256 3682 1411 3723 mors
1442 3683 1666 3737 regum;
1706 3676 1759 3722 et
1796 3669 1946 3722 sufﬁ-

382 3760 445 3813 3it
475 3758 698 3830 regibus
733 3763 786 3813 ln
847 3760 1358 3825 commonitionem,
1395 3774 1544 3814 mors
1591 3759 1759 3828 vulgi.
1796 3759 1943 3813 Dixit

382 3852 549 3905 ilius:
603 3848 721 3905 Non
772 3852 920 3905 aliud
984 3852 1154 3906 edidit
1196 3850 1504 3906 Alexander
1546 3850 1942 3905 documentum

382 3944 666 4007 illustrius,
696 3953 873 3998 morte
926 3958 1046 3998 sua.
1090 3943 1236 3999 Dixit
1288 3944 1427 3997 alius
1465 3962 1477 3996 :
1511 3940 1635 3996 Fuit
1689 3956 1794 3996 vox
1851 3951 1943 3996 tua

381 4034 654 4097 terribilis,
689 4044 742 4087 et
787 4049 1013 4104 regnum
1079 4044 1237 4089 tuum
1288 4034 1643 4105 praecelsum;
1668 4033 1782 4103 jam
1817 4048 1944 4088 vero

381 4128 571 4180 .iefecit
602 4142 703 4180 vox
739 4135 853 4188 tua,
905 4136 960 4181 et
1028 4142 1251 4197 regnum
1294 4136 1446 4181 tuum
1488 4127 1806 4196 depressum
1839 4134 1942 4181 est.

380 4222 514 4275 Dixit
549 4222 690 4275 alius
721 4241 733 4275 :
778 4220 903 4275 Fuit
948 4222 1044 4275 tibi
1083 4221 1238 4290 copia
1271 4220 1673 4285 benefaciendi,
1703 4234 1812 4274 non
1846 4235 1948 4272 au-

381 4331 482 4369 tem
518 4316 649 4369 mihi
681 4314 976 4384 loquendi;
1028 4313 1142 4383 jam
1180 4327 1308 4367 vero
1341 4321 1425 4368 est
1478 4314 1613 4367 mihi
1657 4313 1811 4382 copia
1863 4312 1949 4366 lo-

2050 1825 2130 1879 xit
2154 1826 2209 1879 in
2230 1835 2399 1879 totum
2432 1826 2654 1895 triginta
2677 1826 2836 1882 duos.
2863 1828 3028 1882 Porro
3049 1831 3364 1899 praefecerat
3384 1833 3593 1887 Alexan
3610 1861 3623 1872 -

2048 1918 2148 1972 der
2174 1919 2473 1989 unicuique
2497 1920 2699 1989 regioni
2735 1935 2951 1975 servum
2983 1920 3062 1992 [at
3091 1924 3245 1990 juxta
3274 1925 3418 1978 aliud
3441 1940 3624 1979 exem-

2049 2012 2185 2081 plar,
2221 2011 2591 2081 praefectum],
2618 2023 2810 2069 vetans
2843 2029 2911 2068 ne
2944 2015 3010 2067 ad
3045 2031 3203 2082 quem
3245 2015 3299 2069 in
3343 2017 3620 2084 provincia

2048 2104 2135 2158 cui
2159 2111 2410 2173 praeerat,
2446 2105 2796 2159 mitterentur
2844 2105 3036 2159 litterm
3080 2107 3149 2159 ab
3200 2108 3308 2163 alio
3355 2109 3448 2179 qui
3501 2109 3622 2175 ipso

2046 2202 2320 2262 potestate
2353 2197 2529 2264 major
2569 2204 2736 2249 esset.
2776 2194 2856 2249 Ah
2889 2197 3145 2250 omnibus
3204 2208 3384 2253 autem
3444 2200 3510 2252 ad
3563 2214 3623 2256 se

2046 2285 2166 2339 dari
2199 2286 2413 2341 litteras
2449 2285 2671 2355 jubens,
2704 2302 2804 2341 nec
2843 2304 3004 2356 quem
3035 2290 3197 2342 etiam
3259 2306 3316 2345 se
3370 2304 3622 2361 excepto,

2046 2390 2228 2443 regem
2272 2375 2557 2443 appellari.
2600 2376 2809 2429 Mortuo
2878 2377 3046 2446 igitur
3089 2378 3401 2433 Alexandro
3445 2397 3622 2438 unus-

2046 2467 2279 2535 quisque
2325 2466 2668 2535 provinciam
2702 2483 2858 2521 suam
2915 2473 3228 2539 occupavit.
3282 2471 3346 2524 Et
3389 2473 3622 2528 divisum

2046 2566 2127 2611 est
2156 2557 2524 2612 Barbarorum
2560 2560 2870 2628 imperium,
2901 2560 3100 2617 Persia:
3130 2572 3180 2618 et
3209 2564 3425 2619 Ahwazi
3456 2582 3624 2637 regno

2048 2663 2214 2718 penes
2248 2650 2631 2720 Ashaganidas
2687 2655 3105 2730 manentehqui
3170 2654 3409 2709 tribuum
3469 2670 3622 2725 reges

2047 2742 2359 2795 audierunt.
2393 2743 2451 2796 In
2472 2742 2857 2798 Alexandriam
2888 2753 3146 2799 autemet
3175 2744 3469 2815 {Egyptum
3502 2757 3625 2815 post

2046 2832 2412 2887 Alexandrum
2474 2846 2678 2903 septem
2732 2849 2905 2890 annos
2962 2838 3207 2904 regnavit
3247 2836 3416 2891 frater
3448 2837 3622 2906 ipsius

2046 2925 2211 2996 296
2245 2928 2464 2981 nomine
2511 2924 2819 2995 Philippus,
2878 2928 2971 2997 qui
3020 2928 3344 2983 Ptolomaeus
3376 2928 3623 2985 Aridzeus

2048 3019 2467 3087 cegnominatus
2506 3028 2587 3072 est
2627 3017 2733 3091 [vel
2788 3020 2942 3088 juxta
2986 3022 3129 3074 aliud
3190 3021 3490 3090 exemplar,
3524 3037 3621 3074 an-

2048 3124 2149 3164 nos
2178 3109 2587 3180 quadraginta].
2626 3110 2759 3166 Post
2790 3113 2968 3179 ipsum
3012 3112 3359 3178 Ptolomaeus,
3390 3113 3477 3168 cui
3521 3126 3622 3167 no-

2051 3216 2174 3255 men
2201 3202 2528 3268 Alexander,
2576 3217 2875 3273 e0gnomen
2933 3203 3263 3268 Galcb-Vzr,
3315 3222 3488 3262 annos
3542 3208 3626 3258 vi.

2050 3292 2187 3361 ginti
2220 3302 2428 3362 septem
2467 3292 2641 3362 [aliud
2672 3295 2950 3363 exemplar
2981 3295 3173 3364 viginti
3209 3311 3376 3349 uuum
3412 3296 3621 3370 habet}.

2050 3380 2151 3436 ilic
2180 3396 2324 3435 anno
2360 3388 2511 3453 regni
2544 3382 2626 3436 sui
2658 3382 2922 3438 vicesimo
2962 3381 3334 3454 Hierosolyma
3384 3386 3622 3447 mittens,

2048 3473 2176 3529 inde
2214 3460 2559 3545 septuaginta
2595 3475 2741 3529 viros
2795 3491 2825 3528 e
2871 3474 3074 3530 Judaeis
3116 3474 3498 3530 Alexandriam
3530 3474 3624 3526 ad-

2050 3566 2177 3621 duci
2213 3567 2449 3631 curavit,
2496 3581 2635 3636 qetos
2692 3566 2798 3621 sibi
2836 3567 3006 3637 legem
3056 3568 3340 3638 librosque
3391 3567 3626 3637 prophe—
3662 3567 3674 3632 ,ἱ

2049 3659 2437 3728 ticoselingua
2472 3657 2739 3714 Hebraica
2764 3662 2817 3713 in
2843 3660 3085 3714 Graecam
3117 3659 3622 3728 transferrejussit.

2050 3753 2295 3821 ipsorum
2338 3752 2568 3819 singulis
2630 3753 2862 3806 seorsim
2927 3753 2994 3806 ab
3051 3751 3174 3805 aliis
3218 3752 3271 3806 in
3326 3752 3487 3806 domo
3520 3751 3622 3806 sibi

2055 3841 2274 3909 propria
2296 3842 2601 3905 collocatis,
2630 3850 2689 3895 ut
2716 3843 2789 3895 ita
2813 3842 3086 3911 quomodo
3121 3858 3179 3897 se
3206 3842 3457 3897 habitura
3482 3852 3629 3897 esset

2055 3932 2495 4000 uniuscujusque
2562 3932 2941 4001 interpretatio
3008 3932 3236 3987 videret.
3300 3932 3434 3987 Cum
3496 3948 3628 4003 ergo

2052 4033 2341 4093 postquam
2394 4022 2565 4077 libros
2612 4022 2749 4077 istos
2809 4021 3240 4085 transtulissent,
3302 4024 3628 4091 interpreta-

2054 4118 2233 4172 tiones
2259 4117 2501 4186 ipsorum
2530 4116 2878 4183 inspexisset,
2930 4115 3244 4169 uniusmodi
3274 4126 3392 4169 erat
3423 4120 3627 4181 versio,

2055 4208 2202 4262 nulla
2232 4221 2461 4277 prorsus
2489 4205 2885 4274 discrepantia.
2946 4204 3140 4259 Libros
3192 4204 3358 4274 igitur
3379 4205 3434 4258 in
3458 4221 3624 4258 unum

2057 4301 2339 4363 collectos,
2370 4310 2422 4352 et
2448 4297 2651 4352 annulo
2706 4311 2807 4351 suo
2857 4296 3098 4365 signatos
3133 4296 3185 4349 in
3239 4297 3440 4366 templo
3476 4296 3626 4358 idoli.

380 4405 603 4474 quendi,
642 4421 751 4458 non
785 4413 968 4458 autem
996 4404 1094 4457 tibi
1143 4401 1538 4457 benefaciendi.
1575 4401 1722 4456 Dixit
1753 4401 1894 4456 alius
1932 4419 1943 4453 :

2055 4390 2340 4460 Serapidis
2374 4389 2529 4453 dicti,
2579 4389 2852 4458 reposuit.
2895 4389 3023 4442 Erat
3054 4404 3081 4442 e
3112 4390 3459 4456 septuaginta
3497 4388 3627 4443 isto-

380 4496 432 4550 Si
488 4495 604 4549 heri
677 4509 706 4547 a
751 4503 803 4549 te
854 4510 961 4548 non
1031 4494 1131 4548 fuit
1168 4494 1459 4564 quisquam
1501 4507 1754 4559 securus,
1790 4492 1948 4547 hodie

380 4596 524 4642 certe
552 4602 657 4640 non
700 4586 855 4640 timet
906 4597 958 4639 te
1013 4585 1327 4655 quisquam.
1370 4584 1518 4639 Dixit
1563 4584 1750 4639 alius:
1816 4582 1947 4637 Heri

381 4678 645 4733 sollicitus
698 4677 799 4730 fuit
855 4686 1045 4746 pastor
1086 4678 1157 4731 oh
1198 4692 1440 4747 gregem,
1504 4675 1668 4730 hodie
1719 4690 1849 4746 grex
1879 4674 1948 4729 ob

380 4777 648 4840 pastorem
682 4783 865 4822 suum.
922 4767 1066 4821 Dixit
1118 4770 1312 4823 alius:
1370 4767 1671 4823 Pervenisti
1720 4768 1829 4836 jam
1882 4768 1946 4821 ad

379 4864 530 4916 illum
567 4862 654 4915 cui
680 4862 896 4915 debitor
954 4876 1100 4925 eras,
1132 4861 1202 4916 ob
1238 4860 1486 4915 debitum
1520 4860 1669 4931 quod
1725 4873 1950 4914 necesse

380 4964 463 5010 est
492 4964 551 5009 ut
583 4955 786 5019 solvas,
818 4963 982 5023 atque
1028 4955 1239 5007 utinam
1296 4953 1491 5008 scirem
1542 4968 1650 5022 qua
1687 4954 1951 5022 patientia

380 5049 549 5103 uteris
575 5048 632 5104 in
666 5049 853 5103 debito
875 5060 985 5118 quo
1025 5049 1227 5103 teneris
1258 5046 1562 5102 solvendo?
1589 5046 1734 5101 Dixit
1763 5047 1902 5101 alius
1930 5063 1944 5099 :

379 5141 435 5196 Si
464 5150 627 5195 antea
657 5154 721 5195 ea
754 5140 948 5195 fuisset
982 5138 1081 5193 tibi
1118 5140 1378 5207 gravitas,
1411 5149 1465 5193 et
1508 5139 1802 5208 temperies
1831 5154 1951 5209 quae

380 5233 541 5287 hodie
572 5242 677 5297 est,
704 5240 851 5286 certe
871 5231 1112 5300 prudens
1142 5230 1364 5285 fuisses.
1398 5229 1646 5300 Cumque
1682 5230 1946 5300 loquendi

380 5327 486 5394 jam
523 5327 681 5380 tinem
724 5324 989 5380 feciSsent
1028 5324 1364 5394 philosOphi,
1408 5338 1641 5394 surgens
1684 5323 1947 5386 Rushtac,

383 5416 526 5472 Darii
559 5420 702 5487 regis
739 5418 1036 5473 Persarum
1088 5416 1218 5481 lilia,
1273 5416 1571 5470 Alexandri
1635 5432 1792 5480 uxor,
1831 5431 1951 5484 quae

378 5512 625 5566 omnium
674 5510 987 5567 Alexandro
1022 5509 1349 5565 charissima
1415 5508 1537 5574 fuit,
1589 5525 1750 5563 manu
1812 5524 1951 5564 arcae

378 5602 631 5672 imposita
654 5604 789 5657 dixit
824 5620 837 5657 :
872 5602 985 5657 Non
1018 5610 1356 5671 putaveram,
1387 5615 1419 5654 o
1440 5616 1553 5663 rex,
1574 5615 1697 5656 cum
1726 5599 1947 5653 Darium
1992 5669 2009 5681 ς

380 5697 646 5760 vinceres,
672 5710 894 5765 regnum
927 5705 1074 5752 tuum
1101 5694 1373 5751 devictum
1396 5693 1481 5748 iri.
1503 5690 1640 5745 Tum
1662 5692 1798 5749 dixit
1826 5692 1948 5763 phi-

446 5789 467 5820 ⁸
509 5789 643 5845 Luc.
677 5804 739 5856 tt,
773 5790 806 5847 9
836 5805 951 5856 seq.

2052 4498 2451 4545 rumnutnero,
2493 4483 2579 4538 vir
2635 4482 2856 4552 quidam
2894 4481 3111 4535 nomine
3142 4478 3360 4535 Simeon
3418 4481 3625 4551 justus,

2052 4579 2147 4650 qui
2184 4578 2475 4632 Dominum
2536 4583 2781 4630 nostrum
2826 4573 3103 4629 Christum
3141 4589 3171 4628 e
3212 4573 3413 4642 templo
3439 4587 3627 4629 susce-

2052 4671 2150 4742 pit.
2183 4668 2281 4725 Hic
2306 4670 2435 4724 dum
2469 4670 2641 4739 legem
2674 4677 2730 4723 et
2768 4667 2939 4722 libros
2996 4665 3384 4736 prophetarum
3437 4681 3467 4721 e
3522 4665 3625 4721 litt-

2052 4777 2156 4832 gua
2190 4762 2453 4818 Hebraica
2501 4762 2554 4816 in
2581 4759 2824 4815 Grazcatu
2859 4758 3205 4824 transferret,
3267 4759 3623 4829 quotiescun-

2053 4870 2159 4926 que
2195 4869 2409 4909 comma
2437 4852 2657 4922 aliquod
2689 4852 2745 4906 in
2778 4866 2886 4921 quo
2925 4851 3209 4920 prophetia
3241 4861 3389 4907 esset
3418 4853 3485 4906 dc
3522 4850 3626 4903 Do-

2055 4950 2205 5003 mino
2230 4946 2452 5001 Christo
2485 4947 2966 5014 interpretaretur,
3017 4945 3092 4996 illi
3146 4943 3310 4998 corde
3362 4959 3463 4999 suo
3516 4960 3625 4998 non

2054 5039 2384 5103 assentiens,
2422 5038 2659 5102 dixerat,
2714 5034 2829 5091 Hoc
2882 5036 2998 5091 fieri
3049 5052 3157 5091 non
3204 5045 3433 5107 potest:
3484 5037 3625 5093 Deus

2053 5147 2180 5202 ergo
2208 5133 2336 5185 vita:
2368 5130 2659 5184 terminum
2695 5127 2797 5198 ipsi
2840 5128 3015 5193 auxit,
3054 5128 3191 5183 adeo
3234 5139 3287 5181 ut
3312 5142 3484 5182 annos
3513 5136 3624 5182 tre-

2056 5232 2247 5279 centos
2270 5223 2667 5293 quinquaginta
2716 5220 2942 5286 viveret,
2977 5222 3149 5275 donec
3206 5219 3482 5275 Christum
3521 5218 3626 5274 Do-

2055 5318 2261 5371 minum
2307 5317 2550 5382 videret;
2602 5314 2966 5386 297-299
3015 5331 3175 5384 quem
3236 5314 3325 5367 ubi
3377 5313 3623 5380 vidisset,

2054 5410 2232 5473 Nunc,
2262 5410 2690 5479 inquit,dintitte,
2714 5427 2741 5462 ο
2764 5408 3005 5468 Domine,
3032 5422 3235 5459 servum
3270 5415 3415 5459 tuum
3442 5421 3625 5461 temn-

2051 5503 2176 5555 dum
2206 5503 2409 5556 verbum
2434 5513 2577 5555 tuum
2612 5503 2667 5556 in
2691 5518 2851 5569 pace;
2887 5499 3006 5568 jam
3030 5500 3165 5552 enim
3217 5498 3455 5553 riderent
3486 5502 3625 5555 oculi

2052 5598 2152 5651 mei
2170 5599 2388 5651 salutem
2412 5612 2567 5667 quam
2591 5596 2795 5663 parasti
2813 5609 2992 5645 coram
3025 5593 3265 5649 omnibus
3301 5596 3535 5666 gentibus
3551 5594 3621 5648 '°.

2128 5690 2340 5748 Mortuo
2369 5689 2660 5745 Ptolemaeo
2690 5685 2984 5757 G-lcbvro,
3016 5690 3260 5758 regnavit
3291 5699 3412 5762 post
3445 5690 3621 5762 ipsum
