4034 6214
402 208 509 268 975

1413 195 1777 260 EUTYCHII
1816 190 2349 254 ALEXANDRINI
2392 178 2608 253 PATR.

3531 192 3640 255 976

408 333 581 374 annos
601 314 792 385 viginti
828 329 1020 371 novem
1048 312 1374 369 Ptolomaeus
1415 311 1841 382 cognominatus
1866 307 1971 363 Le-
2003 313 2048 368 Α
2077 323 2196 362 rum
2250 323 2280 361 a
2320 306 2526 362 familia
2578 303 2855 371 Davidica,
2899 319 2964 360 ex
3010 318 3122 375 quo
3167 300 3370 373 captivi
3422 300 3644 358 abducti

410 426 535 480 pus.
592 408 693 462 Hic
722 406 1065 463 Alexandria
1111 404 1544 475 Hippodromum
1601 415 1855 469 magnum
1906 399 1972 453 ad

409 515 673 571 equorum
690 510 965 555 certamen
984 496 1273 561 exstruxit,
1289 496 1379 564 qui
1395 502 1634 563 tempore
1648 490 1881 546 Zenonis
1893 504 1980 545 re-

410 591 495 662 gis
519 592 641 662 igne
671 590 850 659 periit.
880 588 1009 643 Post
1026 589 1176 643 illum
1200 601 1374 641 annos
1396 584 1585 657 viginti
1603 599 1698 638 sex
1720 580 1969 653 regnavit

414 682 557 737 illius
611 682 807 750 ipsius,
856 678 1247 749 Philadelphus
1294 675 1734 745 cognominatus.
1772 672 1977 729 Deinde

398 789 592 830 annos
636 773 829 844 viginti
876 773 1120 842 quinque
1166 770 1512 833 Ptolomaeus,
1557 766 1977 835 cognominatus

412 862 725 932 Evergetes.
787 861 855 915 Et
915 868 1039 930 post
1113 864 1288 930 ipsum
1361 874 1533 912 annos
1586 857 1974 926 septemdecim

404 950 745 1006 Ptolomaus
781 950 1199 1020 cognominatus
1241 949 1575 1019 Philopator.
1629 947 1833 1002 Deinde
1876 962 1979 1002 an-

402 1060 516 1100 .nos
542 1044 731 1116 viginti
768 1052 1001 1113 quatuor
1031 1044 1358 1098 Ptolomaeus
1396 1041 1814 1110 cognominatus
1851 1040 1979 1094 Illu-

414 1136 561 1190 stris.
592 1134 736 1199 Post
784 1135 934 1188 illum
971 1148 1146 1188 annos
1185 1133 1374 1203 viginti
1414 1130 1743 1186 Ptolomaus
1788 1130 1978 1186 Philo-

416 1236 607 1279 metor.
652 1225 782 1294 Ejus
835 1233 1077 1293 tempore
1120 1223 1446 1288 Antiochus,
1490 1222 1806 1276 Cracorum
1860 1236 1979 1286 rex,

405 1317 645 1373 devictis
689 1317 844 1387 Syria
875 1315 1407 1381 etJudanudaos
1453 1329 1483 1368 e
1519 1313 1679 1385 Syria
1731 1312 1979 1382 expulit,

414 1408 706 1476 omniaque
744 1408 851 1461 illis
900 1407 1070 1472 mala,
1098 1414 1158 1461 et
1221 1405 1560 1459 cruciatuum
1594 1418 1793 1475 genera
1834 1403 1981 1457 intu-

418 1499 500 1551 lit.
538 1498 666 1553 Post
704 1497 856 1553 illum
892 1499 1141 1569 regnavit
1190 1497 1359 1551 fra'er
1409 1497 1586 1565 ipsius
1629 1495 1980 1561 Ptolomaus,

415 1590 711 1661 Evergetes
738 1592 900 1646 etiam
931 1591 1140 1653 dictus,
1169 1604 1345 1643 annos
1382 1588 1573 1658 viginti
1608 1596 1739 1640 tres.
1785 1584 1859 1638 Eo
1892 1601 1979 1638 re-

416 1689 616 1748 gnante
644 1682 889 1735 condidit
918 1680 1244 1745 Antiochus,
1282 1678 1599 1733 Gracorum
1633 1692 1753 1743 rex,
1787 1680 1981 1734 Antio-

416 1771 617 1837 chiam,
675 1772 762 1826 cui
807 1772 874 1825 de
909 1772 1131 1824 nomine
1171 1784 1273 1824 suo
1318 1769 1732 1839 appellationem
1787 1770 1986 1825 indidit

415 1876 522 1930 qua
570 1872 759 1915 vocata
800 1870 906 1917 est.
944 1861 1079 1917 Post
1112 1862 1293 1932 ipsum
1334 1863 1583 1932 regnavit
1616 1860 1983 1927 Ptolomaus,

417 1951 698 2008 Liberalor
733 1955 933 2021 dictus,
973 1969 1147 2009 annos
1174 1954 1389 2024 viginti,
1421 1954 1580 2024 cujus
1620 1964 1866 2025 tempore
1891 1971 1985 2012 ex-

420 2055 631 2101 structa
661 2049 903 2102 esturbs
940 2045 1211 2101 Seleucia.
1250 2048 1457 2103 Deinde
1498 2048 1859 2112 Ptolomaus,
1894 2048 1985 2102 cui

419 2138 583 2191 etiam
643 2152 946 2208 cognomen
1008 2138 1332 2205 Liberator,
1391 2153 1566 2194 annos
1640 2139 1983 2210 quindecim.

421 2230 626 2286 Deinde
660 2230 988 2287 Ptolomaeus
1019 2232 1241 2287 nomine
1281 2230 1606 2295 Alexander,
1658 2230 1988 2302 cognomine

420 2322 640 2394 .‘aspbis
685 2323 1025 2394 Philopator,
1070 2339 1244 2380 annos
1269 2323 1457 2380 decem
1498 2323 1607 2395 [vel
1631 2323 1788 2394 juxta
1837 2323 1987 2379 aliud

421 2415 718 2485 exemplar,
785 2415 1119 2488 duodecim].
1172 2416 1377 2471 Deinde
1434 2417 1768 2471 Ptolomaeus
1824 2416 1989 2488 300

422 2505 835 2571 cOgnominatus
866 2504 1095 2571 Phosas,
1130 2505 1433 2561 octodecim
1467 2507 1587 2561 dies
1632 2505 1742 2578 [vel
1785 2522 1985 2562 secun-

423 2599 547 2655 dum
578 2600 722 2655 aliud
763 2600 1062 2671 exemplar,
1098 2609 1220 2656 octo
1250 2600 1467 2672 annos].
1503 2599 1634 2656 Post
1656 2602 1833 2671 ipsum
1860 2598 1987 2654 Pto-

424 2699 647 2749 Iomans
686 2693 977 2765 Dionysius
1002 2709 1173 2748 annos
1202 2695 1394 2765 viginti
1424 2709 1642 2748 novem.
1679 2694 1804 2749 Post
1825 2708 1986 2762 quem

424 2784 529 2839 illia
574 2786 749 2854 ipsius
800 2786 1086 2854 Cleopatra
1136 2786 1323 2855 .(cujus
1375 2783 1611 2838 nominis
1646 2783 1989 2853 signiﬁcatus

425 2885 505 2930 est
557 2889 757 2944 petram
825 2878 1063 2948 deﬂens),
1137 2891 1313 2931 annos
1366 2875 1557 2944 viginti
1636 2875 1794 2930 duos.
1863 2874 1989 2931 Hac

2008 1631 2055 1690 B

2078 407 2208 454 sunt
2239 413 2268 453 a
2300 399 2757 453 Bocbtanassero.
2803 397 2991 467 Neque
3023 396 3169 450 enim
3199 396 3255 449 in
3288 394 3445 449 hunc
3474 409 3649 464 usque

2076 490 2221 546 diem
2252 491 2556 559 pralicinnt
2601 489 2707 545 sibi
2749 487 2922 543 Judai
2953 503 3135 557 regem
3194 486 3299 541 nisi
3348 502 3381 541 e
3422 485 3650 542 Davidis

2078 580 2269 651 stirpe.
2321 579 2592 636 Sacerdos
2641 594 2773 635 vero
2812 579 2916 634 fuit
2953 580 3125 650 stirpe
3160 578 3416 634 Davidica
3451 578 3645 634 oriun-

2079 672 2206 736 dus,
2262 674 2478 728 nomine
2506 672 2878 738 Aristobulus,
2905 672 2997 742 qui
3058 672 3211 741 regio
3246 685 3401 726 more
3429 669 3648 726 Judaos

2079 766 2240 819 rexit.
2292 764 2438 818 Misit
2495 779 2625 836 ergo
2674 766 2963 835 Augustus
2998 763 3193 818 ducem
3235 778 3265 817 e
3296 763 3415 818 suis
3457 778 3652 833 quem-

2081 856 2205 911 dam
2239 858 2461 911 nomine
2500 855 2707 911 Patum
2741 857 2836 921 qui
2869 855 3246 925 Hierosolyma
3273 856 3502 912 obsessa
3524 870 3650 910 cum

2080 950 2356 1019 cepisset,
2433 948 2812 1006 Aristobulum
2892 947 3205 1003 Judaorum
3271 948 3652 1015 sacerdotem,

2080 1039 2438 1111 compedibus
2471 1042 2743 1104 vinctum,
2799 1055 2925 1094 cum
2962 1040 3152 1095 multis
3198 1054 3229 1094 e
3278 1039 3450 1095 sociis
3480 1039 3653 1110 ipsius

2082 1132 2308 1186 Romam
2345 1132 2516 1196 misit,
2552 1132 2874 1202 tributaque
2908 1130 3117 1187 Judais
3153 1130 3414 1201 imposito
3442 1130 3511 1185 ab
3542 1130 3650 1186 illis

2082 1222 2357 1278 discessit.
2389 1221 2582 1294 Magna
2614 1237 2746 1278 vero
2788 1224 3009 1277 miseria
3036 1220 3256 1277 Judaos
3283 1222 3501 1276 invasit.
3550 1220 3651 1275 Sa-

2084 1314 2278 1370 cerdos
2329 1324 2509 1369 autem
2557 1313 2858 1369 Aristobuli
2922 1313 3048 1368 loco
3115 1314 3289 1368 factus
3345 1320 3431 1368 est
3486 1312 3654 1367 frater

2080 1403 2279 1475 ipsius,
2333 1405 2421 1460 cui
2477 1419 2673 1460 nomen
2729 1403 2936 1460 Arkan.
2980 1402 3203 1459 Arkano
3240 1402 3329 1459 isti
3361 1417 3484 1458 cum
3538 1403 3653 1456 viro

2083 1493 2317 1563 quodam
2374 1495 2592 1550 nomine
2621 1495 2932 1566 Antipatro,
2967 1493 3311 1559 Askalonita,
3343 1494 3654 1549 intercessit

2084 1586 2347 1649 amicitia,
2380 1587 2477 1657 qui
2522 1586 2675 1642 idolii
2722 1586 3011 1656 cujusdam
3043 1585 3281 1642 adituus
3327 1584 3453 1648 fuit,
3483 1585 3653 1639 idem-

2084 1692 2192 1747 que
2219 1676 2449 1733 Herodis
2476 1684 2648 1747 pater,
2681 1691 2852 1748 genus
2885 1692 2916 1731 e
2945 1675 3126 1747 Cypro
3150 1674 3379 1731 ducens.
3432 1673 3655 1730 Consti-

2086 1771 2192 1825 tuit
2215 1779 2396 1826 autem
2440 1768 2622 1824 Arkan
2657 1769 2923 1827 sacerdos
2975 1769 3241 1825 Herodem
3275 1769 3484 1823 viarum
3516 1782 3657 1837 pra-

2084 1862 2288 1918 fectum
2336 1872 2533 1917 contra
2578 1862 2841 1928 latrones,
2890 1877 3012 1916 cum
3066 1860 3153 1914 vir
3198 1859 3399 1930 ingenii
3456 1858 3658 1914 ferocis

2084 1962 2254 2010 esset.
2285 1953 2611 2008 invadentes
2638 1952 2803 2025 306.
2832 1960 3013 2008 autem
3037 1951 3409 2024 Hierosolyma
3434 1951 3658 2021 quidam

2084 2061 2149 2101 ex
2176 2045 2239 2099 Al
2274 2044 2441 2100 Gauri
2467 2045 2664 2100 incolis
2698 2045 2976 2099 Arkanum
3016 2044 3357 2099 sacerdotem
3384 2043 3657 2112 captivum

2086 2135 2454 2201 abduxerunt,
2498 2135 2812 2206 Antipatro,
2849 2134 3082 2191 Herodis
3115 2144 3291 2205 patre,
3319 2134 3611 2189 interfecto
3640 2151 3656 2187 :

2085 2229 2271 2300 itaque
2304 2228 2496 2285 relicta
2530 2238 2614 2283 est
2646 2230 2780 2283 urbs
2811 2228 2932 2283 sine
2960 2226 3220 2298 prafecto
3258 2235 3355 2280 aut
3384 2224 3662 2296 principe.

2088 2318 2333 2376 Herodes
2376 2334 2510 2391 ergo
2550 2320 2831 2375 Romanos
2879 2321 2972 2388 qui
3017 2316 3416 2388 Hierosolymis
3454 2316 3663 2371 substi-

2088 2420 2275 2468 terunt
2322 2411 2645 2467 demulcens
2677 2412 2954 2482 multaque
2988 2410 3122 2481 ipsis
3165 2410 3362 2465 collata
3406 2408 3663 2479 pecunia,

2088 2504 2211 2559 urbi
2266 2512 2325 2558 ut
2375 2505 2632 2575 princeps
2683 2502 2921 2573 prafuit.
2986 2501 3302 2572 Auditoque
3356 2502 3663 2569 Augustum

2087 2594 2382 2669 [Egyptum
2436 2598 2662 2652 tendere
2707 2596 2996 2667 quasitum
3035 2594 3403 2663 Cleopatram,
3455 2590 3664 2645 Ramla

2090 2690 2199 2760 ipsi
2243 2688 2459 2744 obviam
2506 2688 2706 2752 factus,
2740 2687 2926 2743 multis
2951 2686 3051 2756 ipsi
3079 2686 3401 2740 muneribus
3428 2684 3662 2749 oblatis,

2089 2781 2263 2853 ipsius
2288 2781 2389 2836 sibi
2418 2781 2710 2836 amicitiam
2737 2779 3064 2836 conciliavit.
3096 2779 3373 2849 Augustus
3394 2791 3521 2830 vero
3538 2790 3664 2832 cum

2089 2872 2383 2945 Egyptum
2433 2876 2798 2941 pervenisset,
2849 2887 2991 2928 casa
3054 2871 3314 2935 Antonio,
3365 2869 3667 2945 Cleopatra

427 2967 766 3022 Alexandria
818 2943 986 3022 multa
1020 2943 1315 3023 ‘exstruxit
1360 2943 1589 3021 adiﬁcia
1635 2981 1868 3036 magna,
1932 2976 1987 3022 et
2015 3002 2060 3063 ο
2094 2943 2375 3036 deputato,
2434 2965 2820 3021 Alexandriam
2869 2965 3042 3034 ipsam
3077 2964 3365 3034 quasitum
3409 2943 3662 3025 tetendit,

427 3060 723 3126 miranda;
782 3058 1017 3130 fecitque
1098 3073 1264 3129 opera
1346 3060 1647 3115 tessellata.
1703 3058 1988 3113 Exstrnxit

427 3152 584 3204 etiam
639 3152 896 3223 templum
939 3166 1219 3223 magnum,
1267 3154 1412 3221 quod
1455 3151 1675 3206 Saturni
1727 3151 1991 3220 templum

428 3243 732 3313 appellavit,
778 3244 925 3316 quod
963 3247 1065 3300 sub
1108 3244 1531 3301 Christianismo
1580 3245 1634 3298 in
1704 3244 1992 3300 ecclesiam

429 3351 770 3402 conversum,
825 3336 1009 3394 Sancti
1059 3338 1344 3394 Michaelis
1408 3335 1696 3391 ecclesiam
1746 3337 1992 3390 nemina.

429 3437 595 3496 runt;
627 3444 749 3498 qua
790 3431 980 3484 eadem
1036 3426 1382 3482 Alkaisariah
1440 3426 1713 3496 appellata
1750 3434 1874 3492 est,
1928 3441 1993 3482 ac

429 3537 547 3591 igne
585 3523 744 3589 periit
775 3536 886 3590 quo
913 3530 1161 3588 tempore
1198 3516 1429 3587 ingressi
1460 3526 1589 3572 sunt
1615 3515 1993 3574 Occidentales

430 3612 810 3667 Alexandriam
863 3626 985 3665 cum
1022 3610 1246 3665 domino
1282 3616 1473 3664 nostro
1506 3608 1830 3665 Almansore
1864 3611 1996 3665 Abi-

429 3704 624 3765 kalem,
684 3701 778 3770 qui
829 3700 1095 3755 Abdallah
1137 3700 1314 3765 audit,
1366 3707 1423 3754 et
1475 3698 1727 3755 Habbasa
1778 3699 1994 3756 Chalil‘a

431 3804 561 3847 tunc
609 3793 675 3848 Al
718 3791 1036 3849 Moktadaro
1074 3790 1316 3857 Jaafaro,
1347 3799 1401 3846 et
1430 3806 1588 3847 servo
1631 3789 1750 3859 ejus
1782 3792 1990 3848 Tacino

431 3880 670 3953 Egypti,
704 3893 757 3937 et
786 3882 1135 3937 Alexandria
1172 3880 1446 3951 praelecto.
1477 3882 1763 3938 Exstruxit
1800 3883 1992 3939 eadem

430 3976 483 4029 in
525 3976 658 4029 urbe
690 3974 940 4028 Aclnnim
981 3974 1297 4029 columnam
1330 3976 1671 4030 mensoriam
1694 4015 1710 4042 ,
1747 3992 1857 4047 qua
1884 3975 1994 4032 Nili

431 4066 828 4120 incrementum
852 4066 1163 4137 percipitur
1193 4081 1219 4121 ς
1254 4079 1355 4119 nec
1384 4081 1493 4120 non
1527 4066 1582 4120 in
1613 4067 1749 4122 urbe
1774 4069 1993 4123 Ansena

435 4157 611 4211 uiam.
656 4157 830 4212 Porro
879 4171 1023 4213 anno
1070 4157 1221 4229 regni
1255 4156 1375 4227 ejus
1408 4167 1606 4227 quarto
1656 4158 1778 4213 urbi
1807 4157 1995 4215 Roma

429 4250 717 4319 imperavit
774 4266 867 4305 rex
902 4252 1133 4305 nomine
1179 4248 1346 4304 Caius
1410 4248 1592 4304 Casar
1637 4263 1814 4305 annos
1859 4265 1996 4320 qua-

2100 3072 2210 3129 quo
2237 3067 2449 3127 captam
2497 3057 2813 3127 ignominia
2837 3066 3140 3126 exponeret
3179 3054 3443 3111 Romanis
3480 3064 3667 3109 osten-

2099 3165 2241 3206 sam.
2306 3148 2592 3219 Cleopatra
2627 3165 2757 3219 ergo
2786 3150 2973 3204 audito
3013 3165 3212 3204 casum
3265 3162 3387 3204 esse
3432 3147 3500 3201 ab
3548 3147 3667 3200 Au-

2099 3251 2263 3312 gusto
2291 3242 2502 3297 Casare
2531 3242 2852 3313 deputatum
2900 3258 3059 3298 suum
3099 3241 3425 3295 Antonium.
3462 3246 3518 3293 et
3572 3252 3668 3293 ca-

2098 3343 2245 3406 ptam
2310 3334 2629 3405 Egyptum,
2675 3350 2744 3390 ne
2790 3334 3027 3390 ludibrio
3087 3334 3380 3389 haberetur
3446 3332 3669 3396 timens,

2101 3433 2334 3482 mortem
2370 3426 2640 3495 pratulit;
2676 3436 2734 3481 et
2767 3442 2837 3482 ne
2872 3426 2927 3481 in
2960 3441 3155 3481 manus
3184 3425 3358 3495 ipsius
3388 3422 3662 3485 incidens,

2101 3517 2412 3587 ignominia
2443 3527 2830 3589 exponeretur,
2868 3533 3059 3575 necem
3083 3517 3188 3574 sibi
3227 3515 3536 3595 conscivit;
3560 3513 3668 3567 hoc

2099 3624 2296 3679 nempe
2324 3619 2485 3679 pacto
2521 3628 2535 3665 :
2572 3611 2709 3666 duas
2736 3610 2986 3674 ancillas,
3010 3624 3240 3680 quarum
3271 3608 3430 3662 alteri
3469 3620 3667 3661 nomen

2098 3701 2266 3763 Ahra,
2282 3717 2400 3772 qua
2416 3702 2591 3772 ipsam
2611 3710 2827 3772 pectere
2841 3711 2898 3757 et
2918 3714 3137 3765 ornare,
3157 3700 3311 3754 alteri
3328 3697 3521 3761 Matra,
3541 3711 3667 3767 qua

2100 3792 2207 3863 ipsi
2251 3808 2461 3863 ungues
2504 3792 2802 3863 praecidere
2843 3806 2908 3848 ac
2934 3802 3115 3848 vestes
3150 3792 3383 3846 induere
3425 3791 3667 3852 solebat,

2101 3884 2425 3947 accersitas,
2468 3884 2635 3953 jussit
2679 3884 2733 3938 in
2793 3884 3013 3939 hortum
3058 3882 3345 3953 quemdam
3394 3880 3673 3951 profectas

2101 3974 2343 4044 viperam
2374 3990 2495 4045 qua
2530 3975 2679 4044 aspis
2723 3975 3048 4044 appellatur,
3084 3974 3189 4028 sibi
3216 3973 3451 4028 afferre:
3499 3987 3668 4039 quam

2102 4068 2227 4122 inde
2280 4068 2499 4122 allatam
2568 4081 2691 4121 cum
2771 4066 2824 4120 in
2900 4065 3032 4133 ipsis
3112 4065 3350 4134 primum
3439 4073 3675 4132 experta

2102 4157 2317 4223 fuisset,
2370 4160 2474 4213 illa
2515 4158 2802 4214 confestim
2864 4165 3092 4211 mortua
3122 4166 3271 4210 sunt.
3298 4152 3498 4209 Videas
3532 4168 3674 4223 ergo

2102 4260 2407 4321 serpentem
2479 4259 2705 4306 mortem
2776 4249 3012 4303 subitam
3096 4246 3329 4311 inferre,
3404 4260 3671 4299 coronam

432 4348 574 4397 tuor.
608 4339 811 4395 Deinde
836 4347 960 4408 post
993 4340 1171 4410 ipsum
1200 4339 1481 4407 Augustus
1504 4336 1688 4391 Casar
1708 4336 1995 4392 monarcbi
2030 4357 2076 4416 υ
2105 4358 2260 4398 suam
2326 4342 2645 4411 prehensam
2699 4338 3055 4411 305-307
3113 4339 3273 4408 capiti
3344 4337 3630 4405 imponens
3655 4375 3676 4400 ,

434 4434 598 4499 filius,
641 4431 806 4501 idque
837 4446 981 4485 anno
1012 4432 1164 4501 regni
1203 4430 1507 4500 Cleopatra
1537 4428 1853 4483 undecimo.
1895 4428 1997 4485 Hic

432 4526 659 4581 devictis
692 4525 913 4595 regibus
960 4523 1079 4578 orbi
1116 4522 1437 4590 imperavit,
1483 4520 1646 4589 cujus
1687 4519 1830 4573 fama
1868 4534 1993 4574 cum

430 4614 499 4669 ad
521 4615 872 4685 CleOpatram
898 4614 1274 4685 pervenisset,
1314 4611 1406 4665 illa
1464 4612 1533 4664 ab
1575 4612 1693 4681 ipso
1749 4618 1999 4663 metuens

434 4721 660 4779 regnum
702 4721 861 4761 suum
902 4704 1158 4770 munivit,
1197 4713 1477 4757 exstructo
1524 4704 1735 4758 scilicet
1778 4716 1809 4755 a
1848 4711 1999 4769 parte

435 4802 688 4858 orientali
741 4803 806 4856 ad
854 4801 962 4855 Nili
1006 4805 1202 4871 ripam,
1254 4813 1414 4853 muro
1459 4813 1489 4852 a
1544 4795 1723 4851 Nubia
1775 4795 2001 4865 regione

435 4893 787 4968 301-303
830 4892 1118 4947 Pbarmam
1159 4906 1352 4960 usque,
1389 4903 1490 4943 nec
1522 4904 1630 4942 non
1678 4887 1786 4940 alio
1832 4900 1861 4937 a
1896 4883 2003 4937 Nu-

434 4993 548 5054 bia,
584 4986 969 5043 Alexandriam
1019 5000 1191 5053 usque
1228 5000 1257 5036 a
1288 4994 1444 5053 parte
1490 4979 1819 5035 occidentali
1851 4996 1865 5033 :
1904 4976 2000 5047 qui

439 5084 598 5140 hodie
628 5081 799 5150 Hayet
826 5077 889 5134 Ol
918 5079 1075 5148 Ajuz,
1104 5076 1292 5130 Murus
1321 5073 1507 5128 vetulae
1535 5073 1860 5143 appellatur.

517 5178 806 5247 Cleopatra
865 5182 1049 5227 autem
1117 5169 1462 5225 Alexandria
1507 5164 1811 5230 habitavit,
1870 5161 2005 5217 fuit-

440 5286 542 5344 que
591 5269 699 5341 ipsi
762 5268 819 5320 in
875 5263 1171 5335 Egyptuni
1223 5262 1516 5331 deputatus
1559 5255 1781 5311 nomine
1830 5258 2006 5309 Anto-

443 5367 584 5420 nius.
606 5361 778 5417 Porro
805 5359 1089 5428 Augustus
1117 5353 1301 5409 audita
1346 5354 1465 5422 ejus
1500 5351 1663 5416 lania,
1695 5348 1802 5419 ipsi
1828 5346 2009 5402 inhia-

444 5460 536 5511 vit.
576 5455 894 5510 Nuntiatum
950 5463 1035 5507 est
1098 5460 1277 5503 autem
1351 5446 1601 5515 Augusto
1672 5441 1889 5497 Judaos
1952 5442 2004 5493 in

447 5550 574 5603 urbe
622 5547 1125 5616 Hierosolymorum
1174 5539 1499 5608 obsequium
1536 5536 1642 5607 ipsi
1702 5551 1810 5589 non
1864 5549 2006 5603 pra-

448 5648 609 5693 stare.
653 5637 907 5692 Ablatum
948 5646 1126 5691 autem
1156 5635 1267 5703 jam
1303 5631 1503 5716 fuerat
1526 5642 1752 5716 regnum
1779 5625 2003 5716 'J‘udao-

2099 4449 2264 4504 seque
2324 4432 2528 4487 mundo
2580 4446 2681 4486 suo
2742 4432 2994 4485 universo
3049 4443 3290 4494 ornans,
3358 4441 3493 4481 auro
3549 4427 3684 4480 sci-

2099 4526 2247 4589 licet,
2272 4537 2516 4596 argento,
2554 4523 2873 4588 unionibus,
2906 4522 3219 4592 byacinthis
3253 4535 3316 4574 ac
3338 4517 3677 4586 smaragdis,

2098 4631 2165 4673 ac
2186 4617 2383 4672 deinde
2424 4627 2600 4671 vestes
2630 4615 2840 4684 regales
2876 4614 3086 4679 induta,
3120 4619 3395 4681 acceptam
3427 4611 3680 4679 viperam

2103 4710 2355 4763 mamilla
2399 4708 2640 4764 sinistra
2665 4706 2903 4779 (scilicet
2932 4706 3150 4775 regione
3206 4704 3294 4758 illa
3327 4704 3491 4758 situm
3541 4715 3684 4755 esse

2102 4815 2201 4855 cor
2230 4800 2478 4869 noverat)
2515 4798 2780 4862 admovit,
2824 4798 3125 4867 statimque
3150 4805 3366 4850 mortua
3404 4804 3509 4848 est.
3536 4788 3681 4845 Visa

2104 4894 2198 4948 illa
2246 4896 2523 4965 Augustus
2569 4902 2682 4947 tum
2711 4891 2882 4960 ipsam
2912 4898 3024 4942 tum
3055 4890 3262 4944 factum
3295 4886 3470 4957 ipsius
3503 4885 3688 4940 mira-

2105 4994 2194 5040 tus
2225 4996 2335 5049 est,
2366 4985 2510 5054 quod
2539 4991 2773 5038 mortem
2806 4981 3057 5036 servituti
3103 4990 3158 5034 et
3191 4977 3507 5049 ignominia
3534 4990 3689 5045 pra-

2106 5077 2342 5132 tulisset.
2379 5073 2585 5132 Ferunt
2609 5084 2791 5129 autem
2832 5074 3140 5143 Augustum
3177 5071 3453 5125 Casarem
3487 5082 3686 5136 regem

2107 5170 2415 5238 ingressum
2454 5164 2753 5222 olIendisse
2793 5165 2967 5232 ipsam
3005 5176 3267 5217 coronam
3311 5174 3467 5215 suam
3506 5174 3685 5214 manu

2108 5261 2359 5323 sinistra,
2400 5273 2469 5314 ne
2506 5258 2573 5311 de
2617 5256 2797 5326 capite
2831 5255 3150 5317 decideret,
3192 5260 3505 5315 tenentem,
3560 5266 3689 5319 quo

2108 5353 2281 5422 ipsam
2332 5350 2386 5404 in
2426 5363 2593 5418 regno
2640 5361 2741 5404 suo
2784 5348 3065 5402 sedentem
3123 5344 3413 5399 inveniret.
3460 5338 3690 5398 Ferunt

2109 5444 2201 5498 alii
2252 5443 2448 5511 ipsam,
2492 5456 2614 5496 cum
2651 5448 2881 5495 mortem
2916 5438 3020 5494 sibi
3064 5437 3415 5493 consciscere
3468 5434 3635 5489 vellet
3662 5473 3687 5500 ,

2111 5533 2337 5591 brachio
2385 5547 2487 5587 suo
2516 5534 2690 5585 cultro
2738 5530 2892 5599 prius
2928 5528 3101 5583 inciso
3127 5526 3263 5582 adeo
3296 5534 3354 5579 ut
3389 5523 3696 5596 egredere-

2114 5634 2202 5681 tur
2227 5622 2472 5695 sanguis,
2496 5622 2644 5680 virus
2675 5621 2899 5688 deinde,
2926 5619 3071 5692 quod
3102 5632 3269 5688 penes
3300 5618 3474 5685 ipsam
3504 5625 3693 5681 esset,
