4034 6214
353 421 459 487 977
484 373 492 380 ’

1786 427 1984 490 ANNA
1994 431 2154 491 LE3.

3486 445 3601 508 978

354 539 687 608 viperarum,
727 531 941 594 vulneri
982 540 1278 612 iniecisse,
1314 556 1427 614 quo
1463 543 1651 599 statim
1706 554 1920 602 mortua
1949 548 1999 607 A
2024 550 2170 619 gavit
2218 536 2486 617 Herodes,
2524 555 2592 609 de
2634 569 2699 610 eo
2741 555 2899 625 quod
2923 564 3314 611 narraverant:
3350 558 3445 627 qui
3484 560 3593 629 ipsi

353 638 456 684 est.

425 718 584 773 Anno
633 727 813 776 autem
866 722 1078 793 imperii
1135 726 1366 796 Augusti
1407 727 1641 784 Casaris
1710 729 1920 786 duode-

360 809 502 863 cimo
534 810 801 867 abolitum
832 823 911 868 est
945 814 1247 887 Cleopatra;
1281 835 1532 890 regnum.
1562 821 1733 875 Porro
1765 838 1795 876 a
1832 838 1920 877 re-

353 915 460 970 gno
502 900 805 958 Alexandri
837 907 904 961 ad
932 907 1094 963 linem
1125 911 1278 980 regni
1304 910 1609 982 Cleopatra
1638 914 1765 969 anni
1793 923 1924 971 sunt

337 994 575 1061 ,ducenti
633 998 910 1068 octoginta
978 1016 1199 1057 novem.
1259 1001 1531 1062 Redeunti
1590 1007 1787 1065 deinde
1852 1025 1921 1064 ex

359 1086 598 1159 AZgypto
631 1086 862 1145 Romam
907 1090 1155 1161 Augusto
1191 1094 1416 1164 (lassari,
1444 1114 1663 1155 rursum
1701 1101 1919 1157 obviam

355 1182 559 1238 Ramlae
602 1182 783 1239 factus
854 1185 1123 1257 Herodes,
1166 1190 1337 1246 multa
1396 1193 1600 1249 obtulit
1658 1196 1921 1266 donaria;

354 1291 544 1345 quare,
573 1278 750 1347 ipsum
788 1277 989 1336 Iudaee
1020 1282 1292 1339 universae
1326 1299 1449 1339 cum
1484 1284 1661 1357 ipsius
1702 1290 1924 1346 ditioni-

358 1370 461 1425 bus
500 1380 554 1425 et
596 1371 819 1442 regione
847 1371 1085 1429 Galilaaaa
1127 1384 1404 1432 montanae
1440 1380 1769 1449 praeticiens,
1807 1384 1922 1438 Au-

356 1474 552 1537 gustus
582 1469 747 1537 capiti
789 1470 965 1539 ipsius
990 1470 1244 1527 diadema
1277 1477 1488 1544 regium
1537 1476 1820 1546 imposuit.
1849 1479 1919 1535 At

356 1574 482 1613 cum
514 1556 889 1629 Hierosolyma
933 1576 1030 1618 rex
1090 1563 1201 1634 jam
1246 1562 1421 1621 lactus
1463 1580 1720 1624 reversus
1752 1579 1923 1635 esset,

358 1650 652 1705 noluerunt
690 1649 864 1705 Judaei
901 1652 1081 1723 ipsum
1122 1653 1178 1709 in
1218 1669 1315 1711 eos
1358 1671 1611 1729 regnare.
1653 1657 1751 1716 Ille
1791 1676 1922 1731 ergo

358 1738 706 1805 tyrannidem
760 1740 816 1794 in
879 1740 1031 1810 ipsos
1100 1758 1407 1810 exercens,
1466 1748 1667 1823 multos
1729 1766 1918 1806 eorum

357 1826 521 1900 308
570 1840 747 1886 morte
781 1832 989 1889 ali‘ecit.
1039 1833 1248 1891 Dirutis
1297 1838 1461 1892 etiam
1511 1838 1668 1897 urbis
1717 1858 1923 1912 propu-

2029 643 2471 712 responderunt:
2520 646 2747 704 Stellam
2785 663 3039 718 magnam
3088 648 3143 702 in
3187 643 3415 702 Oriente
3461 664 3596 703 conv

2029 735 2312 802 speximus
2352 754 2474 808 quas
2503 738 2764 796 indicavit
2809 740 2971 796 nobis
3013 750 3199 794 natum
3232 755 3354 796 esse
3388 739 3594 809 Regem

2028 842 2311 897 magnum,
2350 847 2512 900 quem
2558 834 2845 888 adoratum
2879 834 3169 897 venimus;
3210 846 3392 902 neque
3435 831 3601 887 desiit

2028 919 2185 974 stella
2213 921 2374 975 nobis
2409 922 2622 990 prazire,
2650 939 2713 979 ac
2741 940 2800 980 se
2829 925 2927 980 viie
2957 926 3151 981 ducem
3194 922 3459 994 praebere,
3495 922 3596 979 do.-

2028 1023 2149 1073 nec,
2200 1008 2295 1063 ubi
2358 1010 2422 1065 ad
2470 1011 2615 1068 hunc
2654 1012 2834 1067 locum
2886 1013 3272 1084 pervenimus,
3319 1027 3378 1067 se
3438 1012 3599 1067 nobis

2032 1101 2378 1158 subduxerit.
2412 1102 2641 1172 Rogavit
2666 1119 2795 1175 ergo
2829 1104 3073 1161 Herodes
3104 1102 3321 1161 .i‘udaeos
3345 1103 3539 1158 dicens
3578 1120 3594 1157 :

2030 1190 2137 1248 Ubi
2188 1193 2338 1249 nasci
2378 1192 2539 1248 debet
2588 1195 2884 1251 Christus?
2914 1195 3007 1265 qui
3050 1194 3161 1264 ipsi
3192 1194 3446 1248 dixerunt
3479 1210 3497 1247 :
3532 1190 3593 1245 In

2030 1283 2345 1341 Bethlehem
2377 1283 2600 1341 Iudaeae.
2632 1285 2775 1340 Tum
2798 1285 3069 1349 Herodes,
3089 1285 3230 1339 clam
3259 1283 3469 1339 vocatis
3492 1280 3602 1335 Ma-

2030 1378 2140 1450 gis,
2182 1378 2486 1447 exquisivit
2518 1379 2588 1435 ab
2631 1378 2765 1450 ipsis
2808 1392 2918 1447 quo
2951 1378 3112 1448 312
3166 1376 3602 1445 temporisspa-

2033 1469 2110 1524 tio
2157 1469 2499 1538 apparuisset
2546 1469 2653 1524 illis
2702 1468 2902 1535 stella;
2943 1468 3409 1538 respondentibus.
3441 1465 3551 1521 illis
3582 1505 3599 1530 ,

2038 1561 2083 1615 A
2122 1560 2348 1616 biennio
2386 1559 2544 1616 nobis
2588 1561 2641 1615 in
2677 1561 2898 1616 Oriente
2929 1560 3218 1631 apparuit;
3262 1559 3401 1615 dixit
3444 1557 3601 1628 ipsis,

2031 1652 2268 1709 Profecti
2292 1653 2518 1723 quaerite
2548 1651 2748 1722 Regem
2792 1653 2940 1710 hunc
2970 1668 3168 1709 recens
3196 1661 3413 1716 natum,
3439 1663 3601 1721 quem

2031 1745 2313 1802 inventum
2356 1747 2448 1801 ubi
2480 1745 2866 1812 adoraveritis,
2898 1745 3103 1802 reversi
3144 1746 3276 1801 mihi
3330 1745 3597 1806 indicate,

2032 1844 2094 1891 ut
2148 1844 2202 1891 et
2245 1837 2363 1907 ipse
2393 1836 2675 1905 profectus
2713 1852 2837 1892 eum
2872 1835 3119 1891 adorem.
3175 1834 3427 1907 Egressis
3472 1849 3604 1907 ergo

358 1921 589 1997 gnaculo
641 1936 705 1977 ac
759 1925 983 1993 templo,
1011 1925 1186 1982 libros
1212 1925 1551 1997 Iudaeorum,
1596 1948 1735 2002 quos
1766 1936 1928 1989 resti-
1962 1921 2000 1943 "
2026 1927 2093 1982 ab
2110 1924 2324 1982 Herode
2352 1926 2520 1997 Magis
2545 1942 2811 1997 apparens
2828 1929 2985 1984 stella
3013 1927 3148 1998 ipsis
3179 1927 3592 1983 Bethlehemum

367 2023 551 2070 tuerat
576 2014 710 2083 ipsis
737 2017 900 2079 Ezra,
932 2017 999 2072 de
1028 2018 1271 2076 tribuum
1297 2024 1637 2094 genealogiis
1658 2026 1932 2093 ipsorum-

357 2120 465 2175 que
495 2107 771 2177 prosapia,
812 2108 1045 2175 ablatos,
1086 2125 1279 2168 omnes
1330 2115 1656 2184 combussit,
1698 2132 1768 2172 ne
1807 2117 1931 2187 quis

360 2214 430 2250 ex
470 2197 604 2267 ipsis
648 2200 937 2271 cuiusnam
970 2211 1121 2257 esset
1148 2203 1347 2271 tribus,
1381 2214 1476 2260 aut
1503 2221 1614 2276 quo
1646 2215 1802 2278 patre
1848 2224 1935 2263 sa-

360 2286 449 2344 tus
495 2289 891 2358 dignosceret:
938 2295 1124 2349 omnia
1167 2296 1332 2350 etiam
1384 2298 1681 2354 sacerdotii
1720 2299 1931 2357 instru-

362 2390 543 2438 menta
583 2385 762 2439 ablata
795 2386 1082 2451 vendidit,
1122 2397 1409 2458 vestesque
1440 2390 1789 2447 sacerdotum
1838 2406 1933 2446 an-

360 2474 491 2530 nulo
538 2490 640 2531 suo
699 2478 980 2548 signavit;
1032 2478 1168 2549 quin
1216 2489 1273 2534 et
1324 2482 1505 2551 ipsum
1558 2483 1932 2540 sacerdotium

361 2567 548 2622 venale
594 2567 810 2633 habuit,
853 2569 991 2624 adeo
1040 2578 1100 2625 ut
1129 2585 1255 2625 cum
1292 2570 1539 2642 ipsorum
1578 2572 1704 2641 quis
1751 2588 1937 2629 sacer-

361 2656 544 2710 dotem
589 2671 649 2711 se
692 2656 811 2711 ﬁeri
863 2657 1051 2724 vellet,
1113 2673 1223 2713 non
1278 2659 1386 2716 nisi
1433 2675 1632 2730 magna
1689 2662 1936 2731 pecunia:

365 2763 580 2803 summa
622 2748 775 2818 prius
815 2759 1037 2819 accepta
1081 2764 1282 2806 munus
1325 2749 1459 2806 illud
1492 2751 1548 2807 in
1590 2751 1767 2822 ipsum
1797 2768 1934 2809 con-

366 2839 577 2895 ferret:
634 2841 983 2914 pessimeque
1035 2856 1101 2898 ac
1150 2842 1340 2913 inique
1401 2858 1460 2899 se
1512 2843 1569 2899 in
1611 2858 1781 2914 regno
1832 2860 1937 2902 suo

360 2934 552 3002 gessit.

432 3023 602 3081 Porro
631 3041 775 3083 anno
815 3028 1033 3098 imperii
1083 3029 1321 3099 Augusti
1353 3030 1589 3087 Cesaris
1631 3033 1937 3104 quadrage-

363 3117 508 3173 simo
562 3119 767 3187 prodiit
807 3121 876 3176 ab
914 3123 1037 3192 ipso
1091 3123 1330 3178 edictum
1380 3132 1440 3178 ut
1488 3124 1733 3184 omnlum
1765 3141 1937 3196 regno

362 3213 538 3282 ipsius
568 3228 664 3284 per
692 3223 865 3271 totum
899 3217 1084 3272 orbem
1116 3215 1513 3290 [subditorum]
1554 3222 1933 3280 describereno

367 3320 457 3362 tur
501 3309 747 3371 nomina,
776 3307 1018 3363 virorum
1057 3310 1327 3381 (inquam)
1369 3326 1493 3366 cum
1526 3315 1789 3371 uxoribus
1819 3316 1934 3384 suis

365 3400 576 3469 (quales
602 3400 731 3455 olim
761 3415 961 3457 census
986 3401 1406 3473 eondebantur),
1429 3412 1490 3459 ut
1518 3420 1709 3461 eorum
1745 3422 1938 3464 nume-

364 3508 483 3547 rum
530 3501 865 3548 recenseret.
905 3493 1217 3563 Misit'ergo
1246 3511 1370 3554 cum
1412 3497 1610 3553 scribis
1654 3499 1848 3554 ducem
1901 3513 1932 3553 e

362 3584 480 3639 suis
510 3585 804 3651 quemdam
838 3585 1061 3641 nomine
1091 3585 1387 3657 Cyrenium
1407 3626 1424 3649 ,
1472 3604 1634 3657 quem
1669 3590 1840 3662 Syriae
1871 3574 1968 3647 ac,

363 3673 567 3729 Iudaeae
610 3673 875 3744 praefecit.
906 3675 1063 3731 Anno
1095 3685 1275 3731 autem
1323 3679 1539 3748 imperii
1584 3680 1757 3748 ipsius
1802 3697 1939 3749 qua-

364 3760 680 3836 dragesimo
732 3769 918 3836 primo
959 3771 1179 3824 allatum
1212 3780 1300 3826 est
1334 3769 1578 3825 Dominae.
1612 3771 1794 3826 Mariae
1816 3772 1941 3828 Vir-

363 3858 475 3928 gini
529 3874 682 3929 purae
734 3860 956 3923 illibatae
1003 3862 1258 3917 nuntium
1300 3863 1369 3917 de
1416 3861 1649 3918 Domino
1705 3863 1936 3924 Messia:

366 3965 619 4020 annoque
674 3952 889 4022 imperii
950 3953 1182 4024 Augusti
1230 3955 1467 4011 Caesaris
1520 3957 1943 4027 quadragesimo

367 4042 633 4108 secundo,
664 4052 718 4098 et
750 4044 902 4113 regni
947 4043 1212 4111 Herodis,
1245 4047 1521 4117 Antipatri
1562 4048 1686 4114 ﬁlii,
1735 4050 1789 4103 in
1837 4047 1940 4122 Sy~

369 4128 505 4183 riam
535 4131 816 4187 tricesimo
845 4132 1008 4188 tertio
1042 4132 1149 4207 [vel
1182 4133 1335 4203 juxta
1368 4136 1517 4191 aliud
1546 4138 1849 4208 exemplar,
1883 4139 1939 4195 in

369 4228 567 4274 terram
600 4220 1009 4295 lsraeliticam],
1062 4233 1223 4281 natus
1289 4235 1373 4281 est
1426 4225 1694 4282 Dominus
1753 4237 1942 4284 noster

372 4309 625 4368 Christus
670 4314 757 4369 die
801 4313 991 4368 Canun
1048 4315 1211 4385 primi
1262 4316 1527 4373 vicesimo
1587 4318 1937 4391 309-311

371 4403 587 4469 quinto,
627 4403 829 4460 Cahaci
876 4405 1137 4460 vicesimo
1185 4421 1355 4462 nono.
1396 4407 1477 4462 Ad
1511 4407 1792 4466 Christum
1846 4428 1946 4467 au-

371 4505 478 4548 tem
520 4503 711 4549 natum
738 4510 769 4548 a
823 4495 929 4550 line
979 4496 1129 4567 regni
1180 4498 1483 4569 Cle0patrse
1521 4503 1648 4556 anni
1682 4512 1807 4558 sunt
1846 4504 1944 4559 tri-

2032 2018 2265 2088 pmivit,
2315 2032 2493 2089 usque
2555 2019 2622 2074 ad
2672 2020 2854 2075 locum
2911 2021 2968 2074 in
3028 2035 3137 2090 quo
3193 2018 3297 2075 fuit
3340 2018 3604 2073 Dominus

2034 2120 2225 2168 noster
2280 2109 2533 2166 Christus
2575 2126 2683 2166 una
2733 2126 2858 2167 cum
2918 2111 3147 2166 Domina
3190 2120 3381 2167 nostra
3430 2108 3605 2165 Maria

2034 2203 2209 2271 ipsius
2244 2212 2439 2261 matre.
2486 2203 2803 2259 Adorarunt
2849 2204 3014 2274 igitur
3048 2205 3225 2273 ipsum
3273 2219 3336 2258 ac
3379 2216 3616 2257 munera

2033 2291 2137 2363 ipsi
2171 2293 2509 2361 obtulerunt,
2556 2309 2776 2359 aurum,
2811 2292 3087 2366 myrrham
3114 2304 3168 2348 et
3199 2293 3347 2348 thus.
3393 2294 3608 2347 Praece-

2034 2391 2184 2453 ptum
2240 2394 2424 2441 autem
2482 2393 2565 2440 est
2605 2386 2739 2455 ipsis
2791 2386 2849 2441 in
2905 2401 3123 2449 somno,
3174 2395 3234 2441 ut
3276 2385 3328 2439 in
3369 2386 3602 2454 patriam

2034 2490 2190 2529 suam
2225 2490 2318 2544 per
2350 2476 2507 2530 aliam
2536 2478 2678 2531 viam
2704 2475 2941 2546 regressi
2968 2474 3037 2530 ad
3075 2474 3347 2531 Herodem
3376 2491 3486 2531 non
3517 2491 3605 2531 re-

2034 2574 2394 2622 verterentur.
2465 2565 2638 2621 Porro
2685 2582 2750 2621 ex
2800 2580 2909 2637 quo
2949 2568 3202 2638 apparuit
3242 2566 3411 2637 Magis
3449 2566 3609 2622 stella

2036 2660 2343 2726 usquedum
2390 2658 2618 2715 adorato
2650 2658 2883 2716 Domino
2929 2669 3121 2717 nostro
3152 2660 3375 2717 Christo
3415 2662 3471 2717 in
3514 2678 3610 2731 pa-

2035 2748 2195 2802 triam
2242 2762 2396 2803 suam
2442 2750 2647 2805 reversi
2686 2759 2860 2819 sunt,
2910 2750 3071 2805 ﬂuxit
3099 2750 3407 2806 biennium.
3457 2749 3610 2807 Joseo

2035 2840 2182 2909 phus
2225 2852 2407 2896 autem
2450 2840 2634 2897 Mariae
2669 2858 2905 2913 sponsus
2943 2842 3260 2900 admonitus
3304 2844 3356 2898 in
3413 2859 3611 2899 somno

2042 2932 2165 2997 fuit,
2219 2941 2281 2989 ut
2337 2937 2580 3006 acceptis
2629 2937 2858 3007 puerulo
2910 2945 2965 2993 et
3010 2947 3187 2994 matre
3239 2937 3435 3007 ipsius,
3484 2952 3609 2994 cum

2036 3023 2170 3094 ipsis
2226 3026 2281 3081 in
2326 3026 2626 3099 Egyptum
2683 3030 2932 3100 fugeret:
2976 3030 3120 3100 quod
3168 3038 3224 3086 et
3277 3030 3407 3086 fecit
3456 3029 3611 3086 lose-

2038 3117 2201 3187 phus.
2241 3116 2613 3176 'l'ardantibus
2646 3128 2825 3175 autem
2869 3120 3040 3192 Magis
3068 3164 3084 3188 ,
3124 3122 3391 3189 Herodes,
3423 3121 3514 3177 ubi
3550 3136 3611 3177 se

2041 3210 2107 3264 ab
2144 3210 2252 3266 illis
2275 3212 2497 3266 illusum
2532 3214 2729 3277 sensit,
2763 3212 2841 3268 ira
2873 3215 3033 3271 valde
3062 3215 3471 3271 excandescens
3492 3229 3611 3269 om-

2045 3316 2142 3355 nes
2168 3301 2221 3355 in
2249 3284 2605 3356 Bethlehemo
2648 3318 2851 3374 pueros
2874 3318 2903 3358 a
2928 3302 3151 3359 bimulis
3183 3312 3237 3359 et
3256 3302 3611 3359 inferioribus

2039 3392 2278 3447 interimi
2315 3392 2503 3462 jussit.
2551 3391 2827 3452 lnterfecti
2858 3403 2989 3453 sunt
3036 3411 3166 3468 ergo
3196 3395 3472 3461 infantes,
3545 3411 3612 3452 ne

2040 3500 2151 3539 uno
2184 3487 2480 3567 superstite
2529 3486 2741 3544 relicto.
2794 3487 2938 3543 Deus
2984 3499 3166 3544 autem
3210 3488 3265 3542 in
3336 3485 3610 3543 Herodem

2040 3577 2174 3632 iram
2224 3587 2390 3648 atque
2425 3578 2859 3651 indignationem
2904 3595 3062 3636 suam
3108 3577 3325 3646 effudit,
3374 3580 3512 3634 adeo
3552 3585 3614 3635 ut

2040 3669 2094 3723 in
2152 3670 2403 3726 morbum
2450 3686 2669 3743 gravem
2712 3672 3002 3738 incideret,
3049 3687 3160 3742 quo
3205 3671 3444 3728 cruciari
3500 3686 3613 3727 non

2040 3762 2206 3818 desiit
2250 3764 2425 3819 donec
2473 3775 2803 3829 moreretur,
2857 3782 2982 3821 cum
3033 3781 3207 3823 annos
3249 3766 3469 3839 triginta
3524 3779 3615 3821 se-

2041 3862 2184 3926 ptem
2218 3862 2523 3925 regnasset.
2574 3856 2936 3928 313-315
2970 3848 3162 3914 Filios'
3194 3867 3435 3927 quatuor
3484 3856 3617 3912 reli-

2040 3947 2182 4016 quit,
2210 3961 2461 4017 ,quorum
2502 3963 2643 4004 unus
2694 3949 2915 4003 nomine
2965 3949 3294 4015 Archelaus,
3337 3948 3617 4007 secundus

2042 4039 2304 4104 Herodes,
2342 4040 2540 4097 tertius
2571 4040 2880 4113 Philippus,
2919 4052 3151 4109 quartus
3179 4041 3478 4107 Lusanius,
3517 4042 3624 4112 qui

2041 4146 2211 4201 regno
2242 4132 2387 4187 inter
2412 4148 2471 4188 se
2495 4133 2673 4189 diviso
2708 4134 3096 4204 unusquisque
3139 4148 3390 4204 quartam
3438 4133 3627 4203 regio-7

2042 4221 2130 4276 nis
2152 4219 2390 4276 Iudaicae
2425 4232 2633 4291 partem
2667 4223 2768 4278 sibi
2791 4224 3113 4293 assumpsit.
3156 4222 3217 4278 In
3266 4229 3472 4278 sortem
3515 4237 3617 4277 au-

2042 4321 2152 4368 tem
2196 4311 2465 4369 Archelao
2514 4314 2835 4370 acciderunt
2884 4313 3200 4370 Bethlehem
3254 4323 3309 4370 et
3359 4312 3618 4370 Hieroso—

2044 4402 2209 4473 lyma.
2248 4400 2522 4473 Iosephus
2548 4419 2698 4475 ergo,
2743 4404 2932 4460 audito
2982 4413 3256 4460 mortuum
3299 4417 3423 4459 esse
3449 4400 3629 4460 Heroa.

2045 4495 2192 4561 dem,
2224 4512 2288 4550 ex
2338 4494 2578 4569 Egypto
2623 4511 2749 4552 cum
2797 4495 3033 4551 Domino
3068 4506 3259 4552 nostro
3294 4496 3519 4551 Christo
3564 4503 3638 4551 et.
3722 4538 3731 4553 .

368 4588 540 4656 ginta.
581 4590 624 4643 A
667 4602 838 4660 regno
876 4590 1173 4646 Alexandri
1213 4594 1441 4648 trecenti
1491 4596 1851 4667 undeviginti.
1893 4596 1935 4652 A

2047 4596 2219 4644 matre
2243 4588 2419 4658 ipsius
2452 4604 2703 4659 egressus
2740 4598 2862 4655 est,
2907 4589 3142 4645 Domino
3181 4588 3406 4644 Christo
3445 4602 3620 4644 annos

368 4685 615 4747 tempore
642 4695 754 4749 quo
784 4680 1045 4737 Israelita}
1088 4697 1185 4752 per
1208 4684 1704 4742 Bochtanasserem
1739 4689 1939 4758 captivi

370 4766 619 4826 Babelem
647 4770 865 4827 abducti
916 4782 1065 4839 sunt,
1110 4776 1391 4846 quingenti
1432 4777 1708 4847 octoginta
1738 4777 1868 4832 duo.
1898 4778 1941 4834 A

369 4874 537 4929 regno
565 4860 811 4927 Davidis,
836 4864 986 4918 mille
1018 4866 1415 4937 quinquaginta
1444 4883 1659 4923 novem.
1680 4869 1762 4925 Ab
1791 4871 1941 4925 exitu

367 4950 740 5008 lsraelitarum
789 4971 858 5011 ex
900 4958 1108 5029 Egypto
1165 4960 1313 5014 mille
1361 4962 1606 5017 sexcenti
1659 4964 1942 5034 sexaginta

369 5046 634 5115 quinque.
677 5046 759 5102 Ab
796 5048 1110 5105 Abrahamo
1139 5051 1224 5107 bis
1261 5052 1410 5107 mille
1449 5059 1666 5109 centum
1715 5062 1940 5124 septua-

371 5136 519 5203 ginta
550 5137 681 5195 duo.
724 5139 771 5194 A
798 5139 1037 5197 Phaleko
1073 5144 1157 5199 bis
1213 5144 1363 5199 mille
1397 5145 1727 5216 septingenti
1761 5148 1946 5202 trede-

370 5229 502 5285 cim.
549 5230 593 5285 A
634 5232 845 5288 diluvio
872 5243 958 5288 ter
989 5236 1137 5291 mille
1166 5237 1384 5293 ducenti
1414 5237 1774 5311 quadraginta
1806 5256 1943 5310 qua-

372 5330 518 5377 tuor.
546 5324 628 5379 Ab
656 5324 869 5380 Adamo
898 5326 1192 5395 quinquies
1226 5328 1374 5383 mille
1402 5330 1711 5400 quingenti.

459 5411 635 5467 Porro
686 5429 837 5469 anno
895 5416 1117 5485 imperii
1148 5418 1383 5487 Augusti
1430 5419 1664 5475 Caesaris
1699 5421 1944 5491 quadra-

369 5504 582 5571 gesimo
608 5515 831 5575 quarto,
880 5507 1139 5571 Herodis,
1196 5507 1290 5562 lilii
1333 5508 1630 5579 Antipatri,
1666 5512 1945 5568 tricesimo

368 5597 590 5663 quinto,
613 5596 900 5654 venientes
922 5610 1038 5654 tres
1070 5598 1211 5669 Magi
1235 5600 1305 5654 ab
1328 5599 1557 5657 Oriente
1592 5603 1647 5656 in
1676 5600 1944 5671 Judaeum,

369 5690 748 5757 quaesiverunt
783 5691 874 5745 ubi
895 5703 1055 5748 natus
1076 5703 1222 5749 esset
1250 5693 1360 5749 Rex
1390 5694 1492 5750 iste
1518 5711 1767 5767 magnus.
1802 5696 1944 5753 Metu

370 5793 507 5849 ergo
540 5780 796 5851 perculso
849 5781 1081 5848 Herode,
1114 5799 1176 5839 ac
1206 5792 1320 5840 tota
1371 5783 1686 5841 Iudaeorum
1724 5789 1943 5859 regione

355 5868 445 5950 ⁸οι)
488 5884 680 5927 eorum
722 5871 885 5929 verba
931 5875 1268 5944 perturbata,
1313 5878 1608 5937 accersitos
1643 5877 1827 5953 Magos
1857 5897 1945 5939 ro-

2044 4689 2175 4737 tunc
2217 4690 2453 4752 quatuor
2482 4690 2637 4738 nato.
2674 4681 2902 4738 Timens
2940 4690 3121 4738 autem
3151 4680 3491 4737 Bethlehemi
3523 4680 3619 4735 ha-

2047 4773 2251 4841 bitare,
2280 4775 2351 4829 ob
2383 4774 2738 4841 Archelaum,
2769 4773 3056 4829 Nazarethi
3084 4774 3267 4830 sedem
3303 4773 3441 4836 lixit,
3468 4773 3619 4829 ideo—

2044 4882 2150 4934 que
2178 4866 2491 4923 Nazarenus
2520 4866 2716 4921 audiit.
2742 4865 2937 4934 Porro,
2965 4881 3110 4921 anno
3130 4866 3383 4921 Archelai
3404 4874 3643 4930 octavo,

2048 4955 2312 5012 Dominus
2347 4957 2623 5023 Christus,
2661 4972 2838 5013 annos
2872 4966 3003 5012 tunc
3032 4966 3195 5027 natus
3218 4957 3531 5020 duodecim,
3566 4956 3622 5015 in

2048 5049 2275 5119 templo,
2326 5050 2380 5103 in
2434 5049 2615 5104 medio
2642 5049 2928 5106 doctorum
2960 5049 3181 5117 sedens,
3213 5048 3411 5105 doctos
3453 5047 3619 5103 doce-

2044 5140 2161 5194 bat.
2222 5138 2426 5194 Deinde
2469 5146 2724 5194 mortuus
2768 5146 2855 5194 est
2900 5137 3177 5208 Josephus
3207 5139 3299 5209 qui
3341 5137 3637 5195 Christum.

2045 5231 2411 5299 educaverat;
2447 5242 2700 5288 mortuus
2728 5232 2892 5287 etiam
2933 5232 3239 5288 Archelaus
3281 5245 3405 5286 cum
3442 5244 3638 5283 annos.

2048 5339 2242 5380 novem
2273 5336 2587 5395 regnasset,
2616 5326 2766 5381 nullo
2804 5326 2957 5397 regni
2992 5325 3205 5381 haerede
3233 5323 3446 5379 relicto.
3471 5320 3620 5380 Obiit

2047 5420 2213 5474 etiam
2249 5419 2528 5490 Augustus
2556 5421 2761 5484 Carsar,
2817 5428 3107 5492 postquam
3144 5432 3317 5473 annos
3346 5416 3620 5487 quinqua-

2047 5513 2199 5583 ginta
2229 5527 2325 5568 sex
2349 5521 2403 5568 et
2433 5528 2769 5572 sexmenses
2797 5514 3164 5584 imperasset;
3192 5508 3279 5562 cui
3309 5509 3371 5567 in.
3391 5508 3619 5579 imperio

2047 5605 2311 5661 Romanae
2342 5607 2610 5662 successit
2650 5607 2794 5664 illius
2838 5603 3012 5674 ipsius
3057 5601 3335 5666 Tiberius,
3384 5599 3620 5657 Domino

2050 5708 2238 5755 nostro
2269 5700 2493 5754 Christo
2521 5714 2697 5771 annos
2743 5706 2876 5752 tunc
2922 5695 3237 5767 quindecim
3291 5704 3440 5751 nato.
3490 5690 3619 5749 Fuit

2049 5799 2232 5847 autem
2265 5789 2489 5844 Tiberio
2519 5789 2635 5855 regi
2668 5787 2881 5843 amicus
2915 5787 3140 5844 nomine
3166 5784 3402 5851 Pilatus,
3443 5800 3509 5840 ex
3534 5783 3617 5836 in-

2050 5885 2171 5943 sula
2227 5884 2461 5956 quadam
2516 5883 2567 5938 in
2630 5882 2765 5938 mari
2820 5880 3008 5939 Romae
3036 5881 3236 5951 vicina,
3280 5894 3401 5952 qua!
3446 5876 3617 5932 Poma
