4034 6214
429 384 537 444 979

1454 394 1821 456 EUTYCHII
1859 396 2400 461 ALEXANDRINI
2432 398 2652 459 PATR.

3578 402 3679 465 980

425 504 653 550 vocatur
684 496 851 567 (unde
892 502 981 558 ille
1025 502 1233 561 Pilatus
1276 505 1507 562 Pontius
1554 506 1993 576 denotninatusl.
2025 512 2074 572 A
2102 510 2257 565 hasta
2319 509 2736 573 transﬂxerunt,
2795 508 2938 565 unde
2977 509 3187 567 emuxit
3237 526 3358 567 cum
3413 514 3678 583 sanguim

426 598 589 650 quem
629 583 830 643 Juda‘ae
871 591 1120 646 Archelai
1156 596 1277 649 loco
1312 597 1572 666 praefecit.

500 676 670 730 Porro
692 693 836 733 anno
872 684 1021 752 regni
1053 684 1255 741 Tiberii
1289 688 1520 744 Caesaris
1550 669 1767 745 decimo
1794 689 1989 761 quinto

426 768 681 835 apparuit
732 767 973 829 Joannes
1035 775 1315 834 Zacharize
1361 781 1508 837 illius
1575 782 1848 853 Baptista,
1903 782 1997 851 qui

427 859 592 931 316
617 858 837 919 Iudaeos
874 865 927 920 in
975 866 1218 926 Jordane
1260 872 1312 928 in
1363 883 1709 942 peccatorum
1744 875 1882 945 ipsis
1918 890 1995 929 res

431 950 749 1008 missionem
803 954 1141 1028 baptizavit;
1189 963 1255 1018 ad
1309 981 1469 1034 quem
1516 982 1639 1021 cum
1674 967 2000 1022 accessisset

431 1038 696 1100 Dominus
737 1058 947 1114 noster,
991 1060 1043 1105 et
1068 1053 1244 1123 ipsum
1296 1058 1349 1110 in
1399 1056 1640 1114 Jordane
1681 1059 1999 1129 baptizavit,

432 1148 607 1189 annos
647 1146 760 1190 tum
802 1152 988 1195 natum
1033 1146 1279 1215 triginta.“
1317 1147 1555 1205 llerodes
1594 1161 1795 1214 autem,
1835 1150 2003 1204 Hero-

433 1227 519 1283 dis
555 1230 649 1283 lilii
681 1232 955 1303 Antipatri
992 1236 1155 1303 lilius,
1186 1239 1413 1296 dimissa
1442 1257 1613 1296 uxore
1648 1257 1748 1297 sua
1776 1243 1999 1297 nomine

434 1318 619 1382 Areta,
658 1322 799 1391 regis
845 1324 1084 1379 Arabum
1134 1326 1269 1399 [ve],
1306 1329 1461 1397 juxta
1507 1332 1653 1385 aliud
1705 1335 2001 1401 exemplar,

437 1411 501 1464 Al
526 1410 717 1485 Gauri]
753 1413 884 1478 filia,
915 1434 1138 1473 uxorem
1173 1422 1361 1476 fratris
1394 1424 1478 1477 sui
1508 1423 1758 1495 Philippi,
1787 1426 2004 1480 nomine

438 1494 824 1569 llerodiadem,
871 1507 989 1573 ipso
1034 1508 1215 1563 adhuc
1263 1512 1408 1575 vivo,
1457 1514 1506 1566 vi
1551 1494 1784 1568 ablatam
1826 1514 2001 1567 duxit.

437 1592 582 1647 Dixit
640 1610 773 1665 ergo
821 1598 895 1651 illi
951 1597 1191 1658 Joannes
1227 1602 1385 1660 :Non
1442 1606 1569 1659 licet
1626 1605 1719 1660 tibi
1783 1622 2002 1661 uxorem

437 1685 628 1742 fratris
683 1689 759 1743 ιιιὶ
810 1690 930 1760 ipso
965 1693 1183 1749 vivente
1237 1697 1455 1751 ducere.
1507 1696 1687 1761 Quare
1736 1699 1909 1765 ipsum
1950 1699 2004 1753 in

434 1790 711 1834 carcerem
767 1782 965 1854 conjici
1025 1783 1215 1853 jussit.
1270 1786 1408 1840 Cum
1466 1788 1661 1842 deinde
1716 1790 2006 1844 comitibus

435 1870 554 1942 suis
585 1872 893 1928 convivium
925 1875 1277 1932 instruxisset
1306 1876 1567 1940 Herodes.
1596 1881 2009 1935 cometlcntibus
2045 1854 2084 1909 Β

435 1959 544 2015 illis
573 1969 627 2015 et
664 1962 993 2032 bibentibus,
1045 1967 1253 2023 saltans
1294 1968 1613 2025 lierodiadis
1647 1971 1755 2025 filia
1795 1974 1847 2026 in
1894 1988 2011 2027 me-

435 2052 526 2106 dio
558 2062 734 2108 cretus
770 2056 872 2123 ipsi
899 2058 1137 2124 placuit:
1170 2061 1255 2115 cui
1289 2061 1417 2116 ille:
1448 2061 1579 2117 Pete
1611 2078 1639 2116 a
1670 2079 1777 2125 me,
1813 2065 2010 2133 inquit,

436 2145 698 2215 quidquid
732 2149 828 2201 tibi
866 2148 1105 2205 libuerit.
1141 2152 1231 2206 Illa
1268 2168 1394 2223 ergo
1426 2155 1583 2223 petiit
1618 2165 1674 2208 ut
1706 2155 1811 2209 sibi
1844 2154 2011 2209 Joan-

437 2238 524 2291 nis
554 2250 715 2308 capnt
753 2240 806 2295 in
859 2242 1041 2311 patina
1078 2242 1265 2311 daret;
1319 2261 1489 2315 quare
1528 2247 1638 2311 ille,
1681 2244 1889 2302 Joanne
1920 2247 2011 2302 dev

437 2329 625 2382 collari
660 2330 832 2398 iusso,
868 2343 1031 2402 caput
1064 2334 1238 2403 ipsius
1273 2335 1322 2389 ei
1366 2336 1611 2391 tradidit.
1643 2336 1792 2393 Uxor
1831 2348 2010 2393 autem

438 2423 614 2492 ipsius
660 2425 819 2479 Areta
871 2426 937 2480 ad
994 2435 1201 2495 patrem
1255 2444 1413 2483 Suum
1448 2430 1607 2491 abiit,
1651 2431 1743 2499 qui
1790 2431 2015 2499 proinde

440 2519 517 2573 ira
546 2530 872 2586 commotus,
904 2522 1074 2592 copiis
1108 2522 1221 2579 suis
1252 2523 1496 2577 collectis
1522 2534 1713 2579 contra
1748 2524 2013 2579 llerodem

440 2610 736 2678 profectus,
799 2612 1057 2683 belloque
1119 2613 1293 2683 ipsum
1346 2629 1678 2686 aggressus,
1737 2616 2012 2670 sociorum

440 2703 613 2771 ipsius
648 2704 849 2760 multos
889 2705 1111 2771 occidit,
1159 2706 1342 2777 (alios)
1381 2708 1625 2777 captivos
1657 2710 1821 2777 cepit,
1854 2707 2016 2777 oppi-

442 2797 528 2849 dis
580 2812 770 2850 eorum
825 2797 1089 2863 incensis,
1142 2799 1306 2869 idque
1357 2815 1500 2855 anno
1552 2801 1764 2867 imperii
1811 2798 2015 2855 Tiberii

440 2888 673 2941 Caesaris
698 2888 908 2942 decimo
941 2900 1154 2944 oetavo.

512 2980 670 3031 Anno
720 2986 898 3032 autem
959 2982 1108 3049 regni
1168 2978 1419 3044 Herodis,
1478 2980 1568 3033 lilii
1620 2978 1873 3043 Herodis,
1925 2977 2016 3035 (illi

443 3066 737 3135 Antipatri,
770 3068 1031 3121 vicesimo
1077 3085 1245 3131 nono,
1293 3070 1591 3124 crucifixus
1632 3077 1713 3123 est
1758 3068 2017 3123 Dominus

444 3167 629 3212 uoster
658 3156 908 3213 Christus
950 3160 1035 3213 dic
1070 3159 1296 3215 Veneris
1330 3161 1532 3215 mensis
1576 3163 1617 3213 A
1642 3165 1719 3212 lar
1753 3161 1816 3212 vit
1839 3161 2011 3212 csimo
2040 3150 2080 3206 C

444 3249 627 3313 tertio,
655 3248 969 3304 Bormahati
988 3251 1247 3305 vicesimo
1267 3253 1400 3320 septi
1415 3268 1521 3311 mo.
1546 3250 1907 3319 317-319
1935 3249 2015 3303 id-

443 3357 549 3409 que
571 3342 672 3395 hoc
698 3352 858 3412 pacto
891 3360 905 3395 :
946 3341 1176 3395 Domino
1203 3350 1391 3395 nostro
1416 3341 1634 3395 Christo
1663 3341 1869 3394 Pascha
1891 3354 2013 3393 cum

442 3434 727 3503 discipulis
764 3434 878 3487 suis
902 3432 1239 3495 celebrante,
1272 3432 1338 3485 ad
1378 3443 1590 3486 noctem
1628 3431 1735 3484 diei
1764 3428 2014 3492 Veneris,

444 3526 533 3593 qui
582 3526 699 3579 dies
734 3524 1021 3578 Paschalis
1072 3524 1193 3584 fuit,
1244 3522 1435 3577 abiens
1466 3538 1494 3576 c
1530 3523 1814 3590 discipulis
1846 3521 2015 3590 ipsius

444 3615 659 3684 quidam
693 3616 909 3667 nomine
935 3612 1103 3669 Judns
1128 3613 1411 3668 lscariotes
1433 3614 1569 3667 dixit
1607 3614 1813 3671 Judmis
1838 3632 1850 3667 :
1875 3612 2014 3679 Quid

447 3706 577 3759 mihi
610 3706 833 3769 dabitis,
879 3716 939 3760 ut
986 3706 1078 3759 ubi
1112 3706 1185 3761 sit
1216 3706 1304 3761 ille
1349 3708 1502 3761 vobis
1535 3707 1768 3762 indicem
1800 3708 1823 3759 ?
1857 3722 2012 3761 cum-

445 3815 551 3867 que
578 3799 654 3851 illi
691 3798 914 3867 triginta
951 3807 1238 3869 argenteos
1267 3800 1367 3867 ipsi
1400 3800 1698 3863 dedissent,
1727 3800 1819 3853 ille
1851 3807 2014 3853 noctu

446 3890 571 3943 illos
603 3891 656 3943 iu
704 3891 880 3944 locum
919 3891 1009 3946 ubi
1052 3890 1211 3945 Jesus
1241 3906 1364 3945 cum
1402 3892 1688 3962 discipulis
1738 3893 1853 3946 suis
1888 3892 2009 3954 fuit,

446 3979 691 4035 adduxit.
724 3978 802 4033 Illi
835 3996 966 4050 ergo
1019 3981 1197 4048 ipsum
1252 3980 1581 4049 prehensum
1639 3980 1704 4033 ad
1738 3980 2016 4049 principes

446 4086 574 4126 suos
617 4074 826 4126 Annam
872 4083 925 4127 et
971 4072 1232 4140 Caipham
1292 4073 1605 4127 sacerdotes
1646 4073 2012 4135 abduxerunt,

445 4166 538 4235 qui
585 4168 763 4235 ipsum
804 4164 1133 4219 custoditum
1185 4164 1274 4218 die
1324 4165 1568 4218 crastino
1605 4163 1779 4217 Pilato
1823 4163 2015 4217 Pontio

446 4259 702 4330 praefecto
737 4260 1100 4315 tradiderunt.
1148 4260 1249 4325 Qui
1289 4276 1410 4315 cum
1446 4261 1581 4315 nihil
1611 4270 1803 4315 contra
1837 4261 2013 4327 ipsum

449 4353 740 4421 probatum
794 4350 1087 4413 inveniret.
1126 4353 1261 4406 dixit
1297 4352 1401 4406 illis
1435 4369 1447 4405 :
1483 4352 1621 4419 Quid
1653 4353 1720 4407 de
1760 4353 1862 4406 hoc
1897 4352 2015 4404 viro

445 4443 781 4511 dicitis,hoc,
801 4445 1046 4514 inquam,
1067 4459 1189 4513 rege
1206 4442 1550 4497 .ludtcorum?
1573 4443 2007 4511 Responderunt:

2113 617 2278 670 aqua.
2332 600 2463 657 Post
2508 610 2741 657 mortem
2797 602 2969 672 ipsius
3010 602 3279 659 accedens
3329 604 3412 658 vir
3458 604 3682 673 quidam

2106 695 2333 751 nomine
2381 695 2674 766 Josephus,
2728 710 2849 749 cum
2903 695 3021 750 dari
3071 697 3175 752 sibi
3229 696 3401 766 ipsum
3438 713 3465 750 a
3500 695 3677 751 Pilato

2101 787 2366 857 petiisset,
2401 801 2431 841 e
2478 800 2642 842 cruce
2675 786 3005 856 depositum.
3051 789 3340 857 linteisque
3378 789 3678 843 involutum

2102 881 2157 934 in
2194 886 2552 933 monumento
2587 892 2731 933 novo
2772 878 2917 948 Quod
2953 877 3054 933 sibi
3091 878 3376 941 eﬂ‘oderat,
3414 879 3680 948 sepelivit,

2100 972 2291 1040 lapide
2318 972 2523 1027 ostium
2548 971 2674 1039 ejus
2703 971 3020 1026 obstruens.
3053 972 3147 1026 Die
3176 973 3416 1025 crastino
3450 984 3677 1039 congre-

2103 1063 2208 1131 gati
2244 1062 2387 1129 apud
2421 1060 2652 1115 Pilatum
2684 1060 2877 1125 Judaei,
2917 1061 3176 1117 dixerunt
3217 1062 3323 1115 illis
3361 1061 3678 1116 :Timemus

2106 1174 2171 1213 ne
2209 1172 2371 1214 noctu
2429 1162 2750 1214 accedentes
2798 1158 3054 1227 discipuli
3096 1159 3235 1227 ejus,
3278 1172 3477 1226 corpus
3507 1158 3679 1226 ipsius

2107 1249 2465 1312 sull‘urentur,
2502 1251 2796 1320 dicamque
2845 1240 3157 1303 hominibus
3208 1249 3385 1317 ipsum
3436 1249 3489 1302 in
3538 1250 3671 1302 vivis

2106 1358 2246 1397 esse.
2284 1340 2424 1396 Jube
2460 1354 2591 1410 ergo
2624 1341 2896 1411 obsignari
2945 1340 3181 1409 lapidem
3215 1341 3307 1409 qui
3345 1339 3408 1394 ad
3450 1340 3677 1409 sepulcri

2105 1435 2303 1490 ostium
2344 1441 2448 1488 est.
2498 1433 2801 1502 Respondit
2841 1433 2979 1503 ipsis
3023 1431 3228 1485 Pilatus
3262 1449 3275 1484 :
3311 1432 3484 1493 Abite,
3521 1430 3680 1485 facite

2106 1526 2253 1595 quod
2314 1527 2469 1581 vobis
2506 1526 2709 1581 visum
2750 1524 2934 1580 fuerit.
2996 1524 3075 1577 illi
3131 1538 3261 1594 ergo
3315 1525 3679 1592 speculatores

2107 1621 2370 1689 quosdam
2431 1618 2707 1673 adhibitos
2764 1618 2829 1672 ad
2892 1618 3203 1687 sepulcrum
3263 1614 3679 1677 custodiendum

2108 1713 2474 1776 collocarunt,
2512 1710 2909 1778 ohsignatoque
2940 1709 3115 1779 lapide
3151 1708 3355 1763 reversi
3396 1715 3544 1762 sunt.
3574 1703 3684 1759 Mc-

2113 1799 2200 1852 dia
2248 1798 2451 1853 deinde
2493 1794 2653 1852 nocte
2683 1799 2771 1852 die
2802 1798 2999 1867 primo,
3045 1813 3167 1853 cum
3201 1798 3526 1851 accederent
3560 1811 3683 1849 mu-

2115 1892 2275 1945 lieres
2292 1891 2548 1958 ,quardam
2592 1902 2836 1943 aromata
2869 1898 2922 1943 ct
2951 1889 3305 1959 thymiamata
3343 1902 3527 1943 secum
3555 1884 3686 1941 aﬂ’e-

2115 1994 2296 2037 rentes
2319 1982 2522 2051 quibus
2553 1982 2861 2050 sepulcrum
2898 1980 3164 2045 suilirent,
3200 1995 3327 2034 ecce
3363 1978 3587 2045 angelus
3621 1984 3689 2033 de

2116 2076 2254 2129 caelo
2275 2074 2611 2128 descendens
2633 2075 2812 2142 lapide
2832 2089 2859 2124 a
2888 2072 3223 2127 monumenti
3248 2073 3387 2125 ostio
3410 2071 3688 2131 devoluto,

2116 2165 2216 2234 ipsi
2248 2164 2516 2219 insidebat
2542 2183 2556 2231 ;
2586 2165 2678 2234 qui
2713 2165 2846 2234 ipsis
2871 2164 3006 2218 dixit
3036 2181 3051 2218 :
3088 2161 3166 2217 Ne
3201 2163 3403 2229 timete,
3429 2162 3689 2216 surrexit.

2116 2257 2291 2311 Dicite
2333 2266 2513 2310 autem
2546 2257 2832 2326 discipulis
2866 2257 2987 2325 ejus
3018 2265 3077 2309 ut
3107 2256 3161 2309 in
3197 2264 3432 2308 montem
3457 2253 3693 2308 Galilaere

2119 2349 2556 2417 proficiscantur.
2592 2348 2664 2402 ibi
2708 2349 2852 2403 enim
2901 2348 3080 2416 ipsum
3117 2347 3464 2400 convenient.
3502 2343 3691 2397 Profe-

2117 2451 2217 2497 cue
2250 2456 2382 2512 ergo
2414 2442 2672 2496 mulieres
2707 2441 2772 2494 ad
2815 2440 3135 2509 discipulos,
3172 2440 3287 2493 haec
3321 2438 3452 2507 ipsis
3486 2452 3690 2491 renun-

2120 2536 2345 2589 tiarunt.
2396 2534 2747 2605 321-323
2807 2534 3081 2589 Satellites
3136 2541 3316 2587 autem
3364 2533 3453 2602 qui
3496 2547 3693 2585 monn-

2121 2633 2360 2678 mentum
2384 2624 2785 2687 custodierunt,
2816 2624 2869 2675 in
2899 2621 3093 2676 faciem
3132 2636 3310 2683 suam,
3341 2627 3685 2672 mortuorum

2121 2716 2314 2785 instar,
2344 2724 2640 2786 conspecto
2677 2714 2868 2783 angelo
2901 2720 2956 2768 et
2988 2711 3119 2781 quid
3178 2712 3402 2772 faceret,
3444 2708 3691 2779 procideo

2119 2816 2268 2861 runt.
2306 2810 2383 2862 Ac
2415 2823 2574 2861 mane
2601 2807 2828 2877 profecti
2871 2805 3097 2871 Judaeis,
3125 2802 3257 2873 quid
3292 2802 3427 2873 ipsis
3457 2799 3693 2854 accidis-

2120 2899 2673 2964 set,annuntiarunt;
2703 2899 2793 2967 qui
2827 2898 2932 2951 illis
2962 2897 3085 2951 data
3118 2896 3344 2964 pecunia
3376 2894 3633 2948 dixerunt
3667 2906 3688 2946 :

2123 2988 2180 3044 Si
2216 2991 2341 3058 quis
2396 2991 2461 3044 de
2511 2989 2614 3043 hoc
2647 3005 2745 3043 vos
2781 2988 3220 3054 interrogaverit,
3261 2985 3425 3038 dicite
3452 2982 3577 3049 ipsi,
3610 2981 3693 3033 di-

2123 3081 2362 3148 scipulos
2418 3082 2587 3147 ipsius
2638 3081 2813 3148 ipsum
2862 3079 3009 3133 furto
3058 3077 3373 3132 abstulisse.
3428 3071 3691 3141 Discipuli

2122 3189 2251 3228 vero
2296 3172 2349 3225 in
2384 3170 2620 3225 Galilrcaz
2666 3179 2923 3225 montana
2974 3170 3224 3239 profecti,
3274 3168 3349 3222 ibi
3399 3168 3688 3221 Dominum

2120 3272 2367 3318 nostrum
2396 3261 2676 3316 Christum
2722 3269 3122 3325 convenerunt,
3169 3258 3262 3329 qtti
3302 3260 3431 3326 ipsis
3465 3257 3694 3313 benedi-

2116 3370 2249 3411 cens
2290 3357 2342 3409 iu
2398 3354 2662 3409 mundum
2713 3356 2879 3419 misit,
2923 3363 2985 3408 ut
3035 3353 3287 3407 homines
3328 3352 3391 3404 ad
3440 3351 3599 3405 fidem
3635 3351 3689 3401 in

2117 3447 2354 3512 Patrem,
2390 3446 2612 3510 Filium,
2658 3453 2712 3500 et
2744 3444 3005 3514 Spiritum
3057 3451 3310 3496 sanctum
3360 3440 3680 3495 invitarent.

2116 3538 2254 3592 Tum
2309 3546 2429 3606 post
2482 3536 2847 3606 quadraginta
2904 3535 3021 3589 dies
3069 3534 3122 3586 in
3164 3532 3363 3586 caelum
3412 3530 3687 3587 ascendit.

2118 3644 2288 3684 annos
2319 3628 2526 3682 habens
2552 3626 2772 3696 triginta
2810 3634 2943 3679 tres.
2974 3622 3176 3677 Deinde
3209 3632 3329 3690 post
3354 3620 3541 3675 decem
3570 3619 3691 3673 dies

2117 3721 2463 3791 congregatis
2491 3719 2771 3786 discipulis
2812 3718 2865 3771 in
2892 3714 3179 3771 caenaculo
3206 3712 3430 3767 Sihonis
3458 3710 3694 3764 descen-

2120 3818 2199 3872 dit
2231 3818 2286 3871 in
2318 3818 2468 3886 ipsos
2507 3815 2747 3883 Spiritus
2784 3820 3029 3874 sanctus,
3058 3810 3197 3863 adeo
3228 3816 3286 3861 ut
3321 3805 3578 3859 omnibus
3615 3803 3696 3857 lo-

2120 3917 2420 3978 querentur
2452 3906 2672 3978 linguis.
2712 3903 2973 3973 Discipuli
3005 3910 3185 3957 autem
3225 3896 3469 3965 quotidie
3502 3897 3698 3965 sepul-

2118 4015 2269 4055 crum
2298 4007 2351 4054 et
2382 3999 2561 4053 locum
2616 3995 2796 4050 crucis
2837 3994 3080 4049 adibant.
3127 3989 3194 4043 At
3216 3989 3386 4042 Judaei
3413 3989 3527 4040 viso
3556 3985 3693 4051 quid

2119 4092 2361 4147 fecerunt
2383 4088 2659 4158 discipuli,
2687 4087 2965 4147 dixerunt,
2993 4083 3167 4137 Locus
3192 4082 3293 4134 iste
3314 4094 3419 4133 non
3446 4078 3698 4131 occulta-

2118 4184 2284 4246 bitur,
2330 4181 2682 4248 futurumque
2713 4186 2798 4233 est
2844 4177 2987 4229 utin
3037 4174 3157 4241 ipso
3193 4165 3483 4241 [erigatur]
3515 4167 3690 4221 :ediﬁ-

2117 4274 2292 4340 cium;
2341 4273 2562 4341 pulvere
2604 4284 2734 4339 ergo
2779 4267 3034 4321 obrutum
3074 4264 3412 4332 obtegamus,
3450 4273 3517 4312 ne
3559 4260 3693 4326 quis

2118 4368 2292 4436 ipsum
2316 4364 2638 4433 conspiciat,
2662 4368 2757 4417 aut
2779 4361 2946 4415 ullum
2973 4358 3075 4427 ipsi
3101 4353 3387 4422 vestigium
3413 4350 3689 4420 supersit;

2120 4459 2359 4529 quandiu
2391 4456 2534 4511 enim
2570 4454 2821 4509 homines
2857 4450 3168 4521 sepulcrum
3195 4459 3427 4499 vacuum
3451 4458 3691 4510 conspe-

370 4546 379 4557 '
446 4536 561 4589 Non
588 4547 670 4590 est
686 4535 845 4589 nobis
868 4551 960 4590 rex
992 4544 1187 4602 praeter
1214 4532 1502 4587 Czcsarem.
1530 4532 1669 4587 Dixit
1692 4532 1799 4589 illis
1826 4548 1840 4587 :
1864 4531 2008 4597 Quid
2043 4500 2087 4555 Β
2121 4500 2323 4614 ξξτίηι,
2374 4547 2633 4604 credam:
2690 4555 2839 4611 sum,
2887 4500 2953 4599 αἱ,
2999 4545 3159 4599 ﬁdem
3207 4536 3523 4599 adhibituri,
3558 4540 3699 4603 ‘qno

444 4642 573 4698 ergo
588 4628 711 4682 huic
727 4627 957 4682 faciam?
974 4627 1232 4683 Dixerunt
1246 4626 1321 4679 illi
1343 4645 1360 4681 :
1379 4626 1644 4695 Crucilige
1666 4642 1788 4682 eum
1806 4642 1822 4693 ;
1842 4626 2012 4695 siquii

446 4721 567 4772 dem
598 4719 907 4788 religionem
930 4729 1193 4785 nostram,
1220 4720 1467 4789 corrupit
1493 4734 1555 4772 ac
1578 4720 1747 4789 legem
1768 4725 2010 4773 nostram

446 4809 629 4872 solvit,
658 4823 717 4864 se
752 4807 845 4862 Dei
878 4809 1077 4863 Filiqu
1111 4824 1232 4864 csse
1256 4818 1581 4879 praetexens.
1608 4808 1855 4864 Metuens
1886 4824 2014 4879 ergo

444 4901 550 4955 hoc
582 4898 819 4971 [audito]
842 4900 1071 4966 Pilatus,
1089 4902 1340 4956 manibus
1366 4901 1480 4956 suis
1503 4917 1640 4970 aqua
1665 4900 1888 4962 ablutis,
1907 4915 1965 4956 se
1983 4915 2013 4955 a

445 4995 713 5064 sanguine
744 4995 914 5060 ipsius
959 4995 1241 5048 innoxium
1284 4994 1680 5063 pronuntiavit,
1712 4994 2013 5048 inclaman-

446 5085 590 5141 tibus
620 5084 824 5140 Judmis
854 5086 1172 5155 sanguinem
1203 5085 1321 5152 ejus
1362 5101 1528 5155 super
1558 5085 1707 5155 ipsos
1738 5086 2013 5155 ipsorum-

444 5192 548 5248 que
579 5177 782 5232 liberos
825 5176 1090 5232 futurum.
1139 5177 1276 5231 Tum
1319 5178 1559 5248 crucifigi
1594 5180 1769 5250 ipsum
1799 5180 2009 5246 jussit;

445 5285 660 5340 unaque
698 5268 945 5324 crucifixi
992 5280 1119 5324 sunt
1155 5268 1266 5321 duo
1296 5269 1559 5333 latrones,
1593 5284 1736 5323 unus
1769 5269 1835 5322 ad
1880 5269 2013 5324 dex-

445 5371 584 5414 tram
633 5362 828 5431 ipsius,
875 5362 1011 5415 alter
1065 5360 1129 5415 ad
1186 5360 1487 5422 sinistram,
1530 5359 1659 5413 hora
1708 5370 1858 5416 sexta
1907 5362 2014 5418 diei

444 5449 714 5519 Veneris;
749 5455 983 5508 tenebrm
1016 5466 1198 5509 autem
1238 5468 1439 5507 crassae
1481 5451 1657 5507 instar
1686 5456 1864 5510 noctis
1908 5464 2016 5509 ter-

446 5554 563 5593 ram
610 5548 778 5595 tutam
825 5543 1169 5603 obtexernnt.
1204 5545 1531 5601 obscuratus
1573 5547 1672 5602 fuit
1716 5549 1820 5609 sol,
1850 5550 2017 5621 320

446 5644 815 5697 apparuerunt
877 5636 1065 5702 stellae,
1109 5637 1248 5692 fissae
1293 5646 1420 5693 sunt
1468 5648 1654 5709 petrae,
1707 5644 2016 5713 mortuique

446 5722 755 5788 complures
803 5737 833 5777 e
865 5726 1129 5793 sepulcris
1174 5730 1288 5783 suis
1323 5743 1763 5788 resurrexerunt.
1800 5732 2012 5790 Mortuo

447 5823 573 5863 vero
604 5808 830 5866 Domino
864 5824 1051 5869 nostro
1095 5818 1312 5877 Christo
1347 5825 1400 5880 in
1434 5840 1632 5897 cruce,
1668 5826 1808 5883 latus
1839 5825 2011 5896 ipsius

2118 4651 2278 4713 pacto
2333 4639 2684 4709 abrogabitur
2744 4638 2904 4693 nobis
2961 4636 3156 4705 religio
3217 4643 3423 4688 nostra.
3481 4630 3693 4683 Locum

2113 4745 2242 4798 ergo
2269 4729 2491 4799 pulvere
2547 4728 2896 4793 obtexeruut,
2946 4726 3080 4781 adeo
3119 4733 3179 4778 ut
3228 4735 3484 4792 magnum
3534 4719 3700 4772 ﬂeret

2114 4821 2530 4877 stercorarium.

2187 4914 2353 4965 Porro
2378 4909 2585 4967 Pilatus
2608 4907 2887 4962 Tiberium
2919 4921 3098 4976 regem
3124 4905 3191 4960 de
3219 4904 3381 4959 rebus
3410 4902 3474 4955 ad
3509 4899 3708 4953 Domi-

2115 5018 2244 5056 num
2296 5008 2543 5056 nostrum
2584 4999 2865 5054 Christum
2916 4996 3290 5066 spectantibus
3335 5009 3432 5062 per
3480 4992 3704 5045 litteras

2113 5095 2279 5167 324
2304 5096 2596 5150 certiorem
2624 5092 2773 5157 fecit,
2801 5106 2903 5146 nec.
2933 5106 3041 5145 non
3072 5089 3140 5144 de
3171 5086 3461 5158 discipulis
3491 5084 3701 5153 ipsius,

2115 5189 2410 5257 multisque
2467 5202 2592 5257 qum
2646 5186 2716 5240 ab
2775 5184 2912 5253 ipsis
2971 5189 3328 5252 patrarentur
3381 5178 3699 5243 miraculis,

2114 5290 2344 5351 mgrotos
2377 5278 2644 5339 sanando.
2691 5287 2936 5331 mortuos
2983 5271 3362 5328 resuscitando
3389 5288 3404 5334 ;
3435 5268 3528 5339 qui
3564 5283 3703 5338 pro-

2117 5384 2301 5442 pterea
2338 5372 2395 5427 in
2425 5371 2699 5425 Christum
2726 5368 3015 5423 Dominum
3047 5374 3297 5420 nostrum
3334 5362 3558 5418 credere
3591 5376 3702 5415 vo-

2116 5464 2237 5527 luit,
2266 5479 2329 5518 ac
2354 5463 2671 5532 religionem
2698 5460 3066 5514 Christianam
3100 5456 3379 5527 publicare
3406 5471 3421 5518 ;
3446 5462 3501 5506 at
3530 5453 3701 5521 sequi

2118 5554 2172 5609 in
2208 5558 2311 5609 hoc
2344 5556 2526 5625 ipsum
2558 5554 2849 5607 noluerunt
2880 5552 3108 5605 comites
3134 5550 3328 5617 ipsius.
3362 5545 3557 5600 Herodi
3590 5559 3705 5599 au-

2116 5654 2225 5700 tem
2258 5644 2433 5700 iratus
2465 5651 2572 5706 est,
2616 5643 2759 5712 quod
2796 5641 3090 5706 Joannem,
3141 5638 3465 5695 Herodiadis
3497 5636 3703 5693 fratris

2118 5736 2201 5793 sui
2228 5734 2415 5790 uxoris
2448 5734 2649 5805 gratia,
2688 5733 3077 5798 interfecisset,
3104 5740 3158 5787 et
3191 5748 3316 5786 cum
3352 5731 3490 5799 ipsa,
3520 5729 3597 5783 illi
3629 5730 3698 5784 vi

2117 5828 2323 5895 ablata,
2362 5834 2611 5897 stuprum
2645 5826 3033 5890 commisisset,
3066 5825 3324 5895 quodque
3370 5824 3435 5877 de
3462 5820 3705 5875 Christo
