4034 6214
328 424 443 481 ’981

342 622 396 675 in
431 619 746 688 Hispaniam
781 620 1064 689 relegavit,
1101 620 1427 689 praefectura
1464 622 1638 689 ipsius
1681 621 1733 674 in
1769 622 1919 674 Pila-

342 720 454 764 tum
485 709 704 765 collata.
733 707 811 764 Eo
838 719 1097 780 regnante
1131 712 1351 769 condita
1380 722 1467 767 est
1492 713 1623 766 urbs
1647 710 1919 777 Tiberius,

343 805 423 858 ita
450 804 517 858 de
567 806 783 857 nomine
818 805 1022 860 Tiberii
1064 807 1411 875 imperatoris
1448 807 1743 877 appellata.
1775 805 1930 882 Obiit.

343 895 540 959 deinde
599 894 849 951 Tiberius
898 898 1101 962 Casar,
1161 909 1449 968 postquam
1504 914 1678 954 annos
1728 899 1919 969 viginti

343 989 504 1047 duos.
537 1002 601 1042 ac
632 1002 874 1042 mensem
913 1005 1080 1042 unum
1132 1001 1416 1059 regnasset
1449 1006 1466 1045 :
1499 1000 1762 1059 regnante
1797 1000 1922 1060 post

343 1079 521 1149 ipsum
581 1077 716 1132 Caio
767 1076 1005 1142 Casare,
1063 1094 1237 1135 annos
1291 1088 1528 1149 quatuor
1567 1094 1693 1135 cum
1744 1080 1920 1135 tribus

344 1171 648 1234 mensibus,
684 1171 803 1225 viro
852 1170 1094 1226 moribus
1142 1170 1293 1235 feris,
1343 1172 1603 1241 superbo,
1652 1187 1717 1226 ac
1764 1169 1920 1226 valde

345 1278 611 1334 nequam.
645 1263 742 1317 Hic
795 1263 1029 1318 Pilatum
1084 1264 1313 1318 Romam
1368 1266 1696 1319 accersitum
1743 1273 1922 1319 morte

345 1357 620 1412 multavit.
659 1358 904 1426 Prolapsi
937 1366 1120 1413 autem
1153 1356 1326 1413 Judai
1357 1358 1426 1413 ad
1461 1358 1725 1427 majorem
1754 1374 1918 1427 quam

345 1465 454 1518 qua
502 1459 661 1503 antea
715 1450 929 1504 fuerant
959 1451 1281 1520 nequitiam,
1313 1465 1436 1506 cum
1473 1453 1526 1506 in
1561 1452 1712 1520 ipsos
1742 1451 1917 1505 irrue-

349 1547 469 1593 rent
503 1538 761 1604 Romani,
798 1555 1046 1609 magnam
1104 1555 1291 1594 eorum
1324 1551 1558 1611 stragem
1592 1541 1917 1606 ediderunt;

344 1632 504 1700 cujus
529 1645 653 1685 cum
684 1633 749 1685 ad
782 1632 972 1691 Caium
1003 1631 1277 1687 Caesarem
1312 1633 1699 1703 imperatorem
1724 1649 1920 1703 perve-

343 1724 515 1777 nisset
550 1721 716 1787 fama,
742 1724 834 1776 ille
864 1738 1087 1776 suorum
1111 1724 1420 1791 quemdam,
1452 1724 1673 1778 nomine
1699 1723 1918 1778 lrudum

343 1810 643 1865 Aristobuli
694 1810 1007 1880 filium,qui
1049 1820 1105 1866 et
1151 1812 1427 1881 Agrianus
1476 1814 1786 1884 appellatus
1814 1824 1917 1881 est,

343 1903 738 1974 Hierosolymis
768 1903 1034 1971 prafecit,
1086 1903 1285 1957 additis
1317 1905 1479 1958 etiam
1513 1915 1750 1972 quatuor
1793 1922 1923 1975 pro-

342 1996 543 2052 vinciis
573 2011 714 2065 quas
763 1994 1019 2059 Herodis,
1062 1995 1154 2049 lilii
1198 1995 1497 2066 Antipatri,
1538 1997 1634 2051 lilii
1676 1999 1817 2054 inter
1863 2017 1920 2056 se

342 2088 527 2157 partiti
589 2087 948 2158 325-327
997 2086 1235 2142 fuerant.
1297 2088 1423 2142 Fuit
1484 2088 1761 2158 Agrianos
1820 2091 1920 2146 iste

344 2190 523 2240 prava
578 2176 1038 2241 conversationis,
1085 2192 1149 2231 ac
1202 2175 1384 2231 multa
1439 2180 1664 2234 malitia
1720 2182 1823 2245 vir,
1864 2183 1918 2236 in

344 2266 643 2337 discipulos
694 2266 1461 2342 crudelitatem_[exercens].
1509 2270 1602 2326 lile
1648 2285 1791 2337 erat,
1825 2275 1917 2344 qui

346 2360 678 2431 Stephanum
717 2370 1011 2432 martyrem
1045 2371 1100 2417 et
1129 2364 1479 2417 diacouorum
1513 2366 1822 2435 principem
1850 2382 1917 2421 ac

343 2455 577 2525 primum
608 2456 877 2525 lapidibus
903 2457 1158 2510 obrutum
1196 2456 1504 2523 interfecit;
1538 2460 1739 2527 quique
1762 2459 1919 2515 Jaco-

341 2548 471 2602 bum
494 2538 723 2617 Joannis
744 2548 965 2600 fratrem
991 2546 1233 2603 Zebedai
1254 2549 1422 2602 lilium
1451 2550 1632 2619 gladio
1655 2551 1876 2605 sustulit
1900 2568 1916 2620 ;

342 2640 671 2710 Petrumque
704 2640 757 2693 in
791 2655 1070 2695 carcerem
1106 2640 1416 2707 conjectum
1449 2656 1480 2696 e
1512 2642 1694 2696 medio
1725 2642 1917 2697 tollere

341 2731 395 2787 in
427 2733 610 2787 animo
642 2733 857 2797 habuit,
893 2749 1054 2803 quem
1087 2742 1268 2788 tamen
1303 2748 1405 2803 ope
1436 2749 1532 2788 sua
1569 2733 1715 2788 Dens
1740 2750 1771 2789 e
1803 2751 1918 2789 ma-

342 2826 504 2881 nibus
525 2827 643 2895 ejus
665 2827 908 2895 eripuit;
945 2828 1037 2896 qui
1062 2830 1130 2881 ab
1159 2828 1277 2894 ipso
1306 2827 1647 2883 Antiochiam
1676 2828 1913 2898 fugiens,

339 2919 633 2974 Arcadium
682 2919 989 2973 Antiochia
1036 2918 1406 2987 patriarcham
1458 2918 1770 2981 constituit,
1825 2920 1915 2974 cui

341 3027 517 3068 annos
544 3012 735 3079 viginti
772 3020 981 3081 septem
1015 3011 1255 3079 praefuit.
1286 3013 1464 3078 Atque
1495 3011 1586 3065 hic
1617 3011 1827 3078 primus
1858 3012 1913 3066 in

338 3106 474 3161 urbe
496 3105 804 3159 Antiovhia
838 3103 1145 3174 patriarcha
1178 3103 1355 3158 factus
1378 3112 1481 3158 est.
1516 3103 1802 3158 Profectus
1830 3111 1913 3159 est

1781 394 2174 478 ANNALESQ

340 527 616 584 cruciflxo
642 524 866 595 gavisus
900 536 1077 590 esset;
1113 543 1283 596 quare
1329 528 1559 582 Romam
1598 528 1924 582 accersitum
1957 522 1999 578 Α
2030 526 2377 583 Antiochiam
2407 569 2420 591 ,

3496 422 3606 489 982

2496 529 2631 585 alios
2694 528 2919 584 Romam
2985 529 3231 599 captivos
3297 530 3597 587 abducens.

2100 616 2271 673 Porro
2315 634 2459 675 anno
2505 621 2718 676 Claudii
2769 620 3003 677 Caesaris
3051 635 3219 684 nono,
3267 620 3596 688 evangelista

2030 709 2245 765 Marcus
2276 712 2331 765 in
2380 712 2519 767 urbe
2562 713 2903 768 Alexandria
2950 713 3200 768 homines
3250 711 3315 765 ad
3348 712 3505 767 fidem
3545 715 3605 767 in

2028 801 2311 858 Christum
2344 802 2634 857 Dominum
2684 814 2931 859 nostrmu
2985 803 3231 857 inritavit
3272 820 3285 856 :
3338 803 3439 872 qui
3473 802 3598 857 dum

2029 894 2220 949 urbem
2260 895 2660 963 perambularet
2694 897 2946 952 diffracta
2995 905 3080 952 est
3122 897 3223 966 ipsi
3270 896 3437 951 calcei
3476 912 3602 950 cor-

2027 984 2205 1054 rigia;
2239 1001 2410 1054 quare
2441 987 2505 1041 ad
2526 996 2768 1044 sutorem
2804 991 3024 1044 nomine
3044 988 3347 1044 Hananiam
3384 1005 3441 1043 se
3474 1002 3605 1043 con-

2026 1078 2166 1144 tulit,
2201 1080 2292 1149 qui
2330 1080 2572 1135 calceum
2617 1082 2789 1151 ipsius
2839 1083 3103 1138 reﬂceret.
3149 1082 3245 1137 Ille
3288 1082 3482 1138 subula
3534 1081 3604 1135 ad

2028 1170 2416 1240 perforandum
2454 1172 2697 1227 calceum
2731 1181 2973 1243 sumpta,
3008 1188 3133 1229 cum
3175 1172 3403 1240 digitum
3443 1187 3601 1227 suum

2026 1262 2386 1331 perforasset.
2442 1265 2578 1319 adeo
2622 1273 2683 1319 ut
2739 1266 2971 1320 multum
3016 1265 3266 1320 emueret
3314 1263 3603 1331 sanguinis

2028 1368 2130 1409 nec
2158 1355 2279 1411 sine
2336 1355 2522 1410 dolore
2553 1356 2776 1425 ingenti,
2809 1358 2860 1411 in
2899 1356 3138 1411 Marcum
3184 1357 3603 1411 submurmura-

2026 1446 2104 1498 vit
2137 1462 2150 1498 :
2191 1446 2277 1499 cui
2312 1462 2443 1517 ergo
2482 1447 2699 1503 Marcus
2740 1467 2755 1503 ε
2787 1447 2844 1504 Si
2888 1448 3207 1509 credideris,
3240 1446 3597 1517 329-331

2029 1537 2227 1605 inquit,
2263 1538 2316 1591 in
2359 1538 2545 1594 Jesum
2582 1541 2860 1596 Christum
2914 1540 3110 1595 Filium
3155 1541 3269 1606 Dei,
3322 1541 3605 1595 sanabitur

2027 1630 2232 1697 digitus
2265 1640 2390 1685 tuus
2431 1648 2445 1685 :
2479 1647 2543 1686 ac
2584 1635 2861 1702 prehenso
2897 1634 3072 1701 ipsius
3114 1632 3302 1702 digito,
3336 1614 3513 1686 dixit?
3543 1630 3601 1683 In

2030 1722 2249 1776 nomine
2276 1722 2406 1778 Jesu
2437 1724 2643 1779 Christi
2668 1732 2894 1779 sanetur
2925 1726 3129 1795 digitus
3158 1737 3282 1779 tuus
3309 1741 3324 1790 ;
3349 1724 3438 1793 qui
3470 1736 3603 1788 ergo

2029 1814 2217 1865 eodem
2267 1821 2548 1867 momento
2585 1813 2640 1867 in
2683 1815 2975 1868 sanitatem
3021 1798 3309 1867 restitutus
3339 1821 3442 1875 est,
3477 1826 3604 1866 san-

2029 1902 2191 1971 guine
2224 1903 2462 1972 amplius
2509 1918 2616 1959 non
2648 1904 2923 1959 emuente.
2979 1903 3222 1957 Credidit
3256 1918 3388 1971 ergo
3423 1904 3490 1956 ab
3535 1916 3601 1957 eo

2024 2003 2272 2064 tempore
2326 1995 2603 2050 Hananias
2648 1996 2704 2050 in
2760 1995 3061 2060 Christum,
3117 1995 3260 2049 unde
3303 1994 3601 2065 baptizavit

2021 2102 2146 2141 eum
2179 2085 2401 2141 Marcus
2430 2095 2483 2139 et
2513 2086 2858 2141 Alexandria
2896 2086 3266 2151 patriarcham
3293 2086 3597 2140 constituit.
3628 2078 3640 2151 ἐ

2023 2174 2256 2246 Fuitque
2289 2179 2336 2232 is
2371 2176 2809 2245 patriarcharum
2853 2176 2943 2246 qui
2979 2176 3321 2230 Alexandria
3355 2175 3597 2244 praefecti

2021 2276 2146 2322 sunt
2177 2266 2409 2335 primus.
2441 2266 2743 2321 Constituit
2780 2275 2959 2321 autem
2996 2266 3328 2336 evangelista
3365 2264 3598 2330 Marcus,

2022 2374 2129 2412 una
2159 2373 2284 2412 cum
2325 2358 2574 2412 iianauia
2606 2357 2944 2427 patriarcha,
2980 2357 3273 2412 duodecim
3314 2357 3603 2426 presbyte-

2022 2464 2135 2514 ros,
2162 2450 2252 2517 qui
2299 2464 2495 2518 nempe
2522 2463 2646 2502 cum
2687 2448 2995 2518 patriarcha
3025 2461 3333 2513 manerent,
3370 2447 3508 2501 adeo
3540 2454 3600 2501 ut

2021 2556 2144 2597 cum
2174 2550 2389 2596 vacaret
2415 2540 2842 2611 patriarchatus,
2869 2556 3037 2594 unum
3062 2555 3093 2594 e
3141 2538 3433 2594 duodecim
3470 2554 3609 2611 prec;

2021 2634 2255 2706 sbyteris
2273 2608 2557 2704 eligerent,
2579 2636 2738 2703 cujus
2768 2634 2929 2704 capiti
2964 2634 3157 2704 reliqui
3188 2634 3439 2689 undecim
3479 2608 3610 2688 τηε-ί

2021 2743 2126 2782 nus
2158 2726 2501 2796 imponentes
2540 2727 2646 2796 ipsi
2702 2726 3090 2781 benedicerent
3131 2735 3186 2780 et
3227 2724 3625 2794 patriarcham,

2021 2828 2313 2884 crearent;
2363 2817 2565 2874 deinde
2599 2819 2778 2872 virum
2834 2818 3067 2888 aliquem
3122 2819 3391 2888 insignem
3430 2818 3600 2888 elige-

2020 2918 2142 2965 rent
2184 2926 2344 2981 quem
2390 2926 2575 2967 secum
2612 2912 2988 2982 presbyterum
3037 2911 3442 2965 constituerent
3476 2910 3599 2965 loco

2020 3004 2141 3072 ejus
2167 3006 2259 3073 qui
2286 3004 2462 3060 factus
2492 3015 2577 3059 est
2605 3004 2942 3074 patriarcha,
2973 3012 3031 3058 ut
3067 3005 3139 3058 ita
3169 3019 3382 3073 semper
3411 3012 3599 3057 exsta-

2018 3102 2146 3151 rent
2177 3097 2487 3151 duodecim.
2538 3094 2727 3165 Neque
2774 3096 2936 3152 desiit
2980 3096 3326 3150 Alexandria
3373 3092 3615 3189 institu-j

338 3195 533 3251 deinde
560 3194 755 3251 Petrus
784 3195 1036 3260 Ιίθηιδηι,
1065 3195 1208 3264 quod
1237 3210 1380 3250 anno
1407 3195 1556 3266 regni
1590 3194 1704 3249 caii
1737 3194 1917 3249 (13-53-
1946 3205 1991 3263 c
2024 3193 2138 3240 tum
2170 3186 2275 3240 hoc
2294 3186 2363 3241 de
2384 3184 2738 3255 presbyteris,
2761 3194 2819 3238 ut
2843 3185 3056 3240 scilicet
3084 3185 3424 3253 patriarchas
3447 3201 3602 3240 crea-

342 3286 418 3339 ris
464 3285 706 3339 secundo
745 3286 997 3356 contigit.
1057 3286 1249 3339 Incidit
1298 3294 1484 3339 autem
1536 3285 1809 3355 Agrianus
1860 3285 1915 3340 in

341 3373 590 3428 morbum
652 3389 897 3444 gravem,
954 3390 1067 3442 quo
1116 3383 1445 3445 consumpta
1502 3390 1669 3431 carne
1720 3375 1915 3444 ipsius,

341 3474 505 3533 atque
537 3466 811 3520 exsiccato
838 3480 1088 3535 corpore,
1137 3475 1387 3521 mortuus
1414 3474 1515 3521 cst.
1555 3466 1757 3521 Audito
1786 3482 1919 3536 ergo

338 3557 638 3625 Agrianum
665 3566 938 3611 mortuum
967 3573 1108 3620 esse,
1129 3557 1293 3611 alium
1316 3557 1370 3611 in
1399 3557 1578 3612 locum
1606 3559 1723 3625 ejus
1754 3558 1920 3613 suile-

339 3650 418 3702 cit
473 3649 637 3703 Caius
694 3650 1034 3719 imperator,
1098 3650 1319 3705 nomine
1374 3651 1538 3705 etiam
1589 3651 1915 3721 Agrianum,

342 3755 501 3808 quem
541 3740 913 3811 Hierosolyma
952 3742 1124 3797 misit.

412 3829 584 3885 Porro
607 3848 751 3885 anno
780 3832 933 3900 regni
969 3832 1143 3901 ipsius
1169 3831 1416 3887 secundo
1448 3831 1625 3886 factus
1652 3844 1734 3886 est
1755 3832 1921 3887 Jaco-

345 3924 446 3979 hus
476 3923 701 3993 Josephi
741 3925 906 3990 tilius,
943 3925 1038 3995 qui
1069 3935 1123 3979 et
1153 3924 1322 3979 frater
1363 3925 1575 3980 Domini
1607 3926 1781 3981 nostri
1822 3941 1920 3994 ap-

343 4017 597 4083 pellatur,
641 4018 930 4086 episc0pus
978 4017 1532 4088 llierosolymitanus,
1563 4017 1656 4086 qui
1708 4017 1921 4086 primus

343 4107 471 4161 huic
503 4106 712 4161 muneri
752 4104 1143 4177 Hierosolymis
1168 4106 1459 4177 praefectus
1487 4113 1591 4169 est,
1618 4121 1728 4176 quo
1750 4120 1921 4160 annos

342 4199 536 4269 viginti
591 4209 713 4254 octo
764 4198 989 4255 functus
1037 4208 1141 4254 est.
1200 4199 1400 4254 Gravia
1451 4206 1633 4252 autem
1684 4199 1843 4252 valde
1891 4213 1921 4251 a

342 4288 545 4344 Judais
596 4303 652 4346 ct
701 4291 965 4347 Romanis
1020 4291 1162 4361 passi
1223 4300 1355 4347 sunt
1403 4290 1680 4360 discipuli,
1738 4290 1922 4345 multis

345 4384 591 4452 ipsorum
623 4394 798 4440 morte
824 4386 1058 4441 alfectis.
1090 4385 1303 4439 Mortuo
1326 4392 1508 4439 autem
1532 4384 1663 4439 Caio
1686 4384 1921 4449 Casare,

346 4475 528 4530 Roma
558 4487 681 4545 post
718 4477 897 4545 ipsum
930 4476 1220 4546 imperavit
1249 4476 1421 4546 328
1449 4474 1712 4529 Claudius
1738 4474 1921 4529 Casar

2021 3288 2145 3339 rent
2173 3293 2239 3333 ex
2285 3278 2619 3349 presbyteris
2658 3277 2972 3339 duodecim,
3023 3292 3196 3346 usque
3239 3277 3306 3331 ad
3354 3288 3598 3348 tempora

2019 3369 2313 3424 Alexandri
2353 3370 2682 3440 patriarchae
2718 3369 3098 3434 Alexandrini,
3133 3369 3224 3438 qui
3268 3369 3369 3423 fuit
3398 3384 3462 3423 ex
3491 3386 3597 3423 nu-

2021 3477 2172 3517 mero
2204 3461 2298 3515 illo
2322 3470 2691 3516 trecentorum
2715 3468 2769 3516 et
2795 3461 3121 3516 octodecim.
3150 3461 3201 3516 is
3230 3470 3407 3515 autem
3428 3462 3599 3515 vetuit

1969 3571 1975 3578 '
2023 3570 2094 3610 ne
2142 3553 2402 3622 deinceps
2439 3552 2813 3622 patriarcham
2861 3553 3167 3623 presbyteri
3216 3562 3486 3608 crearent.
3536 3553 3603 3608 Et

2021 3646 2262 3702 decrevit
2289 3657 2349 3699 ut
2379 3654 2596 3701 mortuo
2626 3645 2938 3715 patriarcha
2970 3644 3329 3700 convenirent
3355 3645 3597 3715 episcOpi

2022 3739 2114 3807 qui
2156 3741 2522 3809 patriarcham
2557 3740 2897 3795 ordinarent.
2933 3739 3186 3795 Decrevit
3225 3740 3356 3795 item
3396 3748 3471 3800 ut.
3504 3755 3599 3793 va-

2022 3841 2184 3885 cante
2224 3832 2385 3901 332
2414 3833 2809 3900 patriarcham,
2856 3833 3126 3901 eligerent
3155 3847 3220 3887 ex
3270 3847 3601 3902 quacunque

2024 3920 2246 3974 tandem
2279 3922 2519 3990 regione,
2552 3922 2667 3977 sive
2696 3936 2760 3975 ex
2788 3922 3076 3981 duodecim
3110 3923 3220 3977 illis
3247 3923 3601 3992 presbyteris,

2025 4013 2140 4068 sive
2173 4013 2316 4079 aliis,
2349 4013 2524 4066 virum
2553 4013 2792 4082 aliquem
2823 4013 3109 4077 eximium,
3144 4023 3444 4082 perspecta
3476 4030 3603 4083 pro-

2025 4105 2230 4170 bitatis,
2281 4120 2518 4173 eumque
2570 4104 2942 4173 patriarcham
2985 4115 3253 4159 crearent.
3306 4108 3479 4172 Atque
3528 4106 3603 4159 ita

2026 4200 2248 4256 evanuit
2277 4200 2588 4253 institutum
2621 4198 2754 4252 illud
2806 4198 3107 4267 antiquius,
3158 4214 3266 4267 quo
3301 4198 3477 4251 creari
3512 4214 3604 4251 so-

2025 4294 2155 4347 litus
2179 4308 2206 4344 a
2233 4292 2567 4362 presbyteris
2594 4291 2904 4361 patriarcha
2931 4332 2946 4354 ,
2977 4300 3026 4345 et
3053 4293 3315 4346 successit
3335 4292 3386 4345 in
3416 4292 3597 4345 locum

2025 4386 2145 4455 ejus
2177 4386 2455 4439 decretum
2488 4384 2557 4438 de
2591 4382 2903 4451 patriarcha
2934 4383 3003 4438 ab
3030 4383 3301 4453 episcopis
3338 4385 3597 4439 creando.

2026 4475 2181 4543 Quod
2212 4485 2393 4532 autem
2421 4483 2677 4545 quarunt
2714 4474 3032 4547 [nonnulli],
3063 4474 3248 4541 Quare
3286 4476 3601 4545 patriarcha

344 4581 518 4621 annos
550 4568 987 4637 quatuordecim,
1024 4583 1133 4636 quo
1180 4568 1484 4637 imperante
1514 4565 1688 4627 fames
1726 4581 1920 4637 magna
1948 4587 2001 4646 Β
2027 4568 2430 4623 Alexandrinus
2462 4575 2688 4622 vocetur
2732 4567 2872 4637 Papa
2927 4566 3107 4637 (cujus
3138 4566 3377 4621 nominis
3432 4568 3601 4637 signi-

344 4670 399 4714 et
435 4660 616 4730 gravis
645 4677 737 4729 per
769 4670 939 4715 totum
971 4662 1157 4715 orbem
1205 4660 1331 4725 fuit,
1364 4660 1523 4723 cujus
1553 4660 1918 4723 vehementia,

343 4760 399 4806 et
448 4764 598 4822 peste
652 4752 852 4806 mortui
905 4762 1033 4808 sunt
1082 4752 1355 4807 homines.
1407 4750 1663 4820 Ejusdem
1711 4749 1921 4804 Claudii

346 4852 592 4912 tempore
617 4842 836 4909 scripsit
865 4841 1151 4897 Mattbaus
1181 4840 1571 4911 Evangeliuum
1605 4855 1765 4894 suum
1796 4838 1925 4894 Ilie-

346 4937 658 5005 rosolymis,
723 4937 913 5006 lingua
965 4938 1255 5002 Hebraica,
1308 4936 1456 5006 quod
1512 4934 1704 4990 Graec
1758 4936 1922 4990 vertit

340 5027 583 5083 Joannes
637 5029 997 5098 evangelista.
1047 5028 1218 5083 Porro
1273 5027 1444 5081 Judaei
1498 5027 1713 5096 pejores
1759 5041 1922 5096 quam

344 5122 562 5176 fuerant
589 5129 644 5176 et
671 5124 1052 5178 sceleratiores
1077 5129 1393 5184 evaserunt,
1425 5121 1561 5173 adeo
1582 5129 1639 5172 ut
1665 5120 1756 5174 alii
1787 5120 1924 5173 alios

347 5214 399 5266 in
431 5214 623 5290 plateis
671 5225 728 5267 et
761 5215 992 5281 campis,
1029 5229 1138 5281 qua
1196 5222 1351 5267 erant
1404 5214 1643 5280 nequitia
1680 5222 1735 5268 et
1768 5214 1926 5266 mali-

346 5311 443 5371 tia,
476 5305 814 5361 occiderent.
847 5306 1118 5375 Agrianos
1143 5319 1272 5374 ergo
1304 5303 1804 5375 Hierosolymorum
1838 5322 1924 5360 re-

345 5399 536 5467 gimini
568 5399 861 5469 quemdam
896 5399 1121 5453 nomine
1151 5396 1370 5452 Festqu
1407 5398 1733 5465 praiiciens,
1766 5412 1827 5453 se
1856 5398 1926 5451 ab

344 5491 477 5561 ipsis
506 5490 737 5547 Romam
777 5492 903 5562 fuga
934 5490 1222 5561 proripuit,
1254 5506 1365 5561 quo
1395 5507 1519 5545 cum
1556 5490 1922 5560 pervenisset,

342 5584 575 5640 Claudio
627 5584 832 5640 Casari
888 5584 1245 5654 imperatori,
1300 5598 1548 5654 quanam
1602 5592 1925 5637 exercerent

346 5680 552 5736 scelera
592 5678 789 5745 Judaei,
825 5680 1091 5736 narravit.
1124 5677 1227 5746 Qui
1260 5693 1411 5748 ergo,
1444 5677 1690 5732 exercitu
1726 5691 1926 5746 magno

350 5769 726 5842 Hierosolyma
761 5772 1305 5840 misso,Judaorum,
1354 5785 1460 5825 una
1507 5786 1629 5825 cum
1678 5771 1921 5841 ipsormn

353 5863 614 5921 uxoribus
660 5874 714 5920 et
748 5865 957 5934 liberis,
989 5866 1189 5923 multos
1239 5864 1551 5929 interfecit;
1590 5865 1724 5920 alios
1758 5868 1919 5920 etiam

2027 4659 2223 4715 licatus
2240 4672 2345 4717 est.
2372 4660 2563 4723 avus)?
2586 4658 2891 4730 [sciendum
2915 4656 3021 4731 est]
3052 4660 3120 4715 ab
3143 4659 3410 4719 Hanania.
3437 4676 3598 4730 quem

2026 4751 2311 4806 constituit
2348 4750 2563 4805 Marcus
2592 4752 2929 4820 evangelista
2963 4751 3330 4822 patriarcham
3364 4752 3601 4805 Alexan-

2025 4842 2178 4905 dria,
2204 4857 2377 4911 usque
2406 4841 2458 4894 in
2487 4849 2731 4910 tempora
2767 4841 3022 4895 Demetrii
3049 4841 3373 4911 patriarcha
3405 4842 3601 4895 ibidem

2030 4935 2097 5005 (is
2123 4935 2435 5004 patriarcha
2465 4934 2569 4988 fuit
2589 4935 2997 4990 Alexandrinus
3020 4935 3365 5004 undecimus)
3392 4934 3600 4989 nullum

2029 5026 2202 5081 fuisse
2248 5026 2303 5080 in
2353 5027 2647 5095 provinciis
2694 5026 2911 5096 Egypti
2960 5028 3317 5097 episcopum;
3370 5041 3468 5080 nec
3502 5042 3601 5094 pa-

2029 5118 2282 5173 triarcha
2315 5129 2445 5173 ante
2483 5134 2605 5173 eum
2640 5128 2902 5173 crearunt
2935 5119 3247 5189 episcopos.
3293 5118 3390 5172 Ille
3416 5125 3597 5171 autem

2032 5212 2211 5266 factus
2246 5211 2555 5281 patriarcha
2596 5222 2705 5266 tres
2736 5212 3023 5267 constituit
3054 5212 3357 5281 episcOpos.
3385 5209 3450 5261 Et
3483 5209 3596 5276 pri-

2029 5320 2151 5359 mus
2186 5304 2290 5360 fuit
2329 5305 2415 5360 hic
2458 5304 2771 5376 patriarcha
2821 5305 3227 5361 Alexandrinus
3257 5302 3352 5370 qui
3385 5301 3599 5369 episco-

2028 5413 2127 5468 pos
2151 5398 2299 5453 fecit.

2095 5490 2307 5544 Mortuo
2343 5490 2613 5545 Demetrio
2644 5489 2904 5545 suffectus
2934 5495 3018 5542 est
3048 5486 3306 5541 Heracles
3352 5485 3590 5555 patriar-

2027 5586 2127 5639 cha
2161 5583 2580 5646 Alexandrinus,
2614 5583 2705 5651 qui
2737 5582 3020 5651 episcopos
3054 5578 3342 5634 constituit
3374 5578 3591 5650 viginti.

2031 5680 2103 5733 Ex
2132 5680 2216 5735 his
2247 5696 2389 5734 unus
2421 5691 2557 5744 erat,
2594 5677 2916 5733 Ammonius
2946 5677 3146 5741 dictus,
3188 5675 3466 5745 religionis
3504 5677 3597 5729 de-

2032 5778 2228 5826 sertor.
2284 5769 2357 5826 De
2390 5786 2499 5839 quo
2532 5769 2691 5825 simul
2731 5784 2793 5823 ac
2819 5769 2885 5825 ad
2952 5768 3235 5824 Heraclam
3285 5768 3462 5823 delata
3518 5782 3598 5819 est

2037 5863 2200 5930 fatua,
2236 5860 2583 5932 congregavit
2620 5859 2662 5913 is
2698 5858 2965 5923 synodum
2994 5861 3373 5931 episc0jtorum
3406 5898 3419 5923 ,
3457 5865 3510 5910 et
3543 5856 3594 5906 in
