4034 6214
427 336 533 399 953

1444 340 1809 403 EUTYCHII
1845 339 2381 434 ALEXANDRINI
2423 345 2638 407 PATR.

3566 338 3682 406 93L

427 450 615 505 urbem
651 450 924 506 A-mnonii
949 451 1210 523 perrexit,
1243 452 1336 508 ubi
1377 468 1437 509 re
1477 456 1613 510 satis
1668 454 1888 527 cognita
1939 463 1995 510 et

2108 460 2322 517 Oriente
2351 462 2547 526 fuerat,
2576 458 2797 515 nomine
2821 456 3237 529 Vespasianum,
3270 454 3417 511 misit
3436 496 3450 520 ,
3480 466 3537 509 ut
3568 456 3684 512 coi-

427 555 707 612 perspecta
733 558 857 598 eum
893 545 958 599 ad
986 546 1265 600 veritatem
1292 547 1525 603 reduxit.
1571 547 1707 602 Cum
1738 562 1867 602 vero
1900 547 2002 601 ho-

428 635 603 689 mines
626 634 1225 706 audierantepisropos
1277 636 1520 693 vocitare
1588 638 1957 704 patriarcham
1984 680 2000 706 ,

425 725 578 778 Abba
601 740 696 778 seu
722 725 933 780 Patrem
959 764 974 789 ,
1008 725 1350 799 333-335
1376 729 1519 783 inter
1545 745 1605 784 se
1628 728 1817 784 dixere
1843 742 1859 781 :
1895 728 2003 784 Nos

426 816 750 897 episcopum
776 817 1071 887 quemlibet
1104 819 1281 884 Abba,
1310 835 1404 874 seu
1456 821 1669 876 Patrem
1697 859 1713 884 ,
1766 820 2004 890 appella-

426 925 571 972 mus,
601 915 654 965 et
684 909 953 979 appellant
980 910 1221 979 episcopi
1253 911 1619 981 patriarcham
1644 913 1823 968 Abba.
1851 912 2003 968 Unde

426 1017 561 1057 sane
592 1010 807 1073 Oportet
837 1012 896 1058 ut
930 996 1320 1060 vocemusnos
1351 1006 1719 1075 patriarcham
1775 1006 1999 1075 Papam,

426 1095 480 1148 id
513 1103 616 1161 est,
638 1098 849 1163 Avum;
885 1112 1009 1151 cum
1042 1097 1113 1151 sit
1141 1096 1300 1152 Pater
1333 1105 1569 1168 patrum.
1600 1098 1677 1152 lta
1704 1113 1732 1151 a
1761 1108 2003 1167 tempore

428 1188 698 1253 Heraclia,
732 1189 1051 1257 patriarcha
1084 1191 1487 1246 Alexandrinus
1516 1190 1696 1245 dictus
1722 1199 1806 1244 est
1833 1187 1999 1256 Papa,

428 1278 481 1333 id
502 1290 607 1342 est,
632 1281 802 1335 Avus.
840 1281 1131 1352 Postquam
1160 1289 1342 1337 autem
1370 1280 1654 1337 Hananias
1686 1280 2001 1351 patriarcha

428 1369 862 1434 Alexandrinus,
882 1386 1043 1441 quem
1066 1370 1280 1426 Marcus
1304 1372 1637 1442 evangelista
1664 1371 1715 1425 in
1745 1371 1873 1426 sede
1904 1386 2002 1426 sua

430 1463 742 1531 constituit,
775 1478 950 1519 annos
983 1463 1202 1519 sederat
1234 1464 1426 1532 viginti
1458 1462 1588 1528 duo,
1617 1473 1868 1518 mortuus
1893 1470 1999 1518 est.

424 1557 491 1610 Et
520 1554 802 1626 profectus
832 1563 919 1611 est
952 1555 1171 1612 Marcus
1200 1554 1534 1626 evangelista
1558 1556 1611 1608 in
1641 1553 1865 1608 Baream
1896 1593 1914 1620 ,
1945 1563 2003 1608 ut

421 1650 671 1704 homines
700 1647 766 1702 ad
802 1648 960 1702 fidem
995 1648 1047 1701 in
1074 1647 1353 1703 Christum
1408 1645 1603 1700 Filium
1657 1644 1752 1701 Dei
1800 1646 2002 1701 invita-

420 1750 524 1795 ret.
554 1740 700 1796 Obiit
730 1740 856 1796 dein
880 1739 1145 1795 Claudius
1174 1740 1385 1803 Caesar,
1419 1740 1722 1808 imperator
1752 1778 1766 1803 ,
1796 1748 1850 1793 et
1901 1739 2001 1792 im-

425 1830 634 1897 peravit
661 1829 846 1885 Romae
873 1838 994 1900 post
1026 1845 1149 1884 eum
1180 1829 1329 1884 filius
1360 1830 1482 1897 ejus
1528 1826 1670 1883 Nero
1697 1829 1882 1884 Caesar
1910 1844 2008 1883 an-

425 1923 511 1974 nis
535 1921 836 1984 tredecim,
896 1920 988 1989 qui
1052 1920 1263 1990 primus
1306 1919 1408 1975 fuit
1461 1914 1911 1991 gravissimorum
1952 1920 2007 1975 in

420 2011 774 2067 Christianos
803 2011 1073 2065 malorum
1099 2021 1313 2078 auctor,
1343 2012 1506 2067 homo
1533 2021 1721 2080 utpote
1784 2014 1838 2067 in
1874 2028 2009 2068 con-

423 2101 529 2156 silii
556 2110 611 2155 et
638 2100 762 2156 vita:
792 2101 1141 2157 instituenda:
1183 2104 1398 2157 ratione
1425 2102 1893 2172 improbissimus.
1940 2104 2008 2159 Et

426 2202 665 2264 tempore
692 2191 921 2249 Neronis
976 2194 1228 2258 Caesaris,
1264 2195 1483 2265 scripsit
1515 2196 1705 2252 Petrus
1731 2235 1746 2259 ,
1788 2206 2007 2266 aposto-

423 2288 598 2342 lorum
622 2287 899 2358 princeps,
933 2285 1285 2359 Evangelium
1304 2286 1494 2352 Marci,
1526 2288 1769 2345 dictante
1791 2288 2006 2355 Marco,

424 2382 603 2452 lingua
635 2380 875 2436 Romana
898 2420 913 2444 ,
944 2382 996 2435 in
1026 2382 1163 2436 urbe
1193 2382 1409 2447 Romae;
1443 2380 1538 2438 sed
1595 2381 1845 2437 attribuit
1875 2381 2006 2438 illud

426 2470 639 2526 Marco.
670 2471 849 2526 Etiam
886 2481 1132 2542 tempore
1164 2472 1331 2539 huius
1384 2473 1736 2541 imperatoris
1790 2473 2011 2542 scripsit

424 2563 603 2617 Lucas
641 2562 991 2634 Evangelium
1024 2579 1182 2618 suum
1209 2561 1418 2627 Graece,
1451 2563 1517 2616 ad
1564 2563 1738 2617 virum
1770 2564 2006 2618 nobilem

419 2672 484 2712 ex
514 2656 859 2725 sapientibus
888 2655 1153 2711 Romanis
1175 2696 1190 2721 ,
1224 2645 1312 2709 cui
1367 2669 1566 2710 nomen
1624 2655 1963 2725 Theophilus
1991 2694 2006 2719 ,

420 2748 486 2803 ad
519 2763 680 2817 quem
713 2749 841 2803 item
874 2746 1097 2816 scripsit
1122 2746 1253 2801 Acta
1304 2761 1402 2801 seu
1459 2746 1861 2815 discipulorum
1925 2744 2008 2798 bi-

422 2843 674 2897 storiam.
707 2840 840 2894 Erat
866 2848 1048 2894 autem
1073 2837 1252 2892 Lucas
1280 2837 1611 2907 evangelista
1642 2851 1824 2891 comes
1854 2835 2006 2890 Pauli

420 2931 676 3002 apostoli,
704 2944 941 2999 quocum
972 2946 1066 2999 per
1089 2938 1308 3001 tempus
1336 2930 1552 3000 aliquod
1590 2933 1814 2987 mansit.
1844 2929 2002 2986 Unde

419 3018 670 3088 estquod
703 3017 900 3074 Paulus
929 3025 1208 3086 apostolus
1264 3019 1429 3091 336
1472 3020 1527 3074 in
1583 3021 1821 3091 quadam
1879 3020 2006 3091 Epi-

420 3111 562 3166 stola
587 3125 684 3166 sua
716 3111 870 3176 dicit,
906 3129 926 3164 ι
959 3110 1137 3168 Lucas
1165 3113 1408 3169 medicus
1430 3128 1526 3170 vos
1550 3114 1773 3170 salutat.
1821 3132 1840 3166 ι
1869 3115 2006 3170 Pre-

419 3206 652 3261 hensum
700 3221 831 3262 vero
867 3204 1086 3261 Petrum
1144 3205 1287 3263 Nero
1347 3206 1530 3263 Caesar
1584 3209 1736 3263 cruci
1788 3207 1997 3279 affigit.

418 3314 647 3370 corpore
678 3300 892 3355 scilicet
929 3299 1168 3365 inverso,
1201 3310 1366 3370 atque
1404 3299 1481 3355 ita
1517 3309 1694 3355 morte
1748 3317 1873 3356 eum
1923 3301 2007 3355 af-

422 3393 549 3448 fecit
586 3410 600 3448 :
639 3407 761 3447 nam
789 3399 845 3447 et
874 3389 1090 3447 dixerat
1136 3392 1186 3446 ei
1248 3390 1490 3446 Petrus:
1553 3392 1610 3446 Si
1670 3393 1754 3447 vis
1796 3400 1857 3446 ut
1906 3407 2007 3462 ego

420 3485 571 3540 cruci
609 3484 819 3554 aliigar,
857 3497 1087 3551 corpore
1110 3498 1194 3537 me
1220 3483 1447 3539 inverso
1482 3482 1638 3555 aflige
1696 3483 1855 3539 cruci
1886 3523 1901 3548 ,
1938 3500 2008 3540 ne

424 3588 575 3627 utors
606 3573 739 3628 mihi
792 3573 991 3628 afflicta
1023 3573 1221 3628 similis
1287 3574 1359 3628 sit
1404 3575 1453 3630 ei
1495 3590 1617 3644 qua:
1665 3575 2009 3646 infligebatur

423 3663 655 3719 Domino
702 3678 823 3718 meo
857 3663 1100 3729 Christo,
1137 3664 1231 3733 qui
1266 3667 1421 3721 cruci
1452 3665 1646 3723 alilxus
1671 3678 1754 3723 est
1777 3684 2008 3739 corpore

423 3764 626 3814 erecto.
694 3754 802 3809 Sed
867 3754 1049 3825 gladio
1100 3755 1398 3811 trucidavit
1463 3757 1719 3815 Paulum.
1778 3760 2008 3818 Occisus

424 3853 605 3901 autem
632 3855 715 3903 est
747 3846 940 3902 Petrus
960 3848 1062 3903 sub
1089 3864 1295 3903 annum
1334 3850 1661 3907 vicesimum
1697 3856 2004 3909 secundum

424 3947 551 4007 post
576 3939 865 3993 Dominum
907 3947 1162 3995 nostrum
1204 3941 1511 3998 Christum.
1545 3943 1673 3999 Erat
1722 3961 1854 4001 vero
1887 3954 2009 4016 post

428 4032 666 4097 Petrum,
700 4032 873 4089 Linus
902 4032 1217 4103 patriarcha
1255 4033 1443 4090 Romae
1469 4075 1484 4099 ,
1521 4050 1628 4105 qua
1668 4035 1890 4093 functus
1921 4038 2004 4093 di-

426 4126 637 4195 gnitate
672 4123 961 4180 duodecim
995 4140 1172 4181 annos
1202 4125 1359 4181 obiit.
1394 4127 1465 4181 Et
1499 4128 1587 4182 hic
1636 4128 1849 4197 primus
1893 4140 2012 4187 erat

426 4219 741 4290 patriarcha
770 4217 1074 4275 Romanus.
1106 4219 1240 4274 Erat
1268 4228 1451 4275 autem
1485 4220 1701 4277 Marcus
1732 4220 2010 4301 Evangelii

425 4318 641 4376 auctor,
674 4311 729 4364 in
765 4310 1098 4365 Alexandria
1142 4320 1198 4365 et
1225 4310 1397 4366 Barca
1432 4312 1685 4370 homines
1732 4315 1800 4370 ad
1849 4315 2009 4372 fidem

426 4404 478 4457 in
510 4401 792 4457 Christum
834 4401 1032 4455 Filium
1068 4401 1161 4455 Dei
1198 4401 1440 4457 invitans
1484 4406 1645 4461 annis
1676 4415 1908 4477 septem.
1946 4409 2009 4465 Et

424 4496 570 4547 anno
605 4492 820 4562 imperii
849 4491 1083 4546 Neronis
1114 4492 1351 4547 Cmsaris
1375 4494 1486 4566 jam
1520 4495 1653 4551 dicti
1678 4474 1875 4568 primo.
1907 4516 2004 4556 oc-
2034 4474 2087 4534 D

424 4585 572 4640 cisus
597 4593 684 4639 est
715 4584 929 4639 Marcus
968 4582 1314 4639 Alexandriae
1340 4624 1358 4650 ,
1384 4593 1439 4641 et
1480 4603 1681 4660 corpus
1720 4590 1841 4662 ejus
1884 4571 2006 4664 igne

423 4681 510 4729 CSI
540 4682 847 4728 crematum
860 4714 874 4727 .

498 4764 672 4822 Porro
703 4782 847 4822 anno
876 4769 1093 4840 imperii
1128 4770 1368 4828 Neronis
1401 4771 1638 4828 Caesaris
1683 4771 2007 4828 duodecimo

424 4856 761 4913 constitutus
798 4868 881 4914 est
910 4859 1155 4930 lgnatins
1179 4863 1493 4933 patriarcha
1527 4863 1831 4918 Antiochiae
1854 4902 1872 4930 ,
1909 4864 2005 4934 qui

424 4966 547 5005 cum
583 4965 760 5005 annos
812 4952 1039 5021 triginta
1075 4953 1217 5010 duos
1256 4954 1608 5023 prtefuisset,
1656 4965 1831 5011 morte
1873 4956 2007 5011 affe-

424 5052 548 5107 ctus
586 5052 692 5099 est.
729 5041 948 5099 Mortuo
982 5055 1167 5103 autem
1234 5048 1397 5104 Festo
1428 5087 1443 5114 ,
1500 5048 2003 5121 Hierosolymorum

426 5136 706 5207 praefecto,
736 5139 1037 5208 relictaque
1095 5140 1235 5195 urbe
1286 5140 1407 5195 sine
1456 5141 1702 5211 principe
1742 5140 1836 5210 qui
1883 5155 2003 5194 eam

428 5230 810 5287 moderaretur
839 5272 854 5296 ,
896 5232 1159 5287 concitati
1187 5231 1363 5287 Judaei
1396 5232 1659 5287 Jacobum
1689 5230 1913 5303 Josephi
1946 5231 2009 5286 fi-

429 5323 585 5386 lium,
616 5322 713 5393 qui
765 5323 980 5378 Domini
1021 5323 1193 5378 frater
1246 5324 1445 5387 audit,
1500 5323 1775 5393 lapidibns
1831 5324 2009 5380 donec

431 5426 740 5472 moreretur
817 5417 1128 5488 impolitum
1188 5414 1625 5482 interfecerunt,
1698 5417 2008 5487 multosque

428 5503 782 5577 337-339
807 5506 1199 5577 discipulorum
1224 5506 1555 5563 cruciatibus
1584 5506 1720 5563 male
1748 5509 2007 5563 multatos

428 5598 563 5648 urbe
593 5598 896 5662 ejecerunt.
928 5598 1009 5653 Ex
1044 5599 1174 5654 urbe
1211 5600 1376 5668 igitur
1413 5598 1539 5669 fuga
1579 5600 1819 5670 prolapsi
1847 5599 2004 5654 Chrio

436 5684 623 5745 stiani,
656 5685 946 5743 Jordancm
982 5700 1370 5756 transeuntes,
1418 5693 1537 5746 ioca
1608 5694 1710 5747 ista
1765 5692 2007 5748 incolue-

434 5785 582 5829 runt.
618 5775 712 5833 His
742 5781 939 5837 auditis
968 5782 1107 5838 Nero
1137 5785 1321 5842 Caesar
1350 5787 1414 5843 ad
1460 5787 1773 5861 praefectum
1829 5788 1920 5858 qui
1951 5788 2005 5842 in

2107 553 2259 608 lectis
2285 553 2460 622 copiis
2488 551 2690 607 Iudaeae
2718 552 2992 619 regionem
3025 561 3320 618 aggressus
3354 587 3367 612 ,
3414 546 3674 616 populum

2107 643 2422 697 universum
2456 642 2548 713 (ne
2573 657 2685 697 uno
2712 638 3024 711 superstite)
3060 638 3431 693 internecione
3453 636 3674 703 deleret,

2106 737 2412 804 domosque
2441 735 2681 803 ipsorum
2723 740 2980 787 vastaret.
3004 730 3129 798 Quo
3152 729 3338 784 audito
3360 728 3674 799 congregati

2104 828 2299 895 Judaei,
2329 827 2620 883 ditioribus
2644 836 2898 899 sumptus
2933 823 3369 879 ministrantibus
3390 823 3532 876 circa
3547 821 3680 875 Hie-

2106 922 2379 993 rosolyma
2412 929 2522 975 tres
2549 926 2867 975 struxerunt
2924 930 3134 983 muros,
3170 914 3369 986 quibus
3431 912 3675 967 turribus

2108 1013 2332 1067 munitis
2368 1028 2431 1066 ac
2462 1012 2688 1069 firmatis
2717 1025 2838 1067 sese
2874 1015 3204 1063 tutarentur.
3233 1004 3519 1060 Profectus
3549 1019 3674 1075 ergo

2104 1105 2159 1159 in
2196 1103 2432 1159 Iudaeam
2472 1101 2839 1172 Vespasianus
2872 1100 3074 1154 nullam
3114 1099 3167 1152 in
3194 1095 3433 1150 Gallilzea
3485 1093 3671 1149 urbem

2105 1196 2326 1266 reliquit
2359 1210 2521 1266 quam
2555 1208 2659 1249 non
2701 1194 2932 1248 dirutam
2968 1189 3281 1246 incenderet
3308 1195 3533 1242 :contra
3554 1184 3675 1240 Hie-

2105 1291 2375 1361 rosolyma
2404 1304 2555 1354 vero,
2590 1287 2733 1358 quod
2764 1288 2902 1341 adeo
2942 1285 3152 1339 munita
3183 1291 3370 1345 esset,
3430 1296 3555 1336 cum
3606 1282 3674 1335 ad

2105 1381 2311 1451 aliquid
2364 1379 2694 1435 moliendum
2763 1378 3062 1447 imparatus
3113 1384 3279 1440 esset,
3353 1388 3462 1444 quo
3506 1373 3674 1429 tutius

2105 1490 2193 1531 res
2227 1482 2431 1545 ageret,
2461 1473 2576 1540 ipsa
2609 1486 2750 1525 anno
2780 1470 2993 1540 integro
3022 1468 3235 1523 obsedit
3268 1507 3283 1531 ,
3332 1465 3533 1521 ludatis
3588 1466 3673 1519 in-

2105 1564 2264 1618 terim
2293 1563 2428 1617 clam
2462 1571 2623 1617 noctu
2670 1558 3089 1631 erumpentibus
3146 1555 3528 1625 Romanosque
3573 1570 3675 1610 ca:-

2104 1654 2382 1711 dentibus.
2628 1656 2637 1666 '

2179 1748 2372 1815 Porro,
2414 1735 2657 1818 tempore
2685 1747 2914 1802 Nemnis
2953 1744 3138 1801 floruit
3178 1743 3422 1799 medicus
3455 1740 3675 1811 quidam

2114 1842 2335 1897 nomine
2375 1841 2805 1901 Andromaehus,
2844 1838 2934 1906 qui
2983 1836 3178 1891 Neroni
3212 1835 3505 1888 theriacam
3548 1846 3682 1901 prae-

2109 1934 2499 1989 stantissimam
2534 1931 2786 1988 confecit.
2820 1929 3054 1998 (Arabes
3088 1943 3205 1982 eam
3232 1926 3550 1980 Dherlacam
3582 1939 3683 1993 ap-

2110 2027 2356 2096 pellant.)
2385 2025 2612 2081 Occisus
2644 2033 2729 2079 est
2760 2034 2940 2079 autem
2972 2022 3112 2078 Nero
3136 2021 3453 2090 imperator,
3477 2017 3683 2069 Horum.

2112 2114 2483 2187 Vespasianus
2516 2116 2682 2187 igitur
2713 2114 2902 2169 audito
2937 2114 3286 2170 interfectum
3316 2125 3441 2166 esse
3476 2122 3687 2178 regem,

2112 2210 2619 2281 Hierosolymorum
2653 2208 2940 2263 obsidione
2966 2208 3144 2262 soluta
3171 2248 3189 2270 ,
3244 2206 3544 2260 Cazsaream
3598 2217 3688 2257 re-

2111 2316 2301 2356 versus
2335 2301 2408 2355 ibi
2437 2300 2702 2356 substitit.
2728 2298 3022 2369 Imperavit
3082 2304 3261 2352 autem
3319 2306 3446 2366 post
3495 2296 3677 2363 ipsum

2109 2393 2276 2450 Galba
2307 2402 2511 2464 septem
2543 2407 2779 2457 menses,
2808 2391 3004 2448 deinde
3035 2387 3357 2445 interfectus
3405 2396 3527 2453 est;
3580 2385 3687 2439 im-

2111 2479 2484 2558 perante'post
2516 2489 2694 2557 ipsum
2724 2488 2936 2541 Othone
2988 2494 3099 2540 tres
3148 2497 3385 2538 menses.
3415 2479 3576 2551 35.0
3607 2479 3689 2533 Eo

2110 2580 2269 2650 pulso
2300 2594 2425 2633 cum
2462 2579 2789 2646 imperasset
2830 2575 3076 2631 Vitellius
3115 2583 3240 2629 octo
3292 2587 3506 2627 menses
3531 2609 3548 2634 ,
3598 2570 3691 2623 in-

2093 2674 2372 2751 ‘terfectus
2401 2682 2505 2726 est.
2547 2670 2684 2725 Tum
2712 2677 2985 2723 commota
3009 2676 3092 2723 est
3125 2666 3281 2721 valde
3306 2666 3555 2718 universa
3576 2660 3693 2715 Ro-

2112 2780 2395 2819 manorum
2417 2764 2574 2826 ditio,
2606 2762 2893 2816 concitatis
2920 2760 3162 2828 undique
3196 2757 3249 2811 in
3282 2771 3379 2811 eos
3408 2754 3689 2825 gentibus;

2110 2865 2165 2912 at
2193 2865 2317 2925 post
2352 2854 2752 2909 contentionem
2779 2867 3019 2923 gravem,
3042 2859 3093 2905 et
3117 2850 3533 2905 commotionem
3565 2860 3691 2900 ma-

2111 2961 2293 3017 gnam,
2324 2946 2581 3008 ducibus,
2616 2943 2893 3014 praefectis
2921 2957 2983 2997 ac
3016 2941 3234 3005 scribis,
3260 2947 3528 3010 quotquot
3558 2953 3687 2992 curn

2111 3038 2164 3093 in
2189 3036 2561 3092 Romanorum
2590 3044 2737 3090 terra
2769 3044 2881 3088 tum
2908 3035 2962 3089 in
2986 3033 3205 3087 Oriente
3230 3031 3475 3095 fuerunt,
3504 3028 3689 3083 omni-

2032 3130 2075 3188 C
2110 3130 2212 3186 bus
2242 3130 2420 3185 visum
2454 3137 2537 3184 est
2573 3126 2990 3195 Vespasianum,
3021 3125 3111 3194 qui
3144 3122 3541 3194 Hierosolymis
3582 3120 3689 3174 ob-

2109 3221 2351 3277 sidendis
2385 3226 2686 3289 occupatus
2726 3216 2923 3281 fuerat,
2974 3216 3205 3283 imperio
3246 3212 3540 3282 praeficere.
3577 3210 3685 3277 Qui

2107 3327 2240 3383 ergo
2274 3327 2398 3366 cum
2429 3310 2676 3365 Caesarea
2705 3309 2933 3363 Romam
2963 3306 3237 3378 profectus
3285 3321 3353 3361 eo
3409 3306 3692 3374 pervenis-

2109 3411 2213 3465 set,
2249 3401 2520 3457 irruentes
2550 3400 2645 3471 qui
2697 3398 2885 3453 Romae
2939 3406 3099 3453 erant
3152 3400 3320 3452 duces
3374 3399 3427 3451 in
3488 3396 3688 3449 ducem

2108 3494 2393 3565 quemdam
2429 3494 2652 3548 nomino
2686 3492 3001 3555 Artitinum,
3056 3489 3147 3558 qui
3231 3489 3516 3559 imperium
3579 3486 3687 3540 sibi

2108 3600 2380 3657 occupare
2401 3593 2689 3649 statuerat,
2725 3583 2903 3653 ipsum
2956 3584 3368 3637 interemerunt.
3409 3577 3556 3635 Urbe
3593 3578 3690 3632 de-

2111 3680 2238 3735 inde
2269 3679 2498 3749 egressi,
2530 3674 2869 3745 Vespasiano
2904 3673 3113 3728 obviam
3152 3680 3344 3726 euntes
3368 3710 3382 3733 ,
3408 3670 3570 3739 capiti
3605 3670 3691 3738 ip-

2110 3772 2228 3829 sius
2257 3771 2503 3826 diadema
2536 3770 2956 3839 imposuerunt;
2989 3766 3080 3835 qui
3119 3764 3209 3819 ubi
3257 3763 3446 3819 urbem
3481 3763 3696 3832 ingres-

2111 3878 2205 3919 sus
2237 3860 2375 3918 solio
2403 3862 2551 3931 regio
2582 3860 2898 3926 insedisset,
2932 3858 3256 3913 sceleratum
3301 3871 3365 3911 ac
3426 3855 3687 3910 rebellem

2110 3970 2380 4025 quemque
2410 3956 2557 4009 inter
2592 3951 2869 4008 Romanos
2899 3959 3076 4007 morte
3110 3950 3396 4013 multavit,
3440 3948 3577 4002 adeo
3628 3957 3695 4003 ut

2112 4050 2213 4103 sub
2244 4048 2363 4117 ipso
2394 4046 2448 4101 in
2483 4054 2686 4101 statum
2731 4046 2996 4116 optimum
3030 4052 3085 4099 et
3116 4042 3471 4113 tranquillum
3526 4042 3693 4095 reda-

2112 4152 2197 4192 Cta
2226 4139 2295 4192 sit
2328 4136 2695 4192 Romanorum
2725 4145 2893 4191 terra.
2921 4136 3032 4189 Duo
3060 4143 3250 4189 autem
3314 4134 3415 4203 ipsi
3462 4132 3694 4188 fuerunt

2113 4228 2231 4293 ﬁlii,
2259 4242 2491 4298 quorum
2520 4226 2617 4281 uni
2646 4242 2845 4281 nomen
2877 4225 3039 4281 'l’itus
3072 4266 3087 4289 ,
3112 4224 3271 4281 alteri
3308 4223 3648 4280 Domitianus
3674 4240 3696 4289 ;

2114 4335 2343 4390 quorum
2382 4319 2743 4373 Domitianum
2776 4319 2952 4388 cepiis
2998 4318 3207 4387 magnis
3250 4316 3575 4372 instructum
3620 4318 3697 4371 ad

2114 4420 2303 4484 gentes
2333 4411 2600 4465 barbaras
2631 4411 2801 4474 misit,
2832 4424 2968 4479 quas
2994 4410 3085 4463 ille
3137 4408 3380 4474 occidit,
3424 4407 3695 4476 diripuit,

2114 4502 2314 4557 delevit
2356 4519 2369 4556 :
2399 4500 2584 4554 Titum
2615 4516 2767 4565 vero,
2810 4490 3055 4555 exercitu
3088 4498 3557 4569 etiam-frequenti
3592 4499 3689 4553 in—

2113 4601 2409 4658 structum,
2443 4590 2874 4661 Hierosolymam
2916 4591 3086 4658 misit,
3118 4606 3282 4661 quam
3314 4590 3534 4645 biennio
3587 4590 3697 4645 ob-

2109 4685 2283 4751 sedit;
2340 4684 2703 4739 morientibus
2736 4684 2826 4753 qui
2860 4685 2912 4738 in
2946 4684 3080 4739 urbe
3128 4691 3288 4737 erant
3332 4683 3495 4749 fame,
3553 4684 3698 4737 adeo

2111 4785 2168 4829 ut
2200 4790 2309 4845 prae
2338 4774 2503 4840 fame,
2539 4786 2879 4831 mortuorum
2911 4789 2975 4829 ac
3003 4782 3257 4828 natorum
3290 4788 3513 4830 suorum
3567 4786 3699 4827 car-

2110 4882 2208 4943 nes
2235 4867 2587 4923 comederent
2617 4885 2632 4922 :
2666 4883 2773 4938 qua
2801 4866 2998 4922 deinde
3048 4873 3207 4935 capta
3253 4881 3448 4922 omnes
3496 4864 3695 4936 3&1-

2109 4957 2270 5029 353
2296 4958 2389 5025 qui
2433 4957 2485 5012 in
2519 4958 2636 5027 ipsa
2671 4957 2885 5012 fuerant
2918 4967 3027 5011 tam
3055 4972 3235 5012 mares
3264 4971 3429 5026 quam
3457 4956 3689 5011 feminas

2113 5047 2421 5113 interfecit,
2478 5047 2958 5116 proscindentibus
3010 5044 3360 5118 [militibus]
3409 5060 3694 5116 pra-gnano

2111 5141 2248 5194 tium
2285 5148 2492 5204 uteros,
2536 5148 2589 5193 et
2619 5139 2858 5194 infantes
2894 5144 3043 5194 saxis
3070 5138 3444 5194 allidentibus.
3478 5136 3683 5191 Urbem

2111 5233 2274 5287 etiam
2309 5242 2364 5287 et
2394 5232 2650 5300 templum
2701 5239 2913 5286 vastata
2958 5230 3220 5286 incendit.
3270 5228 3545 5283 Numerati
3593 5229 3697 5281 de-

2111 5324 2239 5378 inde
2270 5324 2364 5392 qui
2398 5322 2569 5393 ipsius
2597 5323 2756 5393 jussu
2784 5323 2953 5378 occisi
2986 5332 3141 5385 sunt.
3176 5333 3259 5377 ter
3302 5320 3497 5375 millies
3540 5319 3692 5374 mille

2114 5415 2311 5484 reperti
2339 5424 2490 5478 sunt,
2524 5428 2642 5469 cum
2674 5413 2763 5468 alii
2798 5413 3033 5485 Syriam,
3068 5414 3157 5468 alii
3204 5412 3501 5484 IEgyptum
3532 5452 3547 5476 ,
3593 5412 3690 5466 alii

2113 5510 2404 5579 in-terram
2436 5505 2690 5572 AlGaur,
2742 5507 3130 5578 profugissem.
3192 5505 3310 5561 Jatn
3366 5521 3394 5559 a
3462 5505 3692 5561 Christo

2113 5608 2240 5654 nato
2269 5600 2334 5653 ad
2365 5598 2866 5669 Hierosolymorum
2900 5614 2996 5668 per
3029 5598 3209 5652 Titum
3254 5598 3523 5653 excidium
3557 5596 3693 5651 anni

2115 5701 2241 5746 sunt
2273 5691 2633 5760 septuaginta.
2670 5690 2751 5744 Ab
2784 5689 3115 5756 Alexandro,
3150 5689 3383 5746 trecenti
3409 5689 3690 5757 octoginta

2114 5801 2328 5843 novem.
2353 5786 2387 5840 A
2420 5784 2743 5856 (Zaptivitate
2776 5783 3120 5853 Babylonica,
3152 5784 3391 5842 sexcenti
3415 5781 3696 5853 quinque.
