4034 6214
376 407 485 474 985

1815 415 2192 482 ANNALES.

3517 421 3622 485 986

374 534 522 603 ginta
555 530 684 585 duo.
721 525 765 583 Α
797 543 965 598 regno
993 527 1235 597 Davidis,
1291 530 1438 587 mille
1487 541 1705 588 eentum
1755 532 1946 605 viginti
1976 534 2024 592 Α
2056 535 2194 604 perii
2232 532 2355 605 ejus
2391 534 2587 606 quinto
2633 535 2966 591 constitutus
2998 534 3233 592 Cordius
3282 538 3621 596 Alexandriae

380 638 598 679 novem.
630 619 711 675 Ab
739 621 885 676 exitu
926 619 1295 676 Israelitarum
1343 639 1407 676 ex
1464 623 1700 695 [Egypto
1725 664 1741 689 ,
1799 628 1947 685 mille

377 718 708 788 septingenti
771 719 993 787 triginta
1047 720 1310 788 quinque.
1364 720 1448 776 Ab
1478 722 1813 790 Ahrahamo,
1863 724 1948 781 bis

375 812 523 866 mille
549 812 764 865 ducenti
798 812 1155 882 quadraginta
1183 814 1311 868 duo.
1336 814 1379 868 Α
1410 813 1661 881 Phaleko,
1687 815 1772 871 bis
1804 817 1949 872 mille

373 904 697 972 septingenti
732 905 1009 974 octoginta
1040 916 1172 960 tres.
1201 904 1247 960 Α
1278 904 1506 973 Diluvio,
1530 918 1608 963 ter
1637 907 1783 964 mille
1838 917 1946 964 tre-

370 996 974 1065 centiquatuordecim.
1037 997 1120 1053 Ab
1178 998 1415 1063 Adamo,
1444 1000 1736 1071 quinquies
1798 1003 1945 1059 mille

370 1090 651 1160 quingenti
679 1092 1048 1160 septuaginta.

450 1180 754 1236 Christiani
785 1189 988 1247 autem,
1018 1183 1111 1250 qui
1145 1181 1363 1238 Judteos
1406 1183 1703 1253 fugientes,
1747 1184 1945 1239 Jorda-

371 1290 495 1328 nem
525 1274 878 1340 trajecerant,
906 1284 961 1328 et
1009 1272 1066 1327 in
1111 1274 1235 1330 istis
1286 1275 1422 1330 locis
1465 1276 1621 1331 sedes
1667 1276 1940 1341 ﬁxerant,

371 1366 563 1421 audito
597 1365 777 1421 Titum
808 1367 1000 1421 urbem
1031 1367 1367 1422 destruxisse
1386 1368 1686 1425 interfectis
1716 1367 1940 1437 Iudaeis;

382 1459 814 1529 Hierosolymam
846 1461 957 1530 jam
988 1460 1285 1516 desolatam
1318 1464 1545 1526 reversi,
1581 1463 1752 1530 ipsam
1785 1463 1939 1516 inco-

377 1549 804 1630 luerunt,3“
837 1561 1157 1620 structaque
1188 1552 1292 1605 sihi
1343 1551 1478 1607 inibi
1525 1553 1776 1618 ecclesia,
1828 1555 1944 1622 epi-

375 1659 606 1713 scopum
647 1641 944 1699 secundum
981 1643 1084 1713 ipsi
1115 1644 1483 1714 praefecerunt
1513 1646 1733 1701 nomine
1761 1647 1942 1701 Simo-

378 1752 525 1797 nem.
556 1735 771 1804 Cleopm
802 1735 993 1789 lilium.
1026 1737 1253 1806 tileopas
1280 1736 1379 1791 iste
1407 1735 1575 1793 frater
1628 1737 1730 1794 fuit
1786 1738 1941 1794 Jose-

370 1829 463 1897 phi
499 1828 590 1898 qui
645 1828 935 1882 Dominum
984 1835 1237 1883 nostrum
1292 1828 1572 1883 Christum
1638 1830 1938 1898 educavit;
1973 1861 2016 1919 Β

372 1919 581 1988 fuitque
644 1918 789 1986 hoc,
836 1932 979 1972 anno
1040 1919 1249 1986 imperii
1305 1919 1627 1988 Vespasiani
1706 1929 1938 1989 quarto;

370 2014 521 2068 illum
554 2022 753 2077 autem,
778 2022 1066 2080 postquam
1105 2027 1278 2067 annos
1314 2012 1504 2083 viginti
1556 2028 1654 2069 sex
1715 2030 1941 2070 munere

374 2108 485 2161 isto
517 2105 740 2160 functus
769 2105 986 2169 fuisset,
1023 2104 1296 2159 interfecit
1325 2104 1597 2173 Traianus
1624 2106 1937 2173 imperator.

369 2197 543 2251 Porro
564 2210 710 2250 anno
740 2195 953 2264 imperii
985 2195 1160 2264 ipsius
1186 2195 1349 2251 tertio
1397 2197 1707 2265 patriarcha
1758 2196 1942 2252 Romae

372 2290 706 2344 constitutus
741 2296 822 2342 est
846 2286 1150 2351 Dacletius,
1181 2296 1389 2341 etcum
1442 2286 1666 2342 biennio
1710 2287 1942 2343 sedisset

376 2391 623 2434 mortuus
653 2387 761 2435 est.
793 2379 952 2434 Anno
983 2378 1196 2447 imperii
1228 2377 1402 2446 ipsius
1439 2380 1629 2447 quinto
1655 2379 1943 2447 praefectus

374 2480 457 2525 est
488 2469 670 2524 Romae
699 2471 971 2533 Clemens,
1007 2470 1098 2536 qui
1131 2469 1365 2538 scriptor
1416 2469 1540 2535 fuit,
1573 2485 1807 2536 cumque
1841 2486 1941 2523 an-

370 2576 470 2617 nos
496 2578 692 2617 novem
723 2560 957 2616 sedisset
988 2567 1240 2615 mortuus
1265 2569 1376 2616 est.
1403 2560 1563 2614 Anno
1584 2559 1793 2621 imperii
1819 2559 1939 2627 ejus

370 2669 516 2709 nono
548 2652 898 2707 Alexandriae
932 2651 1251 2721 patriarcha
1288 2652 1623 2707 constitutus
1656 2649 1939 2714 Philetius,

368 2746 457 2819 qui
484 2760 607 2800 cum
640 2759 815 2799 annos
842 2743 1101 2799 tredecim
1135 2744 1386 2806 sedisset,
1429 2743 1571 2798 diem
1622 2742 1778 2797 obiit.
1835 2740 1941 2797 Ye-

367 2838 657 2907 spasianus
697 2845 878 2891 autem
910 2843 1201 2905 postquam
1224 2850 1349 2890 cum
1386 2835 1594 2889 honore
1621 2843 1677 2889 et
1699 2832 1941 2903 potentia

367 2945 539 2986 annos
577 2946 767 2987 novem
800 2937 854 2984 et
888 2939 1096 2997 septem
1130 2941 1346 2984 menses
1368 2928 1692 2995 imperasset
1717 2966 1734 2990 ,
1791 2941 1941 2978 mor-

366 3031 491 3077 tuus
529 3029 635 3078 est.
668 3021 960 3091 imperavit
996 3027 1121 3089 post
1145 3018 1325 3088 ipsum
1374 3016 1516 3071 filius
1563 3016 1738 3085 ipsius
1784 3015 1941 3070 Titus

366 3128 539 3169 annos
567 3121 678 3167 tres
708 3122 763 3167 et
787 3112 927 3167 duos
958 3126 1199 3175 menses,
1228 3109 1350 3164 dein
1386 3118 1636 3163 mortuus
1673 3115 1779 3163 est.
1810 3107 1940 3162 Post

2050 629 2388 697 patriarcha,
2414 638 2700 699 postquam
2755 628 2943 684 decem
2976 644 3152 684 annos
3202 630 3434 687 sedisset
3477 633 3620 688 diem

2049 719 2206 776 obiit.
2262 719 2420 777 Anno
2460 724 2706 791 ejusdem
2765 723 2979 777 decimo
3031 723 3219 792 quinto
3279 724 3622 779 Alexandria:

2049 816 2358 885 patriarcha
2395 819 2729 871 constitutus
2767 826 2848 872 est
2882 816 3154 880 Barmius,
3189 815 3280 885 qui
3332 814 3497 886 358
3521 830 3622 869 au-

2047 922 2152 962 nos
2176 907 2464 962 duodecim
2495 907 2655 973 sedit,
2683 908 2805 962 dein
2840 915 3090 961 mortuus
3121 917 3225 962 est.
3260 906 3475 961 Mortuo
3522 923 3621 961 au-

2048 1009 2154 1054 tem
2186 998 2491 1052 Domitiano
2530 997 2744 1052 Caesare
2775 998 3124 1067 imperatore,
3151 1008 3273 1067 post
3302 998 3481 1067 ipsum
3517 997 3620 1052 Ro-

2046 1106 2148 1145 mae
2186 1089 2471 1157 imperavit
2495 1088 2672 1143 Nerva
2715 1086 2901 1143 Caesar
2925 1089 3017 1158 qui
3047 1098 3098 1143 et
3122 1089 3405 1144 Barastius
3436 1091 3620 1144 Caesar

2045 1181 2216 1242 audit,
2245 1195 2448 1235 annum
2480 1197 2644 1234 unum
2663 1190 2717 1235 et
2744 1181 2986 1250 quinque
3020 1196 3258 1245 menses,
3290 1181 3417 1235 dein
3451 1182 3613 1248 obiit,

2045 1272 2377 1327 succedente
2403 1273 2507 1341 ipsi
2543 1272 2775 1341 Trajano
2805 1272 3022 1327 Caesare
3048 1311 3065 1337 ,
3113 1274 3205 1343 qui
3260 1282 3315 1327 et
3348 1274 3621 1329 Adrianus

2044 1365 2227 1421 Caesar
2246 1366 2545 1434 appellatus
2569 1374 2673 1429 est,
2699 1366 2789 1435 qui
2825 1365 3008 1420 Romae
3035 1381 3207 1420 annos
3234 1365 3613 1421 novemdecim

2044 1458 2355 1525 imperavit.
2385 1458 2682 1527 imperator
2738 1460 2840 1513 iste
2888 1475 3084 1527 magna
3156 1459 3208 1513 in
3271 1457 3618 1515 Christianos

2044 1550 2186 1603 mala
2218 1549 2500 1614 excitavit,
2532 1566 2596 1605 ac
2627 1550 2904 1605 diuturnae
2943 1551 3081 1619 ipsis
3119 1551 3379 1614 tristitiae,
3429 1566 3495 1606 ac
3522 1550 3620 1603 do-

2043 1641 2173 1696 loris
2205 1642 2543 1697 vehementis
2578 1650 2774 1698 auctor
2798 1642 2917 1707 fuit,
2955 1645 3084 1698 dum
3117 1644 3317 1698 multos
3350 1651 3619 1714 martyres

2042 1734 2162 1787 neci
2198 1732 2368 1796 dedit,
2404 1733 2696 1789 interfecto
2727 1734 2914 1789 Romae
2944 1734 3152 1803 lgnatio
3177 1736 3268 1804 qui
3302 1734 3617 1803 patriarcha

2042 1826 2420 1881 Antiochenus
2451 1820 2649 1888 fuerat,
2690 1822 2903 1882 necnon
2937 1827 3191 1882 Simeone
3239 1826 3456 1896 Cleopze
3509 1827 3621 1902 fil-io

2042 1920 2305 1989 episcopo
2336 1917 2857 1990 Hierosolymitano,
2889 1935 3052 1988 quem
3089 1919 3244 1973 cruci
3291 1919 3483 1982 allixit,
3524 1934 3621 1973 an-

2040 2025 2143 2066 nos
2176 2019 2366 2065 natum
2394 2020 2610 2066 centum
2670 2011 2885 2081 viginti.
2936 2010 2994 2065 In
3064 2010 3385 2065 servitutem
3449 2008 3621 2079 redigi

2039 2102 2388 2171 etiamjussit
2417 2102 2788 2167 Christianos,
2823 2110 3011 2167 utpote
3071 2102 3292 2172 quibus,
3322 2117 3386 2156 ex
3444 2101 3619 2170 ipsius

2042 2193 2336 2250 sententia.
2369 2192 2515 2246 nulla
2569 2201 2720 2247 esset
2779 2192 2969 2262 religio
3023 2202 3116 2248 aut
3148 2193 3255 2247 lex.
3305 2193 3422 2247 Prae
3484 2191 3621 2245 dura

2041 2295 2222 2340 autem
2262 2300 2425 2355 quam
2452 2286 2595 2355 passi
2623 2295 2751 2340 sunt
2781 2286 3078 2340 Christiani
3108 2286 3394 2351 servitute,
3428 2296 3481 2339 et
3505 2299 3623 2353 gra—

2042 2380 2218 2441 vibus,
2245 2379 2444 2448 quibus
2472 2378 2674 2433 sublati
2710 2388 2859 2442 sunt,
2927 2378 3191 2441 caedibus,
3227 2378 3610 2432 misericordia

2040 2483 2168 2537 erga
2203 2469 2354 2536 ipsos
2406 2467 2584 2522 aﬂ‘ecti
2621 2476 2749 2521 sunt
2805 2465 3062 2528 Romani,
3123 2480 3187 2519 ac
3240 2466 3428 2521 testati
3478 2467 3622 2534 apud

2043 2560 2429 2629 imperatorem
2454 2558 2626 2628 ipsius
2660 2559 2966 2614 consiliarii
3004 2574 3071 2616 ac
3096 2559 3266 2613 duces
3300 2572 3426 2613 esse
3454 2557 3623 2612 Chri-

2043 2650 2209 2703 tianis
2245 2648 2561 2716 religionem
2594 2649 2832 2713 ﬁrmam,
2870 2664 2934 2704 ac
2960 2650 3132 2717 legem
3168 2648 3391 2711 bonam,
3440 2662 3620 2716 neque

2040 2751 2291 2812 oportere
2327 2742 2478 2811 ipsos
2506 2740 2631 2796 illos
2665 2741 2716 2794 in
2748 2741 3072 2797 servitutem
3105 2740 3380 2807 redigere.
3441 2736 3617 2794 Jussit

2042 2847 2174 2902 ergo
2206 2848 2273 2887 ne
2330 2833 2567 2901 amplius
2607 2833 2753 2888 servi
2801 2833 3012 2899 tierent,
3046 2838 3101 2887 et
3128 2845 3157 2885 a
3186 2830 3331 2885 malo
3362 2831 3498 2900 ipsis
3533 2831 3622 2886 in-

2043 2922 2269 2979 ferendo
2302 2920 2591 2976 abstinuit.
3520 2902 3525 2907 ’

2112 3016 2280 3069 Porro
2306 3024 2548 3083 tempore
2583 3012 2801 3080 Traiani
2835 3012 3068 3070 Caesaris
3095 3013 3437 3082 imperatoris
3469 3013 3610 3068 scri-

2043 3107 2151 3175 psit
2188 3103 2427 3160 Joannes
2462 3103 2812 3174 Evangelium
2870 3119 3030 3159 suum
3059 3102 3269 3166 Graece.
3324 3103 3378 3157 in
3442 3103 3621 3159 insula

365 3208 542 3275 ipsum
591 3203 884 3273 imperavit
941 3202 1123 3257 frater
1186 3202 1311 3271 ejus
1363 3199 1707 3254 Domitianus
1765 3208 2006 3262 annosc
2044 3198 2235 3252 Patmo
2261 3196 2556 3267 appellata,
2609 3211 2640 3251 e
2692 3205 2837 3251 terra
2892 3196 3057 3260 Asiae,
3112 3210 3235 3264 qua:
3279 3195 3621 3248 Romzeorum

365 3295 699 3366 quindecim.
735 3294 985 3365 Magnam
1021 3292 1110 3347 hic
1174 3291 1229 3345 in
1286 3290 1506 3346 Iudaeos
1553 3289 1934 3353 crudelitatem

365 3387 636 3454 exercuit,
665 3387 803 3441 adeo
832 3392 894 3440 ut
918 3386 1040 3453 ejus
1100 3394 1345 3454 tempore
1404 3384 1587 3440 nullus
1646 3391 1938 3454 appareret

364 3481 603 3538 ludens.
630 3482 772 3547 Quin
802 3490 856 3535 et
884 3478 940 3533 in
977 3477 1169 3534 animo
1198 3477 1385 3534 habuit
1434 3492 1590 3546 reges
1634 3490 1939 3541 eorumque

363 3573 505 3627 tilios
543 3588 574 3627 e
604 3571 787 3626 medio
811 3571 1025 3633 tollere,
1052 3581 1111 3625 ut
1140 3585 1249 3624 non
1290 3577 1434 3625 esset
1468 3569 1520 3623 in
1554 3578 1694 3622 terra
1745 3574 1941 3635 praeter

363 3677 541 3733 ipsum
571 3676 687 3716 rex.
730 3660 963 3731 Nepotes
1001 3676 1133 3729 ergo
1186 3661 1352 3716 etiam
1416 3673 1611 3728 regum
1670 3657 1937 3718 sustulit,

365 3753 682 3821 multosque
712 3768 866 3821 reges
899 3752 1194 3807 interfecit.
1216 3750 1457 3818 Cumque
1489 3748 1801 3802 nuntiatum
1836 3747 1939 3816 ipsi

361 3850 509 3899 esset
539 3856 783 3898 asserere
827 3842 1175 3897 Christianos
1235 3839 1590 3912 355-357
1659 3838 1939 3894 Christum

362 3951 545 4005 regem
578 3951 744 3989 suum
772 3950 916 3998 esse,
954 3950 1295 4003 regnumque
1321 3934 1496 4003 ipsius
1528 3938 1817 3995 aeternum,
1854 3946 1944 3985 es-

361 4044 528 4097 seque
571 4028 719 4096 ipsos
751 4027 1057 4082 exercitum
1085 4027 1397 4096 copiosum.
1427 4037 1798 4092 magnamque
1837 4023 1942 4078 ho-

361 4120 572 4175 minum
607 4118 1041 4183 multitudinem,
1066 4119 1415 4173 vehementer
1466 4118 1545 4172 ira
1594 4117 1894 4175 excanduit
1924 4156 1942 4183 ,

360 4213 639 4281 iussitque
669 4227 700 4266 e
730 4212 907 4266 medio
936 4212 1048 4265 tolli
1103 4204 1470 4274 Christianos,
1507 4226 1608 4266 nec
1660 4212 1830 4266 ullum
1886 4212 1940 4265 in

362 4319 528 4373 regno
576 4304 749 4373 ipsius
790 4304 1026 4371 relinqui
1060 4302 1457 4358 Christianum.
1486 4301 1613 4358 Fuit
1637 4312 1750 4358 tum
1775 4301 1945 4359 Joan-

363 4410 461 4450 nes
510 4396 843 4461 evangelista
874 4396 927 4449 in
962 4394 1131 4460 Neso,
1166 4393 1258 4464 qui
1296 4395 1397 4448 hoc
1428 4393 1614 4448 audito
1662 4404 1936 4459 metuens,

363 4486 634 4556 Ephesum
666 4487 820 4558 fugit.
858 4488 1076 4542 Mittens
1104 4495 1283 4541 autem
1317 4485 1618 4555 imperator
1669 4484 1939 4540 Hieroso-

2044 3300 2186 3345 terra
2222 3299 2327 3343 est.
2386 3287 2645 3356 Ejusdem
2688 3298 2932 3355 tempore
2968 3284 3317 3357 359-351
3379 3282 3623 3351 philoso-

2040 3382 2182 3450 phus
2209 3380 2434 3450 quidam
2473 3380 2576 3435 fuit
2606 3394 2637 3434 e
2664 3378 3036 3433 Romanorum
3089 3373 3460 3446 magnatibus,
3520 3388 3618 3427 no-

2040 3474 2188 3531 mine
2217 3471 2569 3527 Commodus.
2595 3471 2752 3524 Anno
2775 3468 2988 3538 imperii
3023 3466 3267 3536 ejusdem
3300 3474 3456 3521 sexto
3479 3480 3617 3521 con-

2039 3568 2268 3625 stitutus
2293 3578 2378 3622 est
2409 3564 2581 3620 Judas
2611 3564 2908 3636 episcOpus
2934 3561 3492 3632 llierosolymitanus,
3523 3557 3620 3617 ubi

2040 3676 2164 3715 cum
2196 3670 2399 3728 septem
2432 3673 2604 3712 annos
2638 3655 2873 3713 sedisset
2910 3662 3163 3709 mortuus
3189 3661 3293 3707 est.

2109 3753 2269 3807 Anno
2304 3750 2543 3820 ejusdem
2588 3749 2803 3803 decimo
2851 3754 3050 3818 quarto
3082 3744 3378 3800 Zacclmus
3410 3743 3624 3813 episco-

2041 3858 2145 3913 pus
2186 3841 2710 3910 Hierosolymitanus
2739 3839 3100 3901 constitutus,
3133 3852 3258 3892 cum
3285 3847 3491 3904 septem
3519 3849 3620 3889 an-

2042 3948 2141 3990 nos
2175 3931 2407 3987 sedisset
2441 3931 2585 3984 diem
2631 3929 2788 3983 obiit.
2824 3928 2980 3982 Anno
3008 3927 3256 3997 ejusdem
3301 3935 3458 3982 sexto
3485 3940 3619 3979 con-

2038 4029 2267 4085 stitutus
2294 4034 2377 4081 est
2408 4022 2570 4079 Jeron
2606 4020 2913 4092 patriarcha
2940 4020 3342 4085 Antiochenus,
3366 4020 3467 4089 qui
3493 4035 3617 4077 cum

2050 4135 2228 4176 annos
2256 4117 2445 4189 viginti
2493 4114 2728 4171 sedisset
2777 4120 3029 4167 mortuus
3076 4122 3184 4167 est.
3223 4111 3381 4165 Anno
3409 4111 3624 4180 imperii

2041 4211 2163 4278 eius
2187 4217 2405 4280 quarto,
2440 4206 2643 4275 Xystus
2680 4204 2987 4275 patriarcha
3021 4201 3209 4256 Romae
3261 4203 3622 4266 constitutus,

2043 4316 2218 4357 annos
2250 4300 2439 4356 decem
2482 4300 2656 4363 sedet,
2704 4296 2828 4352 dein
2877 4296 3129 4349 moritur.
3173 4293 3334 4349 Anno
3374 4293 3619 4364 ejusdem

2043 4392 2255 4448 decimo
2279 4401 2476 4461 quarto
2533 4389 2719 4445 Romae
2750 4387 3065 4455 patriarcha
3100 4388 3274 4442 factus
3313 4393 3397 4440 est
3424 4385 3613 4441 Teleso

2046 4486 2274 4553 phorus,
2331 4482 2421 4551 qui
2472 4496 2595 4535 cum
2655 4494 2829 4535 annos
2882 4477 3135 4533 undecim
3183 4477 3414 4533 sedisset
3477 4477 3621 4531 diem

362 4578 527 4649 lyma,
554 4578 728 4642 Judae,
761 4578 853 4633 filii
883 4578 1130 4647 Josephi,
1186 4566 1584 4647 discipulorum
1635 4577 1799 4631 unius
1823 4614 1839 4640 ,
1886 4576 1947 4629 li-
1983 4566 2026 4621 D
2051 4576 2206 4632 obiit.
2230 4575 2387 4629 Auno
2424 4572 2636 4642 imperii
2667 4572 2787 4642 ejus
2823 4569 3115 4625 undecimo
3139 4570 3476 4623 constitutus
3500 4566 3625 4622 Jus-

362 4668 464 4724 lios
494 4672 807 4739 prehendit,
836 4687 976 4741 quos
1021 4671 1235 4727 vinctos
1287 4668 1631 4739 Romamque
1686 4668 1945 4722 advectos

361 4761 429 4817 de
455 4763 675 4818 Christo
707 4778 771 4818 ac
805 4763 979 4833 ipsius
1014 4776 1182 4832 regno
1212 4762 1588 4831 interrogavit.
1623 4757 1943 4828 Responde-

363 4865 494 4910 runt
521 4855 623 4919 illi,
652 4871 875 4927 regnum
902 4855 1074 4924 ipsius
1106 4853 1327 4909 cmleste
1347 4868 1491 4916 esse,
1514 4866 1619 4907 non
1646 4859 1944 4916 terrenum,

368 4948 659 5017 ipsumque
693 4946 1275 5015 nltimistemporibus
1313 4960 1436 4999 cum
1481 4944 1655 5013 gloria
1706 4958 1901 5012 magna
1927 4983 1943 5007 ,

359 5044 413 5092 et
442 5038 756 5106 splendore,
784 5044 1077 5093 venturum
1112 5036 1179 5092 ad
1224 5035 1553 5104 judicandos
1596 5042 1651 5090 et
1689 5036 1851 5091 vivos
1886 5041 1946 5090 et

361 5140 626 5197 mortuos,
656 5145 721 5185 ac
753 5145 1201 5200 unumquemque
1237 5128 1393 5198 juxta
1436 5142 1602 5197 opera
1632 5142 1730 5182 sua
1760 5143 1945 5183 remn-

370 5231 714 5275 neraturum.
753 5222 969 5286 Quibus
996 5221 1084 5276 ille
1111 5220 1314 5275 auditis
1366 5220 1697 5289 perterritus
1746 5219 1947 5277 liberos

358 5327 453 5367 eus
487 5313 722 5380 dimisit,
749 5328 961 5369 necnon
994 5314 1204 5368 honore
1241 5312 1380 5367 allici
1436 5311 1781 5369 Christianos
1821 5312 1944 5383 jus-

359 5404 454 5466 sit,
487 5405 735 5476 ipsisque
762 5422 821 5461 se
846 5420 1122 5476 opponere
1158 5405 1345 5460 desiit.

427 5498 625 5563 Porro,
658 5514 805 5554 anno
833 5498 1050 5569 imperii
1100 5496 1280 5567 ipsius
1316 5498 1560 5552 secundo
1609 5497 1944 5557 constitutus

367 5598 453 5644 est
483 5588 774 5646 Evaristus
804 5590 1117 5661 patriarcha
1154 5589 1365 5654 Romae,
1397 5589 1488 5644 ubi
1524 5603 1650 5642 cum
1692 5597 1819 5643 octo
1845 5603 1947 5661 an-

358 5696 462 5736 nos
499 5682 734 5737 sedisset
786 5693 1038 5737 mortuus
1066 5690 1172 5736 est.
1221 5680 1383 5735 Anno
1434 5679 1650 5748 imperii
1688 5679 1936 5749 ejusdem

360 5772 576 5828 decimo
605 5771 920 5842 patriarcha
958 5774 1143 5827 Romae
1172 5770 1350 5827 factus
1374 5781 1456 5826 est
1492 5770 1819 5836 Alexander,
1849 5771 1943 5839 qui

365 5865 435 5920 ibi
473 5865 657 5922 decem
692 5880 866 5922 annos
893 5864 1052 5933 sedit,
1083 5865 1208 5925 dcin
1241 5874 1488 5931 mortuus
1514 5871 1619 5922 est.
1651 5862 1811 5921 Anno
1842 5865 1943 5920 iut-

2051 4676 2140 4723 tus
2164 4666 2473 4737 patriarcha
2517 4663 2945 4726 Alexandrinus,
2977 4661 3069 4716 ubi
3111 4660 3297 4715 decem
3328 4674 3504 4716 annos
3532 4675 3624 4717 se-

2047 4760 2148 4825 dit,
2187 4759 2311 4813 dein
2361 4765 2611 4812 mortuus
2652 4763 2755 4811 est.
2802 4753 2881 4809 Eo
2925 4761 3175 4823 tempore
3220 4751 3426 4807 reversi
3449 4750 3622 4806 Judaei

2050 4852 2442 4922 Hierosolyma,
2486 4864 2611 4905 cum
2644 4847 2994 4917 multiplicati
3033 4854 3223 4902 essent
3252 4846 3386 4900 adeo
3421 4854 3483 4899 ut
3520 4844 3625 4898 im-

2048 4942 2286 5014 pleretur
2312 4940 2443 5008 ipsis
2476 4939 2627 5003 urbs,
2670 4952 2852 5007 regem
2887 4937 2991 4992 sibi
3024 4934 3296 5006 praeﬁcere
3323 4934 3627 4989 constitue-

2049 5040 2175 5085 runt
2202 5048 2218 5097 ;
2259 5030 2403 5099 quod
2431 5043 2555 5083 cum
2582 5025 2821 5095 Trajano
2854 5027 3233 5081 renuntiatum
3258 5031 3424 5085 esset,
3458 5022 3625 5075 misso

2049 5124 2140 5179 ille
2171 5121 2546 5192 Hierosolyma
2575 5120 2717 5175 duce
2754 5134 2881 5174 cum
2917 5118 3232 5189 ingentibus
3261 5116 3434 5186 copiis
3466 5115 3627 5167 iunn-

2049 5230 2231 5269 meros
2264 5211 2537 5267 interfecit
2582 5208 2824 5265 Judaeos.
2879 5207 3082 5263 Contra
3134 5206 3429 5276 Traianum
3463 5203 3623 5256 istum

2054 5308 2258 5378 prodiit
2312 5305 2496 5360 Babeli
2542 5303 2762 5358 rebellis
2801 5300 3047 5371 quidam,
3080 5307 3270 5354 contra
3305 5311 3467 5365 queui
3498 5310 3624 5363 pro-

2048 5399 2193 5453 fecto
2239 5396 2480 5463 'l‘rajano
2530 5395 2668 5450 inita
2708 5405 2789 5449 est
2831 5393 2974 5446 inter
3012 5391 3161 5459 ipsos
3202 5402 3380 5458 pugna
3415 5387 3625 5441 acerri-

2049 5503 2158 5551 ma,
2195 5488 2247 5541 in
2283 5501 2389 5556 qua
2425 5485 2580 5540 multi
2628 5501 2692 5538 ex
2745 5492 2975 5550 utroque
2998 5476 3241 5532 exercitu
3287 5476 3419 5531 caesi
3473 5485 3622 5540 sunt,

2050 5582 2274 5652 ipseque
2319 5578 2592 5646 Trajanus
2618 5578 2671 5630 in
2702 5574 2889 5644 praalio
2920 5569 3244 5625 interfectus
3300 5568 3428 5623 Post
3460 5582 3625 5637 quem

2049 5670 2336 5743 imperavit
2366 5668 2547 5725 IElius
2600 5666 2876 5723 Adrianus
2907 5664 3069 5735 352
3108 5662 3289 5717 Cassar
3322 5674 3498 5715 annos
3535 5659 3621 5712 vi-

2048 5768 2205 5837 ginti.
2242 5767 2339 5822 Hic
2400 5772 2592 5820 contra
2654 5760 2907 5815 rebellem
2967 5759 3133 5813 istum
3208 5755 3455 5811 Babelem
3497 5768 3625 5823 pro-

2050 5862 2226 5916 fectus
2263 5858 2441 5928 ipsum
2469 5854 2791 5926 proﬂigavit,
2822 5850 2954 5909 Dein
2992 5849 3289 5925 (Egyptum
3315 5844 3620 5905 contendit.
