4034 6214
431 354 536 417 9S7

1433 361 1803 423 EUTYCHII
1833 360 2363 426 ALEXANDRINI
2399 367 2612 431 PATR.

3572 369 3681 432 988

430 472 627 527 Gravia
662 483 841 531 autem
872 479 1023 533 valde
1057 479 1126 534 ab
1150 496 1215 535 eo
1247 481 1395 550 passi
1425 489 1548 535 sunt
1581 482 1815 553 Egyptii
1866 486 1995 539 dum
2025 478 2072 532 Δ
2099 491 2184 537 est
2214 481 2496 553 Benjamin
2518 486 2810 557 episcopus
2830 486 3376 559 Hierosolymitanus,
3407 490 3498 559 qui
3520 500 3682 559 pust-

434 574 687 625 homines
737 572 804 626 ad
866 574 1132 629 idolorum
1179 576 1386 629 cultum
1441 577 1707 647 adigeret,
1743 593 1905 647 quam
1935 578 2006 632 ob

433 674 661 717 causam
698 668 899 722 multos
928 670 1093 722 etiam
1117 686 1147 723 c
1178 670 1528 735 Christianis,
1568 680 1741 727 morte
1777 670 1959 725 aﬂ'ecit
1988 687 2002 724 :

433 752 575 808 inter
607 765 835 813 caeteros
862 758 977 812 Mar
1012 762 1277 817 Astatium
1319 778 1442 818 cum
1481 780 1650 819 uxore
1695 773 1748 818 et
1790 764 2006 820 duobus

434 846 595 911 filiis;
631 850 833 917 quibus
883 853 1090 908 scilicet
1146 855 1266 909 olla:
1317 870 1479 911 aucte
1539 856 1767 911 inclusis
1806 870 2003 925 aquam

434 937 865 1006 superlundens,
911 942 1087 1010 ignem
1120 946 1316 999 deinde
1362 947 1672 1015 supposuit,
1710 946 1883 1001 donec
1913 962 2007 1002 co-

429 1044 752 1099 querentur.
792 1037 986 1093 Gravis
1018 1048 1195 1095 autem
1230 1040 1376 1097 lElio
1417 1044 1660 1098 Adriano
1688 1045 1741 1097 in
1777 1058 2007 1113 corpore

430 1141 531 1183 Suo
572 1128 798 1185 morbus
831 1132 1031 1185 accidit
1058 1148 1073 1197 ;
1100 1149 1271 1203 quare
1313 1135 1439 1190 dum
1476 1137 1655 1191 varias
1692 1146 2006 1206 peragraret

434 1219 686 1288 regiones
719 1223 785 1277 ad
820 1227 1118 1281 remedium
1149 1231 1362 1297 corpori
1391 1239 1442 1284 et
1486 1230 1678 1285 morbo
1726 1245 1827 1285 suo
1859 1246 2007 1300 quae-

431 1312 682 1379 rendum,
719 1312 1091 1388 Hierosolyma
1116 1320 1214 1388 ipsi
1254 1321 1563 1385 laudarunt,
1597 1338 1847 1388 quocum
1883 1337 2007 1388 per-

434 1404 678 1459 venisset
706 1406 929 1476 ipsaque
972 1423 1178 1465 vasuua
1221 1412 1510 1477 inveniret,
1544 1414 1678 1468 adeo
1713 1422 1768 1467 ut
1796 1416 2004 1469 nullum

432 1490 502 1543 ibi
556 1490 893 1567 [aedilicium]
951 1508 1147 1566 pra’ler
1206 1501 1648 1557 Christianorum
1711 1506 2003 1560 ecclesiam

430 1591 596 1643 esset,
631 1586 839 1639 exstrui
878 1586 1044 1655 jussit
1078 1592 1264 1646 urbem
1301 1593 1445 1646 circa
1500 1595 1785 1662 templum,
1821 1610 2009 1649 muro-

430 1687 535 1741 que
564 1673 686 1730 i’orti
717 1678 859 1749 cingi
892 1698 904 1733 :
939 1682 1085 1750 quod
1112 1698 1234 1736 cum
1266 1686 1519 1739 audirent
1546 1684 1739 1752 Judaei,
1760 1703 1822 1741 ex
1855 1690 2006 1742 omni

432 1766 733 1832 provincia,
767 1771 1029 1839 omnique
1081 1775 1217 1829 urbe
1264 1776 1560 1843 conﬂuere,
1586 1777 1725 1833 adeo
1748 1788 1807 1832 ttt
1858 1778 2003 1833 brevi

432 1860 693 1926 temporis
742 1864 923 1933 spatio
985 1866 1302 1937 impleretur
1369 1869 1503 1939 ipsis
1556 1871 1712 1927 urbs.
1761 1872 2007 1941 Cumque

433 1951 586 2005 multi
627 1969 855 2009 numero
886 1958 1213 2022 evasissent,
1242 1976 1420 2031 regem
1474 1962 1581 2016 illis
1621 1964 1840 2017 nomine
1870 1963 2005 2018 Bar-

434 2038 638 2121 juaium
674 2045 1053 2111 perfecerunt.
1087 2034 1241 2114 Quod
1298 2066 1420 2105 cum
1457 2051 1599 2107 Elio
1632 2053 1876 2107 Adriano
1924 2069 2008 2107 re-

432 2134 744 2188 nuntiatum
782 2150 947 2204 88sel,
984 2140 1133 2195 misit
1171 2141 1259 2197 ille
1284 2142 1478 2197 ducem
1510 2158 1540 2196 e
1572 2144 1688 2199 suis
1717 2144 2004 2213 quemdam

434 2224 646 2292 magnis
697 2224 1026 2283 instructum
1085 2232 1282 2300 copiis,
1318 2233 1411 2300 qui
1467 2234 1657 2289 urbem
1707 2235 2004 2290 obsideret.

437 2314 640 2370 Μοτιυί
673 2333 804 2388 ergo
850 2331 977 2375 sunt
1014 2322 1108 2392 qui
1153 2324 1205 2376 in
1254 2340 1315 2378 ea
1347 2333 1502 2379 erant
1532 2324 1673 2381 fame
1701 2334 1754 2381 et
1784 2327 1899 2383 siti.
1931 2326 2005 2382 Ea

432 2406 629 2464 deinde
661 2421 817 2479 capta
879 2428 1128 2485 magnam
1182 2413 1491 2471 Judmorum
1529 2425 1768 2487 stragem
1810 2417 2003 2483 edidit,

433 2498 733 2568 urbemque
761 2503 928 2557 diruit
967 2505 1103 2559 adeo
1129 2515 1188 2558 ut
1211 2506 1480 2561 desertam
1516 2509 1870 2577 relinqueret.
1905 2509 2006 2563 At.

433 2608 538 2659 que
573 2594 676 2649 hoc
710 2596 959 2649 ultimum
1010 2598 1365 2669 353-355
1392 2613 1472 2655 est
1501 2600 2004 2670 Hierosolymorum

433 2687 730 2743 excidium.
765 2688 1007 2744 Fuerunt
1066 2698 1246 2745 autem
1279 2709 1309 2745 e
1343 2692 1569 2759 Iudaeis,
1599 2695 1692 2762 qui
1715 2694 2006 2766 Egyptum

434 2778 701 2845 fugerent.
740 2781 833 2833 alii
870 2783 959 2842 qui
1011 2782 1221 2853 Syriam
1277 2796 1329 2837 et
1362 2786 1414 2836 in
1454 2795 1688 2846 montes,
1735 2795 1787 2839 et
1825 2786 2006 2849 regio-

435 2884 554 2921 nent
584 2870 803 2937 Algaur.
837 2870 1006 2925 Jussit
1032 2889 1159 2926 vero
1186 2889 1299 2936 rex,
1326 2889 1391 2926 ne
1414 2876 1536 2941 quis
1563 2874 1785 2931 Judteus
1815 2878 2003 2931 urbem

435 2961 723 3023 incoleret,
777 2978 964 3016 verum
1024 2964 1254 3018 interﬁci
1304 2966 1453 3033 ipsos
1502 2976 1783 3037 totamque
1815 2984 2003 3024 eorum

434 3050 656 3120 stirpem
697 3054 865 3109 deleri
903 3072 917 3116 ;
966 3057 1153 3111 urbem
1187 3066 1364 3112 autem
1398 3074 1424 3111 a
1452 3058 1656 3113 Graecis
1692 3060 1920 3115 habitari
1951 3070 2006 3116 et

2106 589 2270 643 quam
2345 590 2521 633 annos
2598 588 2715 634 tres
2770 579 3002 633 sedisset
3049 589 3303 634 mortuus
3353 589 3456 634 est.
3523 582 3683 637 Anno

2104 668 2348 737 ejusdem
2381 670 2615 735 decimo,
2648 671 2824 726 factus
2852 679 2936 725 est
2967 668 3205 726 Joannes
3235 672 3527 741 episcopus
3556 672 3680 726 Ηίρ-

2109 759 2556 829 rosolymitanus,
2592 761 2685 830 qui
2714 776 2837 817 cum
2876 776 3049 818 annos
3087 764 3225 818 duos
3258 763 3492 819 sedisset
3525 782 3677 819 mor-

2110 858 2240 904 tuus
2296 860 2402 906 est.
2464 852 2624 906 Anno
2654 853 2896 921 ejusdem
2961 854 3172 909 decimo
3198 855 3360 909 tertio
3388 856 3563 911 factus
3590 866 3678 913 est

2107 941 2432 999 Matathaeus
2464 946 2752 1015 episc0pus
2774 945 3320 1018 Hierosolymitanus,
3345 950 3437 1017 qui
3455 960 3509 1004 et
3537 950 3676 1006 duos

2107 1045 2282 1086 annos
2318 1034 2481 1097 sedit,
2511 1035 2637 1089 dein
2684 1044 2936 1090 mortuus
2972 1045 3077 1091 est.
3108 1037 3269 1092 Anno
3298 1040 3548 1108 ejusdem
3580 1040 3678 1093 de-

2106 1125 2252 1179 cimo
2301 1127 2494 1193 quinto
2547 1130 2877 1184 constitutus
2927 1138 3012 1186 est
3068 1130 3345 1201 Philippus
3388 1132 3677 1202 episcopus

2109 1213 2654 1287 llierosoiymitanus,
2681 1221 2772 1288 qui
2804 1236 2928 1276 cum
2956 1238 3130 1279 annos
3152 1225 3314 1278 etiam
3344 1226 3481 1281 duos
3506 1226 3679 1282 sedis-

2108 1313 2189 1357 set
2240 1316 2489 1363 mortuus
2544 1319 2649 1366 est.
2697 1315 2863 1367 Anno
2905 1314 3150 1383 eiusdem
3189 1317 3403 1372 decimo
3449 1321 3677 1389 septimo

2108 1396 2285 1453 factus
2313 1409 2397 1455 est
2426 1400 2631 1457 Seneca
2658 1404 2949 1474 episcopus
2998 1407 3551 1480 Hierosolyntitanus,
3583 1414 3673 1480 qui

2108 1505 2310 1545 annum
2342 1511 2510 1549 unmn
2544 1498 2709 1561 sedit,
2759 1499 2883 1553 dein
2938 1511 3187 1557 mortuus
3216 1514 3320 1558 est.
3346 1501 3505 1557 Anno
3529 1505 3679 1571 ejus-

2107 1585 2229 1639 dem
2278 1585 2491 1643 decimo
2537 1598 2733 1644 octavo
2765 1599 2983 1647 creatus
3015 1605 3102 1648 est
3144 1594 3333 1651 Justus
3391 1596 3676 1666 episcopus

2112 1676 2655 1749 llierosolymitanus,
2689 1682 2777 1736 ubi
2807 1699 2930 1738 cum
2961 1700 3135 1741 annos
3157 1688 3396 1757 quinque
3426 1690 3677 1759 sedisset,

2042 1817 2080 1870 Β
2109 1785 2138 1824 e
2167 1771 2308 1827 vivis
2337 1774 2596 1828 excessit.
2648 1774 2860 1832 Mortuo
2892 1788 3071 1833 autem
3131 1780 3276 1835 IEIio
3326 1782 3676 1852 imperatore,

2110 1872 2235 1930 post
2282 1863 2460 1931 ipsum
2512 1863 2699 1921 Rumze
2741 1883 2917 1925 annos
2967 1872 3155 1942 viginti
3207 1873 3345 1927 duos
3395 1874 3681 1941 imperavit

2110 1956 2420 2012 Antoninus
2448 1958 2633 2014 Caesar
2660 1978 2675 2015 :
2708 1961 2867 2031 cujus
2888 1961 3096 2029 imperii
3128 1980 3268 2019 anno
3293 1967 3485 2034 quinto
3505 1969 3680 2025 factus

2110 2057 2194 2102 est
2261 2049 2527 2105 Anicetus
2580 2052 2890 2120 patriarcha
2920 2052 3278 2127 357-359
3347 2056 3676 2117 Romanus:

2109 2141 2251 2196 sedit
2310 2158 2485 2198 annos
2553 2145 2827 2211 undecim,
2872 2149 2996 2202 dein
3050 2159 3296 2204 mortuus
3345 2162 3449 2206 est.
3524 2154 3684 2209 Anno

2108 2231 2348 2301 ejusdem
2403 2234 2617 2291 decimo
2653 2244 2811 2291 sexto
2865 2238 3043 2293 factus
3077 2251 3163 2295 est
3212 2241 3530 2297 Soterichus
3588 2258 3690 2312 pa-

2107 2327 2351 2381 triarcha
2401 2326 2680 2382 Romanus
2714 2347 2727 2381 :
2766 2328 2907 2384 sedit
2942 2345 3116 2385 annos
3166 2342 3313 2396 octo,
3353 2335 3476 2387 dein
3533 2351 3685 2390 mor-

2110 2426 2235 2471 tuus
2284 2426 2389 2471 est.
2428 2418 2586 2471 Anno
2630 2419 2845 2486 imperii
2892 2420 3065 2489 ipsius
3107 2432 3307 2489 quarto
3353 2425 3689 2480 constitutus

2110 2512 2194 2560 est
2244 2506 2459 2561 Clarius
2504 2509 2815 2577 patriarcha
2869 2510 3289 2574 Alexandrinus,
3325 2513 3465 2567 sedit
3510 2528 3688 2569 annos

2116 2600 2392 2661 undecim,
2422 2599 2546 2653 dein
2578 2607 2830 2655 mortuus
2861 2608 2965 2655 est.
3000 2602 3160 2655 Anno
3194 2603 3438 2671 ejusdem
3468 2603 3687 2659 decimo

2111 2689 2309 2757 quinto
2337 2689 2670 2744 constitutus
2693 2699 2779 2745 est
2808 2691 3076 2760 Agrabius
3101 2694 3409 2760 patriarcha
3444 2695 3688 2749 Alexan-

2109 2780 2324 2845 drinus,
2364 2781 2456 2849 qui
2507 2778 2679 2837 annos
2736 2782 3022 2837 duodecim
3053 2784 3219 2847 sedit,
3267 2785 3392 2839 dein
3437 2797 3687 2843 mortuus

2110 2878 2219 2935 est.
2254 2870 2413 2925 Auno
2469 2873 2679 2940 imperii
2737 2874 2913 2941 ipsius
2969 2876 3132 2928 tertio
3172 2886 3387 2930 creatus
3416 2886 3499 2931 est
3546 2878 3687 2932 Erus

2114 2964 2426 3029 patriarcha
2481 2965 2911 3031 Antiochenus,
2972 2968 3113 3022 sedit
3178 2969 3342 3023 annis
3401 2972 3681 3034 tredecim,

2113 3052 2237 3108 dein
2268 3056 2423 3110 obiit.
2456 3058 2612 3110 Anno
2636 3057 2881 3125 ejusdem
2905 3059 3123 3114 decimo
3168 3070 3331 3116 sexto
3348 3072 3567 3118 creatus
3601 3072 3685 3119 est

432 3149 500 3206 de
533 3150 877 3218 imperatoris
919 3150 1138 3205 nomine
1165 3150 1363 3205 Alliam
1392 3154 1650 3219 appellari
1684 3174 1698 3210 :
1730 3169 1900 3223 quare
1943 3153 2012 3210 ab
2038 3149 2081 3208 C
2117 3147 2451 3217 Theophilus
2483 3151 2788 3218 patriarcha
2816 3151 3207 3213 Antiochenus,
3236 3156 3331 3224 qui
3361 3170 3483 3209 cum
3509 3172 3686 3215 anuos

435 3258 500 3297 eo
538 3253 787 3313 tempore
817 3244 963 3297 hunc
998 3258 1176 3313 usque
1208 3244 1350 3299 diem
1377 3244 1519 3299 Elia
1545 3256 1772 3301 vocatur
1801 3264 1815 3301 :
1846 3261 2007 3316 quam

435 3328 779 3391 incoluerunt
818 3336 1013 3399 Gneci,
1049 3345 1101 3391 et
1153 3340 1221 3391 ad
1261 3347 1474 3407 portam
1515 3341 1696 3407 templi
1748 3356 1872 3409 quae
1913 3342 2008 3394 Al-

434 3428 575 3481 Baha
606 3427 887 3501 [pulchra]
925 3429 1101 3493 audit,
1124 3444 1303 3483 arcem
1330 3438 1670 3489 struxerunt,
1705 3442 1868 3499 super
1898 3446 2007 3499 qua

435 3519 674 3574 tabulam
727 3536 979 3590 magnam
1025 3534 1344 3589 posuerunt,
1382 3522 1729 3588 imperatoris
1788 3524 2012 3579 nomine

437 3610 576 3665 [Elio
610 3613 952 3679 inscriptam,
985 3612 1150 3678 idque
1175 3625 1320 3664 anno
1348 3611 1564 3680 imperii
1592 3612 1764 3680 ipsius
1790 3620 2008 3667 octavo.

438 3705 542 3754 Arx
606 3704 708 3755 ista
754 3702 917 3756 hodie
970 3702 1039 3756 ad
1070 3711 1280 3770 portam
1343 3700 1851 3773 Hierosolymorum
1905 3705 2011 3758 sita

436 3794 655 3848 liavidis
685 3793 993 3847 sacrarium
1040 3796 1367 3863 appellatur.
1405 3795 1523 3849 Jaiu
1556 3796 1624 3851 ab
1652 3796 1869 3851 excidio
1901 3798 2013 3865 pri-

437 3902 522 3939 mo
546 3902 641 3955 per
671 3886 851 3941 Titum
878 3886 1024 3942 facto
1047 3889 1113 3943 ad
1143 3889 1246 3943 hoc
1277 3890 1505 3945 alterum
1537 3891 1663 3943 auui
1700 3896 1829 3945 sunt
1853 3891 2016 3959 quin-

436 3979 694 4048 quaginta
751 3988 886 4035 tres.
947 3980 1169 4050 lmpleta
1223 3989 1404 4036 autem
1459 3991 1589 4035 sunt
1637 3980 2012 4052 Hierosolyma

437 4070 660 4137 Graecis,
696 4074 787 4142 qui
826 4088 950 4127 cum
1004 4073 1353 4129 Christianos
1386 4075 1650 4138 ﬂuictmn,
1708 4074 1855 4127 istud
1912 4074 2014 4127 sub

434 4176 542 4230 quo
580 4172 696 4216 erat
730 4162 1077 4228 Sepulcrum,
1140 4170 1195 4216 et
1242 4162 1502 4217 Granium
1538 4161 1707 4225 adire,
1735 4170 1901 4232 atque
1937 4163 2010 4218 ibi

434 4268 626 4320 preces
660 4254 892 4308 fundere
920 4256 1187 4317 viderent,
1214 4270 1311 4309 eos
1370 4254 1474 4309 hoc
1507 4253 1690 4309 facere
1720 4256 2014 4325 prohiben-

436 4356 519 4399 tes
554 4360 723 4416 super
773 4346 957 4401 ilmeto
989 4348 1249 4416 templum
1281 4347 1476 4402 Veneri
1504 4348 1747 4402 dicatum
1796 4358 2014 4405 struxe-

438 4446 585 4491 I'ttttl.

512 4528 667 4583 Anno
696 4529 904 4597 imperii
938 4530 1058 4599 ejus
1081 4539 1235 4585 sexto
1266 4533 1601 4588 constitutus
1631 4541 1714 4587 est
1742 4533 2014 4603 Eugenius

438 4622 745 4689 patriarcha
784 4620 1080 4685 Romanus,
1117 4624 1208 4691 qui
1236 4639 1358 4677 cum
1384 4642 1558 4679 annos
1580 4635 1817 4695 quatuor
1845 4626 2016 4681 sedis-

428 4720 522 4764 set
557 4720 804 4763 mortuus
835 4722 937 4765 est.
971 4716 1129 4768 Anno
1159 4714 1401 4782 ejusdem
1434 4715 1646 4771 decimo
1688 4719 2017 4773 constitutus

428 4810 523 4855 est
555 4799 771 4854 Marcus
800 4803 1109 4870 patriarcha
1142 4805 1440 4873 Romanus,
1469 4809 1561 4877 qui
1588 4825 1765 4864 annos
1790 4810 2018 4878 quinde-

441 4893 546 4947 cim
584 4893 745 4959 sedit,
773 4895 896 4948 dein
940 4908 1192 4952 mortuus
1221 4909 1324 4953 est.
1378 4902 1536 4954 Anno
1603 4916 1747 4955 nnno
1802 4901 2014 4970 imperii

428 4985 563 5053 ejus
595 4982 769 5037 factus
808 4994 891 5040 est
920 4985 1206 5040 Cornelius
1252 4989 1562 5056 patriarcha
1608 4990 2007 5053 Antiochenus,

448 5076 541 5130 ubi
569 5092 694 5131 cum
736 5090 909 5131 annos
942 5078 1405 5148 356'sexdecim
1439 5080 1668 5135 sedisset
1691 5082 1833 5135 diem
1859 5081 2016 5137 obiit.

444 5171 603 5225 Anno
638 5170 847 5239 imperii
901 5171 1019 5239 ejus
1049 5172 1290 5225 secundo
1331 5182 1549 5227 creatus
1595 5185 1679 5227 est
1712 5172 2011 5228 Eumenius

438 5265 753 5333 patriarcha
788 5262 1212 5327 Alexandrinus,
1237 5265 1327 5332 qui
1364 5278 1488 5317 cum
1517 5280 1689 5318 anuos
1724 5265 2011 5319 duodecim

446 5358 680 5413 sedisset
715 5367 961 5411 mortuus
989 5366 1091 5411 est.
1116 5358 1274 5410 Auno
1303 5356 1546 5425 ejusdem
1578 5356 1791 5410 decimo
1817 5367 2013 5425 quarto

440 5452 776 5505 constitutus
806 5459 888 5505 est
916 5449 1225 5504 Marcianus
1251 5448 1559 5518 patriarcha
1589 5448 2015 5516 Alexandrinus,

444 5539 541 5605 qui
575 5550 861 5608 postquam
906 5556 1080 5595 annos
1121 5542 1309 5596 decem
1343 5539 1578 5594 sedisset
1632 5551 1879 5594 mortuus
1911 5550 2017 5595 est.

446 5629 608 5683 Anno
659 5631 870 5699 imperii
930 5633 1050 5702 ejus
1080 5640 1278 5702 quarto
1339 5633 1671 5687 constitutus
1697 5640 1783 5687 est
1814 5631 2018 5688 Tobias

444 5720 742 5788 episcopus
803 5722 1354 5797 Hierosolymitanus,
1385 5728 1474 5782 ubi
1507 5742 1632 5782 cum
1683 5737 1793 5783 tres
1846 5743 2018 5781 annos

446 5809 683 5867 sedisset
717 5823 965 5870 mortuus
1000 5830 1100 5873 est.
1132 5818 1291 5874 Antio
1322 5820 1556 5889 ejusdem
1582 5821 1811 5890 septimu
1843 5819 2016 5874 factus

2113 3239 2301 3307 viginti
2336 3255 2503 3293 unum
2525 3242 2758 3296 sedisset
2782 3252 3030 3297 mortuus
3060 3253 3162 3299 est.
3183 3244 3339 3300 Anno
3366 3246 3577 3317 imperii
3602 3249 3685 3318 ip-

2111 3332 2226 3386 sius
2260 3333 2437 3401 primo
2504 3336 2840 3392 constitutus
2869 3344 2952 3391 est
2993 3337 3121 3391 Levi
3157 3340 3445 3409 episeOpus
3488 3340 3685 3395 Hiero-

2109 3424 2507 3495 solymitanus;
2560 3428 2701 3481 sedit
2733 3443 2910 3484 annos
2953 3430 3215 3501 quinque,
3268 3432 3391 3485 dein
3430 3444 3680 3488 mortuus

2108 3524 2209 3570 est.
2233 3516 2391 3571 Anno
2407 3517 2653 3586 ejusdem
2679 3530 2836 3574 sexto
2858 3522 3190 3577 constitutus
3207 3532 3291 3577 est
3314 3522 3547 3592 Ephrem
3564 3524 3683 3591 epi-

2110 3622 2314 3675 scopus
2357 3608 2922 3681 Hierosolymitanus;
2959 3613 3101 3668 sedit
3144 3628 3318 3669 annos
3358 3615 3518 3677 duos,
3558 3615 3687 3671 dein

2112 3712 2361 3754 mortuus
2391 3710 2495 3756 est.
2522 3701 2681 3755 Anno
2705 3703 2951 3770 ejusdem
2977 3716 3172 3759 octavo
3195 3705 3371 3761 factus
3393 3716 3478 3760 est
3509 3707 3688 3759 Arsa-

2112 3789 2237 3842 uius
2254 3790 2546 3858 episcopus
2564 3789 3110 3862 Hlerosolymitanus,
3132 3794 3222 3862 qui
3236 3809 3359 3848 cum
3381 3809 3555 3849 annos
3577 3805 3693 3849 tres

2114 3881 2348 3935 sedisset
2379 3891 2632 3936 mortuus
2663 3893 2768 3939 est.
2797 3885 2953 3937 Anno
2974 3882 3218 3951 ejusdem
3243 3886 3533 3940 undecimo
3553 3900 3694 3943 con-

2113 3972 2338 4027 stitutus
2370 3971 2512 4027 Juda
2570 3974 2864 4043 episcopus
2897 3974 3442 4046 Hierosolymitanus,
3474 3976 3695 4032 duobus

2114 4063 2275 4118 annis
2297 4064 2459 4127 sedit,
2487 4063 2611 4118 dein
2641 4066 2797 4121 obiit.
2824 4064 2943 4120 Jam
2980 4081 3110 4121 vero
3144 4083 3172 4121 a
3199 4066 3401 4121 Jacobo
3430 4068 3696 4137 episcopo

2124 4155 2629 4226 llierosolymitano
2685 4158 2885 4225 primo,
2936 4173 3110 4226 usque
3146 4159 3212 4212 ad
3266 4157 3459 4212 Judam
3521 4159 3695 4214 istum

2104 4248 2367 4317 ejusdem
2402 4250 2504 4303 loci
2539 4251 2881 4318 episcopum,
2915 4250 3134 4305 fuerunt
3158 4252 3425 4321 episcopi,
3460 4253 3548 4320 qui
3567 4252 3693 4307 sedi

2116 4341 2207 4395 isti
2260 4340 2717 4409 praeﬁciebantur,
2754 4341 3090 4396 circumcisi.
3123 4343 3280 4396 Anno
3311 4342 3519 4409 imperii
3574 4344 3698 4397 An-

2120 4433 2291 4487 tonini
2317 4432 2534 4486 decimo
2584 4434 2745 4486 tertio
2784 4435 3119 4487 constitutus
3153 4444 3238 4487 est
3267 4436 3429 4503 360
3473 4432 3699 4488 Mart-us

2128 4525 2420 4593 episcOpus
2461 4522 3011 4591 Hierosolymitanus,
3040 4526 3129 4579 ubi
3154 4542 3329 4581 annos
3359 4538 3482 4580 octo
3520 4526 3698 4589 sedit,

2116 4616 2244 4670 dein
2289 4625 2541 4670 mortuus
2573 4625 2680 4669 est.
2732 4617 2891 4672 Anno
2922 4617 3171 4686 ejusdem
3208 4621 3466 4672 vicesimo
3511 4618 3700 4687 primo

2116 4718 2334 4764 creatus
2364 4716 2447 4762 est
2470 4708 2768 4764 Cassianus
2796 4712 3089 4780 episcopus
3136 4710 3698 4781 Hierosolymitanus,

2106 4801 2210 4872 .qui
2237 4816 2359 4854 cum
2392 4815 2567 4855 annos
2605 4803 2846 4871 quinque
2882 4804 3119 4858 sedisset
3150 4803 3294 4858 diem
3326 4803 3481 4857 obiit.

2188 4891 2403 4948 Mortuo
2423 4892 2700 4946 Antonino
2729 4892 2963 4954 Caesare,
3001 4895 3103 4962 ipsi
3136 4894 3189 4947 iu
3225 4895 3454 4963 imperio
3477 4908 3707 4948 succes-

2120 4986 2192 5041 sit
2222 4985 2456 5051 Marcus,
2493 4987 2585 5054 qui
2616 4987 2873 5041 Aurelius
2902 4986 3104 5052 Casar,
3139 5004 3238 5042 nec
3272 5002 3379 5041 non
3417 4988 3704 5044 Antonius

2120 5088 2172 5133 et
2196 5080 2370 5134 Verus
2393 5078 2695 5146 appellatus
2717 5085 2821 5139 est,
2845 5080 3080 5147 quicum
3115 5094 3290 5134 annos
3319 5080 3699 5135 novemdecim

2123 5171 2448 5239 imperasset
2473 5185 2502 5223 e
2532 5172 2674 5225 vivis
2697 5172 2955 5226 excessit.
2984 5170 3191 5239 Magnae
3221 5172 3308 5225 hic
3334 5172 3702 5234 calamitatis,

2120 5271 2176 5314 et
2206 5264 2443 5318 tristitiae
2471 5264 2746 5318 diuturna:
2778 5258 3110 5319 Christianis
3158 5274 3351 5319 auctor
3389 5264 3509 5324 fuit,
3550 5266 3707 5316 mul-

2124 5357 2197 5409 tis
2227 5356 2474 5425 subipso
2519 5357 2837 5427 martyrium
2891 5358 3093 5426 passis.
3129 5356 3259 5425 Ejus
3291 5367 3534 5425 tempore
3581 5371 3710 5409 ma-

2124 5463 2227 5511 gna
2290 5447 2390 5503 fuit
2440 5449 2637 5512 fames,
2696 5448 3046 5517 siccitasque,
3078 5456 3132 5502 et
3183 5451 3375 5517 pestis,
3411 5448 3540 5500 dum
3596 5460 3708 5516 per

2125 5540 2403 5595 biennium
2438 5557 2545 5593 nun
2577 5540 2805 5609 plueret,
2832 5541 2968 5595 adeo
2994 5550 3056 5594 ut
3089 5556 3279 5610 parum
3309 5541 3530 5593 abesset
3560 5540 3709 5607 quin

2124 5642 2178 5687 et
2222 5647 2317 5687 rex
2349 5642 2401 5685 et
2432 5632 2664 5701 populus
2711 5632 2941 5701 imperio
2965 5632 3139 5701 ipsius
3180 5631 3437 5686 subditus
3467 5631 3611 5684 fame
3638 5642 3705 5685 et

2125 5733 2276 5793 peste
2298 5725 2536 5793 perirent
2559 5743 2569 5777 :
2600 5724 2693 5793 qui
2707 5740 2835 5793 ergo
2851 5724 3191 5780 Christianos
3213 5730 3477 5793 rogarunt
3493 5732 3549 5776 ut
3568 5737 3668 5791 pre
3682 5753 3706 5764 ο

2132 5819 2286 5873 cibus
2311 5834 2338 5873 a
2364 5816 2594 5875 Domino
2612 5818 2961 5885 suopluviam
2985 5818 3363 5882 impetrarent.
3399 5816 3509 5872 illis
3527 5814 3705 5885 igitur
