4034 6214
332 412 441 483 989

1763 411 2140 473 ANNALES-

3466 405 3574 472 990

334 540 528 594 preces
552 525 621 581 ad
658 525 947 581 Dominum
997 526 1379 594 inridentibus,
1420 546 1669 600 magnam
1707 530 1902 599 pluviae
1931 530 1973 585 Λ
2004 528 2097 582 ubi
2133 535 2278 582 esset
2327 527 2573 596 ipsorum
2627 524 2885 582 dominus
2931 521 3037 593 ipsi
3096 523 3427 583 indicarent,
3471 524 3570 587 illi,

337 622 557 683 coptam
581 617 824 683 dei-risit,
864 635 973 687 quo
999 628 1160 691 pacto
1187 622 1403 679 sublata
1443 631 1530 678 est
1556 632 1610 679 et
1644 622 1817 678 fames
1848 631 1903 677 et

335 714 527 781 pestis.
568 711 681 765 Sub
704 711 826 780 ipso
854 713 907 766 in
930 711 1137 769 Graecia
1160 713 1345 769 ﬂoruit
1373 714 1619 783 Magnius
1655 716 1901 783 sapiens.

333 804 493 859 Anno
522 803 739 872 imperii
758 805 1003 872 ejusdem
1028 807 1266 861 secundo
1290 810 1622 865 constitutus
1638 819 1719 863 est
1739 808 1904 863 Eleu-

334 895 544 951 therius
591 897 906 965 patriarcha
955 897 1262 963 Romanus,
1288 902 1379 969 qui
1408 912 1694 971 postquam
1725 915 1902 957 annos

333 992 646 1059 quindecim
678 992 936 1055 sedisset,
971 1000 1221 1049 mortuus
1249 1004 1357 1049 est.
1390 993 1610 1061 imperii
1655 994 1901 1063 ejusdem

335 1091 481 1136 anno
502 1081 717 1147 decimo
762 1084 996 1153 septimo
1020 1083 1197 1140 factus
1226 1084 1416 1139 Victor
1458 1085 1643 1139 lioniie
1672 1085 1904 1154 patriar-

336 1176 439 1229 cha
472 1175 660 1229 decem
688 1189 863 1229 annos
924 1175 1085 1237 sedit,
1135 1176 1258 1231 dein
1304 1187 1555 1231 mortuus
1590 1184 1693 1231 est.
1746 1177 1903 1229 Anno

334 1265 578 1342 ejttsdem
610 1265 803 1333 quinto
838 1267 1171 1322 constitutus
1210 1278 1292 1323 est
1313 1267 1566 1323 Julianus
1596 1267 1905 1337 patriarcha

335 1357 745 1412 Alexandrinus
777 1372 1063 1427 annosque
1093 1359 1277 1414 decem
1307 1361 1466 1425 sedit,
1489 1358 1613 1415 dein
1656 1369 1904 1413 mortuus

334 1460 440 1504 est.
491 1446 650 1502 Auno
708 1448 921 1503 decimo
977 1450 1332 1521 361-363
1353 1452 1549 1520 quinto
1569 1452 1905 1506 constitutus

340 1555 424 1599 est
463 1545 770 1601 Demetrius
806 1546 1113 1615 patriarcha
1151 1546 1700 1614 Alexandrinus,qui
1731 1560 1904 1598 annos

244 1654 260 1668 ·
339 1635 705 1704 quadraginta
742 1644 855 1690 tres
883 1635 1048 1699 sedit,
1081 1635 1207 1690 dein
1232 1644 1491 1690 mortuus
1524 1645 1627 1690 est.
1683 1635 1906 1690 Primus

338 1728 437 1781 ille
465 1727 898 1792 patriarcharum
934 1726 1226 1795 episcopos
1256 1728 1309 1779 in
1339 1725 1556 1795 IEgypti
1588 1725 1795 1779 ditione
1819 1739 1909 1777 or-

2003 636 2121 689 pra!
2147 619 2315 673 animi
2349 619 2710 689 generositate
2741 633 2805 671 ac
2844 616 3050 671 domini
3082 614 3168 671 sui
3195 615 3443 669 servandi
3475 614 3574 669 dc-

2005 716 2233 777 siderio,
2264 713 2391 767 illud
2425 712 2604 767 facere
2635 722 2958 768 recusarunt
2994 728 3007 764 :
3044 716 3099 764 et
3148 709 3217 762 ab
3267 707 3576 761 Alexandro

2005 807 2072 860 ad
2125 806 2456 861 Perennium
2512 819 2686 859 annos
2725 805 2895 860 fuisse
2945 803 3270 873 quingentos
3324 810 3377 853 et
3414 799 3597 853 sede-'

2005 899 2108 953 cim
2146 915 2160 952 :
2192 899 2355 966 idque
2388 911 2530 950 anno
2564 897 2779 964 imperii
2816 893 3103 950 Commodi
3128 891 3363 946 Czesaris
3391 889 3579 961 365-

2004 990 2165 1061 367
2198 1004 2361 1044 nono.
2390 990 2512 1044 Hmc
2533 990 2795 1044 Galenus.

2076 1084 2281 1138 Floruit
2305 1084 2469 1137 etiam
2524 1082 2767 1148 ejusdem
2802 1090 3046 1149 tempore
3085 1077 3439 1132 Democrates
3474 1090 3577 1129 sa-

2007 1178 2182 1247 piens.
2233 1178 2390 1231 Anno
2442 1176 2653 1244 imperii
2700 1176 2870 1244 ipsius
2902 1184 3092 1227 octavo
3119 1180 3333 1226 creatos
3364 1179 3445 1223 est
3475 1168 3580 1223 Ze-

2005 1271 2257 1339 phirluus
2314 1270 2623 1339 patriarcha
2658 1268 2959 1332 Romanus,
2991 1268 3082 1335 qui
3127 1279 3300 1319 annos
3353 1264 3576 1318 octode—

2007 1363 2113 1416 cim
2142 1360 2300 1429 sedit,
2340 1363 2461 1416 dein
2499 1367 2741 1415 mortuus
2769 1368 2870 1413 est.
2903 1360 3057 1412 Anno
3084 1359 3201 1425 ejus
3232 1355 3423 1425 quinto
3450 1369 3579 1409 con-

2006 1454 2232 1510 stitutus
2262 1462 2348 1507 est
2370 1453 2631 1523 Serapion
2690 1452 2997 1520 patriarcha
3043 1449 3438 1510 Antiochenus,
3485 1448 3577 1513 qui

2006 1561 2128 1600 cum
2176 1546 2366 1600 decem
2424 1559 2598 1600 annos
2649 1545 2903 1606 sedisset,
2958 1552 3205 1596 mortuus
3262 1548 3365 1594 est.
3425 1545 3582 1591 Anno

2006 1639 2248 1707 ejusdem
2271 1634 2451 1707 primo
2475 1637 2807 1691 constitutus
2838 1645 2922 1690 est
2968 1632 3335 1704 Symmachus
3363 1631 3581 1699 episco-

2009 1744 2109 1798 pus
2133 1727 2683 1800 Hierosolymitauus,
2710 1728 2797 1781 ubi
2825 1743 2949 1781 cum
2977 1727 3115 1779 duos
3155 1738 3325 1777 annos
3352 1722 3583 1777 sedisset

336 1818 564 1873 dioavit.
597 1818 754 1871 Anno
784 1818 997 1886 imperii
1022 1818 1273 1885 ejusdem
1295 1818 1511 1871 decimo
1534 1818 1728 1886 quinto
1753 1831 1908 1871 crea-
1938 1859 1980 1913 Β
2011 1829 2258 1877 mortuus
2290 1831 2396 1877 est.
2434 1822 2594 1876 Anno
2640 1819 2757 1887 ejus
2787 1821 2946 1872 tertio
2978 1820 3156 1873 factus
3188 1828 3271 1872 est
3307 1818 3585 1872 Gabianus

336 1921 422 1965 tus
450 1920 533 1964 est
574 1908 844 1964 Maximus
874 1910 1184 1977 patriarcha
1232 1910 1633 1971 Antiochenus,
1674 1909 1764 1962 ubi
1804 1922 1905 1961 no-

338 2017 458 2055 vem
496 2014 669 2057 annos
696 2002 858 2069 sedit,
886 2002 1015 2055 dein
1053 2011 1304 2058 mortuus
1333 2012 1439 2057 est.
1478 2005 1635 2055 Auno
1660 2001 1906 2069 ejusdem

334 2100 534 2161 quarto
569 2092 749 2146 factus
776 2102 860 2147 est
888 2091 1161 2148 Eusebius
1192 2092 1488 2161 episcopus
1512 2091 1909 2160 Hierosolymi-

336 2197 519 2252 tanus,
548 2186 637 2254 qui
687 2200 810 2239 cum
856 2202 1031 2240 annos
1060 2187 1199 2241 duos
1238 2185 1473 2240 sedisset
1506 2193 1756 2240 mertuus
1804 2194 1919 2239 est.

338 2280 493 2333 Anno
521 2277 643 2346 ejus
673 2287 827 2332 sexto
862 2286 1086 2333 creatus
1110 2286 1195 2331 est
1229 2275 1409 2331 Julius
1437 2276 1749 2346 patriarcha
1783 2276 1910 2330 Hie-

345 2371 789 2442 rosolymitanus,
843 2371 934 2439 qui
964 2386 1088 2424 cum
1122 2386 1297 2425 annos
1325 2370 1463 2425 duos
1504 2370 1733 2423 sedisset
1763 2385 1911 2423 mor-

340 2472 468 2516 tuus
501 2469 603 2515 est.
654 2463 815 2515 Anno
863 2461 1106 2528 ejusdem
1140 2460 1359 2515 decimo
1404 2459 1582 2513 factus
1629 2468 1715 2514 est
1740 2460 1911 2514 Maxi-

340 2569 460 2609 mus
493 2555 785 2623 episcopus
819 2552 1368 2622 ilierosolymitanus,
1401 2554 1495 2621 qui
1550 2569 1729 2607 annos
1766 2570 1907 2621 qua—

338 2658 461 2702 tuor
506 2645 672 2708 sedit,
708 2645 834 2699 dein
875 2653 1125 2699 nrortuus
1150 2652 1253 2698 est.
1284 2647 1442 2698 Anno
1477 2645 1719 2713 ejusdem
1756 2645 1910 2698 deci-

337 2754 427 2792 mo
476 2737 673 2806 quinto
705 2734 909 2789 ibidem
963 2734 1301 2789 constitutus
1334 2742 1421 2787 est
1466 2734 1759 2802 episcOpus
1807 2732 1907 2787 Ju-

333 2832 533 2893 lianus,
566 2830 659 2900 qui
696 2843 818 2884 cum
844 2828 985 2882 duos
1019 2842 1194 2881 annos
1217 2826 1452 2881 sedisset
1490 2834 1741 2881 mortuus
1778 2834 1902 2880 est:

334 2938 480 2976 :mno
510 2929 690 2976 autem
724 2920 936 2974 decimo
950 2918 1183 2987 septimo
1209 2916 1436 2980 Gabios,
1471 2918 1562 2986 qui
1592 2926 1704 2971 tres
1729 2930 1904 2979 annos

332 3015 494 3073 sedit,
523 3014 644 3068 dein
666 3020 917 3065 mortuus
947 3020 1052 3064 est.
1091 3009 1166 3065 Eo
1192 3019 1436 3079 tempore
1463 3009 1687 3077 scripsit
1719 3010 1909 3062 Deme-

333 3103 474 3157 trius
509 3100 817 3170 patriarcha
864 3100 1273 3154 Alexandrinus
1300 3099 1371 3153 ad
1408 3100 1638 3155 Gabium
1695 3100 1911 3169 episco-

2010 1914 2295 1982 epiScopus
2344 1911 2908 1981 Hierosolymltanus,
2944 1914 3197 1980 quicum
3251 1920 3363 1963 tres
3412 1922 3585 1962 annos

2012 2006 2264 2068 sedisset,
2325 2012 2572 2059 mortuus
2606 2013 2710 2058 est.
2761 2002 2918 2055 Anno
2951 2002 3070 2071 ejus
3114 2010 3266 2057 sexto
3301 2002 3474 2055 factus
3502 2010 3587 2053 est

2009 2096 2258 2152 Julianus
2281 2096 2571 2165 episc0pus
2606 2094 3155 2164 Hierosolymitanus.
3180 2094 3273 2162 qui
3306 2108 3429 2147 cum
3457 2106 3590 2160 qna-

2012 2198 2137 2243 tuor
2184 2202 2357 2243 annos
2404 2188 2633 2241 sedisset
2672 2195 2922 2240 mortuus
2964 2197 3071 2241 est.
3120 2185 3279 2239 Auno
3310 2182 3581 2250 rejusde'n

2013 2278 2304 2332 undecimo
2350 2280 2679 2331 constitutus
2708 2278 2791 2330 est
2826 2274 2971 2329 Elias
3005 2275 3295 2343 episcopus
3330 2272 3586 2326 HierOso-

2013 2370 2323 2439 lymitanus,
2355 2370 2445 2437 qui
2482 2368 2621 2423 duos
2656 2381 2828 2422 annos
2852 2365 3015 2429 sedit,
3048 2365 3170 2419 dein
3207 2372 3455 2417 mortuus
3480 2371 3582 2416 est.

2010 2463 2170 2516 Anno
2205 2462 2417 2531 imperii
2445 2460 2618 2530 ipsius
2642 2458 2876 2519 decimo,
2900 2459 3071 2511 exorti
3107 2457 3284 2512 Persre
3315 2455 3586 2519 Babelem,

2015 2553 2296 2619 Amidum,
2337 2561 2389 2605 et
2444 2551 2679 2605 Persiam
2721 2553 3109 2617 occuparunt,
3175 2545 3361 2619 [duce]
3398 2561 3590 2612 nempe

2012 2645 2315 2699 Azdashiro
2344 2643 2453 2698 ﬁlio
2487 2641 2703 2706 Babeci,
2739 2641 2831 2694 lilii
2866 2640 3083 2704 Sasani,
3130 2638 3466 2698 Estochrita,
3495 2637 3584 2703 qui

2016 2739 2223 2807 primus
2259 2752 2465 2805 regum,
2493 2736 2672 2788 denuo
2704 2734 2757 2786 in
2793 2731 3035 2786 Persiam
3070 2730 3351 2800 regnavit,
3394 2730 3590 2783 litteris

2017 2830 2081 2881 ad
2126 2842 2315 2882 omnes
2347 2839 2457 2880 tum
2509 2826 2613 2879 sibi
2669 2827 2877 2880 vicinos
2907 2824 3103 2878 Persim
3150 2839 3325 2892 reges,
3360 2833 3467 2877 tum
3498 2823 3589 2890 qui

2020 2921 2235 2989 longius
2266 2920 2319 2972 in
2348 2920 2471 2973 aliis
2510 2919 2736 2973 aberant
2778 2918 3105 2985 provinciis,
3140 2916 3376 2969 tribuum
3415 2926 3591 2981 reges,

2015 3012 2175 3076 datis,
2203 3012 2400 3081 quibus
2439 3012 2589 3079 ipsos
2635 3010 2701 3063 ad
2750 3009 2851 3063 sibi
2904 3006 3312 3062 assentiendum
3347 3014 3402 3059 et
3433 3020 3587 3072 opem

2018 3104 2293 3159 ferendam
2333 3104 2622 3164 invitavit,
2677 3118 2908 3157 monens
2960 3118 3028 3155 ne
3075 3101 3175 3168 ipsi
3233 3100 3489 3153 adverSos
3537 3112 3598 3151 sc

334 3210 463 3265 pum
543 3192 1123 3264 liierosolymitanum,
1186 3192 1483 3247 Maximum
1538 3192 1907 3259 patriarcham
1939 3217 1981 3273 ε
2015 3196 2354 3266 praeberent,
2393 3203 2621 3248 mortem
2648 3204 2700 3248 et
2739 3210 2930 3263 pugnas
2962 3192 3006 3246 si
3040 3192 3092 3245 id
3130 3190 3375 3245 iacerent
3409 3190 3592 3242 mina-

333 3287 759 3350 Antiocheaum,
792 3295 851 3340 et
894 3286 1169 3341 Victorem
1201 3286 1572 3354 patriarcham
1600 3284 1909 3338 Romanum

336 3383 403 3438 de
430 3382 643 3436 ratione
667 3380 912 3449 computi
938 3378 1223 3433 Paschalis
1250 3386 1307 3432 et
1336 3377 1535 3446 jejunii
1568 3376 1917 3431 Christiano.

335 3489 482 3539 rum,
502 3482 560 3527 et
593 3472 868 3541 quomodo
920 3485 951 3524 a
1001 3470 1275 3525 Paschate
1328 3468 1642 3523 Judteorum
1676 3468 1914 3521 deduca-

337 3573 465 3626 tur;
495 3561 569 3617 de
604 3576 711 3630 qua
756 3576 816 3615 re
852 3560 1057 3615 multos
1099 3569 1400 3614 exararunt
1431 3559 1600 3612 libros
1630 3568 1684 3611 et
1710 3556 1914 3627 episto—

336 3654 446 3719 las,
470 3654 648 3706 donec
681 3666 747 3706 eo
775 3651 871 3720 qui
900 3651 1011 3719 jam
1039 3649 1361 3704 observatur
1397 3648 1562 3701 modo
1576 3646 1915 3700 Christiano-

341 3762 459 3802 rum
513 3745 725 3802 Pascha
774 3746 1218 3808 constituerent;
1259 3742 1426 3810 idqne
1450 3741 1579 3811 quia
1608 3739 1907 3795 Christiani

340 3847 463 3906 post
505 3852 795 3893 ascensum
829 3836 1045 3892 Domini
1075 3834 1241 3905 365
1266 3834 1470 3888 Christi
1498 3834 1551 3886 in
1585 3833 1777 3895 C(Blos,
1820 3831 1914 3884 ubi

340 3930 537 3985 festum
564 3928 820 3997 baptismi
852 3926 1249 3989 celebrassent,
1271 3925 1360 3978 die
1382 3925 1629 3978 crastino
1644 3922 1914 3991 jejunium

341 4021 708 4093 quadraginta
739 4020 955 4076 dierum
982 4020 1222 4088 incipere
1256 4018 1530 4083 solebant,
1561 4018 1701 4085 quod
1724 4015 1917 4069 deinde

340 4115 654 4176 solvebant,
691 4114 836 4169 sicut
887 4111 1021 4166 fecit
1082 4110 1350 4166 Dominus
1398 4109 1678 4171 Christus,
1729 4114 1918 4176 utpote

338 4207 435 4274 qui
467 4214 759 4274 postquam
797 4203 1109 4271 baptizatus
1140 4202 1196 4257 in
1237 4200 1478 4257 Iordane
1512 4200 1708 4255 fuisset
1739 4203 1791 4252 in
1821 4199 1917 4253 de-

342 4308 546 4354 sertum
583 4298 742 4361 abiit,
772 4299 863 4352 ubi
903 4296 1261 4369 quadraginta
1292 4297 1413 4351 dies
1441 4297 1661 4364 jejunus
1695 4296 1914 4348 mansit.

349 4388 513 4444 Iidem
543 4404 667 4442 rum
702 4387 874 4443 Judaei
908 4387 1122 4442 Pascha
1168 4388 1511 4443 celebrarent
1545 4388 1689 4440 idem
1724 4387 1915 4440 obser-

344 4494 547 4537 varunt
583 4484 808 4538 festum.
845 4483 921 4536 Ita
954 4497 1089 4552 ergo
1122 4489 1438 4537 statuerunt
1462 4482 1791 4550 patriarchae
1826 4480 1914 4532 isti

2017 3302 2124 3344 tus.
2164 3289 2241 3343 Ad
2289 3302 2429 3358 quos
2462 3303 2595 3357 ergo
2625 3286 2711 3340 ubi
2766 3285 3136 3353 pervenissent
3164 3284 3358 3336 littera:
3395 3290 3448 3335 et
3479 3281 3597 3350 epi-

2016 3383 2188 3444 stolae,
2229 3382 2386 3435 valde
2417 3380 2493 3434 illi
2528 3380 2766 3443 timere;
2801 3379 2890 3431 alii
2928 3377 3070 3431 ultro
3110 3376 3276 3446 368
3303 3374 3550 3429 obsecuti
3578 3413 3593 3431 ,

2020 3475 2234 3543 ipsique
2263 3474 2327 3525 ad
2365 3486 2521 3541 opem
2565 3470 2638 3523 illi
2694 3470 2969 3525 ferendam
3019 3468 3249 3537 proiecti
3290 3474 3456 3526 sunt,
3505 3462 3595 3517 alii

2015 3566 2190 3621 donec
2220 3565 2287 3619 ad
2338 3565 2486 3635 ipsos
2542 3563 2827 3617 accederet
2863 3570 3171 3622 manentes,
3226 3570 3335 3613 tum
3388 3556 3469 3611 vel
3519 3554 3595 3607 illi

2017 3669 2212 3730 sponte
2246 3657 2715 3726 obsequebantur,
2750 3655 2830 3709 vel
2869 3654 3020 3707 inviti
3077 3652 3281 3707 servire
3327 3649 3597 3718 cogeban—

2018 3761 2129 3814 tur,
2165 3750 2257 3805 alii
2293 3764 2503 3803 moram
2541 3755 2826 3802 traxerunt
2864 3746 3039 3799 donec
3081 3744 3282 3797 caedem
3312 3752 3364 3797 et
3404 3738 3595 3795 interi-

2018 3850 2129 3895 tum
2160 3849 2491 3910 paterentur.
2530 3838 2696 3892 Nemo
2732 3846 2911 3891 autem
2950 3836 3022 3890 illi
3059 3834 3379 3905 obsequium
3416 3839 3596 3886 matu-

2018 3936 2134 3988 rius
2169 3932 2446 4003 praestitit,
2478 3945 2638 3999 quem
2664 3944 2773 3982 non
2807 3930 3159 3982 beneﬁcentia
3193 3942 3289 3980 sua
3326 3941 3590 3979 remune-

2018 4024 2186 4089 ravit,
2216 4023 2431 4091 ipsique
2460 4020 2784 4090 dignitatem
2824 4018 2996 4077 auxit,
3045 4018 3201 4071 titulo
3237 4018 3415 4071 solum
3453 4016 3599 4084 regis

2017 4124 2264 4185 excepto,
2288 4129 2397 4184 quo
2426 4112 2722 4175 neminem,
2756 4110 2876 4179 ipso
2910 4116 3162 4176 excepto,
3191 4107 3440 4177 insigniri
3474 4123 3599 4175 per-

2020 4210 2272 4263 missum.
2317 4204 2507 4274 Neque
2541 4216 2570 4256 a
2603 4202 2812 4257 ditione
2847 4201 2913 4255 ad
2942 4200 3231 4259 ditionem,
3274 4213 3302 4250 a
3343 4212 3511 4265 regno
3534 4198 3601 4249 ad

2020 4315 2246 4369 regnum
2279 4338 2296 4361 ,
2330 4314 2359 4350 a
2394 4297 2615 4367 regione
2655 4295 2720 4347 ad
2758 4294 3032 4363 regionem
3082 4289 3315 4343 transire
3354 4288 3600 4351 destitit,

2018 4392 2193 4445 donec
2213 4389 2278 4442 ad
2310 4388 2495 4441 urbem
2527 4387 2769 4449 Saturni,
2806 4400 2927 4454 qua:
2953 4391 3035 4437 est
3060 4400 3089 4435 e
3114 4382 3333 4451 regione
3358 4379 3600 4443 Mascen,

2020 4480 2375 4552 pervenisset,
2406 4493 2527 4548 quae
2553 4486 2607 4532 et
2632 4481 2739 4530 Arx
2777 4476 3097 4545 appellatur,
3126 4473 3177 4527 in
3208 4487 3313 4541 qua
3346 4486 3404 4524 se
3425 4472 3603 4523 muni-

346 4573 633 4628 Paschatis
661 4581 1006 4643 computum,
1038 4582 1098 4627 ut
1123 4573 1437 4643 jejunarent
1462 4572 1762 4627 Christiani
1784 4587 1918 4641 qua-
1952 4572 1997 4629 Ι)
2024 4582 2175 4629 verat
2203 4588 2299 4627 rex
2330 4570 2622 4625 Alsuwadi.
2672 4568 2823 4621 Illam
2878 4567 3135 4621 diuturna
3167 4562 3454 4617 obsidione
3487 4562 3607 4614 elu-

342 4669 589 4737 dragiuta
619 4665 764 4728 dies.
798 4667 999 4721 deinde
1030 4666 1121 4721 die
1164 4665 1451 4722 Paschalis
1490 4665 1758 4734 jejunium
1802 4666 1919 4720 sol-

342 4768 555 4815 νενοηι.

411 4852 569 4915 Obiit
590 4860 772 4908 autem
805 4852 1023 4908 Marcus
1046 4852 1232 4907 Caesar
1263 4854 1580 4919 imperator,
1616 4848 1920 4917 imperante

346 4955 476 5012 post
534 4946 719 5016 ipsum
788 4945 975 5000 Roma:
1013 4945 1317 5000 Commodo
1364 4943 1602 5005 Czesare,
1656 4939 1916 4995 Antonini

346 5038 479 5098 tilio,
513 5052 686 5093 annos
716 5038 1025 5093 duodecim.
1059 5037 1195 5103 Ejus
1216 5048 1461 5106 tempore
1485 5032 1669 5087 ﬂoruit
1696 5033 1749 5085 in
1772 5032 1923 5086 Gne-

343 5144 532 5183 corum
573 5130 803 5191 ditione,
856 5130 991 5183 urbe
1042 5129 1326 5199 Pergamo,
1386 5126 1627 5180 Galenus
1675 5124 1915 5193 sapiens,

344 5220 478 5273 artis
531 5221 760 5275 medicas
794 5230 1009 5275 auctor.
1067 5219 1239 5271 Porro
1288 5218 1539 5270 meminit
1597 5214 1835 5270 Galenus
1864 5216 1919 5268 in

346 5312 611 5367 librorum
644 5326 871 5367 suorum
906 5312 1108 5374 indice,
1162 5326 1222 5366 se
1264 5309 1567 5365 Commodo
1601 5307 1918 5378 imperatori

345 5405 630 5461 educando
659 5405 832 5478 [quod
884 5406 952 5459 ad
1001 5403 1312 5475 sanitatem]
1352 5401 1665 5471 przefectum
1727 5400 1919 5454 fuisse.

346 5494 593 5551 Meminit
632 5498 797 5551 etiam
852 5508 1108 5571 sermone
1160 5494 1335 5562 primo
1359 5492 1482 5547 libri
1519 5492 1609 5559 qui
1645 5489 1721 5544 De
1750 5489 1919 5543 animi

343 5588 582 5643 mor-ibus
612 5590 957 5653 inscribitur,
993 5587 1164 5641 fuisse
1196 5597 1435 5653 tempore
1481 5583 1765 5639 Commodi
1805 5584 1921 5637 im-

340 5681 639 5749 peratoris.
675 5681 884 5747 virum,
921 5678 1146 5734 nomine
1175 5676 1527 5741 Pereunium,
1569 5676 1662 5745 qui
1693 5690 1817 5729 cum
1853 5675 1920 5730 ad

344 5786 531 5827 necem
559 5785 590 5825 a
618 5768 922 5827 Commodo
946 5772 1235 5841 quaesitus,
1270 5768 1521 5840 fugisset,
1552 5774 1714 5838 atque
1743 5767 1917 5835 impc-

348 5877 498 5929 rator
533 5864 673 5921 duos
694 5864 791 5934 qui
823 5865 903 5921 illi
954 5868 1169 5922 fuerant
1216 5878 1405 5921 servos
1438 5863 1772 5929 verberaret,
1808 5876 1916 5931 quo

2023 4677 2162 4722 ctam
2203 4681 2327 4720 cum
2361 4663 2567 4717 nullam
2593 4658 2843 4730 capiendi
2884 4657 3151 4711 rationem
3195 4654 3464 4708 inveniret
3498 4653 3603 4706 Az-

2024 4758 2234 4821 dashir,
2266 4770 2449 4810 arcem
2489 4752 2793 4808 ascendens
2826 4750 2969 4818 regis
3017 4745 3311 4815 (Alsavvadi
3371 4743 3600 4812 scilicet)

2024 4850 2130 4903 [ilia
2158 4847 2224 4901 ad
2254 4844 2539 4900 Azdashiri
2576 4843 2761 4909 copias
2788 4839 3217 4908 perlustrandas,
3264 4850 3389 4889 cum
3432 4834 3605 4888 Asula-

2023 4940 2158 4995 shiri
2189 4937 2469 5003 conspecti
2505 4934 2676 4987 forma
2706 4933 2806 5000 ipsi
2840 4931 3101 5000 placeret,
3132 4944 3322 4984 amore
3355 4927 3475 4994 ejus
3515 4939 3606 4977 ca-

2023 5038 2113 5101 pta
2146 5037 2253 5083 est.
2306 5026 2599 5081 Prehensae
2629 5024 2796 5093 igitur
2822 5024 3034 5094 sagittae
3066 5037 3189 5076 cum
3242 5022 3357 5074 haec
3404 5018 3605 5071 inseri.

2022 5126 2221 5193 psisset
2248 5136 2260 5171 :
2292 5118 2352 5173 Si
2372 5119 2500 5171 mihi
2522 5115 2825 5186 promiseris
2856 5124 2904 5168 te
2938 5128 3268 5167 uxorem-me
3298 5111 3608 5169 ducturum,

2021 5215 2265 5269 indicabo
2306 5213 2399 5266 tibi
2431 5214 2599 5277 locum
2645 5225 2747 5278 quo
2792 5208 2972 5261 urbem
3016 5208 3154 5260 hanc
3184 5217 3367 5271 capere
3409 5200 3601 5269 possis,

2022 5322 2141 5363 eam
2206 5304 2564 5359 Azdashirum
2606 5316 2800 5356 versus
2828 5300 2996 5370 jecit;
3049 5299 3137 5351 cui
3190 5310 3314 5350 cum
3368 5292 3608 5359 placeret

2023 5400 2166 5469 quod
2196 5399 2513 5468 scripserat,
2545 5396 2801 5461 sagittam
2854 5394 2959 5445 hoc
2993 5388 3261 5456 inscripto
3314 5396 3604 5452 responso:

2022 5491 2359 5546 Prwstiturus
2390 5506 2505 5542 sum
2539 5488 2632 5541 tibi
2655 5486 2794 5555 quod
2823 5482 3026 5552 petiist‘
3075 5480 3142 5533 ad
3172 5480 3341 5547 ipsam
3367 5473 3600 5531 remisit.

2022 5585 2177 5651 Quod
2211 5599 2335 5637 cum
2372 5584 2592 5653 legisset
2623 5581 2735 5643 illa,
2771 5574 3054 5643 rescripsit
3084 5612 3099 5625 .
3159 5573 3253 5626 Est
3305 5569 3421 5623 urbi
3473 5568 3603 5623 huic

2024 5684 2177 5747 porta
2218 5691 2385 5747 parra
2430 5674 2586 5729 lateri
2626 5671 2720 5724 nni
2753 5676 3146 5737 superstructa,
3181 5665 3234 5719 in
3281 5664 3405 5717 loco
3455 5661 3549 5716 tali
3584 5676 3600 5713 :

2025 5769 2208 5823 addita
2265 5767 2368 5819 loci
2422 5761 2808 5832 descriptione.
2863 5756 3131 5811 Azdashir
3167 5769 3297 5825 ergo
3332 5764 3599 5809 conversa

2024 5858 2371 5931 369—371
2417 5854 2480 5909 ad
2518 5856 2695 5910 locum
2743 5854 2905 5908 istum
2957 5850 3229 5905 exercitus
3282 5847 3363 5903 sui
3406 5852 3603 5915 parte,
