4034 6214
403 334 503 399 9‘3!

1417 342 1784 403 EUTYCHH
1820 343 2356 405 ALEXANDRINI
2395 348 2615 410 PATR.

3539 337 3651 401 992

403 465 465 502 (εκ
505 458 658 518 parte
691 449 792 504 alia
827 451 947 504 “'08
975 467 1152 521 pugna
1201 461 1499 523 occupatos
1529 453 1779 518 detinuit.
1818 464 1980 524 atqae
2007 461 2054 514 A
2080 473 2185 527 que
2213 459 2267 512 iu
2296 459 2486 514 Persia
2519 466 2668 514 sunt.
2694 453 3254 515 Bahman-Azdashir,
3286 465 3408 521 quae
3435 460 3517 506 est
3544 450 3650 505 Eu-

405 543 477 595 ita
529 551 718 612 aperto
770 543 888 596 loco
943 545 1011 598 ab
1064 544 1213 598 urbis
1263 544 1456 599 ineolis
1515 545 1760 615 neglecto
1795 559 1974 614 regem
2079 551 2289 620 ριν-διε
2323 550 2578 615 Basore,
2604 547 2929 613 Astarabad,
2970 561 3089 617 qua;
3117 552 3198 600 est
3226 542 3604 598 Coreli-Bisan
3632 581 3649 606 ,

404 634 576 702 ipsius
607 633 1038 699 interfecerunt,
1079 635 1371 704 omniaquae
1415 651 1538 705 qua:
1573 637 1624 689 in
1660 637 1774 706 ipsa
1823 645 1980 690 erant

405 734 765 795 occuparunt.
812 726 947 780 Tum
989 729 1239 793 praestitit
1290 727 1560 783 Azdashir
1609 727 1787 799 [juxta
1843 729 1978 784 alios

406 817 660 889 Ardshir]
699 819 820 872 lilia:
870 820 1014 889 regis
1053 821 1196 889 quod
1244 821 1318 874 illi
1372 820 1646 889 pollicitus
1685 820 1881 883 fuerat,
1923 835 1982 875 se

407 925 524 962 eam
561 911 769 962 scilicet
803 925 1026 965 uxorem
1065 911 1378 966 ducturum.
1407 911 1576 965 Nocte
1613 919 1790 966 autem
1831 926 1976 981 qua-

409 1002 531 1056 dam
562 1001 892 1057 decumbens
919 1003 1034 1072 ipsa
1072 1003 1125 1057 in
1167 1003 1327 1068 lecto,
1354 1005 1420 1058 de
1453 1004 1571 1058 loco
1605 1004 1657 1056 in
1690 1019 1798 1073 quo
1833 1005 1983 1072 jace-

413 1106 494 1151 ret
533 1104 748 1165 questa,
812 1105 920 1149 tota
958 1107 1114 1150 nocte
1151 1095 1416 1152 insomnis
1453 1097 1771 1166 permansit.
1823 1095 1984 1162 Qua:-

417 1199 571 1242 rente
605 1204 734 1256 ergo
766 1188 857 1242 illo
889 1187 1041 1259 [quid
1082 1186 1276 1259 esset],
1311 1204 1438 1242 ecce
1463 1189 1566 1243 sub
1602 1189 1770 1243 linteo
1811 1189 1984 1258 ipsius

413 1283 464 1334 in
521 1281 660 1336 lecto
698 1281 883 1334 folium
923 1280 1021 1334 fuit
1061 1281 1399 1348 oleagineum
1432 1322 1447 1347 ,
1488 1283 1631 1350 quod
1691 1281 1982 1350 vestigium

413 1375 524 1428 cuti
560 1375 678 1443 ejus
716 1375 1088 1443 impresserat.
1121 1374 1345 1444 Rogavit
1367 1389 1496 1444 ergo
1528 1373 1698 1437 illam,
1729 1388 1836 1440 quo
1862 1372 1984 1426 cibo

416 1469 585 1536 ipsam
623 1482 847 1534 pascere
882 1466 1075 1521 solitus
1099 1475 1242 1521 esset
1270 1475 1440 1534 pater;
1481 1465 1844 1534 respondente
1868 1464 1981 1519 illa:

417 1557 508 1611 llla
548 1559 747 1627 quibus
805 1561 1077 1628 praeipue
1124 1559 1385 1612 vescebar
1453 1565 1608 1611 erant
1660 1555 1758 1610 llos
1809 1555 1984 1620 lactis,

419 1652 591 1714 favus,
627 1661 678 1705 et
721 1652 990 1716 medulla;
1029 1651 1166 1705 dixit
1200 1651 1505 1704 Azdashir:
1537 1647 1653 1702 Non
1691 1648 1805 1702 scio
1844 1663 1986 1716 quo—

416 1741 578 1793 modo
602 1740 725 1808 quis
766 1750 967 1808 patrem
997 1748 1148 1794 tuum
1175 1779 1191 1803 ,
1221 1740 1272 1793 in
1305 1749 1354 1793 te
1385 1738 1618 1792 amando
1644 1779 1659 1803 ,
1691 1747 1743 1792 et
1781 1738 1987 1793 honore

416 1827 716 1889 alliciendo,
744 1836 951 1896 mquet;
986 1843 1107 1882 cum
1138 1844 1266 1898 ergo
1297 1845 1402 1883 non
1435 1828 1578 1882 aliud
1612 1829 1714 1898 ipsi
1748 1843 1846 1899 pro
1872 1843 1988 1882 ma-

417 1920 540 1987 gnis
578 1921 748 1988 ipsius
788 1920 840 1972 in
875 1929 927 1973 te
973 1919 1183 1975 meritis
1214 1935 1375 1990 quam
1401 1921 1605 1976 caadem
1645 1920 1990 1989 rependeris,

417 2011 608 2063 merita
638 2020 782 2064 certe
825 2026 884 2065 es
923 2011 1038 2080 ipsa
1075 2027 1140 2074 ne
1173 2013 1225 2065 in
1267 2022 1408 2066 terra
1461 2023 1736 2080 superstes
1769 2012 1990 2078 sinaris,

419 2113 580 2171 atque
618 2119 719 2172 ego
751 2103 825 2157 illi
857 2105 977 2172 jura
1015 2121 1113 2160 sua
1147 2106 1436 2174 rependam
1474 2124 1489 2160 :
1531 2122 1653 2161 cum
1706 2109 1847 2163 enim
1897 2108 1996 2165 ob-

417 2195 699 2248 czecavcrit
730 2211 883 2249 amor
921 2196 1108 2250 oculos
1145 2204 1269 2250 tuos
1293 2238 1309 2262 ,
1341 2207 1394 2251 et
1425 2197 1762 2253 intellectum
1796 2200 1985 2253 turba-

418 2286 556 2340 verit
595 2285 728 2340 adeo
771 2295 827 2340 ut
876 2286 1190 2341 meritorum
1239 2290 1411 2357 patris
1454 2290 1528 2344 tui
1575 2290 1742 2344 oblita
1796 2290 1990 2358 fueris,

421 2394 526 2432 non
557 2394 779 2448 possum
823 2394 923 2450 ego
973 2380 1073 2433 hac
1114 2397 1178 2434 ex
1219 2391 1374 2450 parte
1405 2397 1432 2436 a
1473 2392 1524 2437 te
1575 2398 1802 2438 securus
1846 2400 1991 2439 esse.

418 2470 554 2524 Tum
581 2473 748 2541 jussit
778 2472 989 2543 capillis
1024 2472 1207 2527 caudae
1235 2475 1359 2544 equi
1395 2473 1680 2531 ferocioris
1721 2477 1992 2548 alligatam

419 2566 622 2634 raptari
657 2583 670 2619 :
705 2567 848 2636 quod
880 2574 933 2621 et
969 2565 1170 2620 factum
1201 2565 1375 2620 donec
1423 2574 1536 2621 tota
1583 2567 1688 2637 ipsi
1741 2569 1988 2638 corporis

419 2671 709 2726 compages
743 2653 1085 2711 membratim
1123 2657 1544 2728 discerperetur.

489 2749 653 2818 372
708 2748 918 2803 Mortuo
967 2748 1264 2804 Commodo
1311 2750 1565 2816 Caesare,
1621 2750 1990 2809 Romanorum

420 2840 776 2907 imperatore,
811 2843 1077 2894 successit
1115 2841 1215 2910 ipsi
1267 2841 1520 2898 Pertinax
1563 2844 1745 2898 Caesar
1788 2843 1992 2898 Roma-

421 2947 615 2984 norum
660 2931 974 2999 imperator,
1024 2933 1114 3000 qui
1143 2972 1156 2994 ,
1195 2947 1317 2986 cum
1360 2934 1537 2988 tribus
1578 2936 1866 2991 mensibus
1907 2953 1992 2992 re-

419 3031 655 3091 gnasset,
683 3023 1000 3078 interfectus
1035 3037 1150 3090 est;
1186 3024 1486 3094 imperante
1518 3040 1642 3098 post
1679 3030 1852 3100 ipsum
1887 3028 1995 3082 Ro-

420 3114 596 3168 manis
624 3114 838 3167 Juliano
864 3115 1094 3179 Caesare,
1121 3117 1335 3169 duobus
1368 3118 1669 3182 mensibus,
1704 3128 1823 3188 post
1852 3133 1992 3188 quos
2017 3151 2061 3213 Ο

421 3205 742 3260 interfectus
779 3208 947 3260 etiam
979 3217 1084 3264 est.
1133 3207 1398 3277 Regnavit
1432 3219 1551 3278 post
1595 3209 1769 3278 ipsum
1808 3209 1992 3266 Romae

420 3300 472 3351 in
512 3297 785 3356 Romanos
837 3303 1073 3356 Severus
1109 3303 1291 3356 Caesar
1334 3318 1508 3356 annos
1560 3304 1989 3370 septemdecim,

422 3391 582 3457 idque
632 3407 776 3445 anno
841 3401 1033 3460 quarto
1077 3393 1225 3461 regni
1277 3392 1566 3446 Azdashiri
1606 3391 1718 3444 Ebu
1774 3390 1990 3448 Babeci.

422 3479 657 3552 Fuitque
691 3484 987 3552 imperator
1019 3485 1123 3537 iste
1154 3483 1412 3548 Severus,
1443 3482 1524 3536 vir
1562 3497 1795 3550 nequam
1825 3521 1842 3546 ,
1883 3499 1996 3537 Ina—

423 3589 652 3640 gnarum
686 3573 1014 3627 Christianis
1037 3574 1406 3628 calamitatum
1433 3575 1837 3645 multorumque
1861 3591 1991 3630 cru-

423 3667 662 3718 eiatuum
695 3673 911 3727 auctor,
955 3665 1113 3731 cujus
1157 3673 1400 3733 tempore
1437 3665 1753 3736 martyrium
1791 3666 1994 3736 ubique

424 3754 713 3807 subierunt
766 3753 1067 3808 Christiani
1104 3755 1514 3824 quamplurimi.
1557 3755 1693 3810 Tum
1741 3766 1793 3811 et
1828 3756 1998 3830 Egy-

422 3860 575 3919 ptum
614 3849 916 3919 profectus,
967 3867 1155 3906 omnes
1197 3852 1286 3921 qui
1319 3852 1392 3906 ibi
1431 3862 1484 3907 et
1537 3854 1876 3909 Alexandria:
1910 3870 1998 3910 es-

425 3954 548 3995 sent
579 3942 920 3998 Christianos
952 3944 1245 4008 interemit,
1297 3953 1351 3998 et
1397 3946 1661 4000 ecclesias
1687 3945 1873 4011 diruit,
1907 3961 1999 4001 ex-

425 4047 636 4092 strUrto
667 4039 1004 4092 Alexandria:
1034 4037 1258 4107 templo,
1287 4037 1428 4106 quod
1467 4035 1696 4091 Deorum
1733 4038 1994 4110 templum

426 4129 724 4181 vocitatum
769 4139 875 4184 est.
913 4130 1071 4183 Anno
1104 4128 1315 4197 imperii
1367 4128 1538 4195 ipsius
1584 4127 1998 4197 decimoquarto

426 4219 602 4274 factus
635 4229 720 4275 est
751 4220 995 4274 Calixtus
1020 4221 1331 4295 patriarcha
1367 4220 1667 4285 Romanus,
1723 4220 1816 4290 qui
1871 4236 1996 4276 cum

425 4328 516 4367 sex
554 4327 728 4367 annos
756 4314 986 4367 sedisset
1019 4320 1263 4366 mortuus
1292 4320 1393 4365 est.

492 4405 650 4457 Anno
677 4403 919 4472 ejusdem
958 4404 1121 4458 tertio
1169 4403 1502 4459 constitutus
1533 4410 1618 4459 est
1647 4405 1997 4473 Asclepiades

2082 639 2186 695 sita
2234 641 2378 695 inter
2421 640 2576 697 vicos
2623 639 2826 710 Tigris,
2857 647 2912 692 et
2953 637 3138 690 urbem
3177 633 3292 688 Suk
3327 633 3604 686 il-Ahvraz
3635 671 3652 696 ,

2082 747 2355 800 unamque
2399 731 2564 786 trium
2595 731 2813 786 urbium
2874 743 2995 798 qua:
3047 734 3174 783 sunt
3224 725 3276 778 in
3327 721 3649 776 Al-Sawad:

2083 835 2280 893 praeter
2313 835 2423 880 tres
2467 825 2628 879 urbes
2661 839 2886 892 quarum
2924 835 3030 876 una
3063 829 3146 874 est
3177 817 3404 880 Aiebat,
3434 831 3550 882 quae
3585 813 3652 866 ad

2083 915 2420 969 occidentem
2446 898 2555 970 sita
2580 922 2666 969 est
2691 911 2928 983 regionis
2963 907 3373 966 transﬂuvialis,
3414 905 3516 960 alia
3551 905 3656 958 Ba-

2086 1005 2188 1060 har
2227 1005 2418 1060 Samer
2464 1005 2520 1060 in
2568 1004 2932 1066 Caramania,
2978 1001 3137 1057 tertia
3185 1002 3318 1056 urbs
3363 999 3651 1069 Al—Ayela.

2091 1099 2238 1154 Obiit
2267 1099 2464 1154 deinde.
2495 1098 2765 1153 Azdasbir
2799 1104 3086 1166 postquam
3121 1108 3291 1148 annos
3318 1091 3654 1161 quatuorde-

2085 1191 2190 1245 cim
2231 1199 2286 1245 et
2320 1206 2414 1245 sex
2449 1205 2664 1245 menses
2688 1197 2990 1259 regnasset.
3020 1185 3282 1256 Regnavit
3321 1192 3444 1253 post
3477 1183 3652 1253 ipsum

2087 1283 2230 1338 ﬁlius
2266 1283 2439 1352 ipsius
2472 1283 2654 1337 Sabur
2691 1282 2806 1337 Ebn
2843 1280 3134 1344 Azdashir,
3168 1294 3342 1332 annos
3387 1278 3606 1346 triginta
3637 1317 3654 1338 ,

2088 1393 2327 1432 mensem
2365 1393 2569 1440 unum;
2609 1376 2772 1445 idque
2815 1389 2962 1430 anno
3000 1373 3217 1443 imperii
3251 1370 3436 1426 Severi
3481 1369 3660 1425 Cresa-

2089 1473 2184 1532 ris,
2217 1471 2565 1540 imperatoris
2596 1469 2867 1532 Romani,
2915 1466 3263 1522 duodecimo.
3308 1463 3518 1518 Mortuo
3561 1463 3661 1517 Se—

2091 1576 2218 1614 vero
2245 1561 2481 1623 Caesare,
2516 1559 2702 1614 Romae
2730 1567 2852 1629 post
2888 1559 3062 1628 ipsum
3091 1573 3183 1612 sex
3213 1571 3386 1611 annos
3417 1555 3661 1624 regnavit

2088 1650 2357 1705 Antonius
2416 1650 2597 1705 Caesar
2639 1649 2919 1705 Caracalla
2981 1647 3148 1717 (quod
3209 1653 3334 1708 est,
3389 1645 3636 1708 Calvus).

2090 1739 2247 1795 Anno
2296 1741 2507 1809 imperii
2546 1739 2665 1810 ejus
2693 1740 2855 1794 tertio
2901 1737 3079 1791 factus
3111 1745 3194 1790 est
3243 1733 3520 1790 Aurianus
3563 1749 3661 1802 pa-

2094 1832 2332 1886 triarcha
2364 1831 2661 1893 Romanus,
2702 1831 2792 1897 qui
2825 1836 3065 1896 quatuor
3097 1841 3272 1880 annos
3322 1825 3504 1889 sedit,
3536 1824 3664 1878 dein

2095 1933 2364 1979 mortuus.
2390 1925 2548 1978 Anno
2588 1922 2763 1992 ipsius
2790 1922 2955 1992 376
2984 1920 3164 1989 primo
3197 1928 3416 1972 creatus
3441 1926 3524 1972 est
3560 1914 3667 1970 Va-

2095 2015 2210 2071 lens
2235 2014 2528 2084 episcopus
2566 2014 3116 2084 Hierosolymilanus,
3149 2011 3240 2078 qui
3269 2026 3391 2066 cum
3419 2018 3530 2066 tres
3559 2024 3666 2064 an-

2095 2121 2195 2161 nos
2226 2107 2474 2170 sedisset,
2507 2115 2754 2162 mortuus
2779 2113 2882 2162 est.

2163 2197 2320 2252 Anno
2347 2199 2592 2268 ejusdem
2624 2199 2817 2268 quinto
2846 2198 3179 2254 constitutus
3224 2203 3310 2250 est
3365 2193 3672 2250 Delitianus

2096 2291 2388 2360 episcOpus
2440 2288 2987 2361 Hierosolymitanus,
3050 2289 3142 2358 qui
3206 2301 3379 2341 annos
3425 2293 3673 2355 quatuor

2095 2379 2256 2445 sedit,
2287 2380 2411 2435 dein
2451 2388 2699 2436 mortuus
2728 2389 2832 2435 est.
2867 2380 3022 2446 Quod
3052 2378 3116 2432 ad
3152 2377 3441 2440 Saburem,
3470 2374 3676 2431 Persa-

2097 2492 2214 2529 rum
2261 2491 2440 2546 regem
2477 2515 2492 2539 ,
2539 2491 2751 2530 summa
2801 2474 2891 2530 ille
2940 2489 3064 2528 cum
3118 2471 3330 2541 justitia
3389 2469 3532 2524 inter
3563 2469 3668 2523 bo-

2096 2567 2269 2622 mines
2301 2575 2550 2622 versatus
2579 2577 2664 2622 est
2691 2584 2706 2620 :
2735 2567 3014 2636 carpitque
3043 2565 3355 2633 provincias
3382 2561 3584 2626 visere,
3617 2567 3678 2616 et

2095 2663 2347 2730 regiones
2377 2661 2638 2716 colendas
2669 2675 2885 2714 curare.
2919 2661 3181 2727 Annoque
3216 2657 3365 2727 regni
3388 2656 3470 2711 sui
3499 2656 3672 2709 unde-

2093 2754 2236 2808 cimo
2264 2763 2475 2818 exacto,
2502 2768 2627 2807 cum
2658 2751 2832 2822 copiis
2857 2752 2973 2807 suis
3001 2752 3191 2805 urbem
3217 2749 3450 2812 Nisibin,
3478 2748 3531 2802 in
3563 2762 3676 2816 qua

2095 2847 2263 2913 copia:
2293 2862 2357 2899 ex
2400 2845 2657 2901 Antonini
2689 2844 2986 2900 Caraeallte
3039 2841 3388 2912 imperatoris
3437 2839 3672 2895 Romani

2094 2937 2334 2990 exercitu
2371 2951 2478 2989 non
2518 2950 2704 3005 pauere
2734 2943 2934 2998 erant,
2988 2936 3266 3003 profectus
3289 2972 3304 2997 ,
3359 2947 3477 2986 eam
3522 2930 3678 2986 obsi-

2098 3031 2260 3084 dione
2291 3031 2357 3084 ad
2390 3040 2604 3099 tempus
2652 3027 2824 3083 cinxit
2852 3065 2867 3091 ,
2900 3041 3096 3095 capere
3150 3039 3281 3080 vero
3317 3039 3421 3078 non
3474 3023 3674 3092 potuit.

2095 3121 2230 3176 Cum
2261 3137 2394 3192 ergo
2440 3137 2497 3177 se
2529 3136 2647 3176 eam
2688 3135 2999 3189 expugnare
3041 3133 3150 3173 non
3196 3131 3358 3186 posse
3403 3125 3673 3179 cerneret,

2094 3214 2263 3284 jussit
2290 3229 2455 3282 prope
2478 3214 2649 3280 ipsam
2686 3211 3150 3281 propugnaculum
3174 3209 3368 3270 altum,
3393 3205 3666 3275 amplum,

2102 3324 2205 3361 una
2231 3323 2354 3360 cum
2392 3315 2542 3360 turre
2575 3305 2811 3371 exstrui,
2845 3305 2896 3357 in
2920 3301 3087 3372 quod,
3125 3301 3215 3355 ubi
3254 3300 3464 3354 ﬁnitum
3505 3305 3677 3363 esset,

2103 3399 2406 3454 ascendens
2439 3400 2555 3468 ipse
2586 3413 2712 3452 cum
2745 3396 3025 3450 exercitus
3066 3395 3148 3449 sui
3189 3391 3498 3461 praecipuis,
3522 3405 3682 3460 quae-

2101 3505 2316 3559 cunque
2349 3490 2492 3542 intra
2530 3489 2729 3543 urbem.
2749 3495 2934 3542 essent
2967 3487 3092 3540 inde
3130 3484 3434 3554 prospexit,
3461 3496 3559 3535 nec
3582 3496 3678 3534 sa-

2103 3583 2252 3654 gittis
2281 3596 2377 3637 eos
2419 3590 2600 3650 petere
2629 3581 3002 3643 destiterunt,
3051 3577 3186 3632 adeo
3220 3588 3280 3632 ut
3312 3591 3418 3630 non
3455 3573 3680 3628 auderet

2101 3691 2166 3729 ex
2218 3674 2354 3744 ipsis
2383 3674 2659 3744 quispiam
2715 3673 2862 3727 iuras
2896 3671 3102 3741 egredi.
3138 3668 3335 3723 Urbem
3388 3667 3554 3738 igitur
3601 3663 3676 3718 illi

2103 3766 2302 3821 dedere
2352 3768 2405 3821 in
2457 3767 2640 3821 animo
2674 3766 3023 3826 habuerunt,
3074 3770 3128 3815 at
3162 3761 3338 3816 delato
3387 3760 3455 3815 ad
3499 3761 3678 3828 ipsum

2103 3860 2294 3914 nuntio
2324 3859 2533 3914 hostem
2569 3857 2858 3928 quemdam
2908 3855 3150 3910 subditos
3183 3855 3355 3922 ipsius
3409 3868 3478 3907 ex
3524 3860 3684 3921 parte

2102 3949 2404 4002 Chorasani
2438 3948 2731 4012 invasisse,
2763 3946 2852 4000 ille
2888 3945 2954 3999 ad
2983 3942 3365 3999 Nisebensium
3396 3949 3682 4010 magnates

2105 4043 2324 4096 mittens
2355 4041 2660 4109 eligendum
2691 4040 2824 4108 ipsis
2862 4038 3166 4108 proposuit,
3193 4045 3372 4090 utrum
3405 4037 3685 4104 relinque-

2103 4141 2185 4187 ret
2218 4133 2361 4202 apud
2389 4134 2538 4201 ipsos
2573 4133 2666 4202 qui
2711 4132 2836 4186 illos
2867 4130 3034 4195 bello,
3068 4144 3240 4199 usque
3287 4131 3414 4182 dum
3450 4127 3561 4197 ipse
3595 4141 3685 4178 re-

2102 4232 2403 4277 verteretur
2426 4262 2441 4287 ,
2475 4224 2836 4284 lacesserent,
2889 4236 2957 4275 an
3003 4235 3127 4274 cum
3175 4219 3293 4288 ipso
3325 4218 3484 4288 377
3518 4215 3687 4286 379

2105 4317 2284 4372 {trdus
2318 4332 2557 4386 pangere
2574 4317 2779 4371 vellent
2809 4330 2876 4370 ne
2911 4313 3321 4384 propugnaculo
3351 4319 3475 4366 ante
3505 4311 3686 4380 ipsius

2106 4409 2342 4463 reditum
2377 4423 2573 4462 manus
2605 4409 2976 4463 admoverent.
3012 4407 3090 4460 Illi
3125 4421 3254 4475 ergo
3286 4404 3465 4458 foedus
3495 4412 3548 4457 et
3579 4416 3680 4471 pa-

426 4495 733 4564 patriarcha
766 4497 1172 4558 Antiochenus,
1204 4497 1295 4565 qui
1348 4511 1521 4554 annos
1565 4514 1758 4553 novem
1809 4500 1990 4565 sedit,
2025 4507 2069 4562 D
2098 4511 2244 4556 ctum
2277 4514 2400 4554 eum
2447 4499 2564 4568 ipso
2598 4499 2841 4553 inierunt
2886 4499 3022 4552 nihil
3055 4511 3113 4552 se
3147 4499 3213 4551 de
3261 4493 3681 4565 propugnaculo

426 4588 550 4640 dein
585 4595 835 4642 mortuus
868 4597 973 4642 est.
1016 4589 1176 4643 Anno
1215 4590 1456 4656 ejusdem
1499 4591 1828 4646 duodecimo
1868 4606 1998 4645 con-

427 4680 650 4732 stitutus
681 4687 764 4732 est
800 4679 1082 4733 Philemon
1115 4680 1423 4748 patriarcha
1470 4681 1867 4744 Antiochenus,
1898 4682 1995 4750 qui

425 4787 551 4825 cum
589 4771 851 4825 tredecim
885 4786 1060 4827 annos
1099 4772 1376 4837 sedisset,
1413 4781 1666 4828 mortuus
1701 4782 1807 4829 est.
1839 4775 1998 4828 Anno

427 4865 638 4933 imperii
673 4864 845 4934 ipsius
875 4865 1050 4933 primo
1080 4866 1257 4921 factus
1305 4874 1388 4922 est
1432 4866 1665 4936 Capiton
1705 4869 1998 4936 episcopus

426 4956 969 5027 llierosolymitanus,
1006 4958 1094 5011 ubi
1137 4973 1262 5011 cum
1297 4969 1535 5027 quatuor
1566 4975 1738 5013 annos
1768 4958 2000 5014 sedisset

423 5059 673 5106 mortuus
697 5059 800 5105 est.
829 5052 986 5104 Anno
1006 5051 1360 5122 373-375
1383 5053 1625 5121 ejusdem
1649 5061 1798 5107 sexto
1825 5052 2000 5107 factus

422 5156 508 5199 est
539 5141 808 5198 Maximus
829 5143 1123 5211 episcopus
1157 5142 1715 5212 Hierosolymitanus,
1746 5143 1838 5196 ubi
1873 5158 1997 5197 cum

425 5245 663 5306 quatuor
690 5252 864 5291 annos
895 5237 1128 5290 sedisset
1163 5244 1411 5290 mortuus
1434 5243 1537 5290 est.
1565 5235 1721 5288 Anno
1751 5236 1997 5303 ejusdem

424 5331 635 5384 decimo
669 5329 996 5384 constitutus
1035 5339 1120 5382 est
1152 5327 1420 5380 Antonius
1469 5327 1759 5396 episcopus
1797 5328 1991 5383 Hiero-

426 5423 813 5492 siilymitanus,
841 5422 932 5491 qui
976 5422 1217 5490 quinque
1269 5435 1444 5474 annos
1475 5419 1634 5484 sedit,
1680 5419 1805 5473 dein
1851 5435 1999 5472 mor-

427 5522 551 5566 tuus
603 5526 711 5567 est.
753 5513 1020 5567 Azdashir
1076 5528 1204 5565 vero
1249 5510 1441 5566 Babeci
1492 5509 1661 5576 (ilius,
1713 5510 1998 5565 Persarum

426 5618 540 5666 rex,
577 5613 778 5669 quanta
813 5604 926 5658 tieri
962 5604 1140 5673 potuit
1177 5618 1300 5658 cum
1325 5601 1538 5671 justitia
1574 5603 1714 5656 inter
1748 5602 1998 5657 homines

428 5700 677 5746 versatus
706 5703 824 5756 est;
854 5712 950 5750 sex
998 5698 1160 5750 etiam
1213 5696 1376 5749 urbes
1423 5693 1707 5760 condidit,
1751 5695 2001 5750 videlicet

432 5781 616 5834 urbem
653 5782 806 5845 Jaur,
834 5785 1018 5839 urbem
1048 5785 1314 5841 Azdashir
1356 5784 1630 5854 Achorha,
1674 5801 1794 5859 quae
1841 5795 2001 5842 utra?-

2103 4601 2432 4647 mutaturos.
2462 4591 2598 4646 Cum
2647 4599 2828 4646 autem
2864 4592 2932 4645 ab
2982 4590 3117 4657 ipsis
3163 4591 3504 4650 recessisset,
3539 4583 3684 4640 Nisi-

2105 4689 2301 4740 benses
2335 4685 2506 4740 muris
2554 4685 2709 4738 urbis
2760 4697 2979 4737 manum
3021 4681 3414 4742 admoventes,
3469 4678 3603 4748 ipsis
3651 4692 3684 4732 a

2100 4787 2250 4849 parte
2278 4781 2390 4834 arci
2420 4781 2668 4847 proxlma
2699 4776 2916 4837 dirutis,
2943 4775 3090 4829 illam
3126 4773 3262 4828 urbe
3295 4787 3409 4827 sua:
3436 4771 3680 4825 additam

2102 4885 2259 4922 muro
2295 4868 2423 4922 forti
2457 4869 2770 4922 cinxerunt.
2816 4863 3035 4918 Mortuo
3087 4877 3212 4917 vero
3250 4859 3528 4914 Antonino
3565 4857 3686 4912 Cre-

2112 4973 2234 5014 sare
2265 4957 2635 5012 Romanorum
2673 4956 3020 5025 imperatore,
3067 4961 3192 5022 post
3240 4952 3420 5021 ipsum
3473 4950 3529 5003 in
3563 4948 3686 5002 illos

2103 5050 2349 5118 regnavit
2387 5049 2694 5102 Marcianus
2723 5046 2907 5100 Caesar
2948 5059 3153 5098 annum
3187 5051 3240 5096 et
3269 5047 3411 5096 duos
3443 5052 3682 5093 menses.

2103 5141 2232 5196 Dein
2271 5142 2363 5196 illo
2397 5140 2682 5195 interfecto
2709 5137 2998 5207 imperavit
3045 5135 3318 5190 Antonius
3339 5131 3523 5186 Ctesar
3546 5131 3686 5184 alter

2101 5247 2274 5288 annos
2307 5242 2415 5286 tres
2444 5241 2501 5286 et
2527 5246 2742 5285 menses
2773 5244 2986 5291 novem,
3016 5226 3176 5296 idque
3214 5239 3362 5279 anno
3396 5222 3551 5289 regni
3580 5219 3687 5274 Sa—

2101 5328 2253 5396 poris
2287 5329 2426 5396 regis
2469 5326 2758 5381 Persarum
2797 5325 3239 5394 decimoquarto.
3285 5320 3431 5375 Misit
3461 5319 3554 5372 hic
3586 5316 3686 5369 Ni-

2103 5421 2262 5475 sibim
2314 5419 2617 5473 exercitum
2683 5432 2938 5488 magnum
2972 5416 3066 5487 qui
3102 5415 3274 5485 ipsam
3317 5415 3688 5482 propugnaret

2104 5522 2158 5567 et
2187 5513 2524 5568 defenderet.

2174 5605 2346 5660 Porro
2377 5620 2520 5658 anno
2543 5601 2756 5672 imperii
2787 5601 3048 5656 Antonini
3080 5599 3310 5654 Caesaris
3341 5597 3518 5667 primo
3548 5610 3687 5650 con-

2106 5694 2334 5750 stitutus
2409 5701 2494 5747 est
2549 5692 2799 5748 Bitianus
2866 5690 3176 5760 patriarcha
3237 5687 3536 5754 Romanus,
3590 5686 3690 5756 qui

2112 5804 2284 5845 annos
2315 5787 2555 5859 quinque
2588 5784 2751 5852 sedit,
2780 5783 2903 5840 dein
2942 5792 3192 5841 mortuus
3224 5792 3329 5839 eat.
3360 5783 3517 5836 Anno
3543 5777 3693 5850 ejus-
