4034 6214
347 245 452 308 993
508 262 518 275 ’

1791 237 2168 302 ANNALES.

3500 241 3607 304 994

351 352 477 407 dem
512 349 756 414 secundo
806 351 1137 407 constitutus
1178 361 1265 407 est
1311 350 1570 408 Rabunas
1616 351 1923 422 patriarcha
1952 358 2001 413 Α
2028 352 2362 408 constitutus
2390 362 2477 408 est
2509 352 2802 409 Narcissus
2828 353 3118 423 episcopus
3148 352 3607 423 llierosolymita-

350 445 752 509 Antiochenus,
790 445 883 516 qui
920 455 1206 516 postquam
1236 462 1410 501 annos
1440 461 1634 501 novem
1663 446 1919 512 sedisset,

353 546 604 594 mortuus
640 546 744 594 est.
772 539 1007 608 Sapores
1032 554 1159 594 vero
1187 539 1476 595 Azdashiri
1522 538 1687 604 filius,
1726 537 1921 593 Persa-

354 643 476 683 rum
505 643 597 683 rex
646 627 859 683 Nisibin
900 645 1152 685 reversus
1209 644 1333 684 cum
1368 628 1592 685 vidisset
1631 630 1761 698 quid
1795 644 1925 700 pro-

353 720 656 789 pugnaculo
687 718 962 787 fecissent,
988 720 1193 774 fraudis
1224 720 1346 775 illos
1376 720 1659 787 incusans,
1687 719 1924 776 Fraudu-

354 811 529 866 lenter
559 812 783 885 (inquit)
822 823 876 867 et
925 813 1112 869 dolose
1143 813 1375 885 egistis;
1413 814 1667 883 ipsosque
1695 813 1924 887 [denuo]

351 904 587 960 obsedit.
622 904 762 959 Cum
788 914 969 961 autem
1006 914 1131 977 post
1158 907 1386 960 multum
1427 907 1686 976 temporis
1724 909 1797 963 ibi
1845 910 1925 962 in-

352 1006 633 1067 sumptum
666 997 855 1053 urbem
886 1013 1197 1069 expugnare
1229 998 1601 1069 nequivisset,
1629 1014 1774 1069 aegre
1820 1000 1925 1055 hoc

352 1086 534 1158 ipsum
564 1088 777 1143 habuit.
810 1087 954 1143 Dixit
987 1103 1120 1160 ergo
1146 1090 1443 1145 comitibus
1467 1090 1581 1145 suis
1607 1106 1621 1143 :
1650 1089 1789 1145 Num
1838 1104 1926 1144 re-

353 1180 533 1249 perire
562 1181 788 1249 potestis
816 1180 869 1235 in
908 1181 1152 1236 exercitu
1184 1190 1374 1236 nostro
1398 1183 1728 1253 quempiam,
1759 1181 1925 1252 380

352 1272 445 1340 qui
487 1286 595 1327 non
633 1271 726 1327 illo
756 1274 902 1341 quod
958 1288 1057 1328 nos
1101 1274 1339 1341 patimur
1374 1274 1643 1345 angatur?
1689 1273 1927 1343 Inquisi-

354 1362 502 1419 tione
525 1378 655 1434 ergo
690 1368 833 1418 faeta
856 1364 994 1419 duos
1024 1365 1350 1420 invenerunt
1379 1366 1525 1420 viros
1556 1367 1681 1421 vino
1710 1374 1764 1420 et
1792 1379 1924 1419 can-

352 1455 433 1511 tui
467 1455 842 1524 indulgentes;
878 1456 1081 1527 quibus
1118 1457 1208 1512 ille
1252 1472 1266 1507 :
1298 1458 1555 1527 Apparet,
1589 1456 1789 1527 inquit,
1831 1472 1927 1528 pa-

352 1563 473 1602 rum
508 1548 659 1605 vobis
685 1550 839 1605 cordi
873 1564 997 1606 esse
1032 1564 1121 1605 res
1157 1559 1397 1615 nostras,
1432 1565 1556 1605 cum
1588 1551 1665 1604 ita
1698 1562 1796 1604 vos
1837 1564 1925 1618 ge—

353 1641 490 1696 ratis
523 1654 586 1695 ac
634 1642 679 1697 si
728 1640 863 1695 nihil
913 1644 980 1696 ad
1015 1657 1114 1698 vos
1164 1650 1472 1712 spectarent
1523 1657 1645 1712 quae
1688 1642 1922 1711 agimus.

2036 461 2173 513 nus,
2203 446 2297 515 qui
2325 458 2607 517 postquam
2644 461 2818 501 annos
2842 446 3128 501 duodecim
3166 447 3416 511 sedisset,
3448 444 3607 514 fugit.

2034 538 2249 594 Mortuo
2286 540 2595 595 Alexandro
2625 540 2862 605 Cassare,
2898 542 3104 606 Romae,
3136 542 3399 595 Romanis
3432 540 3604 607 impe-

2034 631 2177 683 ravit
2226 628 2555 686 Maximinus
2606 631 2788 685 Caesar
2819 630 2985 701 384
3033 639 3145 684 tres
3176 645 3351 684 annos
3383 646 3398 683 :
3430 629 3605 697 'idque

2032 735 2177 775 anno
2225 723 2376 791 rcgni
2410 722 2635 791 Saporis
2680 722 2967 775 Azdashiri
3006 720 3098 774 lilii
3141 720 3431 774 Persarum
3464 718 3611 788 regis

2034 814 2340 868 tricesimo.
2399 813 2729 868 Maximinus
2783 815 3081 883 imperator
3130 813 3229 865 iste
3287 826 3608 877 magnarum

2031 903 2360 958 Christianis
2389 903 2761 957 calamitatum
2786 913 2838 958 et
2860 904 3097 958 tristitia:
3126 904 3396 956 diuturna:
3420 911 3611 957 auctor

2032 994 2159 1058 fuit,
2195 996 2638 1050 Christianorum
2674 1005 2856 1066 strage
2889 996 3035 1049 edita
3075 995 3500 1063 hominibusque
3536 994 3605 1049 ad

2032 1086 2301 1142 idolorum
2324 1128 2339 1151 ,
2376 1101 2497 1157 qua:
2530 1086 2648 1155 ipse
2684 1102 2783 1156 pro
2818 1087 2924 1142 diis
2958 1086 3184 1150 habuit,
3226 1087 3431 1140 cultum
3479 1100 3610 1154 pro-

2032 1181 2233 1251 lapsis,
2281 1180 2667 1250 episcopisque
2700 1196 2806 1235 non
2854 1180 3046 1250 paucis
3080 1195 3110 1234 e
3142 1180 3321 1233 medio
3354 1180 3610 1244 sublatis,

2035 1274 2177 1329 inter
2196 1289 2337 1343 quos
2369 1273 2556 1327 Babila
2590 1272 2896 1327 Antiochiae
2930 1272 3237 1342 patriarcha
3275 1286 3287 1324 :
3319 1269 3611 1325 Narcissus

2032 1378 2160 1435 ergo
2183 1365 2475 1433 episcopus
2500 1362 3032 1434 Hierosolymitanus
3054 1363 3238 1417 audito
3262 1361 3611 1416 interfectum

2031 1470 2154 1511 esse
2185 1454 2425 1510 Babilam
2470 1455 2838 1524 patriarcham
2875 1454 3297 1518 Antiochenum,
3331 1454 3450 1523 fuga
3486 1467 3615 1517 pro-

2034 1550 2220 1618 lapsus
2275 1549 2590 1603 cathedram
2641 1547 2908 1603 deseruit.
2969 1548 3125 1601 Anno
3179 1547 3343 1616 igitur
3397 1545 3613 1614 imperii

2034 1641 2211 1710 ipsius
2236 1640 2478 1695 secundo
2513 1639 2689 1695 factus
2723 1638 2855 1695 Dius
2888 1639 3183 1708 episcopus
3219 1637 3615 1707 Hierosolymi-

354 1731 774 1803 Responderunt
805 1733 881 1789 illi
908 1749 922 1786 :
953 1734 1013 1789 Si
1054 1743 1106 1790 te
1138 1736 1278 1789 male
1312 1735 1527 1800 habeat,
1558 1750 1592 1790 ο
1626 1750 1742 1801 rex,
1780 1736 1929 1791 urbis
1960 1709 2005 1770 Β
2034 1740 2216 1793 tanus.
2243 1733 2358 1786 vice
2386 1729 2653 1793 Narcissi,
2681 1745 2856 1784 annos
2882 1742 2992 1784 tres
3021 1731 3185 1793 sedit,
3219 1730 3338 1782 dein
3367 1736 3615 1781 mortuus

354 1824 517 1896 hujus
557 1833 751 1891 status,
782 1839 1068 1895 speramus
1103 1839 1195 1890 ea,
1232 1841 1332 1881 nos
1362 1839 1479 1880 eam
1508 1841 1673 1896 quam
1710 1827 1805 1882 tibi
1849 1829 1932 1882 in-

354 1916 594 1972 dicaturi
644 1932 841 1973 sumus
904 1919 1116 1972 ratione
1174 1925 1457 1987 capturos.
1522 1917 1742 1975 Dicente
1813 1921 1929 1987 illo,

354 2006 615 2075 Quanam
668 2022 800 2078 ergo
856 2007 992 2062 illa?
1036 2008 1453 2077 responderunt,
1498 2019 1557 2063 ut
1610 2024 1930 2080 progressus

357 2100 474 2169 ipse
500 2113 624 2154 cum
648 2099 822 2168 cepiis
851 2099 960 2153 tuis
987 2098 1240 2153 manibus
1262 2099 1474 2168 junctis
1506 2114 1694 2169 preces
1725 2102 1791 2155 ad
1822 2100 1931 2155 Do-

358 2188 563 2245 tsinum
601 2190 841 2247 fundatis
888 2204 999 2261 quo
1047 2190 1202 2245 vobis
1253 2199 1312 2245 ut
1366 2192 1551 2246 urbem
1610 2194 1930 2263 expugnetis

356 2282 640 2337 concedat.
667 2283 825 2348 Quod
876 2298 999 2339 cum
1054 2282 1277 2338 fecisset
1329 2281 1587 2353 Sapores,
1637 2300 1735 2340 nec
1769 2287 1930 2359 quid—

357 2382 523 2437 quam
559 2371 817 2439 prodesse
850 2371 1082 2434 videret,
1112 2372 1249 2426 dixit
1282 2373 1458 2443 ipsis:
1497 2375 1797 2431 Consilium
1840 2393 1933 2432 vc-

358 2469 530 2542 strum
578 2462 772 2526 secuti,
833 2463 989 2516 nihili
1044 2466 1274 2520 subesse
1322 2466 1574 2522 eliicacize
1630 2469 1878 2525 videmus
1912 2510 1928 2537 ,

359 2552 485 2622 quid
518 2567 648 2624 ergo
669 2554 781 2623 jam
815 2554 1036 2609 dicitis?
1063 2553 1509 2626 Responderunt:
1541 2556 1836 2616 Metuimus
1864 2576 1932 2617 ne

360 2643 746 2714 vilipenderint
777 2646 1025 2701 homines
1055 2646 1345 2701 consilium
1389 2657 1672 2715 nostrum;
1707 2651 1852 2720 quod
1884 2650 1931 2706 si

360 2738 639 2791 curaveris
669 2745 727 2791 ut
753 2738 983 2795 sinceris
1018 2739 1311 2794 aﬁ'ectibus
1342 2754 1532 2796 omnes
1565 2741 1737 2796 instar
1765 2743 1931 2799 unius

363 2841 556 2896 preces
589 2828 839 2894 fundant,
869 2831 981 2885 voti
1003 2831 1084 2886 tui
1118 2846 1344 2901 compos
1367 2832 1500 2887 eris.
1538 2830 1774 2903 Sapores
1802 2850 1932 2905 ergo

360 2920 679 2975 convocatis
713 2923 1004 2978 comitibus
1041 2924 1158 2978 suis
1187 2924 1400 2993 rogavit
1438 2931 1497 2977 ut
1529 2925 1764 2980 sinceris
1793 2926 1932 2982 affe-

2032 1832 2138 1877 est.
2171 1823 2336 1876 Anno
2371 1822 2584 1891 imperii
2618 1821 2740 1891 ejus
2772 1822 2933 1875 tertio
2963 1831 3183 1875 creatus
3204 1831 3285 1874 est
3320 1816 3617 1872 Flavianus

2031 1916 2341 1986 patriarcha
2376 1916 2679 1979 Romanus,
2706 1915 2796 1969 ubi
2828 1924 3118 1984 postquam
3145 1927 3319 1968 annos
3348 1913 3611 1967 tredecim

2033 2010 2300 2072 sedisset,
2338 2010 2557 2064 occisus
2586 2017 2692 2063 est.
2732 2008 2892 2063 Anno
2936 2009 3113 2078 ipsius
3156 2008 3402 2062 secundo
3435 2005 3615 2060 factus

2032 2100 2328 2172 Dionysius
2375 2102 2687 2172 patriarcha
2734 2101 3172 2165 Alexandrinus,
3234 2100 3328 2171 qui
3379 2099 3616 2168 scriptor

2032 2193 2156 2258 fuit,
2202 2208 2378 2249 annos
2422 2194 2813 2264 septemdecim
2862 2194 3026 2258 sedit,
3059 2192 3185 2247 dein
3218 2201 3469 2246 mortuus
3507 2200 3613 2245 est.

2030 2287 2191 2342 Anno
2234 2290 2397 2342 etiam
2454 2288 2699 2341 secundo
2743 2287 2953 2354 imperii
3005 2285 3179 2354 ipsius
3230 2292 3483 2338 mortuus
3530 2291 3617 2336 est

2034 2378 2276 2449 Sapores
2309 2379 2597 2434 Azdashiri
2638 2378 2782 2432 (ilius
2810 2392 2902 2431 rex
2942 2376 3259 2439 Persarum,
3292 2384 3419 2445 post
3450 2389 3612 2446 quem

2034 2475 2282 2544 regnavit
2324 2472 2561 2527 Hormoz
2618 2470 2843 2541 Saporis
2887 2468 3031 2523 filius
3075 2467 3200 2541 (qui
3244 2476 3328 2521 est
3378 2464 3615 2520 liormoz

2032 2559 2332 2634 Al-Horri)
2379 2579 2582 2617 annum
2639 2576 2805 2617 unum
2855 2570 2909 2616 et
2955 2574 3172 2614 menses
3218 2558 3441 2623 decem,
3490 2565 3617 2627 post

2033 2674 2173 2729 quos
2220 2666 2471 2712 mortuus
2548 2664 2649 2710 est.
2678 2656 2834 2709 Anno
2871 2653 3032 2707 tertio
3073 2650 3288 2720 imperii
3329 2648 3614 2703 Maximini

2036 2748 2268 2803 Caesaris
2316 2761 2544 2816 regnum
2597 2745 2650 2799 in
2686 2745 2878 2799 Persas
2928 2742 3170 2798 obtinuit
3215 2740 3446 2794 Babram
3477 2736 3616 2791 Hor-

2034 2840 2177 2894 mozi
2212 2840 2379 2903 filius,
2429 2837 2522 2907 qui
2570 2851 2743 2892 annos
2782 2848 2892 2891 tres
2939 2851 3063 2889 cum
3108 2834 3284 2890 tribus
3327 2830 3616 2887 mensibus

2035 2932 2302 2999 regnavit.
2357 2930 2516 2985 Anno
2569 2929 2731 2984 tertio
2790 2928 3046 2982 Bahrami
3106 2928 3250 2997 regis
3311 2924 3607 2979 Persarum

359 3011 542 3066 ctibus
567 3020 622 3066 et
651 3027 786 3081 pura
822 3022 1000 3069 mente
1037 3013 1328 3085 [agerent].
1372 3015 1639 3071 Asserunt
1665 3032 1795 3089 ergo
1824 3034 1929 3075 non
1961 3048 2004 3105 ο
2036 3024 2393 3097 385-387
2440 3023 2576 3077 obiit
2605 3021 2935 3076 Maximinus
2979 3020 3186 3084 Caesar,
3231 3018 3615 3072 Romanorum

359 3102 513 3172 prius
545 3103 694 3172 ipsos
724 3104 884 3160 binas
910 3107 1224 3175 concepisse
1254 3106 1502 3175 preculas
1530 3123 1694 3178 quam
1726 3123 1755 3162 a
1782 3125 1932 3165 sum-

361 3207 448 3248 mo
475 3192 542 3247 ad
574 3194 742 3247 imum
774 3193 904 3249 ﬁsso
950 3196 1101 3250 urbis
1130 3212 1285 3251 muro
1312 3208 1558 3267 apertum
1592 3200 1664 3253 sit
1691 3202 1929 3270 spatium

361 3300 470 3353 quo
500 3286 707 3340 intrare
736 3295 957 3356 possent
987 3288 1271 3355 homines;
1295 3305 1403 3359 quo
1435 3289 1587 3346 valde
1623 3295 1796 3348 territi
1837 3311 1934 3349 ur-

364 3375 445 3432 bis
473 3378 703 3434 incolae:
742 3377 864 3443 Hic,
894 3380 1171 3450 inquiunt,
1203 3383 1409 3438 fraudis
1440 3393 1639 3439 nostra:
1676 3386 1798 3441 finis
1826 3396 1930 3444 est.

364 3466 643 3538 Ingressus
672 3485 801 3543 ergo
831 3473 1019 3529 urbem
1043 3475 1283 3546 Sapores
1316 3479 1589 3535 interfecit
1609 3483 1931 3553 quicunque

364 3558 420 3611 in
453 3574 647 3614 manus
682 3561 856 3633 ipsius
907 3577 1276 3635 pervenerunt
1325 3571 1471 3624 viros
1508 3571 1649 3626 bello
1686 3572 1932 3636 idoneos,

365 3648 607 3718 reliquos
646 3652 764 3720 ejus
791 3655 997 3709 incolas
1027 3656 1387 3728 εει-383
1416 3662 1663 3728 captivos
1688 3662 1931 3729 abduxit,

366 3754 726 3812 magnamque
757 3745 809 3798 in
841 3759 906 3799 eo
926 3761 1089 3815 opum
1120 3750 1225 3801 vim
1260 3751 1486 3817 reperit.
1514 3747 1717 3804 Locum
1752 3760 1936 3806 autem

365 3832 543 3900 quiin
578 3849 735 3889 muro
765 3835 930 3891 fissus
955 3845 1039 3891 est
1067 3852 1131 3891 ea
1163 3839 1326 3894 modo
1371 3841 1604 3910 relinqui
1641 3843 1842 3911 jussit,
1879 3849 1938 3895 ut

367 3939 433 3983 eo
471 3937 765 3999 conspecto
815 3930 1066 3985 homines
1117 3933 1428 4003 exemplum
1470 3942 1750 4003 caperent.
1800 3932 1937 3988 Dein

368 4018 548 4073 varias
592 4019 645 4072 in
676 4018 834 4091 Syria
869 4022 1035 4077 urbes
1063 4024 1226 4091 cepit,
1258 4025 1449 4078 multis
1500 4024 1679 4090 caesis,
1721 4024 1939 4078 multis-

293 4170 303 4176 η
367 4128 471 4181 que
497 4114 727 4183 captivis
758 4114 934 4170 factis.
957 4114 1177 4170 Terram
1205 4118 1365 4172 etiam
1397 4116 1708 4173 Graecorum
1738 4118 1943 4186 ingres-

368 4216 466 4258 sus
485 4219 737 4274 magnam
762 4220 950 4261 eorum
970 4215 1204 4277 stragem
1223 4206 1416 4272 edidit,
1436 4206 1609 4277 captis
1633 4205 1862 4260 Kalonia
1887 4211 1942 4259 et

368 4293 733 4365 Cappadocia.
1864 4288 1873 4295 ’

440 4388 655 4444 Mortuo
685 4392 967 4444 'Antonino
999 4390 1215 4445 Caesare
1237 4431 1252 4455 ,
1297 4388 1481 4444 Romae
1514 4401 1637 4462 post
1668 4391 1845 4462 ipsum
1883 4391 1938 4445 in

368 4478 646 4537 Romanos
691 4482 934 4552 regnavit
970 4483 1280 4537 Alexander
1324 4482 1507 4539 Caesar
1545 4500 1717 4541 annos
1758 4483 1942 4539 trede-
1971 4473 2017 4530 ο

372 4574 501 4639 cini,
536 4574 700 4643 idque
730 4590 874 4629 anno
906 4578 1055 4645 regni
1086 4574 1311 4645 Saporis
1345 4576 1440 4629 filii
1470 4577 1757 4633 Azdashiri
1794 4578 1941 4649 regis

370 4665 664 4722 Persarum
699 4668 1193 4739 decimo-septimo.
1229 4668 1345 4723 Sub
1380 4684 1446 4724 eo
1474 4684 1607 4740 pace
1639 4678 1693 4724 et
1728 4670 1944 4726 incolu-

374 4759 565 4814 mitate
619 4760 795 4829 gavisi
828 4770 954 4814 sunt
999 4760 1322 4816 Christiani.
1356 4760 1529 4816 Mater
1567 4764 1711 4817 enim
1747 4762 1943 4831 ipsius,

372 4852 595 4905 nomine
627 4851 832 4913 Manta,
870 4866 1065 4922 magno
1109 4852 1162 4906 in
1207 4851 1554 4907 Christianos
1593 4866 1778 4907 amore
1814 4867 1943 4921 pro-

373 4942 588 5012 pendit.
627 4944 787 4997 Anno
820 4942 1034 5013 imperii
1069 4943 1243 5013 ipsius
1277 4943 1453 5010 primo
1491 4942 1829 4999 constitutus
1863 4953 1947 4999 est

378 5031 666 5091 Heraclius
694 5037 1006 5107 patriarcha
1040 5037 1465 5103 Alexandrinus,
1498 5037 1589 5090 ubi
1616 5052 1741 5091 cum
1770 5052 1945 5093 annos

381 5130 639 5184 tredecim
662 5130 915 5195 sedisset,
942 5138 1191 5185 mortuus
1214 5136 1319 5185 est.
1344 5127 1476 5198 Ejus
1499 5138 1745 5198 tempore
1764 5130 1948 5201 appel-

382 5221 524 5277 latus
575 5228 659 5277 est
712 5224 1022 5293 patriarcha
1071 5223 1474 5279 Alexandrinus
1522 5221 1708 5287 Baha,
1758 5222 1809 5277 id
1866 5230 1951 5277 est

381 5329 539 5369 avus.
573 5318 732 5370 Anno
764 5316 975 5387 imperii
1001 5316 1124 5386 ejus
1156 5315 1318 5372 tertio
1344 5326 1569 5371 creatus
1596 5323 1686 5371 est
1714 5314 1950 5370 Anterus

380 5407 693 5475 patriarcha
725 5406 1010 5481 Romanus
1034 5448 1050 5473 ,
1100 5409 1194 5476 qui
1235 5422 1410 5463 annos
1446 5408 1736 5463 duodecim
1785 5407 1947 5474 sedit,

380 5500 507 5553 dein
535 5508 788 5555 mortuus
820 5509 927 5557 est.
965 5501 1123 5553 Anno
1151 5500 1396 5568 ejusdem
1422 5509 1613 5554 octavo
1644 5498 1822 5554 factus
1849 5497 1952 5552 Ba-

379 5589 488 5645 bila
552 5593 864 5663 patriarcha
913 5593 1329 5658 Antiochenus,
1383 5604 1556 5646 annos
1608 5600 1737 5646 octo
1786 5591 1949 5655 sedit,

377 5682 506 5739 dein
556 5694 809 5743 mortuus
861 5693 968 5743 est.
1014 5687 1174 5743 Anno
1221 5685 1432 5757 imperii
1486 5684 1659 5757 ipsius
1708 5683 1952 5742 secundo

2037 3116 2368 3184 imperator;
2420 3120 2547 3182 post
2595 3127 2759 3181 quem
2805 3110 3052 3179 regnavit
3086 3110 3362 3179 Pupienus
3406 3108 3614 3171 Caesar,

2035 3209 2129 3278 qui
2169 3218 2223 3261 et
2256 3204 2509 3260 Julianus
2552 3205 2861 3274 appellatus
2892 3212 2997 3267 est,
3041 3210 3155 3257 tres
3189 3216 3444 3263 menses,
3488 3201 3614 3254 dein

2036 3299 2255 3354 occisus
2285 3308 2400 3362 est;
2435 3297 2741 3367 imperante
2773 3306 2893 3365 post
2922 3296 3102 3365 ipsum
3138 3293 3323 3347 Romae
3351 3292 3619 3347 Romanis

2036 3389 2314 3445 Gordiano
2360 3388 2573 3443 Caesare
2624 3404 2802 3444 annos
2851 3397 3111 3457 quatuor.
3172 3385 3346 3453 Cujus
3396 3385 3619 3453 imperii

2037 3497 2183 3537 anno
2225 3482 2402 3551 primo
2452 3481 2789 3536 constitutus
2833 3489 2918 3535 est
2966 3478 3262 3533 Flavianus
3305 3478 3617 3547 patriarcha

2036 3574 2442 3644 Antiochenus,
2470 3577 2561 3644 qui
2599 3589 2773 3629 annos
2811 3572 3065 3628 undecim
3100 3572 3266 3635 sedit,
3306 3570 3433 3625 dein
3470 3584 3618 3623 mor-

2042 3674 2168 3719 tuus
2206 3642 2506 3721 est.‘Anno
2550 3664 2763 3734 imperii
2811 3665 2984 3734 ipsius
3028 3661 3272 3717 secunda
3316 3660 3496 3714 factus
3536 3668 3622 3713 est

2038 3756 2347 3814 Germanus
2396 3758 2692 3828 episcopus
2742 3756 3316 3826 Hierusolymitanus,
3367 3754 3617 3822 quicum

2041 3864 2213 3903 annos
2246 3859 2485 3918 quatuor
2524 3850 2793 3915 sedisset,
2831 3859 3084 3903 mortuus
3123 3857 3231 3902 est.
3265 3850 3425 3900 Anno
3470 3844 3623 3913 ejus-

2040 3940 2165 3995 dem
2220 3942 2383 3996 tertio
2435 3951 2682 3995 mortuus
2730 3947 2817 3995 est
2862 3939 3094 3992 Bahrani
3152 3937 3408 3992 Hormozi
3452 3935 3622 3999 filius,

2042 4046 2136 4087 rex
2170 4030 2495 4095 Persarum;
2534 4039 2657 4100 post
2704 4043 2866 4099 quem
2904 4029 3151 4098 regnavit
3193 4027 3425 4081 Bahram
3472 4024 3623 4077 Bah-

2043 4125 2179 4179 rami
2213 4124 2359 4180 filius
2399 4123 2452 4178 in
2488 4122 2686 4177 Persas
2708 4160 2724 4186 ,
2760 4135 2937 4175 annos
2984 4117 3395 4187 septemdecim.
3449 4114 3622 4184 Cujus

2043 4226 2290 4288 tempore
2323 4216 2582 4287 prodiens
2626 4213 2849 4285 quidam
2897 4212 3112 4283 origine
3157 4209 3346 4273 Persa,
3396 4207 3622 4261 nomine

2043 4309 2210 4375 Mani,
2238 4308 2661 4363 Manichaeorum
2690 4305 2975 4375 religionis
3007 4311 3195 4357 auctor
3223 4302 3344 4364 fuit,
3368 4313 3622 4354 asserens

2044 4417 2105 4457 se
2138 4404 2457 4471 prophetam
2498 4415 2641 4466 esse,
2677 4414 2841 4469 quem
2876 4398 3213 4467 prehensum
3258 4391 3500 4447 medium
3534 4389 3622 4444 di-

2047 4496 2178 4551 visit
2226 4492 2481 4558 Bahram,
2533 4491 2789 4545 Bahrami
2846 4490 3013 4555 filius,
3067 4486 3243 4556 captis
3297 4486 3524 4553 insuper
3555 4498 3621 4536 ex

2049 4583 2223 4653 ipsius
2260 4581 2490 4637 asseclis
2536 4588 2593 4635 et
2641 4580 2735 4650 qui
2787 4580 2908 4649 ejus
2950 4576 3281 4633 sententiam
3330 4572 3627 4644 amplecte-

2045 4684 2237 4730 rentur
2292 4675 2428 4730 viris
2474 4672 2770 4736 ducentis,
2828 4685 2968 4741 quos
3018 4668 3294 4739 capitibus
3351 4664 3627 4718 immersis

2046 4769 2162 4823 luto
2219 4767 2396 4822 inﬁxit
2448 4766 2624 4822 donec
2677 4775 3055 4827 morerentur,
3115 4761 3342 4817 dicens:
3376 4757 3627 4812 'Iiortnm

2046 4876 2209 4930 quem
2258 4860 2361 4915 feci
2405 4858 2722 4914 hominibus
2763 4857 2881 4911 vice
2914 4855 3174 4911 arborum
3207 4851 3472 4921 plantavi.
3515 4850 3627 4917 Ap-

2048 4948 2229 5019 pellati
2278 4958 2459 5002 autem
2507 4954 2639 5001 sunt
2678 4944 2995 5013 religionem
3046 4942 3222 5013 ipsius
3266 4936 3535 5010 professi,
3572 4944 3629 4988 et

2048 5038 2375 5094 sententiam
2427 5035 2701 5105 amplexi,
2758 5033 3065 5099 Manichaei,
3119 5032 3278 5088 titulo
3330 5048 3361 5087 a
3409 5030 3629 5085 nomine

2049 5129 2224 5198 ipsius
2253 5129 2394 5184 Mani
2419 5128 2734 5197 desumpto.

2119 5222 2291 5278 Porro
2322 5236 2468 5277 anno
2511 5224 2662 5291 regni
2710 5219 2968 5274 Balirami
3014 5219 3107 5273 filii
3162 5218 3412 5271 Bahrami
3460 5213 3628 5269 tertio

2050 5325 2300 5371 mortuus
2329 5324 2412 5370 est
2458 5313 2774 5369 Gordianus
2809 5312 2992 5368 Caesar
3023 5311 3395 5365 Romanorum
3449 5307 3627 5377 impe-

2050 5420 2223 5473 rator,
2260 5408 2563 5478 imperante
2593 5418 2718 5477 post
2762 5407 2940 5476 ipsum
2977 5405 3164 5459 Romae
3204 5401 3465 5455 Romanis
3496 5399 3628 5455 Phi-

2051 5504 2201 5573 lippo
2222 5500 2457 5565 Caesare,
2477 5501 2646 5571 388
2661 5516 2835 5555 annos
2862 5508 3093 5567 septem,
3120 5496 3211 5566 qui
3245 5495 3299 5549 in
3328 5493 3624 5549 Dominum

2050 5596 2332 5651 Christum
2366 5595 2619 5649 credidit.
2648 5595 2809 5647 Anno
2840 5590 3053 5661 imperii
3082 5589 3257 5661 ipsius
3290 5590 3470 5660 primo
3498 5602 3631 5641 con-

2052 5689 2277 5747 stitutus
2300 5697 2383 5745 est
2410 5687 2724 5745 Gordianus
2754 5683 3047 5755 episcopus
3079 5682 3627 5755 llierosolymitanus.
