4034 6214
501 238 607 301 995

1505 232 1881 298 EUTYCIIII
1925 230 2463 294 ALEXANDRINI
2510 226 2738 290 PATR.

3644 219 3759 285 995

503 353 593 407 tibi
618 367 740 407 cum
771 351 1014 422 quinque
1039 368 1217 409 annos
1243 354 1476 410 sedisset
1500 367 1757 409 mortuus
1778 364 1880 409 est.
1916 353 2074 406 Anno
2100 350 2149 410 A
2176 349 2365 404 Caesar
2395 347 2550 403 audit
2570 385 2586 411 ,
2618 359 2796 401 annos
2835 342 3149 413 quindecim
3171 381 3186 406 ν
3227 340 3394 411 idque
3425 353 3571 393 ³ηηο
3604 340 3758 407 τθεηῖ

503 443 677 513 ipsius
711 455 908 512 quarto
939 460 1190 500 reversus
1222 444 1516 501 Narcissus
1552 448 1847 516 episcolius
1881 444 2073 500 Hiero.

502 539 866 609 solymitanus
908 541 1002 610 qui
1053 540 1288 608 fugerat,
1339 556 1543 594 annum
1589 542 1731 596 sedit
1775 557 1899 595 cum
1931 540 2074 596 Gor-

501 632 688 696 diano,
720 647 830 701 quo
871 632 1065 686 deinde
1112 642 1349 696 mortuo,
1392 634 1535 688 sedit
1576 645 1698 703 post
1728 635 1904 701 ipsum
1941 632 2075 688 Nar-

503 722 684 777 cissus
745 737 919 776 annos
967 723 1174 787 decem,
1231 725 1359 778 dein
1415 735 1664 779 mortuus
1715 736 1840 791 est,
1900 740 2074 781 annos

501 825 662 868 natus
709 826 926 869 centum
975 829 1028 869 et
1063 817 1363 873 sexdecim.
1418 819 1475 871 In
1529 818 1839 889 Philippum
1892 828 2070 873 autem

499 904 769 961 Caesarem
819 908 1205 978 imperatorem
1251 910 1499 966 insiliens
1542 911 1650 965 dux
1694 910 1939 980 quidam,
1974 927 2074 964 no-

502 997 647 1050 mine
680 996 910 1061 Decius,
940 998 1056 1067 ipso
1098 999 1387 1056 interfecto
1428 1002 1711 1070 imperium
1764 1002 2068 1068 occupavit,

502 1089 857 1156 regnavitque
893 1091 1078 1144 Bonna:
1109 1091 1165 1145 in
1210 1092 1486 1146 Romanos
1516 1108 1688 1147 annos
1716 1091 1878 1156 duos,
1912 1092 2073 1162 idque

499 1196 645 1235 anno
679 1182 1127 1251 regni-Balirami
1171 1184 1263 1237 filii
1309 1185 1557 1239 Baltrami
1601 1190 1743 1256 regis
1785 1186 2069 1241 Persarum

498 1269 735 1324 decimo.
772 1272 812 1324 Α
841 1272 1005 1328 Decio
1035 1274 1141 1328 isto
1176 1278 1612 1343 persecutionem
1640 1293 1863 1345 gravem
1904 1280 2075 1332 mala-

494 1378 605 1431 que
638 1378 833 1433 magna
864 1368 1007 1434 passi
1040 1376 1169 1421 sunt
1198 1366 1522 1434 Christiani,
1551 1370 1680 1424 duttt
1714 1387 1778 1424 ex
1814 1373 1880 1425 iis
1912 1371 2073 1424 innu-

499 1468 681 1508 meros
722 1455 1079 1511 interfecerit.
1114 1458 1430 1529 Martyrium
1479 1463 1581 1515 sub
1627 1464 1748 1530 ipso
1781 1462 2073 1518 subierunt

494 1547 914 1613 quampluritui,
978 1548 1122 1603 inter
1158 1566 1297 1618 quos
1334 1561 1510 1606 morte
1557 1551 1783 1608 aﬂectus
1820 1562 1903 1609 est
1947 1552 2072 1608 Fla-

497 1637 690 1691 vianus
710 1636 896 1692 Romae
926 1641 1260 1708 patriarcha.
1294 1643 1497 1697 Deinde
1518 1644 1853 1713 Carthagine
1877 1649 2069 1701 urbem

496 1726 766 1797 Ephesum
809 1732 1088 1799 profectus
1125 1734 1175 1785 in
1227 1735 1399 1800 ipsius
1431 1736 1610 1789 medio
1641 1738 1901 1807 templum
1953 1756 2070 1793 ma-

493 1836 660 1889 gnum
692 1824 967 1877 exstruxit
1011 1826 1063 1877 in
1095 1840 1205 1892 quo
1240 1824 1383 1879 idola
1426 1830 1654 1892 statuit,
1686 1830 1859 1898 jussis
1892 1832 2073 1885 homi-

495 1908 659 1973 nibus
704 1909 813 1964 illis
855 1911 1063 1964 cultum
1121 1925 1413 1981 praestare,
1447 1926 1502 1969 et
1547 1919 1818 1972 sacriﬁcia
1854 1921 2072 1985 offerre,

493 2000 602 2054 illis
647 2002 738 2068 qui
790 2002 842 2055 id
894 2002 1075 2057 facere
1127 2018 1452 2062 recusarent
1498 2020 1728 2065 mortem
1784 2012 2068 2070 inferens:

493 2092 850 2158 quamobrem
911 2095 1030 2147 neci
1083 2095 1205 2150 data
1255 2108 1338 2151 est
1396 2115 1588 2171 magna
1633 2103 2071 2161 Christianorum

495 2185 823 2250 multitudo,
865 2203 1005 2255 quos
1053 2206 1219 2257 super
1256 2191 1454 2261 Ephesi
1504 2210 1662 2251 muro
1698 2199 1960 2265 patibulis
1988 2201 2071 2251 af-

495 2274 627 2326 lixit.
652 2273 846 2329 Decius
869 2276 1032 2329 etiatn
1059 2278 1357 2348 imperator
1375 2294 1687 2351 assumptus
1708 2284 2067 2355 389-391

493 2379 522 2419 e
555 2376 870 2435 magnatum
907 2368 1109 2437 Ephesi
1150 2371 1273 2426 [iliis
1306 2390 1506 2442 pueros
1537 2385 1772 2443 septem,
1810 2381 1959 2447 ipsos
1996 2381 2071 2433 rei

494 2460 762 2512 vestiaris:
784 2476 897 2513 suae
920 2461 1200 2530 praefecit;
1230 2479 1464 2534 quorum
1494 2468 1717 2522 nomina
1746 2479 1873 2527 stitit
1896 2471 2070 2526 Maxi-

495 2550 734 2613 mianus,
768 2552 1083 2621 Atnlicbus,
1122 2555 1358 2622 Dianus,
1398 2556 1717 2624 Martitnus,
1754 2562 2069 2632 Dionysius,

494 2640 785 2707 Antonius,
817 2640 1082 2702 Jonnnes.
1123 2647 1341 2716 Septem
1382 2650 1472 2704 isti
1500 2650 1734 2718 juvenes
1761 2668 1888 2708 cum
1926 2655 2068 2710 idola

494 2748 600 2784 non
635 2734 901 2799 colerent,
944 2748 1134 2790 notum
1172 2738 1375 2794 factum
1411 2751 1492 2795 est
1527 2744 1627 2798 hoc
1654 2746 1766 2813 regi
1801 2762 1896 2813 per
1918 2746 2069 2800 dela-

495 2830 682 2878 tores:
714 2842 883 2894 quare
920 2828 1096 2884 iratus
1132 2829 1250 2898 ipse
1298 2832 1419 2887 illos
1453 2833 1509 2887 in
1557 2849 1839 2891 carcerem
1870 2840 2068 2907 conjici

492 2914 694 2983 jussit,
727 2918 922 2973 deinde
964 2924 1029 2973 ad
1074 2925 1376 2977 exercitum
1424 2926 1708 2994 profectus
1742 2931 1865 2986 illos
1894 2932 2069 2987 donec

2178 441 2430 495 Babrami
2499 440 2591 493 lilii
2671 436 2926 491 Bahrami
2982 438 3278 489 Persarum
3348 433 3491 503 regis
3541 433 3761 499 decimo

2176 545 2393 605 quarto.
2427 533 2590 587 Anno
2623 531 2849 599 imperii,
2870 528 3044 597 ipsius
3092 527 3271 595 primo
3303 526 3641 578 constitutus
3675 533 3763 577 est

2178 625 2449 679 Maximus
2482 623 2794 693 patriarcha
2824 619 3252 682 Alexandrinus,
3282 619 3376 687 qui
3407 633 3582 671 annos
3606 628 3761 671 octo-

2175 720 2351 774 decim
2383 718 2550 779 sedit,
2585 717 2709 770 dein
2745 722 2997 768 mortuus
3024 719 3130 767 est.
3165 711 3366 766 Eodem
3398 726 3544 764 anno
3577 712 3759 765 factus

2176 824 2262 868 est
2295 823 2349 866 et
2396 810 2600 864 Lucius
2638 808 2950 876 patriarcha
2985 805 3268 859 Romanus
3290 844 3303 868 ,
3339 806 3432 873 qui
3469 820 3594 858 cum
3629 814 3758 857 octo

2177 920 2396 960 menses
2450 902 2681 957 sedisset
2734 906 2991 955 mortuus
3042 908 3147 952 est.
3203 896 3335 950 Post
3390 912 3513 949 eum
3576 896 3758 950 factus

2177 998 2421 1053 Estatius
2466 996 2666 1051 ibidem
2696 993 3037 1064 patriarcha,
3079 1006 3173 1045 sex
3219 1005 3395 1045 annos
3432 990 3596 1053 sedit,
3625 989 3756 1043 dein

2179 1102 2429 1145 mortuus
2454 1098 2560 1144 est.
2595 1088 2755 1144 Anno
2789 1088 3036 1157 ejusdem
3072 1098 3269 1141 octavo
3294 1086 3632 1140 constitutus
3668 1092 3757 1138 est

2174 1183 2384 1254 Xystus
2422 1182 2732 1251 patriarcha
2768 1181 2969 1235 ibidem
2994 1221 3006 1244 ,
3045 1180 3138 1248 qui
3178 1194 3304 1233 cum
3351 1193 3543 1233 novem
3578 1192 3756 1230 annos

2176 1276 2412 1331 sedisset
2447 1284 2701 1327 mortuus
2734 1281 2841 1327 est.
2878 1271 3081 1327 Eodem
3118 1286 3265 1324 anno
3306 1269 3639 1324 constitutus
3666 1275 3757 1323 est

2177 1367 2442 1422 Dominus
2474 1367 2780 1420 Antiochiae
2812 1364 3120 1435 patriarcha
3154 1363 3247 1432 qui
3278 1377 3402 1416 cum
3436 1370 3545 1416 tres
3577 1372 3756 1413 annos

2178 1461 2414 1515 sedisset
2460 1467 2714 1513 mortuus
2764 1465 2869 1511 est.
2922 1456 3082 1508 Anno
3129 1454 3378 1524 ejusdem
3428 1451 3758 1507 duodecimo

2177 1550 2532 1623 393-395
2562 1559 2781 1605 creatus
2809 1561 2895 1605 est
2932 1548 3254 1623 Timotheus
3288 1545 3485 1601 ibidem
3516 1547 3759 1615 patriar-

2179 1622 2303 1709 cha,
2340 1648 2432 1713 qui
2466 1655 2519 1697 et
2559 1651 2848 1712 postquam
2884 1622 3469 1695 trmedisset
3505 1648 3760 1692 mortuus

2176 1747 2280 1791 est.
2318 1738 2476 1789 Auno
2506 1733 2719 1802 imperii
2757 1732 2931 1800 ipsius
2969 1735 3164 1800 quinto
3199 1730 3373 1785 factus
3406 1740 3487 1784 est
3520 1729 3760 1784 Alexan-

2177 1831 2276 1883 der
2299 1827 2588 1897 episcopus
2616 1825 3169 1896 Hierosolymitanus,
3196 1839 3359 1893 quem
3380 1837 3514 1878 cum
3541 1830 3759 1890 septem

2177 1935 2353 1973 annos
2399 1918 2673 1981 sedisset,
2734 1928 2911 1970 morte
2957 1916 3139 1970 atiecit
3189 1918 3493 1985 imperator
3549 1914 3653 1968 iste
3696 1914 3756 1966 in

2180 2012 2313 2066 urbe
2344 2010 2617 2075 Caesarea,
2659 2011 2824 2079 idque
2873 2022 3017 2063 anno
3062 2008 3275 2078 imperii
3320 2009 3406 2062 sui
3438 2008 3759 2063 undecimo.

2176 2106 2337 2159 Anno
2362 2104 2606 2169 ejusdem
2640 2104 2867 2157 decimo
2889 2113 3088 2168 quarto
3122 2102 3457 2156 constitutus
3495 2111 3577 2155 est
3607 2100 3757 2153 Mar-

2174 2200 2351 2254 zaban
2391 2198 2685 2266 episcopus
2729 2194 3297 2264 Hierosolymitanus,
3341 2194 3433 2261 qui
3463 2208 3639 2247 annos
3671 2195 3761 2247 vi-

2176 2292 2311 2363 ginti
2348 2307 2514 2345 unum
2548 2291 2707 2349 sedit,
2745 2288 2868 2341 dein
2905 2296 3158 2341 mortuus
3188 2294 3291 2340 est.
3330 2287 3489 2339 Anno
3519 2288 3757 2354 septimo

2154 2387 2389 2455 "imperii
2438 2385 2650 2440 Galieni
2687 2384 2920 2437 Czesaris
2956 2383 3277 2437 interfectus
3320 2394 3403 2436 est
3440 2382 3755 2453 Cyprianus

2177 2489 2385 2548 martyr
2420 2481 2472 2531 in
2506 2478 2708 2545 oppido
2738 2478 2889 2530 dicto
2933 2479 3238 2546 Arsagena.
3285 2476 3535 2530 Crudelis
3569 2486 3756 2529 autem

2174 2571 2275 2623 fuit
2302 2569 2589 2638 Galitenus
2614 2567 2923 2640 [Galienus]
2948 2570 3131 2623 Caesar
3159 2570 3210 2620 in
3241 2568 3606 2631 Christianos,
3639 2582 3763 2620 ma-

2173 2677 2403 2730 gnorum
2444 2659 2553 2714 illis
2594 2662 2858 2715 malorum
2894 2670 3107 2715 auctor.
3145 2661 3278 2731 Ejus
3312 2661 3481 2714 filium
3508 2701 3523 2725 ,
3554 2662 3645 2731 qui
3683 2662 3752 2712 ad

2172 2753 2372 2807 bellum
2398 2769 2522 2808 cum
2551 2752 2733 2809 Persis
2764 2756 3060 2824 gerendum
3089 2748 3368 2823 profectus
3394 2764 3498 2820 est,
3528 2764 3750 2823 captum

2172 2847 2349 2900 Persae
2367 2847 2434 2900 ad
2455 2846 2780 2901 Bahramum
2805 2848 2971 2901 filium
2988 2847 3243 2901 Bahrami
3262 2849 3547 2903 Persarum
3568 2863 3751 2916 regem

2173 2940 2471 3002 miserunt,
2504 2938 2596 3008 qui
2642 2940 2819 3008 capite
2847 2939 3024 3008 ipsum
3070 2941 3375 3003 truncavit,
3421 2956 3529 3009 quo
3562 2941 3754 2993 audito

498 3015 869 3063 reverteretur
913 3011 1141 3067 dimisit.
1195 3014 1535 3079 lmperatore
1577 3036 1710 3092 ergo
1775 3023 1910 3079 urbe
1943 3042 2070 3095 pro-
2097 3037 2141 3095 C
2178 3049 2370 3103 magna
2417 3032 2645 3085 tristitia
2693 3031 2918 3087 affectus
2950 3039 3035 3087 est
3076 3030 3360 3086 Galitenus
3402 3032 3601 3095 Ciusar,
3636 3041 3689 3085 et
3721 3047 3753 3085 ει

498 3097 662 3165 fecto,
692 3102 944 3157 omnibus
966 3120 1087 3173 quae
1117 3105 1395 3163 habebant
1425 3109 1476 3163 in
1522 3111 1920 3185 eieetnosyuam
1956 3119 2072 3174 dis-

496 3191 715 3248 tributis
757 3194 826 3246 ad
871 3204 1109 3252 montem
1157 3214 1438 3270 magnum,
1476 3202 1658 3261 Chaos
1720 3210 2069 3279 appellatum,

495 3282 562 3337 ad
611 3293 821 3352 partem
872 3287 1070 3357 Ephesi
1122 3294 1443 3350 orientalem
1490 3299 1751 3367 profecti,
1803 3304 1853 3355 in
1906 3319 2069 3373 specu

493 3379 727 3444 quodam
784 3397 985 3451 magno
1030 3388 1124 3454 qui
1178 3388 1232 3440 in
1286 3390 1553 3457 ipSO‘ftlil
1606 3408 1666 3447 se
1718 3394 2068 3465 abdiderunt,

495 3469 639 3521 unde
668 3485 810 3525 unus
845 3475 1044 3543 aliquis
1087 3492 1150 3530 ex
1205 3478 1338 3545 ipsis
1378 3483 1625 3547 quotidie
1657 3484 1846 3538 urbem
1879 3502 2070 3553 perso-

494 3570 656 3614 natus
710 3563 1154 3633 ingrediehatur,
1213 3578 1271 3623 ut
1318 3573 1451 3640 quid
1506 3572 1575 3627 de
1630 3573 1764 3642 ipsis
1823 3577 2069 3632 dicerent

492 3654 744 3709 homines
786 3657 1021 3719 audiret,
1065 3661 1319 3730 victuque
1351 3665 1484 3733 ipsis
1521 3679 1839 3734 comparatu
1885 3686 2069 3726 rever-

496 3757 594 3795 sus
624 3743 732 3799 illis
763 3745 1052 3801 indicaret.
1082 3748 1328 3807 Reverso
1362 3753 1528 3823 igitur
1557 3756 1881 3824 imperatori
1913 3776 1978 3815 ac
2003 3762 2070 3817 de

494 3831 631 3901 ipsis
671 3837 882 3903 roganti
913 3853 1037 3891 cum
1069 3842 1382 3907 nuntiatum
1422 3854 1588 3913 esset,
1628 3847 1800 3905 fuisse
1838 3852 1985 3921 ipsos
2011 3856 2065 3907 iu

494 3933 679 3979 monte
726 3929 783 3980 in
838 3931 1135 3998 spelunca,
1170 3934 1337 4002 jussit
1382 3937 1501 4006 ipse
1544 3941 1752 3996 obstrui
1798 3946 2070 4013 spelunca:

492 4017 744 4085 aditum,
791 4029 848 4074 ut
893 4022 967 4077 ibi
1016 4040 1385 4081 morerentur.
1437 4030 1579 4086 Deus
1627 4043 1812 4088 autent
1861 4046 2065 4105 septem

2177 3128 2320 3179 malo
2354 3124 2685 3181 Christianis
2722 3123 3011 3178 inferendo
3042 3125 3299 3180 cessavit.
3335 3126 3495 3178 Anno
3534 3124 3754 3192 imperii

2172 3216 2345 3283 ipsius
2373 3218 2564 3286 quinto
2596 3226 2842 3271 mortuus
2871 3226 2954 3271 est
2984 3217 3213 3271 Babram
3236 3258 3249 3281 ,
3294 3218 3434 3272 filius
3466 3216 3748 3283 Bahrami,

2171 3309 2463 3375 Persarum
2498 3324 2631 3369 rex:
2667 3320 2787 3378 post
2819 3324 2981 3379 quem
3017 3312 3261 3379 regnavit
3290 3310 3542 3377 Bahram,
3581 3310 3746 3365 etiam

2170 3401 2425 3454 Bahrami
2461 3402 2623 3465 filius,
2662 3403 2754 3469 qui
2786 3413 2839 3456 et
2876 3403 3095 3457 Shahan
3136 3401 3280 3456 Shah
3322 3403 3493 3467 audit,
3529 3420 3749 3459 menses

2169 3499 2426 3559 quatuor,
2464 3490 2590 3543 dein
2632 3502 2883 3546 mortuus
2924 3503 3031 3556 est,
3064 3494 3394 3548 succedente
3435 3494 3534 3563 ipsi
3574 3494 3752 3549 fratre

2171 3584 2344 3652 ipsius
2377 3582 2549 3638 Narsa
2579 3585 2689 3637 lilio
2722 3584 3005 3649 Bahraml,
3041 3585 3134 3639 lilii
3168 3586 3416 3655 Saporis,
3446 3579 3537 3639 filii
3570 3587 3753 3641 Azda-

2168 3678 2327 3740 shiri,
2360 3676 2457 3730 filii
2489 3676 2682 3741 Babcc,
2719 3677 2814 3730 tilii
2852 3677 3087 3745 Sasani;
3120 3680 3210 3748 qui
3253 3680 3306 3733 in
3344 3679 3538 3735 Persas
3572 3695 3752 3735 annos

2171 3785 2363 3824 novem
2412 3770 2693 3840 regnavit,
2733 3770 2860 3824 dein
2905 3781 3158 3827 mortuus
3205 3768 3307 3827 est.
3343 3775 3501 3827 Anno
3532 3774 3755 3843 imperii

2169 3862 2413 3931 ejusdem
2448 3862 2717 3933 (videlicet
2746 3861 2960 3917 Galieni
2989 3864 3241 3935 Caesaris)
3274 3865 3487 3920 decimo
3520 3877 3748 3936 quarto,

2168 3953 2333 4025 396
2378 3969 2605 4025 regnum
2646 3957 2701 4010 in
2738 3954 2935 4012 I'e'rsas
2977 3958 3214 4012 obtinuit
3258 3957 3516 4021 Horntoz,
3562 3959 3755 4015 Narsze

2168 4047 2349 4110 filius,
2399 4048 2559 4102 annis
2603 4058 2813 4120 septem
2866 4060 2920 4105 et
2971 4053 3214 4123 quinque
3250 4053 3569 4119 mensibus,
3620 4053 3754 4108 dein

487 4108 780 4180 juvenibus
826 4114 948 4169 istis
990 4131 1245 4171 somnum
1277 4121 1529 4185 immisit,
1574 4139 1684 4193 quo
1715 4127 1890 4181 instar
1921 4144 2067 4183 more
2160 4108 2415 4193 mortuus
2443 4150 2547 4193 est.

496 4211 710 4265 tuorum
746 4204 1112 4267 dormierunt.
1148 4210 1377 4275 Quidam
1420 4227 1551 4283 ergo
1595 4232 1657 4269 ex
1704 4218 1881 4286 ipsius
1926 4236 2063 4290 pras-

508 4292 665 4347 feCtis
700 4308 917 4365 sumpta
947 4298 1149 4354 lamina
1186 4301 1438 4371 plumbea
1471 4307 1759 4363 historiam
1796 4311 2062 4378 ipsorum,

2164 4254 2167 4257 -
2230 4227 2453 4297 Mortuo
2488 4237 2668 4283 autem
2706 4229 2932 4287 Galieno
2959 4233 3197 4301 Ccesare,
3232 4236 3606 4290 Romanorum
3639 4235 3753 4291 im-

2170 4329 2453 4388 peratore,
2507 4323 2798 4391 imperavit
2848 4334 2970 4395 post
3022 4328 3202 4395 ipsum
3249 4330 3433 4383 Romae
3479 4330 3754 4385 Claudius

491 4393 547 4439 et
588 4385 718 4456 quid
766 4387 903 4457 ipsis
946 4406 1070 4446 cum
1123 4392 1452 4462 imperatore
1500 4396 1662 4453 Decio
1708 4404 2062 4472 contigisset,

2172 4416 2380 4480 Cazsar,
2424 4430 2628 4468 annum
2682 4432 2882 4483 unum,
2920 4419 3087 4489 idque
3135 4436 3277 4475 anno
3316 4423 3463 4491 regni
3503 4422 3754 4480 Hormo:

492 4480 817 4551 inscripsit;
859 4498 1024 4553 quam
1057 4485 1253 4542 deinde
1284 4503 1426 4543 arcae
1454 4505 1624 4547 aeneae
1665 4492 1917 4558 inclusit,
1959 4514 2062 4568 qua

491 4569 549 4624 in
579 4586 744 4639 specu
776 4572 966 4626 relicta
1005 4572 1229 4642 jauuam
1264 4576 1436 4646 ipsius
1458 4579 1753 4635 obstruxit.

563 4663 725 4732 392
786 4662 1004 4719 Mortuo
1066 4666 1231 4721 Decio
1282 4668 1498 4726 Caesare
1557 4675 1888 4742 imperatore
1942 4688 2063 4747 post

490 4752 668 4823 ipsum
716 4752 902 4809 Romae
945 4756 998 4809 in
1051 4755 1333 4815 Romanos
1366 4762 1656 4831 imperium
1706 4768 2067 4825 obtinuerunt

491 4857 669 4896 annos
706 4844 879 4911 duos,
922 4846 1282 4917 imperatores
1314 4853 1423 4907 dtto
1465 4853 1656 4910 Galius
1695 4866 1749 4910 et
1790 4857 2063 4927 Julianus,

489 4931 768 5002 Ctesares;
807 4935 972 5005 idque
998 4952 1144 4992 anno
1172 4942 1321 5009 regni
1366 4941 1619 4998 Bahrami
1659 4947 1757 5000 filii
1787 4947 2064 5016 Bahrauti,

484 5024 776 5079 Persarum
813 5027 979 5097 regis,
1010 5029 1356 5087 duodecimo.
1390 5036 1547 5093 Auno
1577 5036 1798 5106 imperii
1823 5040 2065 5107 ipsorum

490 5120 669 5187 primo
697 5117 987 5175 Cornelius
1018 5121 1203 5176 Romae
1229 5124 1539 5192 patriarcha
1566 5132 1899 5186 constitutus
1924 5132 2064 5189 duos

484 5226 662 5275 annos
693 5213 858 5279 sedit,
882 5214 1006 5269 dein
1050 5226 1303 5274 mortuus
1326 5229 1432 5274 est.
1470 5220 1677 5276 Eodem
1711 5238 1858 5277 anno
1886 5224 2065 5282 factus

487 5316 569 5359 est
614 5303 923 5369 Demetrius
974 5309 1289 5377 patriarcha
1338 5312 1751 5380 Antiocheuus,
1798 5317 1891 5387 qui
1939 5328 2064 5374 octo

487 5411 661 5457 annos
692 5399 853 5461 sedit,
890 5398 1017 5453 dein
1052 5410 1301 5457 mortuus
1339 5412 1442 5458 est.
1479 5404 1730 5463 Mortuus
1760 5417 1846 5465 est
1880 5420 2060 5466 autem

487 5486 741 5545 Julianus
766 5492 1084 5560 imperator,
1105 5503 1160 5549 et
1184 5496 1491 5552 octodecim
1521 5509 1643 5569 post
1672 5500 1865 5557 diebus
1892 5504 2062 5558 inter-

491 5578 668 5637 fectus
718 5581 948 5651 Galius,
998 5586 1213 5658 imperii
1258 5603 1528 5658 consors,
1586 5594 1891 5665 imperante
1936 5606 2062 5668 post

491 5674 637 5740 ipsos
686 5676 945 5759 Romanis
991 5680 1194 5751 Galitio
1239 5685 1493 5763 Cresare,
1528 5692 1621 5762 qui
1658 5704 1710 5747 et
1748 5693 2061 5750 Alteriauus

2152 4505 2459 4570 ,Persarum
2487 4506 2632 4575 regis
2658 4507 2840 4561 tertio.
2859 4507 3013 4563 Anno
3041 4511 3249 4579 imperii
3274 4511 3484 4565 Claudii
3503 4512 3749 4570 Cazsaris

2171 4597 2349 4666 primo
2381 4598 2715 4651 constitutus
2752 4609 2831 4653 est
2869 4597 3069 4655 Paulus
3100 4604 3411 4672 patriarcha
3447 4606 3760 4662 Antioche-

2170 4697 2307 4746 nus,
2358 4684 2450 4752 qui
2501 4698 2627 4737 cum
2676 4699 2853 4740 annos
2900 4695 3024 4742 octo
3070 4691 3301 4747 sedisset
3350 4706 3601 4749 mortuus
3636 4707 3756 4752 est.

2166 4773 2600 4844 Cognominatus
2658 4787 2742 4832 est
2810 4788 2991 4834 autem
3046 4780 3249 4839 Paulus
3303 4785 3755 4857 Somaisetanus,

2167 4866 2313 4935 quod
2342 4881 2409 4921 ex
2437 4867 2634 4924 incolis
2661 4867 2929 4926 Somaiset
2960 4883 3127 4937 esset,
3154 4875 3363 4948 fuitque
3387 4880 3525 4933 idem
3552 4892 3757 4939 auctor

2168 4956 2441 5013 haereseos
2492 4959 2952 5018 Paulicianorum.
3001 4964 3106 5031 Qui
3154 4971 3402 5025 eamdem
3450 4989 3571 5027 cum
3626 4976 3759 5045 ipso

2167 5047 2325 5101 ﬁdem
2372 5050 2608 5117 professi
2658 5063 2814 5117 sunt,
2863 5058 3221 5126 eamdemque
3266 5064 3591 5117 sententiam
3625 5082 3760 5119 am-

2168 5142 2330 5207 plexi,
2358 5157 2385 5195 a
2418 5145 2637 5198 nomine
2670 5146 2847 5215 ipsius
2874 5146 3066 5211 Paulo,
3096 5151 3418 5208 i’auliciani.
3453 5150 3756 5216 Sententia

2164 5242 2345 5285 autent
2373 5231 2523 5287 Pauli
2554 5235 2894 5291 Samosetani
2932 5241 3045 5295 lucc
3076 5251 3228 5297 erat:
3262 5244 3549 5301 Dominum
3581 5249 3760 5304 Citri-

2164 5332 2307 5375 stum
2355 5323 2631 5380 hominem
2673 5325 2847 5383 fuisse
2890 5346 2917 5383 a
2965 5332 3172 5389 Deitnte
3206 5350 3448 5392 creatum
3492 5340 3754 5410 ejusdem

2164 5429 2288 5468 cum
2320 5424 2569 5471 nostrum
2594 5418 2779 5489 aliquo
2810 5422 3152 5489 substantiae,
3179 5436 3232 5482 et
3263 5431 3589 5500 principium
3616 5433 3759 5493 Filii

2164 5522 2192 5559 a
2233 5506 2399 5561 Maria
2434 5508 2642 5576 fuisse,
2691 5511 2982 5584 ipsumque
3020 5518 3255 5573 electum
3292 5523 3461 5578 fuisse
3502 5537 3559 5579 ut
3592 5543 3757 5587 esset

2164 5599 2417 5655 Salvator
2470 5604 2794 5659 substantia:
2847 5609 3136 5675 humanae,
3203 5618 3498 5675 comitante
3554 5623 3753 5692 ipsum

2163 5696 2335 5763 gratia
2382 5695 2564 5751 divina
2609 5700 2745 5753 etin
2786 5700 2905 5771 ipso
2940 5704 3219 5764 habitante
3268 5725 3363 5774 per
3406 5729 3646 5772 amorem
3685 5731 3758 5775 et
