4034 6214
486 254 599 321 999

1513 246 1885 312 EUTYCHII
1927 242 2230 305 ALEXAN
2244 238 2462 303 DRINI
2503 237 2719 299 PATR.

3604 219 3750 284 10°30

560 369 768 435 Quinto
794 374 973 422 autem
1001 373 1124 436 post
1149 363 1372 418 Petrum
1407 360 1772 432 patriarcham
1836 353 2065 412 interfe-
2095 365 2141 421 Α
2170 354 2288 423 ipse
2317 351 2468 405 Roha
2502 349 2736 420 fugiens,
2766 360 2829 400 ac
2856 340 3174 414 Byzantium
3199 337 3501 410 profectus,
3533 346 3752 406 patrem

490 476 643 518 ctum
679 473 843 522 anno,
909 457 1240 512 constitutus
1299 462 1383 508 est
1441 451 1707 515 Achillas,
1767 447 2068 518 discipulus

494 552 690 622 ipsius,
744 547 1058 618 patriarcha
1093 542 1541 606 Alexandrinus;
1605 540 1695 593 ubi
1746 554 1841 593 sex
1896 549 2070 591 annos

494 641 658 704 sedit,
692 638 813 695 dein
869 645 1119 692 mortuus
1167 644 1271 690 est.
1302 636 1467 691 Arius
1530 640 1714 687 autem
1769 630 2071 683 amicorum

497 745 724 787 suorum
752 744 853 798 ope
876 738 1067 783 contra
1095 727 1371 780 Achillam
1400 725 1690 795 implorata
1714 721 1815 791 ipsi
1846 716 2072 773 simula-

499 837 577 879 vit
607 823 835 877 rediisse
867 838 926 877 se
959 822 1025 874 ab
1054 822 1160 875 ista
1204 818 1475 874 sententia
1508 816 1696 884 impia,
1748 814 1965 881 istaque
1994 809 2078 862 in-

470 917 808 985 Hidelitate;
854 928 1023 983 quare
1083 913 1263 981 ipsum
1297 918 1351 965 et
1402 912 1454 963 in
1493 906 1799 963 Ecclesiam
1849 902 2072 957 admisit

469 994 746 1063 EAchillas
792 1014 846 1061 et
900 1004 1285 1074 presbyterum
1336 1001 1644 1056 constituit.
1706 995 2079 1050 Diocletianus

470 1074 633 1157 tvero
691 1114 785 1153 rex
807 1097 1162 1151 Christianos
1224 1094 1465 1163 undique
1509 1090 1858 1160 conquisitos
1907 1093 2082 1141 morte

506 1193 689 1248 aﬂ‘ecit
731 1207 746 1244 :
800 1205 945 1259 quos
973 1189 1102 1243 dum
1138 1201 1387 1256 quaerere
1414 1194 1687 1255 pergeret,
1741 1197 1866 1237 cum
1900 1178 1966 1233 ad
2002 1179 2084 1232 lo-

508 1302 633 1340 cum
670 1282 981 1336 Dalinitiam
1014 1279 1220 1332 dictum
1257 1277 1613 1346 pervenisset,
1647 1273 1790 1327 Deus
1824 1273 1878 1325 in
1907 1270 2084 1338 ipsum

510 1378 806 1433 vindictam
838 1389 991 1430 suam
1025 1371 1241 1435 ell‘udit,
1293 1369 1431 1424 adeo
1463 1376 1519 1423 ut
1548 1368 1728 1423 soluto
1760 1378 1989 1434 corpore
2027 1360 2085 1413 in

512 1470 763 1525 morbum
796 1482 1016 1538 gravem
1055 1466 1347 1529 incideret,
1387 1464 1680 1531 plagasque
1720 1471 1913 1527 graves
1948 1468 2084 1508 con-

513 1564 777 1626 traheret,
811 1562 945 1615 adeo
982 1566 1041 1612 ut
1073 1572 1284 1612 vermes
1315 1557 1649 1625 produceret
1680 1562 1880 1617 corpus
1914 1546 2087 1615 ipsius

512 1655 607 1725 qui
634 1668 666 1707 a
701 1667 865 1706 carne
896 1652 1066 1717 ipsius
1098 1650 1152 1702 in
1193 1658 1394 1701 terram
1422 1644 1756 1705 deciderent,
1795 1640 2087 1709 linguaque

2170 460 2328 501 suum
2360 444 2519 506 adiit,
2551 441 2643 511 qui
2673 454 2899 510 regnum
2932 437 3034 506 ipsi
3060 433 3311 488 tradidit.

2245 537 2543 607 Aliquanto
2586 540 2713 603 post
2754 539 3000 585 tnortnus
3030 534 3115 580 est
3147 524 3444 589 Constans,
3470 522 3752 578 Constan-

2172 631 2270 685 tini
2300 638 2479 700 pater.
2534 627 2675 681 Deus
2707 630 2888 677 autem
2927 621 2980 673 in
3015 617 3409 671 Maximianum
3458 616 3759 684 imperato-

2175 739 2289 778 rem
2342 719 2563 775 morbos
2607 730 2801 785 graves
2849 710 3100 775 immisit,
3130 708 3269 761 adeo
3313 715 3375 760 ut
3414 719 3541 758 caro
3578 703 3758 774 ipsius

2176 815 2463 877 deflueret,
2517 820 2571 866 et
2624 810 2679 863 in
2740 818 2943 860 terratn
3009 802 3285 873 projectns
3336 805 3604 858 maneret,
3652 811 3759 850 nec

2177 906 2303 978 quis
2334 904 2401 958 ad
2448 903 2625 971 ipsum
2662 897 2946 953 accederet
2989 893 3070 947 vel
3118 890 3378 945 accedere
3406 895 3608 958 posset.
3658 884 3760 939 Mi-

2176 1000 2284 1055 rati
2301 1007 2428 1054 sunt
2456 1012 2583 1066 ergo
2614 993 2749 1050 socii
2774 993 2946 1061 ipsius
2969 988 3099 1042 illud
3131 987 3275 1056 quod
3304 984 3405 1054 ipsi
3430 983 3755 1053 contigerat,

2178 1095 2313 1164 quin
2357 1100 2413 1146 et
2451 1090 2556 1159 ipsi
2591 1085 2795 1142 inimici
2846 1081 3059 1137 miserti
3112 1088 3243 1135 sunt
3271 1078 3393 1147 ejus
3423 1076 3495 1130 ob
3535 1091 3600 1129 ea
3633 1089 3754 1142 quas

2183 1200 2381 1256 passus
2419 1191 2524 1239 est.
2577 1181 2701 1249 Ipse
2741 1192 2871 1232 vero
2906 1176 2971 1229 ad
3007 1190 3066 1229 se
3096 1186 3375 1236 reversus,
3424 1167 3537 1222 Hoc
3572 1166 3754 1221 forsan

2182 1279 2329 1348 quod
2360 1276 2537 1346 patior
2575 1270 2797 1344 (inquit)
2823 1268 2949 1324 inde
2987 1265 3117 1320 mihi
3147 1264 3367 1326 accidit,
3411 1262 3555 1332 quod
3596 1258 3757 1315 Citri-

2186 1375 2401 1430 stianos
2428 1366 2820 1424 interfecerim.
2862 1363 3097 1417 Litteras
3128 1374 3260 1429 ergo
3293 1358 3347 1412 in
3388 1371 3580 1411 omnes
3633 1370 3759 1425 pro-

2186 1465 2397 1517 vincias
2440 1476 2574 1517 suas
2620 1458 2794 1521 dedit,
2841 1467 2899 1510 ut
2941 1452 3311 1515 Christianos,
3359 1450 3668 1520 quicunque
3696 1447 3757 1502 in

2186 1554 2504 1613 carceribus
2533 1558 2746 1614 essent,
2780 1548 3143 1609 dimitterent,
3191 1557 3395 1611 eosque
3436 1542 3640 1595 honore
3673 1538 3760 1593 af-
3818 1538 3821 1539 ⁷

2191 1649 2434 1710 ficerent,
2480 1660 2583 1700 nec
2624 1644 2796 1697 ullum
2847 1640 2915 1695 iis
2956 1640 3217 1695 damnum
3248 1635 3411 1707 412
3455 1635 3763 1698 inferrent;

507 1760 581 1797 ει
628 1756 725 1798 ore
756 1740 1046 1804 deﬂueret,
1092 1738 1280 1806 itaque
1311 1743 1559 1788 lllOl‘lUUS
1602 1733 1695 1785 sit.
1728 1708 2090 1783 Maximianus
2122 1708 2164 1764 Β
2195 1708 2450 1813 rogarent
2502 1746 2683 1792 autem
2716 1744 2775 1790 ut
2805 1735 2969 1789 inter.
3005 1733 3338 1802 precandum
3382 1745 3479 1799 pro
3536 1730 3760 1796 impera-

514 1850 664 1898 vero,
705 1834 801 1902 qui
822 1832 1081 1886 Alcurius
1104 1828 1412 1899 appellatus
1438 1839 1542 1888 est,
1586 1824 1639 1878 in
1675 1825 1927 1877 morbum
1956 1821 2092 1875 inci-

514 1925 615 1990 dit,
651 1941 760 1994 quo
791 1923 1044 1977 adustum
1077 1931 1161 1975 est
1191 1933 1395 1988 corpus
1426 1917 1621 1986 ipsius,
1649 1918 1782 1970 adeo
1810 1922 1868 1967 ut
1901 1913 2096 1967 carbo-

516 2020 605 2072 nis
627 2019 800 2069 instar
829 2022 1014 2079 esset;
1078 2011 1346 2082 Tarsique
1382 2021 1629 2064 mortuus
1655 2017 1760 2075 est,
1793 2008 2097 2075 imperante

516 2120 642 2181 past
680 2112 829 2177 ipsos
850 2105 1150 2169 Maxentio,
1182 2102 1500 2157 Maximiani
1529 2102 1663 2166 lilio,
1687 2112 1901 2167 unaque
1924 2097 2096 2151 Maxi-

516 2199 705 2252 miano
738 2197 944 2259 altero,
989 2194 1081 2262 qui
1113 2200 1167 2246 et
1201 2190 1527 2245 Galerianus
1553 2187 1748 2251 audiit,
1797 2200 1970 2239 annos
2000 2198 2098 2237 no-

520 2306 641 2347 vem
675 2309 690 2345 :
724 2287 891 2357 idque
934 2300 1076 2339 anno
1107 2281 1274 2355 ωε
1308 2282 1459 2350 regni
1521 2278 1749 2348 Saporis
1799 2277 1897 2331 filii
1952 2274 2096 2330 Hor-

520 2380 664 2437 mozi
690 2376 875 2433 Persa:
910 2375 1186 2431 tricesimo
1231 2370 1498 2427 secundo.
1547 2369 1863 2423 Diviserunt
1895 2367 1949 2421 hi
1998 2367 2101 2420 int-

524 2474 734 2543 perium
761 2471 898 2523 adeo
930 2464 1388 2529 utMaximianus,
1408 2463 1502 2532 qui
1524 2460 1779 2516 Galerius
1797 2459 2100 2529 appellatus

527 2575 632 2631 est,
654 2565 709 2618 in
739 2562 1016 2617 Orientem
1047 2568 1100 2612 et
1120 2558 1360 2628 Syriam,
1388 2564 1698 2621 terramque
1729 2551 2100 2604 Romanorum

530 2667 811 2729 regnaret;
841 2653 1148 2709 Maxentius
1173 2665 1300 2706 vero
1332 2649 1519 2704 Romae
1547 2656 1606 2703 et
1649 2646 1703 2700 in
1736 2644 1908 2714 ipsius
1942 2640 2102 2696 terri-

530 2753 690 2805 toria.
722 2749 971 2804 Fuerunt
1000 2755 1178 2800 autem
1210 2745 1262 2797 in
1288 2740 1636 2797 Christianos
1671 2738 1847 2791 instar
1884 2736 2102 2788 leonum

529 2843 893 2904 saevientium,
945 2848 1000 2894 et
1031 2837 1300 2891 malorum
1377 2833 1807 2897 exsiliorumque
1847 2825 1954 2879 illis
2001 2838 2100 2878 au-

529 2947 711 2990 ctores
736 2946 856 3002 qua:
882 2929 1200 2985 describere
1234 2938 1396 2979 nemo
1417 2929 1614 2993 potest,
1639 2918 1931 2989 qualiaque
1959 2911 2104 2968 haud

2195 1844 2314 1891 tore
2338 1847 2463 1889 vnta
2498 1830 2815 1886 funderent.
2841 1825 3143 1882 Orantibus
3174 1839 3302 1893 ergo
3321 1836 3421 1892 pro
3446 1823 3768 1890 imperatore

2192 1926 2525 1985 Christianis
2565 1939 2629 1977 ac
2661 1936 2851 1992 preces
2889 1917 3276 1983 tundentibus,
3330 1915 3471 1969 Deus
3493 1913 3594 1984 ipsi
3618 1914 3767 1967 sanie

2197 2027 2363 2073 tatem
2400 2014 2663 2078 restituit,
2706 2014 2844 2066 adeo
2880 2019 2941 2065 ut
2974 2008 3181 2064 viribus
3228 2014 3281 2060 et
3308 2006 3546 2061 sanitate
3574 2006 3771 2058 melius

2196 2126 2358 2182 quam
2390 2118 2550 2163 antea
2586 2103 2867 2175 gauderet.
2924 2102 3023 2158 Ille
3059 2116 3189 2156 vero
3232 2100 3323 2154 ubi
3355 2098 3580 2153 sanitati
3608 2098 3770 2151 resti—

2199 2213 2348 2258 tutus
2377 2198 2775 2263 convaluisset,
2812 2197 2878 2249 ad
2915 2195 3177 2264 majorem
3212 2192 3512 2261 impietatis
3543 2191 3769 2260 gradum

2198 2310 2362 2366 quam
2422 2300 2584 2347 antea
2635 2292 2960 2361 prolapsus,
3009 2289 3066 2342 in
3123 2300 3317 2342 omnes
3359 2286 3597 2340 ditiones
3641 2298 3774 2341 suas

2200 2388 2468 2451 scribens,
2494 2385 2846 2440 Christianos
2876 2380 3052 2436 occidi
3077 2380 3271 2450 jussit,
3304 2388 3358 2433 et
3389 2393 3457 2433 ne
3480 2377 3777 2448 professio-

2202 2480 2287 2534 nis
2316 2478 2437 2548 ejus
2477 2476 2757 2548 quispiam
2804 2475 2859 2528 in
2890 2473 3120 2543 imperio
3154 2472 3330 2541 ipsius
3351 2471 3774 2539 relinqueretur,

2203 2587 2339 2626 neve
2368 2572 2559 2626 urbem
2597 2579 2691 2624 aut
2725 2568 2986 2639 oppidum
3020 2566 3261 2621 incolere
3292 2564 3624 2627 sinerentur,
3679 2562 3781 2617 sed

2206 2664 2425 2735 penitus
2476 2662 2941 2732 exstirparentur.
3021 2657 3304 2713 lnterfecti
3368 2666 3495 2711 sunt
3553 2670 3684 2724 ergo
3749 2669 3783 2708 e

2205 2754 2559 2817 Christianis,
2596 2769 2704 2823 qua
2735 2752 2863 2814 viri,
2909 2765 3015 2821 qua
3046 2749 3281 2813 feminae,
3314 2762 3423 2817 qua
3449 2747 3627 2815 pueri,
3664 2744 3787 2814 plu-

2206 2863 2294 2902 res
2325 2861 2487 2916 quam
2518 2845 2614 2915 qui
2644 2843 2923 2897 numerari
2962 2840 3196 2911 possint,
3243 2840 3381 2893 adeo
3420 2847 3479 2892 ut
3505 2851 3615 2906 pra
3641 2836 3787 2889 neci-

2208 2955 2392 2995 sorum
2424 2936 2783 2991 multitudine
2815 2935 3077 3004 plaustris
3108 2932 3272 2986 delati
3302 2930 3358 2983 in
3393 2944 3575 2993 mare,
3629 2936 3683 2981 et
3729 2928 3786 2980 in

529 3025 731 3077 fecer“
765 3021 889 3091 quis
916 3034 982 3074 e‘
1014 3019 1083 3072 iis
1111 3016 1205 3086 qui
1256 3023 1665 3107 θίηιθεεεξθηηι
1698 3010 1943 3107 τῗῧὼωο
1995 3006 2104 3107 ξ¹¹¹ῖ
2129 3047 2173 3104 c
2210 3033 2423 3085 deserta
2451 3027 2874 3099 projicerentur.
2927 3024 3106 3078 Morte
3139 3030 3252 3075 tum
3294 3021 3471 3075 affecti
3504 3029 3632 3075 sunt
3654 3016 3786 3071 Ser-

526 3115 741 3183 peratit
774 3125 881 3165 una
923 3123 1049 3164 cum
1097 3107 1231 3175 ipsis
1275 3106 1560 3175 Byzantio,
1597 3103 1957 3172 partibusque
2001 3099 2103 3166 ipsi

528 3205 905 3275 adjacentibus
938 3199 1239 3264 Constans,
1286 3196 1635 3252 Constantini
1687 3204 1865 3265 pater,
1913 3194 1997 3249 vir
2025 3207 2109 3247 se-

527 3299 712 3362 datus,
736 3293 1047 3364 religiosus,
1069 3292 1334 3346 idolorum
1351 3304 1502 3352 osor,
1524 3286 1857 3341 Christianis
1870 3284 2102 3337 amicus.

538 3385 641 3440 llic
680 3386 736 3438 in
779 3392 966 3453 partes
996 3378 1403 3449 Mesopotamiae
1449 3394 1512 3431 ac
1560 3375 1753 3437 Rohae,
1805 3376 2108 3444 profectus,

528 3481 656 3531 dum
689 3476 744 3529 in
777 3474 978 3545 oppido
1009 3473 1244 3542 quodam
1268 3469 1437 3522 llobaa
1463 3469 1678 3537 Caphar
1708 3470 1919 3521 l’hacar
1963 3464 2109 3537 [vico

527 3566 705 3638 figuli]
748 3570 894 3622 dicto
967 3564 1333 3626 subsisteret,
1384 3561 1519 3614 vidit
1556 3560 1631 3612 ibi
1670 3559 1953 3613 mulierem
1984 3558 2110 3627 pul-

529 3659 742 3719 chram,
795 3657 1123 3718 formosam,
1160 3652 1380 3707 nomine
1424 3649 1711 3717 Helenam,
1742 3666 1863 3721 quae
1904 3666 1933 3704 a
1970 3652 2108 3704 Bar-

530 3751 648 3805 sica
678 3750 940 3818 episcopo
983 3743 1227 3798 Rohensi
1263 3743 1332 3797 ad
1378 3742 1539 3797 fidem
1571 3742 1946 3799 Christianam
1977 3758 2111 3799 con-

532 3856 689 3895 versa
729 3841 927 3904 fuerat,
978 3852 1078 3892 nec
1107 3852 1215 3891 non
1245 3835 1426 3906 legere
1455 3836 1724 3891 didicerat
1754 3851 1953 3906 :quatn
1981 3851 2107 3893 cum

531 3948 561 3987 a
595 3944 751 4003 patre
784 3931 1010 4001 petitam
1037 3929 1095 3984 in
1131 3943 1356 3984 uxorem
1381 3928 1488 3984 sibi
1517 3929 1788 3995 duxisset,
1811 3944 1874 3983 ea
1896 3930 1964 3983 ab
1990 3930 2110 3999 ipso

530 4024 752 4096 gravida
782 4025 925 4077 facta
950 4033 1034 4078 est
1058 4039 1073 4089 ;
1100 4036 1323 4077 reverso
1346 4021 1543 4076 deinde
1565 4020 1870 4076 Constante
1903 4019 2111 4091 Byzan-

532 4122 693 4184 tium,
724 4118 937 4189 peperit
962 4115 1170 4170 Helena
1200 4113 1369 4168 lilium
1390 4113 1704 4183 pulchrum,
1735 4123 2106 4180 mansuetum,

533 4214 813 4269 intellectu
870 4212 1186 4282 praeditum,
1254 4207 1385 4261 ntali
1440 4205 1764 4276 fugientem,
1824 4206 2111 4275 sapientia:

531 4316 829 4371 amantem,
864 4304 1119 4359 videlicet
1169 4299 1614 4364 Constantinum,
1641 4300 1734 4368 qui
1771 4297 1939 4353 Retia:
1970 4297 2103 4353 edu-

2206 3125 2329 3195 gius
2359 3131 2412 3177 et
2444 3122 2694 3176 Bacchus
2723 3123 2776 3173 in
2812 3119 2948 3173 urbe
2981 3116 3367 3186 Cappadociae,
3410 3113 3571 3183 cujus
3594 3110 3790 3166 incola

2207 3225 2386 3272 erant.
2442 3214 2738 3269 interfecta
2778 3223 2861 3268 est
2889 3220 2942 3266 et
2985 3220 3171 3264 sancta
3206 3209 3463 3262 Barbara.
3510 3206 3669 3260 Anno
3697 3218 3787 3257 se-

2208 3309 2387 3363 cundo
2441 3306 2657 3378 imperii
2692 3303 3011 3358 Maximiani
3057 3302 3236 3357 factus
3286 3309 3372 3356 est
3403 3299 3655 3355 Vitellius
3687 3312 3786 3364 pa-

2208 3400 2448 3456 triarcha
2475 3399 2877 3464 Antiochenus,
2916 3397 3009 3453 ubi
3046 3413 3168 3453 cum
3210 3410 3305 3450 sex
3344 3408 3517 3448 annos
3550 3393 3789 3447 sedisset

2209 3499 2461 3545 mortuus
2493 3497 2599 3544 est.
2659 3490 2820 3543 Anno
2854 3489 3069 3559 imperii
3106 3489 3227 3557 ejus
3256 3488 3423 3541 tertio
3450 3493 3668 3540 creatus
3702 3494 3789 3537 est

2208 3580 2496 3636 Marcellus
2543 3566 2858 3652 patriarcha
2907 3579 3209 3645 Romanus,
3267 3579 3363 3649 qui
3421 3591 3595 3632 annos
3640 3575 3785 3629 duos

2211 3675 2383 3737 sedit,
2432 3671 2560 3728 dein
2602 3683 2852 3727 mortuus
2892 3680 2996 3726 est.
3046 3669 3217 3725 Porro
3268 3669 3503 3739 Sapores
3532 3666 3787 3722 Hormozi

2213 3764 2356 3819 illius
2383 3763 2676 3820 Persarum
2705 3779 2799 3819 rex
2819 3803 2835 3829 ,
2885 3778 3009 3818 cum
3063 3763 3176 3833 jam
3217 3762 3482 3833 grandior
3512 3758 3690 3814 factus
3715 3758 3787 3811 ad

2210 3862 2428 3910 aetatem
2469 3854 2771 3925 juvenilem
2813 3854 3176 3926 pervenisset,
3208 3863 3463 3923 recteque
3514 3851 3787 3906 constitu-

2220 3958 2334 4001 tum
2375 3956 2526 4004 esset
2554 3963 2783 4018 regnum
2823 3948 3014 4018 ipsius,
3047 3947 3235 4002 audita
3266 3945 3583 4000 Maximiani
3616 3944 3788 4013 impe.

2208 4040 2412 4095 ratoris
2468 4038 2827 4112 $13-$15
2891 4040 3265 4095 Romanorum
3324 4038 3493 4102 fama,
3555 4046 3609 4094 et
3657 4036 3788 4107 quid

2209 4130 2542 4185 Christianis
2570 4131 2814 4187 faceret:
2872 4132 3168 4186 comitibus
3198 4130 3317 4186 suis
3338 4168 3355 4195 ,
3400 4126 3536 4183 Volo
3568 4128 3787 4199 (inquit)

2209 4237 2311 4293 ego
2343 4222 2716 4276 Bottianorum
2752 4222 3028 4294 regionem
3054 4224 3203 4279 solus
3229 4221 3460 4292 ingredi,
3506 4230 3567 4275 ut
3601 4235 3787 4290 regunt

2220 4315 2464 4383 ipsorum
2518 4322 2686 4384 atque
2733 4316 3075 4370 exercituum
3131 4322 3355 4381 statum,
3398 4322 3452 4368 et
3502 4312 3789 4382 regionum

531 4412 689 4455 catus
715 4396 1031 4453 Graecorum
1068 4395 1399 4464 sapientiam
1430 4391 1713 4446 addidieit.
1739 4388 2105 4445 Maximianus
2137 4386 2181 4441 D
2211 4405 2376 4457 suum
2424 4412 2772 4473 perspectum
2833 4406 3086 4469 habeam,
3141 4406 3291 4471 dein,
3327 4405 3418 4459 ubi
3453 4405 3592 4474 quod
3639 4402 3792 4458 volui

529 4503 739 4555 autem,
770 4491 861 4559 qui
894 4488 1151 4543 Galerius
1178 4482 1361 4542 dictus
1387 4494 1510 4550 est,
1548 4485 1631 4539 vir
1664 4484 1768 4537 fuit
1796 4498 1977 4554 asper,
2007 4498 2107 4537 au-

536 4586 665 4643 dax,
716 4578 1050 4634 Christianis
1100 4577 1259 4632 valde
1313 4576 1586 4643 infensus,
1634 4576 1837 4645 quique
1906 4575 2109 4630 multos

534 4668 886 4743 409411
919 4672 1164 4741 ipsorum
1196 4669 1321 4723 neci
1358 4668 1548 4734 daret;
1579 4669 1931 4732 mulierosus,
1972 4666 2111 4721 adeo

434 4802 442 4809 .
537 4776 599 4818 ιιι
630 4778 737 4817 non
762 4764 1101 4832 relinqueret
1128 4760 1458 4816 Christianis
1511 4759 1676 4813 filiam
1734 4759 1970 4832 aliquam
2004 4760 2112 4812 vir-

533 4859 713 4927 ginem
740 4870 905 4926 quain
936 4870 1049 4909 non
1090 4854 1420 4924 prehensam
1461 4866 1525 4906 ac
1558 4852 1803 4907 vitiatam
1824 4825 2113 4905 interﬁce.

533 4958 655 5014 ret;
703 4948 1006 5016 eodemque
1062 4946 1222 5001 modo
1274 4951 1586 4999 tractarunt
1637 4944 1870 4999 comites
1932 4942 2111 5012 ipsius

535 5039 778 5110 virgines
811 5038 1293 5103 Christianorum;
1325 5037 1584 5106 ipsosque
1613 5035 1814 5104 Opibus
1847 5032 2113 5102 spoliatos

536 5130 908 5196 trucidarunt,
942 5128 1079 5183 adeo
1114 5138 1174 5181 ut
1204 5129 1351 5181 male
1378 5126 1673 5181 admodum
1701 5123 1773 5179 ab
1805 5125 1941 5193 ipsis
1968 5131 2117 5179 esset

536 5223 887 5280 Christianis.
915 5221 998 5275 Ad
1026 5221 1278 5277 eumdem
1306 5226 1633 5291 pervenerat
1666 5219 1810 5271 fama
1840 5217 2117 5273 Constan-

538 5320 660 5384 tini,
683 5315 912 5382 scilicet,
932 5331 1053 5371 esse
1073 5328 1199 5369 eum
1228 5328 1456 5383 puerum
1486 5320 1855 5377 mansuetum,
1878 5312 2004 5366 mali
2027 5312 2117 5366 fu-

538 5413 799 5481 gientem,
858 5410 1157 5477 multaeque
1224 5403 1505 5469 scientias,
1586 5419 1862 5474 quemque
1917 5418 2114 5475 magno

547 5504 847 5559 fruiturum
901 5503 1132 5572 imperio
1183 5498 1646 5553 annuntiaversnt
1687 5499 1782 5567 qui
1822 5511 1948 5551 cum
1999 5497 2119 5567 ipso

543 5604 699 5647 erant
747 5594 1048 5663 astrologi;
1090 5606 1263 5663 quare
1309 5597 1486 5644 morte
1540 5588 1695 5643 illum
1736 5590 1956 5644 afficere
2001 5598 2120 5644 stu-

544 5678 667 5736 duit
699 5700 714 5737 :
750 5689 895 5754 quod
927 5698 1051 5739 cum
1085 5681 1453 5740 Constantino
1500 5689 1689 5738 notum
1720 5681 1920 5737 factum
1951 5692 2117 5750 esset,

2208 4493 2516 4566 perfecero,
2566 4495 2622 4548 in
2678 4510 2906 4567 regnum
2952 4512 3132 4552 meum
3186 4511 3508 4553 reversurus
3556 4510 3701 4559 sum,
3730 4503 3795 4547 ut

2210 4596 2359 4658 post,
2406 4586 2749 4660 experientia
2805 4587 3061 4654 edoctus,
3091 4603 3187 4644 eos
3245 4587 3548 4659 aggrediar.
3584 4587 3797 4640 Carere

2208 4696 2342 4750 ergo
2390 4680 2571 4751 ipsum
2621 4680 2911 4751 jusserunt
2960 4680 3191 4734 comites
3240 4680 3439 4749 ipsius,
3481 4676 3612 4749 quid
3664 4677 3797 4731 inde

2210 4772 2317 4843 ipsi
2346 4784 2671 4829 eventurum
2711 4774 2966 4829 timerent
2995 4773 3327 4829 indicantes.
3384 4771 3481 4827 Ille
3508 4787 3639 4826 vero
3662 4785 3801 4825 con-

2212 4862 2528 4918 sulentibus
2557 4863 2692 4933 ipsis
2718 4865 3033 4919 auscultare
3062 4864 3258 4929 noluit,
3316 4864 3411 4920 sed
3455 4862 3804 4918 dissimulato

2215 4951 2409 5007 habitu
2462 4954 2738 5023 profectus
2790 4964 2875 5009 est
2905 4954 3078 5009 donec
3110 4957 3166 5010 in
3210 4957 3580 5011 Romanorum
3620 4955 3808 5022 regio-

2214 5058 2345 5098 nem
2377 5046 2743 5115 pervenisset,
2774 5047 2863 5101 ubi
2895 5048 2963 5102 ad
2995 5056 3210 5118 tempus
3243 5048 3471 5113 mansit,
3524 5048 3634 5103 huc
3667 5045 3807 5099 illuc

2214 5150 2562 5191 etrcumtens.

2287 5225 2540 5298 Dumque
2572 5229 2648 5283 ita
2683 5242 2742 5283 se
2775 5227 3024 5295 haberet,
3064 5242 3195 5284 ecce
3242 5227 3451 5282 audivit
3477 5226 3810 5280 Maximiani

2217 5317 2390 5372 filium
2442 5320 2762 5373 convivium
2825 5319 3140 5386 instruere;
3192 5333 3258 5375 ac
3300 5319 3539 5389 iussisse
3589 5324 3813 5388 patrem

2220 5411 2396 5480 ipsius
2431 5420 2489 5464 ut
2514 5410 2840 5467 accedentes
2872 5412 3157 5467 hominum
3204 5413 3371 5466 etiam
3404 5409 3581 5463 inﬁmi
3619 5406 3816 5463 convi-

2222 5504 2311 5556 vio
2340 5503 2484 5572 ejus,
2514 5511 2806 5574 postquam
2840 5504 3169 5560 comedendi
3203 5503 3367 5559 linem
3407 5502 3673 5558 fecissent
3704 5514 3815 5554 no-

2223 5594 2381 5660 biles,
2417 5596 2703 5652 adessent.
2738 5597 3029 5652 Profectus
3062 5607 3303 5667 estergo
3338 5596 3576 5666 Sopores
3612 5594 3819 5649 habitu

2223 5688 2462 5777 mendici
2512 5689 2755 5779 indutus,
2814 5702 2872 5747 ut
2926 5692 3089 5747 cretei
3144 5690 3271 5747 huic
3319 5691 3629 5747 interesset.
3667 5687 3822 5742 Dum
