4034 6214
387 306 520 370 1001

1826 319 2192 383 ANNALES.

3511 328 3646 390 1002

380 430 562 475 autem
614 421 727 490 ipse
764 437 963 476 mensae
996 426 1337 480 accumbere!
1360 468 1372 491 ,
1425 443 1552 482 ecce
1589 428 1956 484 Maximianus
1992 443 2028 492 Α
2062 434 2254 488 audito
2289 437 2527 507 linguam
2585 439 2830 508 ipsorum
2861 439 3131 494 intellexit
3164 441 3424 511 Sapores.
3482 435 3651 519 420

381 517 682 584 imperator
733 530 830 567 vas
872 515 1144 584 quoddam
1199 532 1228 571 e
1275 519 1423 573 vasis
1451 520 1699 588 Saporis,
1747 523 1839 575 cui
1885 523 1966 575 in-

380 610 595 676 sculpta
626 615 744 666 erat
777 609 952 678 ipsius
984 610 1162 680 imago
1184 653 1197 675 ,
1254 613 1514 680 protulit,
1548 617 1599 666 in
1633 629 1742 682 quo
1777 615 1968 668 biben-

339 689 508 754 zdum
562 700 882 768 imperatori
933 703 1284 772 prrebuerunt
1335 707 1480 760 servi
1533 706 1672 777 ejus,
1715 723 1814 762 nec
1860 723 1965 762 non

381 792 448 844 iis
477 791 569 858 qui
605 790 754 844 circa
791 791 969 860 ipsum
1019 803 1202 848 essent
1249 797 1588 863 proceribus,
1621 797 1799 852 donec
1847 812 1968 868 per-

380 883 487 934 lato
516 881 738 936 tandem
780 884 974 951 poculo
1003 885 1068 939 ad
1098 885 1391 954 quemdam
1427 903 1456 942 e
1502 890 1844 958 sapientibus
1886 891 1966 958 ip-

386 987 571 1025 sorum
602 973 692 1041 qui
725 982 777 1025 et
805 973 1112 1042 astrologia:
1139 984 1190 1028 et
1222 975 1723 1045 physiognomonim
1753 976 1966 1030 deditus

382 1065 505 1125 fuit,
560 1063 648 1116 ille
703 1064 944 1132 inspecta
997 1065 1250 1134 imagine,
1311 1082 1434 1119 cum
1493 1078 1547 1122 et
1594 1075 1752 1120 antea
1801 1065 1968 1138 416

378 1153 605 1222 Saporis
639 1153 691 1206 in
725 1167 988 1208 consessu
1014 1155 1255 1209 sedentis
1297 1157 1506 1210 vultum
1537 1158 1918 1228 conspexisset
1947 1175 1960 1210 :

382 1241 548 1296 Video
605 1242 831 1311 (inquit)
883 1244 1027 1296 inter
1077 1245 1494 1300 discumbentes
1526 1247 1820 1316 quemdam
1870 1248 1962 1317 qui

380 1335 668 1404 imaginem
694 1344 747 1388 et
783 1335 1010 1403 figuram
1046 1336 1206 1390 istam
1239 1340 1439 1407 poculo
1469 1339 1596 1394 huic
1629 1339 1961 1409 insculptam

383 1426 590 1492 refert;
633 1427 779 1492 quod
820 1427 866 1479 si
903 1427 1018 1497 ipse
1052 1427 1291 1498 Sapores
1341 1444 1450 1483 non
1501 1430 1594 1494 sil,
1658 1445 1764 1484 non
1797 1438 1882 1485 est
1910 1430 1964 1483 in

382 1530 528 1575 terra
564 1521 840 1589 quispiam
882 1521 986 1589 ipsi
1036 1521 1292 1579 similior.
1348 1522 1595 1591 Rogante
1629 1538 1763 1593 ergo
1797 1522 1963 1576 Maxi-

378 1612 560 1666 miano
587 1613 919 1680 imperatore
970 1613 1227 1682 quisnam
1263 1614 1356 1668 ille
1380 1624 1560 1680 esset;
1611 1615 1738 1669 ille:
1793 1615 1965 1670 Video

381 1702 604 1774 (inquit)
661 1701 716 1755 in
754 1703 857 1756 hoc
892 1704 1094 1770 poculo
1135 1703 1362 1774 Saporis
1414 1704 1738 1774 imaginem,
1794 1714 1963 1775 atque

2075 527 2244 582 Erant
2269 539 2449 584 autem
2485 531 2619 598 ipsis
2651 541 2802 588 utres
2834 533 2954 588 oleo
3001 535 3170 603 pleni.
3226 535 3432 592 Horum
3483 541 3650 610 igitur

2072 620 2288 674 cuidam
2322 633 2483 678 noctu
2510 625 2575 678 ad
2606 640 2664 679 se
2695 635 2888 680 vocato
2915 628 3052 679 dixit
3079 643 3091 678 :
3127 629 3200 680 Ex
3231 628 3316 683 his
3349 638 3522 684 utrem
3557 634 3625 687 ali

2072 730 2232 783 quem
2289 727 2571 786 acceptum
2623 719 2674 772 in
2735 737 2821 775 me
2879 720 3152 786 etfundas,
3190 723 3336 792 quod
3385 739 3508 780 cum
3557 725 3650 781 ille

2047 807 2277 862 fecerat
2304 809 2669 865 madefactum
2706 822 2788 867 est
2821 815 2998 868 lorum
3033 831 3141 884 quo
3173 817 3511 872 constrictus
3543 828 3647 876 est.

2073 899 2341 968 Egressus
2367 916 2520 969 ergo,
2582 904 2758 955 instar
2803 904 2992 959 bestiae
3030 906 3257 962 incessit
3282 908 3458 964 donec
3497 912 3648 966 urbis

2073 1000 2239 1055 porta:
2266 993 2492 1062 prepior
2513 993 2696 1048 laetus
2717 997 3072 1054 exclamaret.
3110 998 3650 1073 lnclamantibusque

2068 1081 2243 1146 ipsum
2281 1085 2607 1142 custodibus
2641 1103 2839 1143 nomen
2867 1105 3027 1145 suum
3057 1091 3320 1148 indicavit
3343 1133 3358 1157 ,
3391 1095 3484 1164 qui
3515 1110 3646 1150 voce

2067 1172 2186 1241 ejus
2214 1176 2422 1242 agnita,
2477 1188 2689 1247 portam
2722 1181 2872 1237 urbis
2904 1182 3009 1251 ipsi
3045 1193 3398 1253 aperuerunt.
3451 1185 3646 1252 Quam-

2069 1267 2304 1334 primum
2357 1279 2535 1324 autetn
2598 1274 2788 1328 urbem
2837 1275 3117 1346 ingressus
3160 1286 3268 1347 est,
3317 1294 3515 1349 magno
3570 1281 3646 1334 illi

2066 1359 2266 1427 gaudio
2295 1362 2501 1428 perfusi
2537 1379 2726 1419 vocem
2780 1369 3128 1425 sustttlerunt
3155 1371 3326 1426 Deum
3360 1371 3647 1427 laudantes

2067 1463 2132 1503 ac
2161 1452 2524 1510 celebrantes.
2599 1456 2918 1529 Experrecti
2967 1462 3139 1532 igitur
3171 1463 3486 1518 Maximiani
3511 1465 3648 1519 socii

2066 1544 2348 1611 suppetias
2409 1547 2546 1617 ipsis
2581 1563 2610 1603 a
2645 1554 3111 1621 tergo‘advenisse
3146 1558 3248 1610 rati
3292 1566 3440 1612 sunt.
3502 1556 3650 1613 Dixit

2067 1644 2244 1690 autem
2281 1638 2516 1708 Sapores
2547 1642 2654 1696 illis
2689 1649 2780 1714 qui
2811 1649 2863 1701 in
2901 1663 3026 1704 arce
3059 1658 3215 1704 erant
3246 1667 3259 1703 :
3300 1652 3496 1706 Parate
3528 1667 3647 1719 vos,

2068 1737 2270 1784 utcum
2304 1747 2584 1801 campana:
2609 1750 2804 1790 sonum
2825 1740 3106 1795 audieritis
3141 1744 3193 1794 in
3231 1741 3378 1810 ipsos
3405 1744 3648 1800 irritatis.

379 1797 469 1850 hic
500 1795 589 1849 ille
623 1803 708 1849 est
747 1811 760 1846 :
797 1794 1181 1865 prehensaque
1213 1796 1440 1864 Saporis
1471 1811 1636 1851 manu
1685 1799 1862 1868 ipsum
1898 1799 1961 1852 ad

2072 1821 2227 1886 Quod
2264 1839 2386 1878 cum
2420 1826 2704 1894 fecissent,
2733 1830 2791 1884 in
2812 1830 2991 1902 fugam
3024 1848 3209 1888 coram
3238 1836 3369 1904 ipsis
3399 1837 3649 1890 conversi

380 1900 561 1955 regem
599 1884 849 1949 adduxit,
905 1885 1002 1954 qui
1033 1885 1212 1954 ipsum
1249 1887 1503 1956 quisnam
1531 1896 1680 1942 esset
1709 1889 1962 1958 rogavit?

378 1975 467 2026 cui
519 1973 758 2043 Sapores
795 1991 810 2028 :
843 1973 974 2028 Sum
1028 1990 1130 2044 ego
1186 1991 1394 2044 pauper
1439 1977 1665 2047 quidam
1704 1995 1733 2033 e
1771 1979 1966 2036 Persiae

383 2067 598 2123 incolis.
633 2067 964 2136 Suspicatus
997 2083 1126 2122 vero
1166 2069 1533 2126 Maximianus
1565 2071 1696 2125 illud
1726 2073 1872 2140 quod
1914 2075 1964 2126 in

380 2163 502 2230 ipso
540 2161 1032 2226 animadverterat,
1080 2163 1371 2232 ipsumque
1411 2163 1557 2217 haud
1605 2180 1732 2218 vera
1782 2164 1966 2219 dicere

380 2255 715 2324 percipiens,
749 2256 1134 2311 vehementius
1163 2255 1342 2324 ipsum
1385 2255 1765 2325 interrogavit.
1815 2255 1957 2310 Dixit

380 2346 548 2416 igitur
594 2347 730 2416 ipsis
787 2347 1076 2417 Sapores:
1128 2347 1393 2413 Queniam
1437 2349 1578 2416 quod
1631 2362 1817 2402 verum
1885 2359 1966 2402 est

382 2439 567 2505 vultis,
597 2453 718 2492 sum
747 2453 846 2510 ego
883 2455 914 2493 e
945 2439 1145 2494 Persize
1177 2440 1432 2503 ducibus,
1462 2440 1620 2509 cujus
1651 2449 1806 2508 pater
1838 2455 1962 2494 cum

380 2532 433 2586 in
472 2547 652 2601 regem
687 2532 930 2600 graviter
952 2532 1298 2601 deliquisset,
1334 2532 1426 2598 ille
1460 2532 1638 2601 ipsum
1669 2532 1962 2598 interfecit,

380 2625 577 2694 Opibus
608 2624 782 2693 ipsius
815 2624 1032 2677 ablatis.
1090 2623 1200 2694 Ego
1250 2637 1402 2692 ergo,
1455 2624 1588 2676 mihi
1615 2634 1865 2679 metuens
1895 2626 1961 2678 ad

380 2725 478 2765 vos
511 2726 595 2765 me
621 2712 854 2777 contuli,
893 2728 1123 2781 sperans
1153 2729 1240 2767 me
1271 2713 1326 2766 in
1363 2714 1582 2782 regione
1614 2723 1786 2767 vestra
1809 2731 1967 2768 secn-

381 2819 498 2855 rum
531 2803 667 2856 fore.
691 2803 772 2856 Ad
811 2806 1128 2872 pauperiem
1154 2814 1336 2858 autem
1368 2805 1651 2868 redactus,
1687 2817 1736 2860 et
1770 2821 1961 2862 neces-

379 2899 538 2950 sitate
593 2896 886 2965 impulsus,
944 2898 1053 2952 huc
1102 2899 1222 2953 veni
1279 2913 1389 2967 prae
1439 2915 1503 2952 ea
1558 2913 1667 2969 qua
1731 2901 1964 2970 urgebar

380 2989 546 3055 fame,
609 2989 908 3058 indigentia
959 3005 1023 3045 ac
1072 2998 1422 3060 paupertate.
1468 2988 1676 3044 Miserti
1723 3007 1856 3060 ergo
1883 2994 1963 3061 ip-

377 3078 520 3144 sius,
572 3095 699 3133 vera
740 3080 920 3150 ipsum
978 3080 1180 3135 dixisse
1231 3081 1358 3145 rati,
1386 3095 1513 3135 eum
1577 3081 1856 3138 dimittere
1909 3086 1960 3136 in

377 3172 562 3226 animo
605 3172 936 3226 habuerunt.
991 3172 1175 3226 Vetuit
1227 3185 1408 3226 autem
1467 3173 1590 3226 illos
1617 3173 1812 3230 doctus
1846 3175 1956 3241 ille,

381 3265 573 3318 dicens
601 3279 615 3316 :
652 3264 854 3320 Sciatis
885 3266 1028 3319 hunc
1053 3269 1346 3334 ipsummct
1378 3265 1639 3332 Saporem
1662 3281 1783 3321 esse
1825 3285 1838 3321 :
1876 3283 1963 3324 ve-

391 3357 697 3410 hementius
756 3371 888 3423 ergo
951 3357 1051 3427 ipsi
1110 3359 1314 3411 instate
1381 3357 1558 3411 donec
1614 3373 1811 3411 verum
1883 3362 1952 3415 de

378 3461 439 3501 se
499 3448 654 3502 vobis
716 3448 940 3502 indicet.
999 3448 1312 3504 lmtniuebat
1829 3467 1960 3522 ergo

388 3541 488 3608 ipsi
521 3539 888 3596 Maximianus
921 3542 1238 3611 imperator,
1279 3546 1482 3600 caedem
1520 3549 1763 3603 minatus
1796 3555 1960 3618 atque

385 3632 488 3685 hac
534 3632 708 3686 solum
761 3631 1077 3688 conditione
1139 3635 1495 3690 securitatem
1549 3638 1850 3706 pollicitus,
1911 3640 1956 3692 si

381 3738 528 3787 vere,
558 3726 683 3794 quis
715 3735 884 3791 esset,
927 3725 1219 3780 indicaret.
1265 3726 1412 3780 Dixit
1452 3728 1689 3798 Sapores
1719 3747 1734 3784 :
1765 3730 1956 3784 Mirum

379 3824 463 3872 est
485 3816 634 3886 quod
668 3816 872 3886 putetis
898 3814 1162 3886 Saporem
1207 3819 1448 3888 inopiam
1485 3829 1540 3875 et
1574 3831 1956 3891 paupertatem

384 3912 437 3963 in
489 3910 712 3980 regione
759 3916 945 3964 vestra
1002 3910 1332 3978 electurum,
1365 3913 1549 3983 potius
1596 3929 1760 3984 quam
1798 3923 1854 3968 ut
1902 3916 1958 3970 in

385 4016 552 4072 regno
579 4017 681 4057 suo
719 4001 1073 4058 subsisteret.
1107 4001 1190 4058 Illi
1218 4019 1349 4060 vero
1382 4006 1490 4061 hoc
1529 4007 1596 4062 ab
1635 4021 1702 4061 eo
1730 4021 1956 4076 respon-

382 4111 501 4149 sum
553 4111 661 4150 non
716 4107 1070 4165 acceperunt,
1135 4097 1310 4153 donec
1355 4114 1412 4153 se
1464 4115 1654 4156 revera
1694 4100 1954 4172 Saporem

380 4204 505 4243 esse
543 4189 837 4245 confessus
868 4202 1040 4245 esset.
1076 4188 1242 4246 .lussu
1274 4207 1404 4262 ergo
1432 4191 1752 4247 Maximiani
1788 4195 1958 4263 impe-

384 4282 581 4335 ratoris
634 4265 811 4336 vaccae
862 4282 1052 4352 ﬁgura:
1091 4297 1239 4337 cava:
1274 4299 1312 4338 'e
1349 4285 1517 4340 coriis
1568 4285 1782 4340 bovinis
1830 4301 1956 4341 con-

385 4375 556 4438 fectae,
614 4375 907 4444 impositus
953 4384 1070 4436 est,
1105 4390 1213 4444 qua
1262 4376 1459 4432 deinde
1488 4377 1705 4432 occlusa
1759 4377 1954 4448 vigiles

383 4466 481 4536 ipsi
515 4473 565 4519 et
593 4467 848 4520 custodes
877 4467 1138 4535 prwl'erit.

453 4559 589 4613 Tum
644 4557 845 4615 Persia:
909 4561 1183 4630 regionem
1229 4575 1516 4630 aggressus
1572 4561 1956 4625 Maximianus.

384 4665 582 4721 magna
617 4652 793 4705 tribus
842 4653 1085 4722 ipsorum
1133 4659 1339 4721 strage,
1394 4655 1559 4708 urbes
1591 4655 1748 4710 ruina
1779 4665 1962 4710 vasta-

381 4746 454 4798 vit
490 4762 504 4799 :
538 4760 636 4799 nec
669 4759 774 4797 non
802 4745 1026 4799 arbores
1049 4744 1373 4815 palmasque
1396 4747 1723 4816 amputavit,
1753 4747 1961 4818 Sapore

382 4839 598 4893 interim
631 4838 808 4907 ipstnn
840 4851 1169 4907 quocunque
1195 4839 1297 4892 iret
1325 4841 1642 4895 comitante.
1669 4839 1853 4910 Neque
1886 4843 1958 4895 ita

381 4941 441 4981 se
481 4925 682 4980 habere
706 4923 869 4979 desiit
896 4923 1073 4979 donec
1107 4925 1173 4979 ad
1201 4925 1578 4981 Jondi-Sabur
1600 4929 1958 4996 pervenisset,

382 5021 435 5073 in
469 5035 574 5090 qua
605 5019 919 5074 munierant
946 5035 1006 5076 se
1032 5019 1327 5074 Persarum
1365 5021 1655 5090 primores,
1710 5020 1872 5090 cujus
1906 5031 1959 5075 et

379 5112 670 5168 dimidium
705 5112 980 5167 machinis
1032 5113 1086 5167 in
1121 5128 1244 5168 eam
1283 5112 1509 5168 directis
1552 5113 1821 5181 deiecerat
1852 5113 1956 5168 nisi

379 5204 525 5274 quod
555 5205 730 5274 ipsam
769 5205 978 5274 ingredi
1031 5221 1139 5259 non
1186 5217 1386 5276 posset.
1444 5205 1625 5261 Rebus
1670 5215 1850 5262 autem
1886 5209 1957 5261 ita

381 5311 440 5352 se
473 5297 802 5352 habentibus
835 5307 996 5352 nocte
1040 5299 1274 5367 quadam
1310 5296 1566 5352 custodes
1609 5296 1818 5366 Sapore
1851 5313 1946 5352 ne-

379 5388 670 5459 gligentius
702 5388 887 5442 habito
922 5397 1166 5459 portam,
1202 5403 1295 5457 per
1327 5403 1487 5456 quam
1524 5386 1578 5440 in
1609 5387 1836 5455 figuram
1869 5388 1954 5441 in-

374 5481 469 5552 jicl
517 5482 735 5537 solebat
765 5481 948 5543 cibus,
1004 5493 1127 5534 non.
1153 5479 1568 5534 obseraverant.
1612 5477 1740 5532 Erat
1771 5487 1955 5534 autem

380 5587 487 5627 nox
539 5570 837 5636 Oshanan,
898 5573 1074 5644 (juxta
1105 5570 1255 5626 aliud
1299 5569 1597 5639 exemplar,
1663 5585 1767 5624 nox
1797 5569 1956 5639 festa)

287 5711 298 5719 .
381 5664 715 5734 fueruntque
768 5663 918 5720 circa
975 5667 1153 5735 ipsum
1187 5677 1253 5717 ex
1302 5662 1500 5718 incolis
1546 5663 1771 5727 Abvazi,
1819 5679 1956 5734 quos

381 5756 618 5817 Romani
649 5757 894 5827 captivos
923 5765 1202 5826 ceperant,
1238 5755 1418 5822 multi,
1445 5771 1677 5828 quorum
1701 5771 1954 5814 sermone
1985 5811 2028 5837 α

703 5853 975 5916 Parnm“
1023 5855 1139 5916 Gn.
1187 5852 1351 5916 CXI.

2072 1923 2199 1968 sunt
2228 1915 2462 1972 Romani
2492 1935 2508 1972 :
2537 1936 2675 1990 quos
2707 1923 2887 1993 gladio
2917 1926 3170 1992 insecuti,
3208 1941 3461 1996 magnam
3499 1927 3651 1997 ipso-

2073 2024 2189 2061 rum
2226 2019 2464 2080 stragem
2508 2014 2836 2083 ediderunt,
2888 2019 3120 2090 direptis
3159 2038 3279 2091 qua:
3326 2022 3461 2090 ipsis
3493 2031 3652 2077 erant

2072 2103 2267 2168 opibus
2309 2112 2362 2158 et
2411 2107 2706 2165 thesauris.
2755 2110 2961 2166 Deinde
3005 2112 3244 2183 Sapores
3274 2113 3646 2170 Romanorum

2072 2195 2348 2262 regionem
2408 2198 2691 2269 ingressus
2732 2217 2985 2272 magnam
3015 2219 3205 2260 eorum
3247 2216 3485 2278 stragem
3540 2208 3654 2263 edi-

2069 2287 2166 2349 dit,
2205 2289 2512 2360 multasque
2548 2296 2777 2349 vastavit
2811 2298 2994 2364 urbes,
3044 2299 3235 2354 multis
3267 2301 3393 2354 inde
3418 2301 3651 2372 captivis

2069 2380 2343 2435 abductis.
2385 2383 2643 2439 Grassata
2693 2396 2780 2442 est
2821 2397 3004 2444 autem
3051 2392 3104 2444 in
3142 2393 3518 2448 Romanorum
3567 2411 3654 2449 re-

2068 2474 2228 2540 gione
2279 2475 2451 2530 fames
2500 2479 2704 2547 gravis,
2756 2483 3036 2552 pestisque
3085 2494 3137 2538 et
3186 2485 3366 2556 plaga,
3402 2487 3540 2541 adeo
3591 2497 3650 2542 ut

2071 2575 2317 2621 mortuos
2363 2584 2472 2638 prae
2515 2572 2866 2628 multitudine
2904 2577 3142 2644 ipsorum
3177 2581 3411 2648 sepelire
3453 2582 3649 2650 nequi-

2069 2669 2210 2713 rent.
2269 2661 2459 2731 ltaque
2509 2664 2650 2719 bello
2687 2664 2935 2737 Saporis,
2988 2671 3127 2723 fame
3163 2711 3176 2736 ,
3226 2673 3535 2740 pestilentia
3593 2685 3694 2729 et~

2069 2762 2243 2808 morte
2290 2769 2320 2808 a
2367 2757 2694 2813 Christianis
2754 2760 3147 2819 interficiendis
3221 2767 3425 2822 detenti
3499 2775 3648 2824 Sunt.

2066 2842 2238 2900 Porro
2268 2845 2598 2916 Maxentius,
2632 2849 3006 2908 Romanorum
3036 2857 3394 2931 5.21-5.23
3420 2861 3650 2931 impera-

2070 2947 2174 3004 tor,
2212 2941 2469 2996 omnibus
2523 2944 2615 3012 qui
2665 2954 2792 3000 ante
2833 2947 3011 3016 ipsum
3051 2951 3454 3020 imperaverant
3496 2955 3649 3026 pejor

2069 3028 2194 3096 fuit,
2231 3047 2422 3088 omnes
2453 3035 2548 3103 qui
2598 3035 2783 3091 [ternae
2816 3051 2995 3108 erant,
3066 3047 3342 3116 przecipuc
3377 3047 3648 3103 Christia-

1992 3157 2034 3212 C
2069 3139 2169 3177 nos
2202 3163 2217 3186 ,
2267 3127 2319 3178 in
2377 3129 2702 3183 servitutem
2735 3133 3010 3204 redigens,
3056 3139 3252 3204 Opibus
3289 3141 3534 3210 ipsorum
3568 3145 3650 3200 di-

2069 3217 2261 3285 reptis,
2295 3219 2614 3276 mulieribus
2643 3234 2697 3278 et
2727 3229 2912 3294 pueris
2946 3229 3274 3288 interfectis.

2140 3308 2273 3362 Cum
2303 3326 2430 3379 ergo
2459 3314 2708 3369 audirent
2732 3315 2914 3374 Romae
2947 3321 3157 3388 incolae,
3199 3323 3465 3394 imperare
3497 3328 3644 3384 Con-

2065 3408 2386 3475 stantinum,
2419 3409 2705 3482 ipsumque
2739 3414 2865 3468 mali
2909 3431 3147 3485 osorem,
3191 3420 3318 3475 boni
3366 3433 3640 3480 amantem

2062 3517 2205 3566 esse,
2243 3509 2405 3572 atque
2439 3503 2668 3573 imperio
2695 3505 2866 3575 ipsius
2892 3509 3138 3566 subditos
3160 3514 3555 3584 tranquillitate
3581 3532 3646 3570 ac

2063 3608 2195 3663 pace
2231 3596 2334 3650 sub
2374 3597 2491 3666 ipso
2525 3599 2654 3661 frui.
2701 3599 2911 3656 litteras
2958 3604 3026 3658 ad
3079 3605 3256 3674 ipsum
3309 3609 3649 3679 seripserunt

2061 3703 2252 3741 eorum
2285 3691 2574 3759 primores,
2609 3694 2812 3762 quibus
2839 3696 3012 3766 ipsum
3059 3711 3322 3770 rogarunt
3366 3717 3430 3756 ac
3467 3705 3645 3774 petic-

2063 3788 2210 3842 runt,
2262 3791 2319 3833 ut
2350 3783 2549 3850 ipsosa
2585 3785 2839 3843 Maxentii
2871 3790 3133 3848 servitute
3166 3793 3438 3850 liberaret.
3466 3796 3648 3852 Lectis

2062 3871 2150 3924 ille
2185 3873 2423 3940 ipsorum
2458 3877 2653 3932 litteris
2681 3895 2874 3950 magna
2910 3899 3032 3937 cum
3067 3884 3373 3944 aﬂiceretur
3396 3890 3643 3958 tristitia,

2061 3964 2259 4020 dubius
2301 3967 2476 4033 haesit,
2498 3970 2629 4038 quid
2660 3969 2866 4027 faceret
2887 3974 3130 4031 nescius.
3157 3975 3294 4033 Dum
3323 3989 3502 4036 autem
3527 3982 3643 4037 hzec

2061 4059 2242 4112 animo
2267 4060 2526 4126 volveret,
2552 4078 2679 4119 ecce
2704 4068 2956 4136 apparuit
2980 4067 3054 4122 illi
3085 4069 3205 4139 ipso
3233 4075 3478 4142 meridie,
3507 4094 3642 4133 crux

2059 4170 2088 4204 e
2105 4151 2276 4207 stellis
2300 4151 2531 4222 fulgens,
2548 4156 2694 4211 circa
2724 4173 2886 4228 quant
2909 4160 3170 4232 scriptum
3193 4173 3334 4232 erat,
3362 4167 3473 4223 Hoc
3494 4171 3643 4240 signo

2060 4246 2249 4301 riuces.
2300 4245 2568 4317 Egressus
2608 4267 2738 4322 ergo
2773 4254 2938 4310 sociis
2964 4256 3080 4310 suis
3105 4258 3243 4313 dixit
3275 4279 3288 4316 :
3343 4260 3644 4320 Vidistisne

2057 4338 2199 4408 quod
2230 4355 2328 4409 ego
2354 4341 2490 4396 vidi?
2517 4351 2915 4414 responderunt
2945 4350 3018 4403 illi
3047 4366 3061 4406 :
3092 4349 3284 4408 Etiam.
3317 4354 3395 4410 Ex
3419 4371 3484 4413 eo
3512 4374 3644 4430 ergo

2060 4440 2302 4502 tempore
2367 4434 2682 4504 religionem
2750 4439 3105 4512 christianam
3181 4449 3466 4517 amplexus
3537 4462 3638 4509 est.

2068 4523 2303 4597 Fuitque
2336 4528 2462 4594 hoc,
2488 4544 2634 4585 anno
2665 4533 2732 4588 ab
2753 4535 2904 4590 obitu
2931 4537 3104 4606 patris
3130 4538 3303 4610 ipsius
3324 4543 3641 4602 Constantis

2066 4630 2240 4677 sexto.
2265 4621 2663 4682 Constantinus
2687 4643 2817 4699 ergo
2841 4630 3138 4687 instructus
3163 4635 3338 4704 copiis
3357 4639 3641 4696 munibus-

2064 4729 2170 4784 que
2200 4716 2268 4769 ad
2323 4714 2655 4773 Maxentium
2696 4719 3072 4778 Romanorum
3113 4727 3501 4798 imperatorem
3545 4748 3663 4804 09-.

2068 4808 2413 4880 pugnandum
2445 4813 2673 4880 paratis,
2707 4828 2927 4869 crucem
2956 4832 3202 4888 magnam
3243 4825 3503 4891 confecit,
3535 4843 3640 4896 qua

2065 4904 2260 4960 vexillo
2287 4904 2713 4976 superimpOsita
2733 4911 3012 4979 profectus
3052 4919 3137 4968 est
3175 4913 3508 4973 Maxentium
3543 4934 3639 4989 ag-

2065 5011 2380 5065 gressurus.
2423 4995 2729 5055 Maxentius
2762 5016 2892 5057 vero
2913 5003 3101 5060 audito
3124 5007 3542 5067 Constantinum
3574 5014 3640 5066 ad

2065 5089 2264 5144 bellum
2297 5091 2398 5161 ipsi
2442 5092 2785 5149 inferendum
2819 5099 3104 5166 accedere,
3129 5117 3188 5158 se
3215 5113 3270 5158 et
3309 5105 3428 5175 ipse
3479 5117 3642 5174 para-

2062 5185 2160 5248 vit,
2189 5183 2465 5257 ﬂuvioque
2481 5189 2573 5259 qui
2595 5188 2782 5248 Romae
2802 5193 3020 5266 adjacet
3043 5203 3206 5265 ponte
3236 5203 3434 5262 strato,
3455 5199 3644 5268 copias

2063 5296 2193 5338 suas
2217 5296 2409 5341 omnes
2442 5285 2698 5354 edocens,
2726 5302 2852 5344 cum
2876 5291 3240 5347 Constantino
3267 5291 3432 5364 m
3454 5295 3644 5364 praelio

2063 5375 2362 5431 contendit.
2393 5376 2753 5433 Constantino
2795 5388 2975 5435 autem
3016 5381 3242 5434 victoria
3278 5382 3471 5451 potito,
3522 5400 3642 5440 ωα-

2063 5480 2276 5534 gnaque
2304 5467 2575 5524 sociorum
2622 5467 2882 5524 Maxentii
2929 5479 3110 5538 strage
3150 5469 3317 5538 edita,
3363 5470 3502 5542 fugit
3554 5475 3646 5530 ille

2062 5569 2185 5610 cum
2208 5558 2417 5626 exiguis
2440 5575 2631 5616 eorum
2660 5562 2905 5632 reliquiis
2935 5563 3004 5617 ad
3047 5560 3245 5617 Urbem
3277 5565 3642 5622 contendens.

2065 5653 2212 5708 Eliso
2237 5668 2364 5708 vero
2399 5654 2501 5709 sub
2525 5655 2660 5723 ipsis
2689 5664 2872 5725 ponte,
2917 5658 3240 5714 submersus
3262 5667 3351 5716 est
3377 5673 3502 5724 enin
3525 5669 3642 5717 suis

2065 5748 2391 5815 Maxentius,
2417 5748 2553 5805 adeo
2595 5759 2653 5804 ut
2687 5763 2797 5820 qua
2827 5751 3024 5807 mersis
3049 5766 3155 5821 qua
3179 5753 3338 5811 caesis
3387 5754 3656 5824 implere:

3128 5847 3204 5908 32
