4034 6214
473 327 606 388 1003
1482 329 1854 388 EUTYCllll
1891 325 2431 386 ALEXANDRINI
2479 326 2697 384 PA'l‘ll.
3581 322 3724 388 100i

468 443 554 486 tur
579 433 797 488 ﬂuvius.
830 434 1047 504 Egressi
1082 452 1212 508 ergo
1248 437 1476 492 Romani
1521 452 1645 491 cum
1687 437 1909 492 coronis
1951 451 2046 488 an-
2078 445 2118 500 Α
2154 440 2336 494 exutis
2396 439 2642 495 vestibus
2713 438 2764 492 in
2804 439 2980 491 lacum
3027 451 3086 491 se
3120 435 3416 506 projiciens
3472 437 3523 490 in
3561 435 3727 491 Chri-

467 528 594 588 reis,
638 526 980 598 diversisque
1027 529 1358 584 ludicrorum
1417 543 1470 585 et
1514 533 1665 586 lusus
1715 529 2044 601 generibus.
2157 542 2304 587 stunt
2347 532 2602 594 credidit,
2635 533 2904 600 istatnqtte
2948 545 2979 585 e
3023 531 3143 587 lure
3179 545 3438 588 coronam
3488 531 3724 601 accepit.

464 619 828 676 Constantino
851 632 1232 687 occurrerunt,
1273 637 1467 692 magna
1500 623 1570 677 ob
1620 622 1793 691 ipsius
1837 620 2042 674 advrn-
2155 623 2290 677 Tum
2318 641 2348 677 e
2378 624 2588 694 piscina
2621 632 2898 679 extractos
2923 617 3050 679 dum
3085 624 3329 692 plaustro
3351 625 3729 692 asportandos

469 714 596 764 tum”
625 713 806 768 laetitia
857 713 1052 767 allecti.
1084 713 1175 768 lllc
1204 713 1291 768 ubi
1335 714 1524 768 urbem
1557 713 1834 781 ingressus
1876 721 2044 776 esset,
2152 716 2788 786 imponerent,repertus
2810 727 2890 771 est
2914 717 3056 770 inter
3083 717 3232 786 ipsos
3259 716 3475 785 juvenis
3500 717 3724 783 quidam

469 814 768 875 martyrum
806 805 1234 860 Christianorum
1293 805 1553 875 crncique
1582 804 1885 867 aﬂixorum.
1921 819 2046 858 001⁸-
2153 808 2396 863 nondum
2457 817 2730 873 nicttuns,
2797 824 2957 879 quem
3019 807 3141 863 ideo
3198 813 3473 870 relictum,
3531 819 3725 862 astans

467 912 593 967 pora
632 896 844 966 sepeliri
867 897 1054 967 jussit.
1086 895 1234 966 lique
1256 899 1348 966 qui
1375 897 1499 968 fuga
1547 913 1607 952 se
1647 895 2043 957 subduxerant,
2154 911 2324 954 mater
2356 900 2530 969 ipsius
2583 901 2808 956 sustulit
2860 907 2917 955 ut
2970 899 3024 953 in
3083 899 3390 969 plaustrum
3432 914 3538 953 una
3593 915 3721 953 cum

465 1001 519 1044 et
542 1005 681 1059 quos
710 988 964 1044 exsulare
996 989 1238 1059 iusserat
1279 989 1612 1052 Maxentius,
1639 989 1690 1042 itt
1724 988 1954 1058 patriam
1987 995 2041 1040 et
2153 993 2386 1046 mortuis
2418 991 2745 1062 conjiceret,
2779 993 2924 1062 quod
2978 1008 3106 1047 cum
3154 1007 3271 1048 eam
3319 991 3499 1045 facere
3539 990 3722 1060 prohi-

465 1086 641 1140 locum
670 1098 827 1137 suum
864 1083 1064 1136 reversi
1101 1090 1247 1138 sunt.
1273 1081 1428 1148 Quod
1453 1083 1496 1136 si
1520 1079 1607 1135 cui
1633 1079 1761 1149 quid
1791 1087 2037 1148 ereptum
2125 1084 2359 1148 'berent,
2397 1083 2526 1154 quia
2569 1085 2751 1138 adhuc
2784 1085 3012 1149 viveret,
3050 1085 3142 1138 ille
3174 1085 3226 1137 in
3257 1082 3502 1136 humeris
3544 1081 3722 1151 ipsius

463 1179 678 1243 fuisset,
724 1175 852 1231 illud
891 1176 994 1246 ipsi
1031 1175 1294 1232 restituit.
1333 1175 1550 1244 Septem
1596 1188 1727 1242 ergo
1755 1172 1946 1228 diebus
1986 1173 2064 1226 in’
2152 1184 2409 1231 mortuus
2439 1188 2546 1231 est.
2585 1175 2766 1242 Quare
2813 1186 2866 1231 et
2899 1177 3072 1246 ipsum
3106 1175 3162 1230 in
3197 1176 3502 1246 plaustrum
3531 1170 3722 1240 injecit

461 1269 607 1340 regis
632 1276 685 1321 et
706 1265 894 1322 crucis
918 1265 1179 1320 honorem
1222 1263 1419 1318 festum
1459 1262 1832 1325 celebrarunt,
1872 1262 2038 1319 etlen-
2151 1282 2257 1321 una
2286 1283 2410 1322 cum
2451 1268 2809 1337 martyribus,
2843 1283 2985 1337 quos
3013 1278 3165 1321 extra
3221 1265 3411 1320 urbem
3453 1263 3718 1317 Sebasten

461 1368 566 1424 tes,
592 1359 845 1414 bibentes
874 1366 928 1412 et
970 1357 1153 1411 laetitia
1199 1355 1430 1425 perfusi.
1485 1354 1613 1409 Haec
1645 1369 1767 1408 cum
1797 1353 2040 1408 audisset
2147 1357 2381 1412 eductos
2409 1364 2860 1412 concremarunt.
2889 1356 3026 1411 Cum
3061 1365 3242 1410 autem
3291 1355 3407 1408 haec
3454 1351 3720 1406 audlissct

463 1453 814 1518 Maximinus,
865 1450 1116 1506 Galetius
1168 1449 1518 1518 appellatus,.
1562 1463 1756 1517 magna
1814 1445 1903 1499 ille
1959 1447 2036 1500 ira
2146 1445 2894 1518 Constantinus,litterisque
2925 1447 3026 1516 ipsi
3053 1446 3178 1500 facti
3211 1445 3294 1500 sui
3320 1442 3715 1513 turpitudinem

459 1554 796 1603 exaestuans,
843 1541 1087 1595 collectis
1118 1541 1291 1608 copiis
1335 1539 1451 1593 suis
1481 1538 1756 1608 profectus
1784 1545 1868 1591 est
1896 1534 2041 1590 Con-
2145 1539 2560 1608 exprobrasset,
2615 1556 2795 1610 neque
2848 1540 2939 1596 ille
2988 1547 3174 1592 tamen
3222 1536 3534 1599 desineret,
3580 1533 3716 1603 quin

460 1636 765 1690 stantinutn
797 1631 937 1685 bello
959 1645 1342 1700 aggressurus.
1369 1628 1487 1694 Quo
1517 1627 1700 1681 audito
1726 1626 2037 1680 Constanti-
2145 1629 2500 1704 529-431
2535 1633 2717 1701 ροιίιιε
2745 1631 2990 1686 conectas
3021 1629 3198 1698 copiis
3229 1628 3296 1682 ad
3329 1628 3530 1683 bellum
3567 1625 3719 1680 σου-

463 1742 562 1780 nus
601 1725 764 1778 ctiant
807 1722 1092 1776 instructis
1135 1721 1314 1790 copiis
1352 1722 1626 1788 rebusque
1664 1719 1889 1788 paratis,
1936 1720 2036 1788 ipsi
2073 1779 2110 1792 h
2146 1723 2395 1777 stantino
2442 1723 2789 1778 inferendum
2857 1721 3321 1792 proﬁcisceretur,
3376 1718 3523 1774 misit
3569 1715 3716 1779 Con-

459 1818 672 1873 obviani
713 1816 830 1870 ivit.
886 1813 1165 1869 Maximini
1205 1821 1384 1867 autem
1437 1813 1686 1878 comites,
1721 1813 1836 1865 visa
1871 1828 2036 1880 super
2071 1779 2110 1838 Β
2141 1816 2419 1869 stantinus
2479 1817 2780 1870 exercitum
2835 1815 2930 1885 qui
2988 1830 3112 1870 eum
3167 1815 3289 1884 ipso
3353 1813 3410 1868 in
3458 1812 3714 1882 Bithynia

467 1913 664 1966 vexillo
695 1927 880 1978 eruer,
925 1913 977 1966 in
1005 1912 1183 1984 fugant
1209 1929 1393 1968 coram
1437 1912 1559 1983 ipso
1587 1913 1835 1968 conversi
1882 1919 2029 1972 sunt,
2145 1908 2332 1976 pra'lio
2364 1908 2631 1972 conﬂixit,
2664 1923 2692 1962 a
2719 1923 2828 1977 quo
2869 1922 2992 1962 cum
3054 1905 3374 1977 profligatus
3419 1912 3588 1967 esset,
3622 1918 3718 1957 ca-

457 2019 597 2072 qnos
644 2002 826 2071 gladio
871 2004 1151 2057 insecutus
1196 2018 1449 2072 magnam
1507 2003 1750 2072 ipsorum
1794 2011 2030 2066 stragem
2144 2011 2267 2068 ptns
2293 2000 2462 2054 etiant
2499 2008 2584 2054 est
2617 2009 2673 2052 et
2707 2000 2772 2053 ad
2809 1998 3230 2075 Constantinum
3263 1997 3581 2066 perductus,
3617 1995 3717 2064 qui

457 2095 648 2158 edidit,
678 2095 801 2149 aliis
825 2095 984 2148 etiam
1018 2095 1246 2164 captivis
1287 2095 1467 2158 factis,
1503 2095 1626 2148 aliis
1655 2094 1825 2161 ipsius
1872 2092 2028 2146 fidem
2143 2093 2322 2162 ipsum
2384 2091 2438 2145 in
2491 2095 2682 2146 urbem
2743 2090 3194 2147 Thessalonicam
3246 2086 3508 2157 relegavit
3557 2102 3572 2140 :
3625 2086 3719 2139 cui

459 2186 1460 2258 itnploratttibus,adeoutMaximinus
1476 2187 2031 2256 nudusfugiensmon
2145 2187 2437 2257 praefectus
2466 2202 2587 2242 cum
2625 2195 2942 2251 conaretur,
2973 2187 3150 2255 copiis
3194 2199 3224 2240 e
3252 2182 3720 2238 Thessalonicen-

459 2277 1072 2352 cessau't525-527
1108 2296 1136 2334 ιι
1162 2281 1280 2334 loco
1313 2280 1376 2334 ad
1412 2280 1589 2333 locum
1621 2295 1679 2333 se
1708 2279 2036 2342 subducere,
2143 2275 2296 2328 sibus
2320 2275 2591 2338 collectis,
2645 2274 3068 2330 Constantinum
3107 2275 3302 2329 iterum
3344 2273 3488 2328 bello
3537 2272 3716 2324 laces-

457 2368 631 2423 donec
661 2368 723 2422 ad
759 2370 945 2423 urbem
974 2384 1128 2424 suam
1160 2369 1488 2439 perveniret,
1517 2370 1606 2424 tibi
1649 2369 1872 2424 deorum
1907 2385 2033 2423 stto-
2143 2382 2284 2429 sere,
2319 2367 2471 2421 misit
2527 2368 2645 2437 ipse
2671 2371 2763 2438 qui
2817 2375 2984 2438 caput
3032 2367 3110 2422 illi
3168 2373 3500 2437 amputaret.
3553 2364 3720 2418 Chii-

461 2474 578 2512 rum
625 2461 996 2524 saetititulos,
1055 2461 1586 2530 praestigiatoresque
1625 2468 1677 2514 et
1715 2460 1936 2524 sciolos,
1979 2463 2033 2514 in
2145 2459 2494 2512 stianismutn
2525 2467 2705 2512 autem
2765 2459 3054 2528 amplexus
3101 2469 3185 2514 est
3229 2456 3625 2520 Canstantiuus
3663 2459 3719 2508 in

458 2565 595 2619 quos
624 2563 810 2603 amore
833 2565 1152 2619 propensus,
1176 2561 1231 2604 et
1257 2549 1503 2620 aquibus
1525 2551 1813 2606 consilium
1843 2567 2039 2621 capere
2147 2549 2282 2602 urbe
2307 2551 2452 2602 dicta
2484 2547 2826 2616 Nicomedia,
2858 2551 3022 2620 idque
3051 2566 3196 2604 anno
3221 2550 3435 2619 imperii
3467 2549 3552 2602 sui
3577 2547 3721 2599 duo-

461 2641 878 2707 solitusluerat,
905 2650 1264 2713 congregatos
1291 2643 1470 2712 capite
1492 2645 1873 2707 truncavit,ne
1896 2643 1941 2697 si
1980 2643 2032 2696 in
2146 2640 2362 2694 decimo
2399 2656 2413 2694 :
2449 2640 2728 2710 jussitque
2756 2641 2811 2695 in
2859 2641 3120 2696 omnibus
3156 2640 3474 2710 regionibus
3501 2637 3716 2692 exstrui

386 2713 398 2724 ’
463 2747 657 2784 manus
681 2731 1022 2786 Constantini
1051 2731 1353 2786 inciderent
1378 2732 1593 2784 illorum
1628 2746 1730 2801 ope
1767 2739 2032 2786 uteretur.
2144 2731 2435 2797 ecclesias,
2495 2734 2734 2802 erogatis
2790 2748 2820 2787 e
2880 2733 3228 2804 vectigalium
3291 2747 3516 2787 suorum
3583 2730 3720 2784 fisco

533 2821 674 2878 Deus
701 2835 884 2878 autent
911 2825 1237 2878 Maximiano
1271 2824 1448 2893 ignem
1491 2822 1544 2876 in
1579 2834 1820 2879 ventrem
1850 2822 2032 2876 itnnii-
2146 2826 2386 2879 nummis
2421 2824 2491 2878 ad
2523 2825 2884 2880 ecclesiarum
2921 2840 3053 2880 vasa
3096 2823 3456 2880 conficienda.

460 2917 556 2981 sit,
591 2917 833 2986 quicum
901 2916 1035 2970 adeo
1073 2915 1292 2981 torruit,
1341 2927 1399 2970 ut
1460 2928 1846 2986 rumperentttr
1904 2915 2032 2985 ipsi,
2218 2915 2396 2972 Primo
2431 2917 2643 2988 imperii
2676 2917 2854 2988 ipsius
2882 2931 3026 2972 anno
3055 2918 3398 2972 consututus
3448 2910 3718 2967 Eusebius

461 3026 570 3078 pra:
619 3009 804 3064 calore
835 3024 998 3079 quem
1049 3009 1199 3064 intus
1261 3008 1454 3072 sensit,
1515 3010 1726 3064 viscera
1759 3009 1930 3078 :quin
1979 3017 2034 3061 et
2147 3007 2453 3077 patriarcha
2494 3006 2774 3062 Romanus
2833 3023 2928 3062 sex
2976 3023 3152 3062 annos
3186 3007 3349 3071 sedit,
3390 3004 3512 3059 deitt
3567 3019 3717 3057 mur-

459 3102 772 3157 excidentes
802 3102 903 3171 ipsi
933 3101 1075 3157 oeuli
1113 3102 1165 3155 itt
1202 3113 1401 3157 terram
1437 3102 1780 3166 deciderunt,
1807 3101 2034 3156 aduSta-
2064 3107 2109 3166 ο
2141 3109 2270 3155 tuus
2301 3111 2405 3158 est.
2458 3101 2617 3156 Anno
2654 3101 2867 3170 imperii
2923 3100 3172 3168 ejusdem
3234 3099 3466 3169 septimo
3529 3096 3713 3150 factus

459 3209 567 3264 quc
604 3209 734 3251 caro
787 3195 854 3247 ab
905 3194 1125 3248 ossibus
1185 3205 1432 3263 separata
1485 3203 1588 3258 cst,
1647 3194 1716 3246 ita
1761 3202 1818 3246 tit
1862 3199 2036 3245 morte
2139 3204 2224 3246 est
2266 3193 2592 3248 Meletianus
2623 3194 2936 3262 patriarcha
2979 3193 3284 3254 Romanus,
3327 3190 3573 3260 quicum
3615 3205 3715 3243 an-

459 3285 694 3356 pessinta
749 3286 971 3354 periret.
1034 3283 1302 3340 Omnibus
1346 3300 1476 3354 ergo
1533 3284 1902 3338 Romanoru-n
1954 3283 2037 3336 die
2140 3300 2243 3338 nos
2281 3292 2522 3354 quatuor
2553 3285 2790 3340 sedisset
2823 3294 3078 3340 mortuus
3112 3290 3217 3339 est.
3263 3283 3421 3336 Anno
3447 3296 3579 3335 vero
3610 3297 3713 3333 un-

461 3376 705 3431 tionihus
742 3375 1042 3446 tranquille
1077 3384 1130 3428 et
1179 3376 1232 3429 in
1265 3391 1396 3445 pace
1447 3376 1732 3443 itttpct'atit
1763 3375 2032 3426 Constan-
2136 3376 2348 3431 decimo
2400 3377 2603 3431 ibidem
2657 3377 2970 3447 patriarcha
3036 3376 3370 3432 constitutus
3423 3374 3709 3436 Silvester,

460 3469 630 3532 tinus,
666 3467 830 3534 idque
862 3481 1007 3520 anno
1038 3467 1248 3536 imperii
1295 3463 1546 3534 Saporis,
1602 3463 1854 3517 Hormozi
1915 3464 2028 3528 lilii,
2139 3483 2316 3524 annos
2361 3469 2557 3538 viginti
2608 3479 2732 3522 octo
2760 3469 2920 3533 sedit,
2951 3467 3076 3523 dein
3116 3477 3367 3522 mortuus
3402 3475 3502 3522 est.
3544 3467 3711 3518 Anno

461 3557 749 3613 Persarum
787 3558 928 3627 regis
958 3555 1375 3626 quadragesimo
1430 3555 1628 3624 primo.
1673 3555 1802 3608 Erat
1850 3563 2030 3607 autem
2137 3561 2478 3630 principatus
2509 3559 2630 3628 ejus
2661 3576 2807 3614 nono
2845 3561 3180 3616 celebratum
3204 3570 3288 3616 est
3323 3559 3615 3614 concilium
3651 3562 3707 3613 in

457 3647 878 3710 Constantinus,
913 3647 1058 3700 ﬁlius
1085 3645 1410 3707 ConStantii.
1471 3645 1565 3698 filii
1617 3644 1873 3708 Valentii,
1937 3645 2029 3698 lilii
2137 3650 2270 3704 urbe
2304 3649 2502 3704 Nicaea.
2537 3651 2696 3705 Anno
2729 3651 2889 3705 etiam
2924 3653 3135 3721 imperii
3165 3651 3514 3707 Constantini
3551 3653 3711 3705 tertio

457 3741 664 3801 Arsisi,
721 3738 817 3794 lilii
873 3737 1040 3802 Decii,
1091 3735 1184 3790 lilii
1253 3735 1468 3790 Claudii
1531 3737 1876 3805 imperatoris
1935 3737 2027 3805 qui
2137 3749 2358 3795 creatus
2405 3747 2488 3796 est
2541 3740 2859 3796 Philonicus
2916 3743 3228 3813 patriarcha
3287 3745 3706 3807 Antiochenus,

461 3833 646 3886 Romae
696 3828 884 3884 ﬂoruit
935 3835 1181 3899 tempore
1236 3827 1640 3897 apostolorum.
1701 3827 1832 3882 Erat
1898 3843 2030 3881 vero
2136 3831 2230 3901 qui
2265 3833 2509 3902 quinque
2539 3848 2714 3888 annos
2751 3834 2909 3896 sedit,
2967 3837 3092 3890 dein
3129 3847 3377 3892 mortuus
3411 3847 3513 3890 est.
3550 3841 3710 3888 Auno

458 3922 822 3978 Constantino
873 3926 983 3974 dux
1035 3935 1200 3991 quem
1263 3919 1490 3982 amavit,
1554 3927 1607 3973 et
1669 3918 1737 3972 ad
1794 3920 2051 3973 honores
2132 3923 2380 3991 ejusdem
2413 3939 2558 3979 nouo
2591 3926 2928 3981 constitutus
2954 3927 3710 3997 estApolloniuspattiarclta

456 4017 659 4077 evexit,
711 4013 930 4067 nomine
959 4009 1242 4077 Licinius;
1303 4025 1596 4081 qttemque,
1631 4011 1756 4063 data
1807 4009 1910 4080 ipsi
1972 4012 2024 4062 in
2132 4015 2536 4079 Antiochenus,
2589 4018 2685 4088 qui
2730 4017 2893 4090 432
2945 4033 3066 4073 cum
3103 4021 3348 4089 quinque
3401 4035 3577 4073 annos
3615 4036 3713 4072 se-

459 4121 684 4162 uxorem
716 4118 910 4160 sorore
943 4118 1044 4159 sua
1072 4103 1480 4166 Constantinia,
1514 4101 1699 4155 Itonia:
1748 4100 2026 4179 pra-fetu;
2132 4105 2330 4168 disset,
2364 4116 2616 4161 mortuus
2647 4115 2752 4162 est.
2789 4109 2948 4162 Anno
2980 4109 3222 4177 ejusdem
3258 4108 3471 4162 decimo
3511 4109 3712 4176 quinto

451 4201 652 4271 jubetts
688 4199 864 4270 ipsum
896 4197 1231 4252 christianos
1280 4194 1487 4249 honore
1533 4193 1767 4254 allicere,
1815 4192 2026 4260 magtti-
2133 4198 2309 4252 factus
2343 4209 2427 4253 est
2462 4199 2664 4253 ibidem
2708 4201 3022 4269 patriarcha
3061 4199 3406 4264 Eustathius,
3436 4201 3530 4268 qui
3578 4208 3709 4252 octo

456 4311 564 4366 que
616 4295 820 4355 facere,
887 4305 990 4345 nec
1041 4290 1286 4358 ipsorum
1347 4285 1443 4340 ulli
1509 4299 1733 4338 nocere.
1781 4281 2024 4338 Licinius
2129 4301 2301 4340 annos
2329 4287 2493 4351 sedit,
2551 4286 2676 4342 deitt
2722 4297 2968 4342 mortuus
3015 4297 3119 4344 est.
3153 4289 3322 4356 Cujus
3363 4288 3708 4358 principatus

457 4398 639 4442 autem
679 4382 967 4454 imperium
1002 4380 1231 4449 adeptus
1256 4378 1323 4430 ad
1388 4375 1658 4431 idolorum
1690 4374 1895 4430 cultum
1937 4388 2027 4428 re-
2055 4441 2098 4454 Α
2130 4395 2274 4434 anno
2302 4380 2492 4448 quinto
2527 4379 2630 4432 fttit
2664 4379 2958 4434 concilium
2997 4379 3302 4435 Niczenum.
3349 4381 3505 4433 Anno
3537 4379 3705 4433 etiam

456 4494 672 4544 versus,
700 4441 773 4531 ad
803 4482 1034 4530 mortem
1071 4441 1197 4526 duci
1251 4469 1414 4540 jussit
1469 4469 1826 4522 christianos.
1880 4466 2024 4522 Mar-
2055 4441 2102 4499 θ
2134 4441 2348 4540 imperii
2388 4471 2739 4525 Constantini
2799 4473 2978 4541 primo
3027 4470 3360 4526 constitutus
3411 4479 3495 4524 est
3551 4471 3710 4523 Asou

455 4571 656 4640 tyriuut
695 4581 824 4638 ergo
855 4563 959 4620 sub
982 4564 1104 4633 ipso
1131 4559 1273 4631 passi
1299 4567 1426 4615 sunt
1471 4558 1795 4626 Theodorus
1842 4558 2018 4623 utiles,
2123 4564 2412 4632 episcopus
2481 4561 3008 4636 llierosolymitanus
3041 4602 3059 4626 ο
3107 4563 3200 4634 ‘lui
3272 4577 3462 4616 novem
3528 4576 3711 4616 annos

457 4661 805 4731 metropolita
862 4655 1030 4729 428
1098 4651 1435 4717 Barkeusis,
1499 4665 1625 4705 cum
1690 4651 2021 4720 martyribus
2124 4651 2296 4714 sedit,
2345 4652 2472 4708 dein
2539 4665 2786 4708 mortuus
2823 4663 2926 4710 est.
2982 4655 3141 4709 Anno
3191 4654 3402 4723 imperii
3453 4652 3705 4721 ejusdem

456 4754 842 4825 quadraginta,
893 4749 987 4819 qui
1039 4762 1106 4802 ex
1171 4747 1308 4816 urbe
1362 4743 1616 4799 Sebastia
1662 4741 2020 4812 Cappadociae
2123 4743 2814 4806 decituo,constitutusest
2844 4743 3117 4800 Macarius
3154 4745 3352 4800 ibidem
3383 4745 3713 4814 episcopus,

457 4854 631 4899 crant.
666 4841 792 4898 Fuit
820 4849 1000 4894 autent
1036 4839 1138 4907 ipsi
1195 4838 1250 4892 iit
1294 4835 1539 4890 Sehastia
1581 4833 1878 4903 praefectus
1925 4848 2023 4885 no-
2123 4835 2216 4902 qui
2279 4834 2658 4890 novemdecim
2709 4851 2883 4892 annos
2932 4835 3093 4902 sedit,
3147 4837 3271 4890 dein
3312 4848 3558 4891 mortuus
3596 4850 3708 4894 est.

459 4938 602 4991 tuine
647 4930 917 5003 Agricola,
967 4931 1058 4998 qui
1091 4923 1446 4996 quadraginta
1489 4929 1758 4991 martyres
1809 4919 2020 4987 Cappa-

2124 4927 2678 4996 Annoprincipatns
2741 4929 2860 4998 ejus
2934 4929 3150 4982 decimo
3206 4929 3541 4983 celebratum
3617 4940 3713 4985 est

454 5033 616 5084 doces
639 5026 936 5097 prchensos
965 5022 1020 5075 in
1072 5018 1340 5090 piscinam
1375 5029 1531 5084 aqua
1571 5011 1748 5066 nudos
1794 5009 2018 5076 abjccil:
2121 5017 2412 5068 concilium
2443 5015 2742 5071 Nicaenutn.
2778 5019 2937 5070 Anno
2968 5017 3132 5070 etiam
3178 5017 3392 5085 imperii
3429 5017 3711 5071 Constan-

455 5137 580 5176 cuut
630 5124 776 5174 esset
837 5115 930 5169 nix
983 5115 1299 5172 vehemens,
1367 5107 1513 5160 unde
1566 5104 1768 5172 frigore
1817 5099 2018 5153 tttorttti
2123 5105 2221 5158 imi
2262 5104 2453 5174 quinto
2502 5104 2680 5159 racius
2719 5113 2804 5159 est
2849 5106 3160 5161 Alexander
3207 5105 3519 5174 patriarcha
3570 5105 3706 5158 Αιε-

454 5221 602 5268 sunt.
635 5209 791 5265 Unus
826 5216 1033 5261 tantum
1061 5219 1128 5257 ex
1156 5199 1289 5270 ipsis
1344 5199 1397 5250 itt
1450 5195 1726 5255 balneum,
1773 5190 1917 5261 quod
1953 5192 2019 5244 ad
2124 5195 2445 5251 xandrinus.
2514 5196 2615 5250 Hic
2641 5194 2786 5250 Petri
2821 5197 3076 5267 martyris
3107 5196 3433 5266 patriarchae
3460 5195 3708 5249 Alexam-

456 5305 605 5359 lacus
635 5303 806 5372 ripam
847 5298 1044 5358 fuerat,
1079 5303 1337 5362 egressus
1380 5297 1464 5340 est
1497 5292 1555 5337 ιιι
1593 5284 1666 5336 ibi
1709 5298 1767 5336 se
1822 5281 2019 5335 calcfa-
2121 5286 2288 5349 dritti,
2320 5288 2412 5357 qui
2445 5287 2662 5341 occisus
2697 5297 2801 5350 est,
2832 5287 3157 5356 discipulus,
3190 5286 3460 5356 ﬁdemque
3511 5289 3710 5343 socius

459 5404 632 5461 ceret,
658 5408 820 5464 quem
854 5389 1115 5443 decidens
1145 5386 1198 5436 ιιι
1234 5384 1408 5452 ipsum
1438 5377 1690 5431 balneum
1724 5374 2017 5428 interfecit.
2121 5377 2344 5431 Achilla;
2399 5377 2723 5446 ρυιιηίυι-ριιω
2765 5377 3152 5440 Alexandrini.
3211 5393 3384 5432 annos
3457 5377 3703 5431 sedecim

458 5487 756 5544 Praefectus
797 5494 1006 5547 autem,
1031 5480 1126 5550 qtti
1166 5473 1495 5531 satellitibus
1531 5486 1558 5522 a
1591 5471 1790 5540 quibus
1839 5477 2022 5522 custo-
2122 5469 2280 5532 sedit,
2329 5469 2454 5523 dein
2503 5479 2754 5524 mortuus
2783 5480 2890 5524 est.
2934 5472 3090 5524 Anno
3125 5469 3465 5539 principatus
3523 5471 3705 5537 ipsius

454 5579 739 5630 tliebautur
769 5581 1021 5645 praeerat,
1049 5584 1172 5623 cum
1193 5561 1552 5634 quadraginta
1584 5577 1612 5612 e
1644 5563 1763 5611 luce
1788 5573 2019 5612 coronas
2122 5561 2334 5615 decimo
2359 5561 2547 5630 quinto
2583 5561 2920 5616 celebratum
2950 5569 3031 5616 est
3063 5563 3359 5615 concilium
3391 5559 3699 5614 Nicmnutu.

453 5665 669 5720 cmlitus
719 5667 772 5719 in
803 5675 1121 5732 ,tnartytunt
1175 5659 1410 5713 istorunt
1445 5652 1622 5719 capita
1671 5650 2021 5705 descendisse
2122 5654 2428 5708 Alexander
2456 5654 2721 5724 siquidem
2745 5655 3051 5724 patriarcha
3078 5654 3478 5707 Alexandrinus
3508 5653 3701 5706 Arium

454 5762 724 5816 cerneret,
778 5768 936 5808 ttnattt
996 5761 1176 5806 autem
1236 5760 1460 5802 vacuant
1515 5742 1811 5807 mansisse,
1882 5742 1998 5811 ipse
2121 5747 2405 5801 ecclesiam
2443 5749 2650 5817 ingredi
2687 5751 2877 5812 vetuit,
2916 5747 3073 5814 eique
3099 5746 3424 5812 maledixit,
3463 5744 3698 5800 dicetis:

2565 5830 2614 5839 .-ο
2635 5830 2750 5839 με.-
