4034 6214
313 355 448 418 teis

1780 353 2145 413 ANNAIES.

3428 331 3566 395 1006

308 470 627 527 Μειεειιίοίιις
664 479 744 523 est
801 471 1002 533 Arius;
1059 473 1198 525 dixit
1255 474 1399 526 enim
1465 472 1625 525 nobis
1675 470 1881 521 Petrus
1912 478 1953 529 Α
1986 482 2185 536 corpus
2210 456 2945 532 assunipsisse,'eteSpiriltt
2989 462 3214 515 sant‘ln;
3262 452 3573 521 factumque

310 562 621 629 patriarcha
668 572 964 631 antequam
986 565 1307 634 martyrium
1339 564 1541 618 subiret
1569 580 1580 613 :
1612 560 1886 614 Maledixit

312 654 455 708 Deus
495 655 647 713 Ario,
703 669 771 707 nc
807 668 937 722 ergo
970 655 1146 723 ipsum
1202 655 1507 724 recipiatis,
1568 666 1744 721 neque
1796 667 1886 701 v0-

310 749 517 801 biseum
569 747 623 799 in
681 747 980 801 Ecclesiam
1043 747 1368 800 adiniuatis.
1409 745 1645 799 Praeerat
1704 738 1884 797 autem

308 840 427 892 ttrbi
453 840 484 888 Α
497 847 655 908 syuto
675 840 926 893 editione
942 838 1158 911 Egypti
1180 840 1475 908 episcopus
1491 838 1711 889 nomine
1728 834 1890 888 Mele-

310 929 549 999 tius,qui
570 931 682 983 Arii
714 931 1043 985 sententiam
1073 931 1357 998 amplexus
1378 927 1735 1001 433ο435
1765 935 1883 990 est;

312 1022 488 1076 eidem
514 1036 647 1091 ergo
668 1023 830 1075 etiam
877 1021 1162 1075 maledixit
1205 1020 1517 1076 Alexander
1547 1019 1886 1089 patriarcha.

309 1112 483 1167 Porro
536 1113 641 1167 fttit
703 1113 1049 1168 Alexnndrize
1115 1115 1377 1183 templum
1436 1128 1692 1184 magnum
1740 1109 1884 1180 qttod

308 1204 889 1273 exstruxitCleopatra
924 1207 1105 1275 regina
1136 1206 1345 1259 nomini
1391 1203 1613 1258 Saturni
1644 1203 1865 1256 dedica-

312 1304 450 1355 tum,
492 1294 545 1346 in
586 1307 696 1362 quo
746 1293 955 1348 idolum
1010 1310 1212 1349 aereum
1270 1310 1528 1364 magnum
1580 1302 1697 1347 eral
1742 1288 1886 1360 quod

312 1384 541 1437 Michael
573 1387 885 1454 appellatus
912 1396 1018 1451 est,
1061 1388 1147 1440 cui
1178 1387 1526 1442 Alexandria:
1578 1395 1631 1440 et
1664 1382 1887 1455 Egypti

318 1479 511 1532 incolae
560 1477 649 1530 die
683 1478 892 1531 mensis
928 1477 1143 1542 lleturi,
1202 1479 1297 1547 qui
1340 1477 1561 1533 Tishrin
1617 1477 1889 1547 posterior

310 1576 416 1631 est,
466 1564 662 1620 festum
722 1580 980 1636 magnum
1031 1568 1407 1629 celebrabant,
1455 1568 1659 1619 inultas
1712 1565 1886 1618 eidem

314 1660 521 1712 hostias
551 1658 923 1713 immolantes.
947 1658 1084 1713 Cum
1116 1674 1246 1729 ergo
1277 1660 1623 1712 Alexandria:
1656 1660 1886 1726 patriar-

311 1749 413 1802 cha
445 1750 621 1803 factus
648 1759 797 1803 esset
825 1750 1156 1815 Alexander,
1197 1750 1385 1821 ibique
1416 1753 1718 1805 obtinuerit
1753 1752 1885 1806 lides

1991 568 2069 614 est
2099 557 2231 611 illud
2265 557 2517 613 Christus
2534 569 2697 608 unus.
2725 551 2977 609 Christus
3001 563 3133 616 ergo
3157 547 3294 600 duos
3324 559 3555 613 compre-

2005 648 2195 703 hendit
2226 648 2587 718 significatus,
2613 644 2851 699 Verbum
2882 649 2937 695 et
2970 653 3195 708 corpus;
3230 652 3353 705 qua:
3392 646 3571 690 tamen

1991 750 2222 811 utraque
2244 752 2426 795 creata
2446 750 2596 794 sunt.
2621 737 2761 791 Tum
2782 733 3123 806 respondens
3148 730 3222 783 illi
3241 730 3569 784 Alexander:

1995 834 2088 889 Dic
2140 835 2269 887 mihi
2340 831 2561 902 (inquit)
2595 846 2755 900 quem
2789 838 2952 900 putas
3003 825 3175 881 teneri
3232 838 3335 879 nos
3388 822 3574 892 potius

1993 926 2194 989 colere,
2222 925 2448 979 illumne
2495 925 2588 992 qui
2643 937 2745 976 nos
2794 919 3027 981 creavit,
3064 935 3129 970 an
3187 916 3413 986 quinos
3459 931 3566 969 non

1999 1016 2244 1081 creaviti?
2276 1013 2661 1084 Respondente
2692 1012 2848 1072 Ario,
2882 1012 3031 1064 illum
3061 1009 3152 1078 qui
3205 1023 3304 1062 nos
3335 1006 3577 1069 eieavit;

2004 1108 2140 1161 dixit
2178 1107 2526 1162 Alexander:
2572 1103 2628 1158 Si
2662 1118 2793 1172 ergo
2843 1101 3051 1157 creavit
3108 1116 3214 1155 nos
3262 1099 3459 1163 Filius,
3496 1100 3574 1153 uti

1991 1201 2204 1265 dixisti,
2275 1201 2459 1269 sitque
2530 1199 2675 1252 idem
2739 1206 2986 1261 creatus,
3047 1201 3162 1247 tum
3222 1192 3420 1247 Filium
3481 1193 3574 1260 qui

1993 1302 2216 1349 creatus
2250 1301 2357 1358 est,
2392 1292 2571 1361 magis
2600 1289 2783 1345 colere
2813 1297 3085 1351 tenemur,
3134 1302 3299 1356 quam
3356 1284 3572 1341 Patrem

1994 1389 2342 1451 increatum;
2375 1387 2485 1438 imo
2520 1383 2740 1438 futurus
2768 1388 2851 1436 est
2879 1381 3062 1436 cultus
3089 1378 3268 1434 Patris
3304 1379 3575 1433 creatoris

1994 1478 2304 1543 inﬁdelitas,
2334 1477 2515 1531 cultus
2552 1490 2678 1529 vero
2704 1473 2827 1528 Filii
2859 1472 3026 1528 creati
3087 1472 3253 1535 fides;
3289 1471 3437 1542 quod
3485 1472 3575 1527 ab-

1992 1566 2284 1621 surdorum
2319 1564 2787 1619 absurdissimum
2823 1572 2927 1617 e5t.
2978 1561 3193 1617 Placuit
3233 1577 3365 1632 ergo
3397 1563 3571 1633 impe-

1990 1657 2184 1723 ratori,
2217 1666 2270 1711 et
2299 1660 2391 1726 qui
2422 1656 2651 1711 aderant
2681 1656 2919 1719 caeteris.
2944 1655 3238 1710 Alexandri
3270 1658 3567 1720 sententia,

1992 1751 2107 1803 Arii
2143 1760 2323 1804 autem
2353 1747 2596 1803 absurda
2638 1749 2754 1801 visa
2779 1756 2884 1803 est.
2918 1748 3052 1802 Aliae
3101 1750 3267 1803 etiam
3306 1751 3570 1818 quaestio-

311 1840 633 1903 christiana,
677 1841 848 1895 voluit
888 1842 978 1897 ille
1006 1842 1281 1912 confringi
1331 1842 1536 1897 idolum
1564 1854 1616 1897 et
1641 1843 1752 1897 tolli
1805 1857 1889 1896 sa.
1925 1840 1965 1894 ll
1997 1856 2093 1894 nes
2125 1840 2307 1894 multa:
2332 1839 2477 1893 inter
2510 1854 2604 1893 eos
2632 1839 2849 1909 agitatae
2875 1847 3024 1893 sunt.
3058 1838 3230 1894 Jussit
3257 1855 3391 1909 ergo
3419 1840 3568 1896 Con-

311 1930 539 1996 critieia,
575 1946 816 2001 cumque
845 1932 1183 1988 obsisterent
1226 1934 1332 2003 ipsi
1382 1932 1761 1997 Alexandrini,
1799 1933 1890 1987 ille

312 2022 512 2076 astutia
542 2023 693 2091 ipsos
717 2039 1012 2093 aggressus
1038 2042 1052 2077 :
1098 2022 1305 2078 idolum
1336 2025 1557 2097 (inquit)
1594 2016 1736 2079 istud
1757 2026 1888 2079 nulli

313 2114 535 2167 Omnino
568 2118 642 2167 rei
677 2116 806 2169 utile
832 2124 948 2181 est;
975 2117 1122 2186 quod
1168 2117 1215 2170 si
1247 2116 1444 2170 festum
1479 2117 1611 2170 illud
1634 2117 1890 2170 Michaeli

314 2203 512 2271 angelo
551 2204 986 2268 celebraveritis,
1039 2210 1200 2275 eique
1251 2206 1460 2261 hostias
1513 2208 1647 2261 istas
1685 2207 1890 2260 consti-

314 2292 553 2351 tueritis,
588 2292 705 2360 ipse
736 2307 834 2362 pro
864 2293 1016 2347 vobis
1042 2296 1186 2364 apud
1226 2293 1397 2348 Deum
1449 2296 1750 2350 intercedet
1775 2311 1891 2349 ma-

311 2385 562 2455 jurisque
630 2385 780 2439 vobis
841 2387 968 2439 boni
1028 2401 1216 2449 causa,
1267 2403 1429 2457 quam
1487 2389 1695 2441 idolum
1743 2388 1888 2444 istud

317 2481 532 2533 futurus
565 2487 672 2532 est.
704 2477 1094 2531 Annuentibus
1126 2493 1257 2547 ergo
1286 2479 1413 2543 illis,
1457 2495 1519 2533 ex
1570 2479 1715 2533 idolo
1754 2496 1886 2534 con-

315 2570 491 2624 l‘racto
519 2586 741 2625 crucem
773 2570 1052 2636 confecit;
1092 2570 1352 2641 templum
1406 2587 1560 2635 vero,
1611 2570 1891 2627 Michaelis

312 2662 599 2716 ecclesiam
632 2664 929 2732 appellavn
959 2662 1175 2732 (estque
1210 2664 1300 2717 illa
1340 2663 1570 2717 ecclesia
1614 2680 1735 2733 quae
1776 2666 1892 2719 Ca:-

313 2768 465 2805 sarea
509 2763 699 2806 vorata
728 2762 842 2819 est;
882 2763 934 2806 et
967 2754 1093 2822 igne
1140 2754 1301 2822 periit
1342 2770 1463 2806 cum
1510 2754 1888 2811 Occidentales

312 2845 695 2898 Alexandriam
754 2846 985 2911 ingressi
1037 2862 1158 2899 eam
1191 2847 1532 2917 vastarunt);
1599 2863 1887 2901 consecra-

314 2946 476 3005 taque
510 2945 637 2989 sunt
687 2936 885 2990 festum
948 2946 1001 2990 et
1054 2938 1292 2991 victimae
1353 2938 1600 2993 Micliaeli
1659 2940 1888 3007 angelo;

314 3028 459 3080 unde
490 3037 543 3081 et
574 3028 756 3082 adhuc
790 3027 1063 3097 Cophtitte
1112 3028 1167 3082 in
1198 3029 1432 3099 Egypto
1460 3039 1515 3083 et
1561 3031 1887 3084 Alexandria

311 3135 378 3174 eo
403 3121 490 3174 die
520 3120 718 3174 festum
748 3119 991 3174 Michaeli
1013 3123 1206 3192 angelo
1232 3124 1532 3186 celebrant,
1561 3131 1614 3175 et
1638 3122 1886 3175 victimas

313 3212 754 3280 quamplurimas
787 3214 1021 3265 cmtlunt.

384 3304 551 3375 436
582 3303 716 3357 Cutn
766 3318 896 3372 ergo
930 3290 1240 3358 Alexander
1290 3305 1605 3373 patriarcha
1656 3306 1891 3360 Alexan-

314 3396 528 3459 drinus,
561 3394 753 3448 Arium
790 3394 1097 3449 Ecclesiain
1125 3396 1332 3465 ingredi
1370 3397 1704 3465 prohiberet,
1730 3399 1889 3468 eique

315 3486 687 3540 malediceret.
730 3484 1011 3555 profectus
1065 3487 1154 3541 ille
1199 3487 1264 3541 ad
1319 3486 1743 3542 Constantinum
1784 3488 1887 3541 im-

315 3586 616 3647 peratorem
653 3593 810 3646 Opem
852 3579 920 3631 ab
975 3579 1094 3647 ipso
1141 3586 1335 3631 contra
1384 3579 1754 3633 Alexandrum
1795 3597 1889 3650 pa-

313 3669 606 3723 triarcham
639 3670 831 3738 petiit..
863 3669 1104 3724 Comites
1129 3680 1310 3723 autent
1357 3686 1414 3724 se
1456 3672 1587 3725 Ario
1644 3675 1887 3740 praebue-

312 3773 439 3816 runt
487 3763 730 3831 episcOpi
773 3765 897 3827 duo,
922 3776 1153 3831 quorum
1175 3776 1316 3815 unus
1337 3763 1555 3815 nomine
1591 3760 1887 3818 Eumenius

318 3854 337 3926 ι
370 3854 446 3907 at.
481 3840 816 3925 Eusebius],
845 3853 1171 3907 Nicomedia:
1199 3854 1395 3921 episc.,
1438 3853 1573 3908 alter
1620 3853 1887 3911 Eusebius

316 3946 480 4000 Philae
505 3946 817 4014 episcopus,
855 3960 1012 4014 opem
1043 3960 1071 3998 a
1104 3944 1472 3999 Constantino
1506 3946 1883 4013 implorantes.

313 4040 534 4092 Dicente
586 4038 1099 4092 Ario:Alexander
1155 4036 1467 4104 patriarcha
1545 4038 1747 4106 iniuria
1800 4055 1927 4103 me.

311 4130 515 4193 alfecit,
549 4140 603 4183 et
653 4130 894 4185 Ecclesia
933 4129 1210 4183 immerito
1259 4131 1491 4199 expulit,
1551 4143 1603 4185 et
1647 4132 1886 4202 impeta-

312 4230 485 4273 torem
513 4230 735 4288 rogante
761 4231 819 4273 ut
846 4220 996 4273 illum
1034 4229 1370 4284 accerseret,
1426 4235 1536 4291 quo
1561 4236 1747 4274 coram
1778 4223 1884 4276 im-

313 4318 564 4377 peratore
594 4326 718 4363 cum
769 4312 886 4379 ipso
934 4312 1263 4380 disputaret.
1323 4312 1729 4367 Constantinus
1758 4330 1886 4383 ergo

313 4400 611 4468 imperator
637 4402 808 4455 misso
836 4402 1223 4457 Alexandriam
1260 4406 1451 4459 nuntio
1503 4406 1651 4458 illum
1702 4420 1885 4459 accer-

313 4492 461 4558 sivit,
533 4492 836 4561 Ariumque
897 4496 1189 4548 convenire
1253 4495 1383 4549 fecit
1434 4509 1544 4565 quo
1593 4511 1716 4549 eum
1770 4497 1887 4565 ipso

314 4584 736 4673 disputationem
772 4586 1019 4640 haberet.
1069 4584 1245 4642 Jnssit
1284 4588 1451 4657 igitur
1495 4589 1887 4643 Constantinus

312 4675 501 4729 Arium
520 4668 846 4741 i§tdentiant
867 4688 1022 4729 suam
1047 4676 1339 4744 explicare.
1358 4675 1497 4728 Tum
1518 4677 1680 4728 Arius
1702 4698 1713 4730 ;
1739 4678 1890 4737 Dico,

314 4768 508 4834 inquit,
534 4767 751 4821 Patrem
794 4767 967 4822 fuisse
991 4782 1116 4822 cum
1152 4782 1256 4821 non
1283 4774 1429 4822 esset
1454 4765 1660 4831 Filius;
1692 4766 1892 4821 deinde

310 4863 491 4925 ipsum
521 4861 587 4914 de
614 4875 756 4914 novo
790 4860 1113 4928 produxisse
1144 4858 1339 4912 Filium
1376 4858 1468 4927 qui
1505 4857 1605 4910 fuit
1654 4858 1726 4910 illi
1758 4856 1891 4911 Ver-

312 4952 463 5008 bum.
492 4953 595 5007 nisi
623 4955 765 5020 quod
794 4954 862 5008 de
888 4968 1029 5009 novo
1054 4953 1357 5023 productus
1381 4961 1436 5004 et
1464 4962 1682 5005 creatus
1706 4951 1893 5006 fuerit.

318 5042 524 5097 Deinde
558 5045 782 5099 tradidit
818 5045 981 5099 Pater
1006 5045 1167 5109 Filio,
1205 5045 1299 5113 qui
1334 5042 1572 5098 Verbum
1600 5043 1773 5112 ipsius
1798 5061 1895 5110 ap—

315 5127 568 5190 pellatur,
594 5127 904 5195 imperiutn,
933 5127 1141 5197 fuitque
1166 5131 1255 5183 ille
1290 5132 1552 5184 cwlorum
1571 5142 1623 5185 et
1644 5145 1816 5196 terrae,
1834 5144 1888 5187 et

313 5218 553 5268 omnium
576 5234 696 5285 qua:
716 5218 856 5271 inter
877 5234 936 5271 ea
956 5229 1084 5272 sunt
1134 5222 1404 5283 conditor,
1434 5223 1577 5275 sicut
1632 5225 1681 5275 iii
1707 5221 1883 5276 Evan-

314 5312 454 5375 gi-lio
498 5320 688 5363 Sancto
734 5318 987 5375 testatur,
1020 5312 1242 5367 dicens:
1271 5314 1408 5365 Data
1439 5327 1515 5367 cst
1543 5315 1668 5366 mihi
1714 5319 1882 5369 onmis

306 5410 537 5463 potestas
561 5403 786 5453 iuratos
810 5413 853 5452 et
883 5403 937 5453 in
973 5412 1167 5453 terram
1193 5404 1213 5432 ⁸
1234 5421 1247 5455 :
1272 5402 1367 5456 fuit
1391 5421 1519 5475 ergo
1565 5407 1654 5460 ille
1696 5422 1881 5459 eorum

314 5491 570 5542 Cutttillor
606 5507 668 5545 ea
695 5509 817 5560 quae
848 5493 949 5561 ipsi
994 5495 1119 5547 data
1148 5496 1224 5548 esl
1259 5492 1630 5568 [potestate.]
1683 5500 1884 5555 Deinde

304 5582 464 5651 1337
503 5581 670 5653 439
696 5582 786 5638 γει
803 5585 931 5639 bum
999 5586 1127 5640 illud
1160 5597 1343 5656 postea
1373 5604 1437 5645 ex
1466 5589 1631 5645 Maria
1674 5593 1884 5662 virgine

376 5788 396 5817 '
450 5786 637 5843 Matth.
670 5804 862 5855 xxvnt.
890 5792 977 5849 l8.

1992 1931 2274 1987 stantinus
2302 1930 2674 1985 Alexandrum
2706 1931 3071 2001 patriarcham
3118 1932 3252 1986 Ario
3282 1933 3568 1989 omnibus-

1991 2038 2098 2092 que
2137 2024 2229 2093 qui
2264 2022 2513 2077 eamdem
2550 2023 3013 2093 amplecterentur
3040 2024 3370 2079 sententiam
3405 2026 3573 2081 male-

1992 2116 2196 2168 dicere.
2237 2114 2386 2169 Dixit
2413 2122 2596 2169 autem
2630 2113 2941 2169 Alexander
2984 2113 3353 2181 Conatantino
3400 2116 3577 2186 impe-

1993 2205 2163 2257 ratori
2193 2222 2206 2257 :
2248 2202 2402 2258 Haud
2434 2206 2546 2272 ita;
2579 2204 2708 2274 quin
2742 2204 2924 2274 potius
2950 2204 3177 2259 mittens
3213 2220 3306 2261 rex
3350 2208 3577 2274 patriar-

1992 2298 2125 2351 chas
2143 2308 2198 2351 et
2219 2298 2503 2367 episcopos
2529 2306 2793 2358 accersat,
2822 2306 2880 2350 ut
2906 2299 2977 2352 sit
3010 2297 3165 2351 nobis
3186 2298 3499 2364 concilium,
3519 2299 3574 2354 in

1991 2403 2101 2458 quo
2121 2402 2233 2441 rem
2255 2387 2602 2452 definiamus,
2626 2389 2864 2457 Arioqne
2885 2390 3299 2455 maledicamus,
3318 2400 3371 2444 et
3392 2407 3574 2447 veram

1993 2478 2155 2532 fidem
2231 2492 2590 2547 exponamus,
2633 2478 2999 2546 omnibusque
3052 2488 3233 2533 notaui
3282 2478 3575 2536 faciamus.

2064 2569 2285 2624 Mittens
2314 2583 2444 2640 ergo
2471 2568 2869 2623 Constantinus
2910 2585 3002 2623 rex
3034 2569 3092 2623 in
3141 2585 3333 2627 omnes
3369 2573 3573 2642 passim

1994 2666 2267 2735 regiones,
2290 2662 2632 2733 patriarchas
2657 2670 2711 2715 et
2737 2660 3022 2731 episcopos
3038 2659 3205 2733 440
3229 2670 3572 2729 convocavit,

1994 2759 2129 2813 adeo
2165 2768 2223 2812 ut
2244 2767 2368 2826 post
2394 2766 2597 2808 anitum
2626 2762 2680 2809 et
2711 2752 2851 2808 duos
2914 2768 3131 2811 nienses
3158 2753 3339 2812 Nicea:
3372 2740 3576 2812 conve-

1993 2851 2175 2903 nirent
2240 2850 2325 2903 bis
2388 2847 2538 2900 mille
2570 2845 2929 2917 quadraginta
2962 2854 3091 2900 octo
3125 2848 3390 2917 episcopi,
3448 2863 3577 2903 sen-

1997 2942 2188 2996 tentiis
2218 2949 2274 2995 et
2311 2938 2673 3008 religionibus
2719 2937 2867 2992 inter
2903 2952 2961 2993 se
2987 2938 3383 3007 discrepantes.
3408 2938 3576 2995 Erant

1995 3048 2058 3086 ex
2087 3033 2197 3087 illis
2228 3032 2321 3101 qui
2357 3032 2692 3084 atlirmarent
2720 3028 3000 3085 Christum
3056 3038 3110 3085 et
3141 3030 3367 3087 Matrem
3401 3034 3575 3102 ipsius

1995 3128 2131 3178 deos
2159 3138 2284 3178 esse
2337 3125 2472 3177 deus
2506 3132 2707 3189 praeter
2755 3120 2922 3177 Deum
2956 3121 3274 3193 [summum
3302 3124 3356 3198 ε]
3416 3137 3574 3181 erant

1920 3210 1961 3266 (Ζ
2003 3218 2052 3269 hi
2096 3215 2343 3279 Barbari,
2378 3224 2431 3269 et
2459 3212 2764 3268 Marianita?
2821 3214 3136 3269 audierunt.
3175 3216 3343 3271 Erant
3374 3220 3466 3286 qui
3494 3219 3574 3274 di-

1996 3320 2181 3363 cerent
2214 3308 2493 3362 Christum
2532 3322 2559 3361 a
2595 3307 2754 3361 Patre
2790 3322 2933 3371 esse,
2968 3309 3140 3363 instar
3174 3308 3404 3365 flammae
3435 3313 3573 3380 ignis

1994 3416 2115 3469 quae
2143 3398 2211 3453 ab
2234 3399 2356 3469 igne
2392 3398 2709 3453 flammante
2754 3399 3107 3469 dependeret,
3172 3417 3275 3456 nec
3336 3403 3572 3471 priorem

1993 3494 2306 3549 diminuere
2336 3493 2659 3561 posterioris
2700 3493 2769 3547 ab
2823 3493 2942 3563 ipso
2972 3494 3386 3551 derivationem.
3417 3498 3573 3561 Erat,-

1992 3602 2097 3654 qiie
2130 3586 2245 3640 haec
2272 3585 2495 3640 Sabellii
2550 3595 2605 3640 et
2656 3586 2993 3642 asscclaruni
3052 3587 3226 3658 ipsius
3278 3594 3571 3647 sententia.

1992 3676 2335 3731 Asserebant
2387 3679 2480 3732 alii
2517 3675 2798 3749 Virginem
2856 3677 3084 3735 Mariam
3150 3682 3571 3756 haudquaquam

1991 3767 2168 3837 ipsum
2213 3784 2406 3823 novem
2440 3770 2723 3826 mensibus
2778 3773 2829 3825 in
2892 3782 3049 3829 utero
3088 3784 3354 3846 gestasse,
3385 3792 3570 3833 verum

1992 3860 2170 3929 ipsum
2202 3874 2298 3928 per
2336 3868 2550 3915 uterum
2578 3862 2758 3931 ipsius
2804 3864 2977 3919 instar
3010 3881 3165 3936 aqute
3199 3884 3298 3938 per
3327 3871 3571 3926 canalem

1992 3950 2314 4014 transiissc;
2349 3948 2587 4004 Verbum
2625 3952 2894 4020 siquidem
2924 3969 3020 4023 per
3054 3970 3244 4012 aurem
3294 3960 3470 4029 ipsius
3495 3962 3573 4015 in-

1990 4055 2238 4111 gressum
2263 4041 2333 4095 ibi
2361 4042 2545 4095 statim
2589 4042 2795 4099 exiisse
2823 4045 2911 4098 ubi
2948 4047 3131 4116 egredi
3164 4049 3304 4103 solet
3341 4051 3520 4106 infans
3556 4070 3573 4108 :

1989 4143 2111 4197 qua:
2144 4130 2425 4185 sententia
2468 4129 2643 4186 Eliani
2677 4144 2731 4186 et
2773 4134 3087 4203 sequacium
3114 4135 3288 4207 ipsius
3316 4138 3440 4194 fuit.
3468 4142 3573 4196 Alii

1990 4223 2270 4278 Christum
2318 4225 2598 4281 hominem
2668 4226 2840 4282 fuisse
2897 4242 2926 4282 a
2981 4229 3268 4287 divinitate
3300 4244 3569 4299 creatum,

1991 4314 2234 4383 ejusdem
2279 4331 2401 4373 cum
2438 4326 2692 4372 nostrum
2743 4318 2928 4389 aliquo
2972 4321 3317 4388 substantiae,
3369 4323 3572 4395 filiique

1994 4407 2386 4477 principiutna
2421 4408 2589 4462 Maria
2630 4410 2826 4476 fuisse,
2870 4412 3160 4483 ipsumque
3188 4415 3423 4471 electum
3474 4422 3566 4489 qui

1992 4499 2313 4552 substantia:
2374 4499 2629 4555 humana:
2702 4501 2964 4558 liberator
3032 4514 3199 4570 esset,
3275 4509 3573 4567 comitante

1993 4590 2167 4661 ipsum
2200 4591 2371 4662 gratia
2417 4592 2628 4657 divina,
2660 4603 2712 4647 et
2756 4594 2810 4648 in
2845 4595 2963 4666 ipso
3007 4613 3103 4667 per
3128 4612 3370 4655 amorem
3402 4614 3454 4657 et
3481 4619 3573 4659 vo-

1992 4685 2254 4736 luntatem
2287 4683 2591 4748 habitante,
2631 4685 2865 4755 ideoque
2916 4692 3243 4757 appellatum
3280 4693 3450 4750 fuisse
3481 4696 3541 4752 Fi

1998 4773 2128 4826 lium
2162 4772 2276 4827 Dei.
2318 4773 2570 4830 Dicentes
2609 4776 2771 4830 etiam
2806 4778 2973 4832 licunt
3015 4782 3379 4839 sttbSlantiam
3406 4803 3568 4842 unam

1995 4880 2117 4919 esse
2138 4906 2152 4929 ,
2175 4874 2229 4919 et
2264 4881 2551 4936 personam
2578 4884 2763 4935 unam,
2791 4886 2908 4939 qua:
2933 4874 3106 4928 tribus
3124 4878 3442 4934 nominibus
3472 4896 3567 4951 ap-

1993 4956 2247 5024 pellatur,
2282 4973 2385 5012 nec
2416 4958 2469 5011 in
2501 4959 2759 5023 Verbum,
2790 4978 2887 5016 nec
2927 4964 2978 5015 in
3014 4964 3278 5033 Spiritum
3312 4982 3563 5025 sant-tuin

1991 5049 2277 5103 credentes
2301 5069 2313 5103 :
2337 5049 2830 5125 (πεδίῳ-443
2850 5056 2958 5110 haec
2990 5058 3262 5115 sententia
3287 5060 3437 5116 Pauli
3466 5063 3569 5117 Sa-

1990 5142 2254 5194 tnosateni
2277 5143 2601 5210 patriarcha
2620 5143 2969 5213 Autiocheui,
2985 5153 3214 5220 ejusque
3233 5162 3563 5209 sectatorum

1992 5233 2081 5301 qui
2116 5232 2424 5289 Pauliciani
2460 5237 2713 5292 audiunt.
2772 5239 2941 5295 Erant
2984 5254 3039 5297 et
3079 5245 3169 5311 qui
3234 5256 3563 5314 assererem,

1998 5333 2109 5379 tres
2140 5342 2261 5380 esse
2303 5328 2453 5386 deos.
2492 5330 2578 5397 qui
2612 5346 2715 5384 non
2752 5334 2910 5387 aliter
2948 5351 3008 5388 se
3039 5336 3271 5390 habeant
3303 5352 3469 5406 quam
3506 5350 3565 5395 ut

1991 5416 2187 5478 bonus.
2224 5429 2275 5471 et
2309 5422 2509 5483 malus,
2557 5431 2608 5477 et
2638 5426 2726 5491 qui
2764 5426 2926 5478 medii
2958 5426 3027 5477 sit
3054 5428 3194 5480 inter
3231 5443 3329 5484 eos
3354 5441 3561 5501 tempe-

1993 5512 2268 5573 ramenti;
2323 5529 2447 5582 qua:
2498 5514 2794 5569 Marcionis
2844 5517 3118 5569 maledicti
3174 5528 3227 5571 et
3283 5523 3559 5579 sociorum

1995 5600 2169 5669 ipsius
2236 5613 2371 5655 senti
2397 5605 2506 5656 mia
2567 5604 2707 5672 :qni
2732 5613 2784 5657 et
2843 5603 3180 5661 affirmarent
3236 5608 3558 5667 Mareiunetn
