4034 6214
482 334 615 394 ifilli

1492 320 1863 381 EUTYCIIII
1892 314 2300 376 ALEXANDR
2316 316 2420 374 [Nl
2468 315 2683 376 PATR.

3597 322 3663 386 10
3688 327 3740 386 :8

479 442 781 513 principem
827 440 1199 511 apostolorum
1239 451 1378 497 esse,
1437 436 1596 488 Petro
1632 429 1884 500 apostolo
1917 429 2056 497 reje-
2091 439 2129 490 Α
2164 425 2489 488 Sabhatum,
2515 427 2704 480 Cibaci
2768 426 2958 479 feriam
3001 426 3238 480 tertiam.
3267 425 3440 483 Natus
3472 440 3555 484 est
3612 446 3750 504 ergo

477 544 588 592 cto.
622 535 722 588 Alii
749 530 1035 606 [denique]
1055 535 1414 584 asseruerunt
1443 523 1784 577 divinitatem
1812 520 2013 574 Christi
2040 537 2052 584 ;

479 643 602 700 quas
631 627 784 681 Pauli
818 623 1051 695 apostoli
1082 619 1356 678 sententia
1388 627 1492 680 est,
1537 630 1633 668 nec
1689 627 1796 667 non
1843 613 2057 681 episco-

479 737 670 792 porum
692 711 1064 774 trecentorum
1094 724 1148 768 et
1176 711 1499 767 octodecim.

549 812 774 868 Auditis
809 812 1051 880 ipsorum
1087 804 1376 860 sententiis
1408 803 1637 856 miratus
1670 809 1755 856 est
1782 800 2056 854 Constan-

479 910 627 959 tinus
658 918 753 958 rex
788 903 933 956 hanc
955 896 1408 968 discrepantiam,
1435 896 1707 964 domoque
1737 893 1869 963 ipsis
1897 906 2053 960 sepo-

483 1000 587 1053 sita
630 997 684 1050 in
714 1011 820 1066 qua
861 995 976 1046 loca
1018 992 1151 1061 ipsis
1191 990 1420 1060 paravit,
1461 987 1861 1057 disputationes
1909 985 2054 1051 ipsos

479 1091 676 1144 habere
702 1088 890 1157 jussit,
922 1094 980 1138 ut
1015 1093 1307 1153 perspecto
1355 1083 1495 1149 apud
1540 1094 1700 1148 quem
1729 1093 1857 1131 vera
1907 1083 2052 1130 esset

480 1184 632 1247 ﬁdes,
677 1184 856 1250 ipsum
909 1186 1252 1247 sequeretur.
1317 1175 1396 1227 Illi
1453 1187 1585 1241 ergo
1624 1180 1926 1225 tercentum
1999 1176 2052 1219 ct

475 1275 781 1331 octodecim
821 1275 873 1325 in
936 1287 1099 1324 unam
1149 1269 1331 1331 tidem,
1399 1281 1674 1335 unamque
1729 1263 2050 1318 sententiain

474 1373 873 1424 consenserunt
923 1363 1308 1432 disputantes,
1366 1359 1474 1413 illis
1524 1356 1865 1428 argumentis
1937 1354 2052 1407 suis

474 1461 784 1529 superiores
841 1462 1162 1512 evaserunt.
1224 1451 1496 1518 lidemqne
1548 1463 1732 1503 veram
1798 1446 2050 1499 deelara.

476 1562 635 1617 runt;
663 1550 855 1618 reliqui
885 1557 1065 1602 autem
1108 1545 1350 1615 episcopi
1396 1541 1690 1597 sententiis
1738 1550 1790 1593 et
1837 1538 2052 1607 religio-

477 1652 636 1704 nibus
665 1648 806 1701 inter
845 1660 902 1699 se
947 1642 1148 1696 diversi
1181 1641 1422 1692 fuerunt.
1465 1636 1576 1689 Rex
1612 1649 1743 1702 ergo
1792 1631 2051 1685 trecentis

474 1753 526 1797 et
557 1739 863 1795 octodecim
917 1735 1188 1804 episcopis
1229 1730 1350 1784 istis
1385 1731 1501 1782 loco
1541 1727 1776 1796 quodam
1833 1722 2052 1792 proprio

2162 519 2641 573 Dnminusnuster
2697 518 2856 574 Jesus
2917 520 3176 576 Christus
3228 523 3498 577 vicesimo
3547 526 3748 594 quinto

2161 612 2246 665 die
2277 613 2491 666 Canuni
2530 613 2755 681 prioris,
2806 614 3000 666 Cibaei
3039 615 3301 668 vicesimo
3328 629 3494 682 nono,
3526 618 3751 689 fuitque

2159 704 2277 758 dies
2298 703 2417 770 ejus
2447 705 2641 757 natalis
2675 704 2804 758 feria
2841 708 3022 760 tertia.
3063 707 3210 760 Diem
3260 724 3411 762 .vero
3477 711 3744 781 baptismi

2160 795 2334 863 ipsius
2388 795 2567 864 reperi
2629 795 2798 849 fuisse
2851 796 2985 864 cycli
3037 798 3234 851 solaris
3265 797 3476 852 decimo
3507 811 3744 868 quarto;

2157 887 2294 956 rycli
2328 887 2537 941 lunaris
2566 887 2781 941 decimo
2820 903 2988 952 nono,
3031 905 3150 942 cum
3187 898 3335 945 esset
3365 902 3556 959 epacte
3609 894 3747 947 Solis

2157 986 2267 1032 tres
2296 989 2348 1034 ct
2377 979 2664 1034 dimidium
2725 990 2779 1035 et
2844 998 2947 1034 una
2977 992 3191 1051 quarta,
3225 984 3366 1037 luna:
3395 1001 3521 1039 vero
3551 988 3590 1009 "
3621 1005 3634 1040 :
3675 1003 3741 1040 ac

2158 1074 2367 1140 primus
2402 1074 2618 1127 Canuui
2653 1075 2976 1142 posterioris
3009 1076 3144 1141 tlies,
3187 1075 3316 1130 feria
3354 1078 3565 1146 quinta,
3592 1095 3742 1132 nien-

2158 1166 2234 1218 sis
2268 1163 2482 1219 Tubahi
2539 1164 2866 1220 Sabbatum.
2897 1165 3027 1221 Fuit
3081 1183 3212 1238 ergo
3269 1169 3538 1237 baptisma
3571 1170 3740 1237 ipsius

2159 1261 2370 1312 iElustre
2394 1260 2478 1313 die
2510 1257 2717 1322 Martis,
2753 1270 2906 1314 sexto
2931 1261 3120 1315 Canuti
3143 1262 3490 1330 posterioris,
3525 1261 3738 1315 Tubahi

2157 1353 2467 1408 undecimo.
2521 1355 2644 1410 Dies
2709 1366 2886 1408 autem
2918 1356 3306 1420 crucifixionis
3339 1358 3512 1426 ipsius
3543 1358 3741 1412 saluti-

2157 1446 2282 1499 ferte
2508 1447 2694 1501 incidit
2725 1450 2773 1500 in
2811 1449 3082 1501 decimum
3122 1464 3321 1503 nonum
3355 1451 3490 1519 cycli
3521 1452 3737 1514 solaris,

2157 1538 2295 1606 cyeli
2351 1554 2478 1592 vero
2549 1539 2756 1592 lunaris
2807 1539 3377 1609 decimumquartum,
3431 1557 3556 1595 curn
3595 1555 3741 1596 esset

2150 1635 2336 1693 cpaete
2379 1624 2515 1679 solis
2557 1634 2766 1693 septem
2811 1643 2935 1680 cum
2979 1627 3231 1694 dimidio,
3277 1629 3422 1684 luna:
3461 1647 3587 1685 vero
3628 1638 3663 1652 "

2150 1726 2203 1769 et
2265 1718 2476 1786 primus
2545 1719 2752 1772 mensis
2813 1720 2978 1784 Adar,
3041 1719 3175 1774 feria
3243 1723 3456 1790 quinta,
3522 1726 3733 1794 primus

475 1845 525 1886 et
568 1832 750 1902 amplo
785 1793 973 1900 parato
1028 1827 1145 1895 ipse
1191 1825 1242 1876 in
1295 1838 1484 1874 eorum
1541 1819 1718 1874 medio
1781 1816 2049 1877 consedit,
2087 1793 2123 1842 Β
2151 1821 2332 1863 autem
2376 1812 2582 1865 mensis
2626 1811 2922 1866 Boi-malnat
2963 1813 3097 1868 feria
3139 1815 3349 1883 prima,
3411 1827 3463 1870 et
3513 1816 3733 1872 Iuda-o-

475 1937 810 1994 acccptaque
841 1920 1129 1981 annulum,
1157 1915 1397 1984 gladium
1458 1922 1511 1965 et
1555 1919 1831 1980 sceptrum
1892 1922 2052 1962 suum

479 2018 611 2085 ipsis
633 2013 877 2074 tradidit,
898 2008 1272 2077 dicensipsis:
1301 2004 1465 2059 Vobis
1493 2004 1652 2057 hodie
1679 2002 1733 2056 in
1763 2001 2050 2068 imperium

481 2123 658 2161 meum
691 2112 1013 2175 poteStatem
1051 2101 1322 2161 concessi,
1355 2107 1410 2150 ut
1449 2098 1501 2150 in
1531 2111 1596 2149 eo
1641 2093 1807 2165 444
1843 2091 2052 2144 faciatis

477 2197 741 2268 quidquid
779 2195 956 2249 facere
991 2193 1148 2247 vobis
1184 2191 1403 2260 expedit
1455 2202 1643 2242 eorum
1675 2200 1795 2255 qua!
1819 2183 1884 2237 ad
1921 2184 2052 2236 reli.

477 2294 690 2360 gionem
721 2289 823 2344 rite
870 2285 1253 2342 stabiliendam
1301 2291 1358 2337 et
1409 2281 1648 2335 fidelium
1704 2276 2051 2332 commodum

477 2390 738 2455 spectant.
770 2380 876 2445 Illi,
906 2379 1014 2449 regi
1042 2376 1430 2431 benedicentes
1455 2382 1506 2426 et
1533 2371 1710 2440 ipsum
1737 2368 1916 2438 gladio
1953 2380 2052 2421 suo

478 2479 792 2539 cinxerunt,
823 2472 1069 2527 dicentes
1109 2487 1121 2521 :
1166 2467 1353 2521 Fidem
1416 2463 1772 2518 cbristianam
1834 2458 2050 2526 publice

479 2565 826 2638 profitearis,
900 2576 1128 2629 eamque
1207 2569 1537 2627 propugnes.
1611 2551 2053 2619 Composneruut

476 2664 637 2715 etiam
672 2661 776 2730 ipsi
831 2659 1002 2712 libros
1025 2651 1440 2723 .quadraginta,
1472 2647 1564 2716 qui
1631 2644 2054 2700 constitutiones

475 2765 528 2810 et
560 2756 704 2825 leges
743 2751 1088 2806 continerent
1129 2765 1142 2799 ε
1178 2758 1406 2814 quarunt
1443 2742 1566 2794 alia:
1595 2739 1724 2808 quid
1763 2737 1874 2800 regi
1911 2737 2054 2789 scire

477 2854 529 2899 ct
567 2844 746 2898 facere
769 2839 1051 2909 expediret
1089 2829 1466 2907 ['locueruntJ
1495 2830 1614 2884 alia:
1647 2829 1775 2898 quid
1833 2827 1900 2880 ab
1941 2827 2056 2891 epi-

490 2936 692 3004 scopis,
728 2947 791 2988 cx
846 2933 914 2986 iis
956 2944 1075 2998 qum
1131 2929 1182 2981 in
1217 2925 1349 2994 ipsis
1398 2923 1787 2992 comprehensa
1847 2929 2050 2978 essent,

481 3027 595 3080 ticti
627 3025 867 3079 deceret.
899 3019 1128 3075 Concilii
1162 3019 1417 3088 princeps
1457 3023 1512 3068 et
1536 3027 1739 3080 prmses
1769 3018 1887 3064 erat
1927 3009 2054 3062 Ale-

483 3120 690 3173 XltlltiCI'
723 3114 1030 3186 patriarcha
1085 3110 1509 3168 Alexandrinus.
1545 3117 1598 3160 et
1632 3105 1778 3176 [cum
1809 3101 1898 3174 eo]
1942 3103 2052 3155 Eu-

483 3213 722 3267 stathius
759 3209 1067 3279 patriarcha
1100 3205 1494 3267 Antiochenus,
1528 3209 1582 3252 et
1643 3199 1910 3252 Macarius
1942 3197 2054 3263 epi-

481 3320 677 3375 scopus
713 3302 1028 3371 IIieroso'yn
1053 3299 1254 3362 itantts,
1300 3296 1574 3366 Sylvester
1620 3291 1922 3360 patriarcha
1949 3291 2059 3344 Ro-

483 3413 674 3451 manus
729 3396 944 3446 nomine
982 3406 1083 3444 suo
1117 3388 1254 3441 duos
1307 3388 1456 3439 misit
1507 3382 1834 3440 sacerdotes.
1887 3396 2052 3431 unum

484 3489 702 3550 nomine
727 3485 1028 3546 Victorem,
1072 3483 1301 3534 alterum
1339 3477 1668 3537 Viccntium,
1698 3474 1786 3541 qui
1832 3475 1882 3524 in
1941 3472 2054 3524 Arii

483 3579 872 3645 sociorumque
927 3574 1102 3643 ipsius
1141 3566 1764 3622 excommunirationem
1826 3577 2058 3616 consen-

485 3678 708 3731 serunt;
745 3669 1007 3737 ipsisque,
1037 3680 1100 3717 ac
1156 3661 1409 3714 omnibus
1453 3660 1542 3728 qui
1593 3656 1841 3712 eamdem
1891 3655 2055 3725 profi-

485 3769 735 3817 terentur
792 3756 1148 3819 sententiam,
1207 3753 1631 3808 maledixerunt.
1684 3748 1833 3803 Fidei
1889 3748 2053 3802 etiam

483 3853 882 3908 Confessionem
919 3850 1234 3913 ediderunt,
1264 3853 1588 3908 statuentes,
1613 3841 1808 3896 Filium
1834 3857 1864 3895 a
1898 3840 2057 3895 Patre

484 3959 608 4002 alth
659 3943 865 4000 omnia
899 3941 1097 3997 saecula
1149 3939 1391 4010 genitum
1448 3937 1652 4002 fuisse;
1693 3935 2056 4003 cumdemque

485 4039 734 4110 ejusdem
776 4052 901 4092 cum
961 4035 1121 4088 I'atre
1189 4043 1420 4094 naturae,
1476 4031 1810 4084 iocreatum.
1860 4025 2053 4092 Porro,

485 4133 605 4186 urbi
640 4125 1113 4196 Constantinopoli
1138 4122 1510 4195 patriarcham
1547 4119 1911 4189 prafecerunt
1945 4117 2056 4172 Me-

484 4221 825 4290 trophanem.
846 4216 992 4270 Inter
1008 4230 1100 4269 eos
1117 4215 1278 4268 etiam
1300 4209 1550 4266 convenit
1578 4209 1784 4263 Pascha
1805 4208 2057 4262 christia-

487 4327 676 4366 uorum
707 4309 796 4364 die
847 4305 1126 4360 Dominico
1166 4312 1288 4372 post
1330 4298 1639 4353 Judznorum
1671 4295 1878 4352 Pascha
1908 4296 2054 4350 cele-

2153 1919 2272 1956 rum
2322 1903 2529 1957 Paseha
2573 1905 2661 1958 die
2701 1904 2884 1969 Jovis,
2944 1905 3108 1958 Adari
3164 1908 3423 1962 vicesimo
3463 1911 3734 1975 secundo,

2152 1999 2242 2064 qui
2297 1997 2608 2051 Bormahati
2664 2010 2780 2050 erat
2829 1999 3120 2053 vicesimus
3157 2012 3366 2054 sextus.
3422 2001 3598 2070 Atque
3630 2003 3750 2060 hoc.

2156 2092 2362 2144 indicat
2421 2092 2710 2146 Dominum
2751 2090 2941 2146 Jesum
3005 2092 3210 2147 Pascha
3264 2109 3388 2147 cum
3442 2095 3733 2164 discipulis

2147 2185 2270 2254 suis
2311 2183 2619 2238 comedisse
2659 2184 2746 2238 die
2805 2183 2993 2247 Jovis;
3055 2184 3380 2239 crucifixum
3438 2185 3609 2241 fuisse
3647 2189 3737 2242 die

2157 2273 2406 2336 Veneris,
2459 2277 2627 2332 Adari
2681 2277 2946 2332 vicesimo
2992 2280 3176 2344 tertio,
3222 2279 3536 2334 Bormahati
3593 2284 3741 2335 vice-

2154 2367 2293 2421 simo
2324 2367 2591 2436 septimo;
2621 2383 2684 2421 ac
2715 2369 3085 2423 resurrexisse
3143 2371 3231 2424 die
3258 2370 3410 2433 solis,
3462 2370 3628 2423 A-Iari
3658 2372 3738 2424 vi-

2155 2461 2360 2512 cesimo
2393 2461 2610 2529 quinto,
2665 2459 2981 2514 Bormahati
3037 2461 3299 2516 vicesimo
3357 2476 3522 2515 nouo.
3579 2462 3741 2515 Chri-

2157 2553 2355 2606 stianis
2397 2568 2546 2616 vero,
2584 2553 2657 2604 uti
2708 2553 2821 2620 jam
2857 2553 3120 2615 diximus.
3157 2556 3210 2607 in
3239 2569 3392 2608 more
3421 2564 3560 2614 erat,
3592 2563 3744 2623 posts

2156 2660 2318 2712 quam
2356 2643 2674 2712 Epiphania:
2704 2643 2902 2698 festum
2958 2644 3332 2699 celebrassent
3364 2647 3448 2698 die
3472 2648 3740 2709 crastino,

2156 2737 2521 2806 quadraginta
2541 2737 2658 2790 dies
2701 2737 2974 2806 jejunare,
3008 2736 3133 2792 dein
3187 2738 3460 2807 jejunium
3498 2740 3739 2802 solvere,

2156 2845 2398 2898 cumque
2425 2829 2599 2884 Judaei
2654 2830 2869 2884 Pascha
2931 2829 3273 2885 celebrarent
3334 2831 3474 2885 idem
3533 2833 3736 2886 festum

2161 2937 2268 2976 una
2303 2923 2608 2985 celebrare,
2634 2923 2780 2991 quod
2817 2923 2936 2977 dies
2974 2923 3256 2978 Paschalis
3284 2941 3405 2977 eum
3431 2925 3623 2994 jejunii
3653 2941 3744 2978 so-

2166 3015 2375 3068 lutione
2407 3023 2554 3068 erat.
2591 3013 2859 3069 Vetarunt
2893 3027 3074 3070 autern
3107 3018 3256 3086 ipsos
3290 3018 3481 3070 Patres
3511 3019 3742 3071 trecenti

2085 3138 2125 3192 ϐ
2161 3107 2468 3161 octodecim
2515 3108 2618 3162 hoc
2649 3107 2851 3172 facere,
2902 3109 3166 3178 jubentes
3203 3110 3408 3163 Pascha
3465 3109 3741 3163 Christia-

2165 3215 2356 3253 norum
2388 3200 2652 3254 celebrari
2714 3201 2802 3253 die
2842 3199 3148 3264 Doniiuico,
3173 3200 3381 3256 Pascha
3419 3201 3735 3255 Judaeornrn

2164 3292 2410 3362 proxime
2452 3303 2749 3361 sequente:
2784 3294 3246 3362 prohibenteSque
3298 3297 3378 3349 vel
3447 3311 3550 3350 una
3611 3313 3735 3350 cum

2161 3383 2384 3448 Iudaeis,
2420 3385 2658 3438 velante
2691 3387 2840 3454 ipsos
2897 3387 3095 3441 festum
3155 3389 3259 3442 hoc
3309 3405 3488 3458 agere,
3545 3403 3739 3442 verum

2160 3489 2355 3531 curare
2377 3485 2436 3529 ttt
2483 3491 2699 3545 semper
2732 3477 2936 3533 Pascha
2959 3479 3396 3535 Christianorum
3426 3479 3740 3535 Judaaorum

2162 3567 2372 3620 Pascha
2395 3577 2748 3635 sequeretur.

2231 3659 2557 3713 Statuerunt
2585 3661 2748 3714 etiam
2777 3676 2844 3714 ne
2874 3663 3166 3731 cpiscopus
3225 3662 3348 3730 quis
3383 3675 3602 3715 umrem
3631 3661 3736 3714 ha-

2161 3754 2332 3807 beret.
2352 3754 2398 3806 A
2419 3761 2660 3821 tempore
2685 3754 2826 3806 enim
2854 3756 3246 3823 apostolowm,
3274 3769 3443 3822 usque
3469 3756 3533 3804 ad
3553 3756 3742 3807 conci-

2161 3847 2289 3900 liun:
2340 3856 2707 3898 trecentorum
2765 3845 3068 3900 octodecim
3119 3861 3313 3899 uxores
3361 3847 3495 3915 ipsis
3549 3855 3738 3908 erant,

2160 3939 2303 3992 adeo
2325 3947 2383 3990 ut
2413 3937 2456 3990 si
2495 3939 2619 4006 quis
2676 3936 2766 4005 qui
2831 3951 3051 3991 uxorem
3103 3937 3328 3991 dtixerat
3377 3934 3740 4007 ω-ιει

2157 4029 2448 4098 episcopus
2498 4028 2952 4091 constitueretur,
2999 4038 3240 4081 maneret
3275 4029 3390 4095 ipsa
3447 4042 3571 4080 cum
3621 4026 3737 4087 illo,

2160 4134 2336 4187 neque
2382 4119 2452 4172 ab
2498 4133 2584 4172 .eo
2637 4118 2931 4181 recederet,
2964 4117 3209 4186 exceptis
3251 4117 3595 4186 patriarchis.
3625 4117 3744 4172 Illis

2158 4213 2303 4264 enim
2335 4225 2530 4264 uxores
2552 4224 2659 4264 non
2708 4217 2888 4274 erant,
2932 4223 3113 4278 neque
3159 4211 3511 4278 coniugatum
3543 4226 3742 4280 quem-

2163 4318 2326 4369 quam
2365 4301 2428 4354 ad
2467 4317 2666 4356 munus
2699 4301 2830 4356 illud
2863 4303 3256 4370 provehebant.
3291 4301 3456 4356 Porro
3502 4304 3736 4356 Metan-

488 4387 2056 4470 brandum,nequeeodemdieconcurreredebereJudaeo-
2092 4383 2132 4436 D
2161 4396 2279 4457 der,
2320 4393 2587 4446 Achillam
2619 4394 2826 4447 socium
2879 4409 3065 4456 suum,
3103 4399 3192 4463 qui
3246 4406 3371 4449 ante
3424 4396 3594 4465 ipsum
3635 4409 3740 4462 pa-

491 4515 606 4551 rum
639 4508 689 4550 et
730 4493 1154 4549 christianorum
1179 4487 1410 4541 Pascha.
1438 4483 1844 4540 Confirmarnnt
1867 4480 2058 4553 445-

486 4589 646 4664 447
663 4587 823 4643 etiam
845 4585 1113 4638 calculum
1138 4579 1426 4636 Paschalis
1445 4587 1497 4633 et
1516 4577 1710 4646 jejunii
1739 4593 1764 4628 a
1787 4575 2058 4629 Detinetrio

491 4680 798 4750 patriarcha
832 4673 1226 4737 Alexandrino,
1264 4671 1474 4726 Gaiano
1505 4670 1766 4737 episcOpo
1813 4665 2060 4720 Ilieruso-

493 4775 770 4845 tyniitano,
799 4767 1027 4821 Maximo
1056 4763 1360 4832 patriarcha
1383 4760 1742 4820 Autioeheno,
1765 4767 1819 4813 et
1845 4755 2059 4810 Victore

492 4861 796 4936 patriarcha
816 4859 1060 4913 ltotnano
1073 4855 1454 4917 constitutum;
1471 4848 1894 4920 forequejejunii
1915 4846 2056 4915 apud

489 4952 820 5011 christianos
893 4946 1220 5002 solutionem
1285 4944 1480 4998 eodem
1545 4943 1634 4998 die
1687 4957 1798 5011 quo
1849 4939 2058 4994 Pascha

491 5052 756 5120 ipsorum,
783 5041 996 5096 scilicet
1039 5038 1322 5096 Dominieo
1345 5035 1655 5100 Judmoru'm
1695 5032 1900 5088 Pascha
1930 5047 2058 5102 pro-

491 5141 634 5196 xime
663 5141 953 5204 sequente.
980 5131 1159 5201 Inqnit
1211 5128 1340 5183 Said
1403 5127 1626 5182 Patricii
1684 5126 1853 5188 Illius,
1889 5123 2060 5179 medi-

490 5233 626 5286 cinte
654 5226 934 5283 studiosus
963 5241 976 5276 :
1007 5220 1160 5275 Scire
1188 5232 1320 5271 aveo
1347 5231 1460 5285 quo
1489 5215 1578 5270 die
1609 5214 1928 5283 septimana:
1962 5225 2059 5265 na-

492 5335 583 5377 tus
617 5321 688 5375 sit
724 5315 1001 5372 Dominus
1049 5319 1236 5366 noster
1269 5305 1432 5362 Iesus
1466 5305 1744 5369 Christus,
1778 5306 1926 5367 item,
1949 5317 2059 5373 quo

490 5418 578 5471 die
612 5400 1230 5473 crucifixussit,etquoti
1253 5400 1456 5454 fuerint
1486 5396 1760 5461 dicsﬁsti;
1810 5397 1864 5450 in
1919 5395 2059 5450 hanc

493 5507 655 5575 igitur
699 5518 811 5557 rem
847 5509 905 5554 ut
959 5495 1294 5567 inquirerem
1325 5504 1498 5544 annos
1525 5490 1832 5551 revolvens,
1881 5486 2058 5557 reperi

495 5600 670 5662 ipsum
704 5593 1028 5648 duodecimo
1059 5587 1198 5660 cycli
1226 5585 1420 5640 solaris
1443 5590 1632 5637 natum
1666 5581 1838 5637 fuisse
1859 5583 1924 5647 “,
1955 5595 2058 5633 nu-

496 5684 627 5736 tueri
659 5686 794 5754 cycli
847 5685 1077 5741 lunaris.
1135 5679 1414 5746 fuisseque
1454 5684 1569 5729 tum
1628 5684 1879 5742 epaetuin
1925 5675 2058 5728 solis

496 5787 686 5835 unum,
737 5774 901 5826 Luna:
941 5774 1146 5837 vero“,
1175 5771 1405 5841 primum
1445 5767 1652 5824 Canuni
1694 5766 1890 5838 prioris
1920 5766 2057 5819 dietn

2169 4484 2411 4537 triareha
2447 4483 2855 4538 Alexandrinus
2912 4485 3114 4548 fuerat,
3168 4486 3234 4540 de
3270 4487 3442 4555 gradu
3509 4485 3745 4556 patriar-

2164 4577 2309 4630 chali
2341 4574 2565 4643 dejeeit,
2593 4575 2721 4643 quia
2752 4575 2881 4629 Ario
2918 4586 3138 4645 recepto
3184 4584 3387 4630 ‘contra
3442 4579 3582 4632 Petri
3641 4594 3746 4647 pa-

2164 4665 2420 4722 triarcha:
2457 4664 2817 4719 Alexandrini
2852 4665 3172 4720 mandatum
3210 4666 3432 4721 fecerat.
3471 4668 3549 4722 Illi
3606 4685 3744 4724 vero

2163 4757 2397 4813 trecenti
2421 4756 2728 4810 octodecim
2760 4755 2825 4809 ad
2869 4756 2985 4810 loca
3020 4771 3118 4811 sua
3150 4757 3363 4812 honore
3419 4757 3598 4813 atl‘ecti
3637 4774 3744 4813 re-

2161 4850 2421 4914 dierunt;
2485 4849 2646 4917 idque
2707 4862 2853 4902 anno
2913 4849 3263 4903 Constantini
3322 4850 3464 4916 regis
3519 4851 3744 4904 decium

2164 4955 2348 4998 nono-
2391 4940 2518 4994 'I‘ria
2577 4949 2758 4994 autem
2821 4939 3034 4993 decreta
3092 4940 3264 4994 edidit
3316 4940 3743 4997 Constantinus.

2163 5034 2429 5096 Primum,
2467 5045 2524 5088 ut
2563 5033 2860 5089 confractis
2899 5035 3058 5090 idolis
3097 5051 3290 5090 omnes
3319 5050 3508 5090 eorum
3560 5039 3736 5090 culto-

2162 5139 2250 5179 res
2281 5139 2311 5177 e
2338 5126 2516 5178 medio
2545 5126 2882 5178 tollerentur.
2915 5125 3258 5186 Secundum,
3309 5141 3376 5180 ne
3420 5128 3542 5194 quis
3573 5136 3738 5182 nota-

2163 5217 2230 5270 rii
2255 5217 2489 5270 forensis
2524 5215 2702 5269 ofﬁcio
2726 5216 3044 5286 fungeretur
3069 5226 3264 5286 praeter
3288 5217 3735 5273 Christianorum

2165 5306 2392 5368 liberos,
2425 5305 2698 5373 iidemque
2732 5306 3019 5374 praefectus
3051 5317 3106 5360 et
3159 5310 3328 5362 duces
3363 5317 3566 5362 eSsent.
3601 5307 3745 5362 Ter-

2166 5399 2320 5461 tiutn,
2357 5409 2415 5452 ut
2447 5397 2534 5450 die
2569 5397 2875 5464 Passionis,
2898 5406 2952 5453 et
2983 5399 3157 5468 ipsum
3183 5411 3444 5467 sequente.
3485 5403 3572 5453 die
3629 5399 3744 5455 Ve-

2164 5491 2424 5553 neris,ab
2475 5492 2624 5544 omni
2660 5506 2826 5560 opere
2884 5492 3226 5546 abstinerent
3283 5492 3549 5555 homines,
3599 5508 3749 5548 nere

2164 5583 2218 5637 in
2255 5583 2444 5636 iisdem
2472 5584 2718 5651 praelium
2773 5585 2943 5636 ullum
2995 5585 3450 5638 committeretur.
3489 5585 3544 5638 In
3582 5603 3746 5639 nian-

2162 5675 2306 5727 datis
2328 5675 2490 5727 etiam
2525 5675 2671 5727 dedit
2729 5677 3126 5728 Constantinus
3177 5676 3471 5744 imperator
3499 5676 3748 5729 Macario

2163 5770 2413 5838 episcopo
2467 5767 2980 5836 Ilierosolymitano,
3028 5776 3088 5824 ut
3154 5772 3389 5836 sepulcri
3448 5780 3499 5824 et
3553 5771 3746 5826 crucis
