4034 6214
289 277 424 341 1069

1731 285 2130 354 ΑΝΝΑιΕδρ

3420 268 3557 333 1010

285 397 402 449 ‘0‘“!
442 395 802 464 ιιενειίιῖτοιέι,
835 402 888 449 οι
916 397 1183 452 ecclesias
1221 408 1479 454 strueret.
1510 399 1655 454 Dixit
1712 401 1872 472 quin-
1901 404 1946 460 Α
1977 402 2252 474 perierat:
2291 416 2464 457 annos
2512 397 2705 470 viginti
2740 407 2850 454 tres
2909 395 3069 461 sedit,
3116 394 3244 448 dein
3303 399 3556 448 mortuus

284 490 452 542 etiam
504 488 710 542 llclena
759 486 1105 543 Constantini
1140 499 1357 544 mater:
1412 489 1544 550 νυνί
1603 507 1705 562 ego
1764 493 1870 545 itn-

286 596 406 634 ram
443 596 529 634 me
576 579 954 651 Hierosolyma
998 592 1054 634 ιιι
1115 582 1432 652 [ιιιι-(ιιιίεἰιὶε
1480 583 1614 638 locis
1665 585 1872 640 sanctis

289 672 408 741 ipsa
441 671 688 726 :cditiciis
710 687 926 728 ornem.
952 674 1084 729 Cum
1115 691 1244 744 ergo
1276 691 1522 744 magnam
1558 675 1661 745 ipsi
1695 690 1858 746 Opum

287 765 501 833 copiam
531 765 762 836 largitus
797 777 962 833 esset,
986 767 1226 838 profecta
1260 781 1341 822 est
1384 767 1548 842 452
1593 770 1732 839 ipsa,
1768 785 1872 824 una

289 871 412 911 cum
439 855 678 912 Macario
703 860 985 930 episc0po,
1015 859 1388 933 Hierosolyma
1403 862 1470 917 ad
1489 878 1704 917 crucem
1728 880 1875 932 quaa-

293 946 543 1011 rcndam,
576 948 669 1002 ubi
701 951 1020 1004 convocatis
1063 951 1380 1006 Iuda-orum
1415 949 1792 1023 Hierosolyma
1825 963 1878 1006 ct

292 1047 535 1093 montem
569 1039 804 1095 Galilaea:
861 1041 1222 1097 incolentium
1256 1051 1486 1098 centum
1529 1044 1686 1105 viris,
1749 1060 1874 1097 cum

292 1149 359 1186 ex
383 1134 490 1188 illis
527 1133 715 1188 decem
753 1133 1052 1202 elegisset,
1078 1134 1277 1190 deinde
1302 1151 1364 1188 ex
1403 1135 1538 1204 ipsis
1569 1143 1705 1198 tres,
1738 1151 1875 1202 quo-

293 1238 415 1276 rum
449 1223 538 1276 uni
579 1238 774 1277 nomen
834 1221 1028 1288 Judas,
1062 1225 1274 1293 rogavit
1314 1235 1373 1279 ut
1427 1225 1532 1295 ipsi
1595 1227 1712 1280 loca
1755 1241 1878 1280 sau-

294 1324 383 1370 cta
416 1316 762 1381 indicarent;
799 1315 875 1370 illi
920 1331 1052 1372 vero
1092 1315 1430 1381 abnuerunt,
1488 1316 1737 1372 dicentes
1773 1317 1875 1371 sibi

296 1408 477 1462 lucum
512 1415 702 1462 notum
761 1424 872 1465 non
901 1424 1050 1475 esse;
1111 1424 1284 1480 quare
1337 1410 1486 1480 ipsos
1546 1411 1600 1464 in
1656 1419 1876 1479 puteum

297 1517 438 1571 aqua
465 1517 700 1556 vacuum
737 1501 995 1573 conjecit,
1049 1503 1140 1558 ubi
1175 1518 1296 1558 cum
1333 1511 1543 1573 septem
1577 1504 1695 1559 dies
1752 1519 1879 1573 per-

301 1584 636 1647 mansissent
688 1591 825 1646 nihil
867 1593 1094 1648 edentes
1129 1595 1209 1648 vel
1246 1593 1517 1658 bibentes,
1576 1593 1714 1648 dixit
1771 1605 1877 1649 ter-

301 1686 411 1739 tius
442 1683 534 1739 ille
583 1685 806 1739 nomine
863 1683 1033 1740 Judas
1091 1687 1260 1741 sociis
1319 1687 1475 1742 suis:
1516 1685 1677 1740 Pater
1724 1702 1879 1740 meus

301 1778 421 1832 loca
446 1775 561 1838 illa,
597 1761 719 1844 qua:
748 1777 976 1845 inquirit
1009 1777 1205 1834 mulier
1251 1778 1379 1841 ista,
1434 1778 1562 1832 mihi
1597 1778 1880 1840 indicavit,

302 1883 477 1938 caque
511 1869 654 1938 patri
715 1884 816 1925 suo
873 1871 941 1924 ab
1001 1886 1105 1925 avo
1157 1871 1397 1926 indicata
1461 1871 1649 1928 fuisse.
1692 1872 1884 1926 Excla-

305 1970 518 2016 mantes
549 1976 678 2031 ergo
721 1962 916 2032 reliqui
969 1961 1104 2026 duo,
1166 1977 1290 2016 cum
1345 1980 1374 2018 e
1427 1974 1592 2032 puteo
1653 1963 1880 2018 extracti

303 2050 564 2117 fuissent,
600 2051 816 2107 Helena:
849 2063 1174 2117 narrarunt,
1207 2053 1338 2123 quid
1394 2054 1531 2124 ipsis
1561 2065 1884 2110 narraverat

301 2142 498 2200 Judas:
530 2145 701 2211 Quem
735 2161 859 2200 cum
907 2146 1088 2218 ﬂagris
1144 2148 1277 2204 caedi
1341 2147 1625 2218 iussisset,
1663 2149 1883 2205 confes-

303 2252 400 2291 sns
432 2245 516 2291 est
551 2237 639 2290 ille
687 2252 746 2292 se
787 2239 965 2292 locum
1019 2253 1221 2305 nosse;
1281 2239 1669 2310 profectusque
1709 2227 1884 2295 donec

307 2327 376 2382 ad
408 2329 527 2383 loca
567 2329 657 2383 ubi
694 2341 881 2386 essent
937 2333 1250 2397 sepulcrum
1305 2343 1359 2387 ct
1412 2335 1658 2388 cranium
1699 2351 1882 2401 perve-

308 2421 545 2486 nissent,
577 2420 701 2491 (fuit
731 2430 911 2476 autem
949 2421 1102 2477 locus
1156 2423 1398 2478 (imetum
1462 2424 1745 2493 magnum)
1782 2426 1882 2478 ibi-

307 2527 416 2580 que
443 2527 634 2580 preces
668 2511 905 2568 fundens
929 2515 1066 2570 dixit
1101 2533 1112 2569 :
1139 2513 1388 2578 Domine,
1412 2519 1454 2570 si
1483 2515 1648 2569 fuerit
1683 2518 1734 2570 in
1765 2517 1883 2570 loco

311 2604 416 2658 isto
445 2604 780 2674 sepulcrum,
814 2603 898 2659 fac
939 2613 998 2658 ut
1053 2613 1322 2659 ueniente
1379 2606 1466 2659 hic
1529 2615 1672 2658 terra
1728 2612 1886 2659 exeat

315 2697 663 2764 funms,quo
697 2696 941 2750 credam.
977 2694 1269 2751 Tremente
1328 2711 1459 2765 ergo
1513 2698 1634 2751 loco
1675 2696 1887 2750 exicnte

307 2787 434 2842 inde
471 2785 622 2842 fumo
653 2787 1027 2853 suaveolente,
1057 2788 1310 2844 credidit.
1347 2789 1594 2858 Cumque
1623 2788 1885 2857 jussisset

307 2883 511 2937 Helena
539 2882 716 2937 locum
751 2882 970 2948 pulvere
1025 2882 1246 2945 nudari,
1283 2893 1668 2952 apparuerunt
1706 2886 1886 2952 sepul-

306 2991 460 3031 crum
505 2983 560 3028 et
597 2975 844 3028 cranium
883 2991 897 3027 :
941 2983 996 3028 at
1025 2973 1201 3029 tribus
1257 2974 1330 3028 ibi
1392 2977 1652 3030 crucibus
1712 2993 1889 3046 repet»

1973 508 2077 554 est.
2104 502 2263 552 Anno
2303 496 2471 570 456
2512 495 2722 565 imperii
2758 491 3006 563 ejusdem
3061 489 3328 544 vicesimo
3381 487 3546 541 tertio

1975 598 2224 643 mortuus
2252 596 2334 642 est
2363 585 2744 654 Metrophanes
2791 579 3102 654 patriarcha
3170 575 3559 632 Constantino-

1976 682 2262 756 politanus
2293 696 2416 736 cum
2455 690 2567 734 tres
2615 692 2790 733 annos
2830 674 3152 729 cathedram
3212 676 3556 737 occupasset,

1978 776 2266 844 factusque
2329 780 2411 828 est
2465 781 2586 841 post
2640 771 2819 840 ipsum
2885 764 3196 825 Alexander
3247 760 3558 831 patriarcha

1975 868 2655 938 Constantinopolitanus.
2702 865 2794 933 qui
2835 870 2960 917 octo
3011 873 3184 914 annos
3225 855 3401 921 sedit,
3439 854 3559 907 dein

1979 953 2232 1015 mortuus
2266 966 2372 1014 est.
2407 956 2581 1012 Porro
2636 955 2914 1012 Eusebius
2962 949 3295 1007 Nicomediae
3350 946 3565 1016 cpisco-

1980 1073 2081 1126 pus
2113 1066 2166 1110 et
2196 1057 2385 1110 socius
2422 1053 2622 1125 ipsius,
2673 1053 3005 1121 quibnsuna
3037 1063 3159 1103 cum
3214 1045 3344 1098 Ario
3393 1041 3566 1095 male-

1980 1149 2236 1201 dixerunt
2271 1147 2500 1202 trecenti
2532 1155 2586 1200 et
2637 1143 2967 1206 octodecim,
3008 1141 3075 1196 ad
3136 1137 3563 1193 Constantinum

1983 1239 2308 1295 accedentes
2340 1254 2498 1308 Opem
2549 1238 2725 1306 ipsius
2770 1236 3160 1304 implorarunt,
3218 1235 3476 1300 rogantes
3509 1236 3569 1279 ut

1982 1332 2220 1400 receptis
2253 1331 2389 1400 ipsis
2447 1329 2891 1385 maledictionem
2944 1325 3155 1379 irritam
3207 1311 3454 1375 faceret:
3508 1334 3570 1374 se

1983 1427 2252 1496 siquidem
2291 1425 2423 1479 Ario
2453 1424 2677 1492 ejusque
2730 1420 3057 1476 sententiam
3103 1413 3368 1484 amplexis
3396 1411 3569 1466 male-

1983 1522 2187 1586 dicere,
2215 1521 2577 1580 eamdemque
2623 1530 2786 1585 quam
2847 1511 3078 1566 trecenti
3129 1506 3435 1563 octodecim
3490 1504 3566 1556 illi

1985 1614 2140 1666 fidem
2173 1611 2437 1681 proliteri.
2467 1607 2722 1676 lteceptis
2753 1620 2884 1673 ergo
2930 1601 3066 1671 ipsis
3089 1615 3186 1655 rex
3230 1594 3569 1651 maledictio-

1986 1716 2109 1754 uem
2139 1699 2386 1764 sustulit,
2410 1705 2464 1751 et
2501 1694 2797 1750 Eusebium
2833 1688 3312 1745 Nicomediensem
3349 1699 3569 1740 assmu-

1989 1802 2140 1864 ptnm
2187 1788 2562 1861 patriarcham
2613 1778 3099 1852 Constantinopoli
3143 1777 3411 1849 prml'ecit.
3469 1773 3575 1829 lle-

1990 1888 2108 1941 lena
2131 1893 2312 1938 autem
2349 1883 2516 1937 misso
2575 1879 2715 1933 duce
2779 1877 3016 1948 quodam
3069 1873 3256 1926 multis
3301 1870 3574 1924 instructo

1989 1978 2206 2048 opilms,
2254 1975 2542 2030 ecclesiam
2563 1970 2750 2024 'Rohm
2783 1967 3079 2050 exstruxit,
3103 1965 3212 2027 cui,
3235 1971 3366 2018 utet
3400 1960 3582 2017 cccler

1989 2068 2087 2122 siis
2114 2064 2508 2135 Hierosolymis
2537 2059 2862 2120 exstructis,
2901 2073 3024 2111 cum
3059 2056 3224 2110 finem
3281 2051 3576 2121 imposuis-

1988 2163 2131 2220 sent,
2165 2149 2480 2210 consecrari
2549 2165 2644 2205 eas
2700 2149 2873 2202 voluit
2929 2147 3250 2214 imperator,
3293 2156 3455 2212 quem
3517 2139 3570 2192 in

1993 2249 2150 2302 tinem
2180 2244 2475 2300 Eusebium
2501 2241 2870 2312 patriarcham
2903 2235 3571 2304 Constantinopolitanum

1991 2340 2362 2410 Hierosolyma
2402 2336 2670 2408 proticisci
2699 2335 2887 2403 jussit,
2939 2331 3126 2396 ibique
3187 2329 3572 2397 episcoporum

1991 2434 2282 2487 concilium
2314 2432 2554 2485 indicere
2581 2437 2636 2480 ιιι
2677 2429 2918 2480 locorum
2970 2419 3370 2476 consecrationi
3404 2419 3576 2473 intrr-

1989 2538 2192 2583 esscnl.
2263 2524 2601 2594 Scripsitque
2665 2516 3063 2575 Constantinus
3137 2517 3436 2583 imperator
3507 2511 3573 2566 ad

1991 2619 2352 2674 Athanasium
2385 2613 2752 2684 patriarcham
2799 2607 3238 2664 Alexandrinum
3280 2612 3339 2656 ut
3371 2611 3424 2657 et
3459 2603 3574 2670 ipse

1992 2708 2323 2764 dedicationi
2359 2707 2447 2759 isti
2490 2705 2798 2765 interesset,
2838 2709 2897 2753 ut
2948 2699 3094 2752 dicto
3156 2709 3257 2749 suo
3309 2695 3576 2760 obseque-

1991 2812 2162 2865 retur,
2191 2815 2291 2855 nec
2318 2799 2364 2853 ei
2386 2793 2749 2878 aSj-ﬁ59
2771 2793 3180 2862 immorigerum
3208 2803 3266 2843 se
3291 2787 3572 2878 praeberet,

1996 2909 2248 2948 monens.
2278 2891 2467 2958 Nepoti
2489 2877 2659 2942 etiam
2694 2901 2816 2950 suo,
2843 2885 2932 2939 cui
2976 2896 3174 2938 nomen
3214 2877 3572 2939 Delmatinus,

1997 2990 2047 3040 in
2079 2986 2351 3040 mandatis
2384 2985 2554 3041 dedit.
2603 2991 2660 3035 ut
2696 2980 3003 3035 concilium
3030 2975 3163 3030 illud
3191 2974 3384 3039 adiret,
3414 2979 3576 3041 atque

307 3071 399 3134 tis,
425 3070 712 3135 Quomodo
737 3069 937 3139 (inquit
971 3068 1605 3142 llr-lena)dignoscemus
1634 3089 1882 3138 quamam
1915 3115 1958 3174 α
1997 3082 2049 3133 in
2089 3080 2224 3133 urbe
2262 3077 2405 3147 Tyro
2443 3084 2712 3129 maneret.

308 3161 550 3232 ipsarum
571 3176 702 3216 crux
717 3161 920 3217 Christi
941 3161 1126 3218 fuerit?
1147 3163 1320 3232 Prope
1339 3173 1518 3217 autem
1532 3162 1890 3237 $53-$55

317 3255 452 3323 ipsis
485 3253 662 3307 adfuit
698 3253 922 3320 quidam
962 3254 1152 3306 morbo
1201 3254 1492 3307 admodum
1526 3256 1677 3324 gravi
1736 3253 1889 3309 labo-

314 3362 444 3400 rans
480 3346 621 3400 adeo
659 3355 718 3400 ut
751 3345 899 3400 nulla
956 3347 1152 3399 salutis
1206 3360 1332 3415 spes
1389 3346 1495 3415 ipsi
1555 3358 1886 3414 superesset,

317 3439 407 3492 cui
438 3439 704 3508 impositae
733 3426 928 3494 cruces
984 3439 1155 3507 prima
1188 3447 1239 3493 et
1297 3441 1536 3493 secunda
1580 3439 1716 3491 nihil
1769 3455 1892 3506 pro-

324 3533 578 3593 luerunt;
629 3531 1035 3599 quamprimum
1086 3541 1270 3584 autem
1310 3531 1468 3584 tertia
1532 3531 1638 3600 ipsi
1674 3534 1889 3586 admota

317 3621 443 3684 fuit,
469 3621 707 3674 surrexit
732 3629 969 3691 :egrotus
989 3621 1180 3674 morbo
1211 3636 1313 3674 suo
1343 3623 1558 3688 penitus
1606 3623 1889 3687 liberatus,

315 3727 380 3766 ac
416 3712 636 3767 sanitati
671 3716 975 3768 restitutus.
1010 3711 1164 3766 Unde
1189 3713 1337 3765 novit
1383 3712 1582 3767 Helena
1615 3731 1734 3770 eam
1783 3716 1890 3768 Do-

323 3806 456 3858 mini
492 3807 666 3860 nostri
709 3805 936 3869 Christi,
971 3821 1076 3858 non
1113 3805 1236 3858 sine
1289 3805 1643 3859 veneratione
1694 3823 1893 3862 memo-

316 3898 475 3951 randi
505 3937 520 3961 ,
553 3912 770 3951 crucem
831 3896 1024 3952 fuisse.
1075 3895 1251 3962 Quam
1302 3912 1433 3966 ergo
1487 3898 1658 3952 thecae
1715 3913 1893 3953 aurea!

317 3989 626 4058 impositam
678 4003 864 4043 secum
908 3989 1208 4057 asportavit
1244 4006 1258 4050 ;
1294 3999 1347 4043 et
1379 3995 1747 4059 quodcunque
1795 3990 1895 4044 Do-

318 4081 468 4135 mino
498 4093 686 4136 nostro
707 4081 930 4136 Christo
985 4081 1331 4135 reconditum
1367 4081 1546 4138 fuerat
1599 4083 1665 4137 ad
1723 4084 1889 4139 ﬁlium

315 4189 476 4228 suum
511 4173 936 4229 Constantinum
968 4175 1218 4230 abduxit.
1269 4174 1684 4246 Exstructisque
1716 4180 1888 4233 eccle-

315 4266 396 4320 sia
431 4266 901 4332 Resurrectionis,
934 4279 986 4322 et
1014 4270 1201 4322 cranio
1252 4268 1306 4324 et
1338 4270 1570 4326 ecclesia
1621 4271 1892 4326 Constan-

318 4360 418 4414 tini
452 4376 669 4416 reversa
695 4370 800 4425 est,
849 4362 1002 4430 iusso
1034 4360 1278 4416 Macario
1317 4363 1577 4432 episcopo
1628 4364 1889 4418 Hieroso-

320 4453 580 4522 lymitano
614 4455 848 4523 reliquas
871 4454 1132 4508 ecclesias
1157 4463 1467 4509 exstruere.

389 4541 615 4596 Factum
648 4552 732 4597 est
772 4545 1044 4599 hocauno
1085 4543 1297 4612 imperii
1345 4544 1693 4612 Constantini
1747 4544 1892 4596 vice-

318 4634 458 4687 simo
484 4635 746 4688 secundo.
799 4635 969 4689 Porro
1022 4651 1048 4688 a
1106 4645 1234 4689 nato
1284 4635 1511 4690 Domino
1555 4635 1776 4689 Christo
1825 4635 1891 4688 ad

318 4728 688 4782 inventionem
732 4729 915 4783 crucis
953 4729 1080 4781 anni
1135 4729 1356 4782 fuerunt
1414 4729 1642 4783 trecenti
1700 4728 1891 4798 viginti

316 4829 463 4874 octo.
516 4821 672 4875 Anno
744 4831 922 4875 autem
991 4821 1201 4889 imperii
1239 4820 1581 4876 Constantini
1631 4822 1893 4875 vicesimo

319 4915 500 4980 primo
530 4914 867 4969 constitutus
905 4924 987 4968 est
1033 4913 1372 4967 Athanasius
1425 4914 1738 4981 patriarcha
1781 4916 1894 4968 Ale-

319 5007 646 5071 xandrinus,
686 5008 778 5076 qui
808 5007 1043 5075 scriptor
1106 5006 1253 5060 fuit:
1303 5021 1477 5059 annos
1534 5009 1893 5076 quadraginta

324 5114 420 5152 sex
480 5094 644 5152 sedit.
690 5102 846 5151 Anno
906 5099 1120 5168 imperii
1181 5099 1354 5167 ipsius
1422 5099 1684 5154 vicesimo
1732 5103 1894 5156 tertio

321 5191 658 5245 consumtus
690 5202 773 5246 est
809 5191 1057 5246 Valerius
1125 5192 1436 5261 patriarcha
1495 5193 1893 5259 Antiochenus,

320 5281 413 5332 «ui
451 5296 624 5335 annos
680 5284 928 5338 undecim
989 5284 1152 5347 sedit,
1209 5285 1406 5340 deinde
1464 5295 1712 5343 mortuus
1762 5302 1894 5343 est:

323 5374 562 5430 Ariai-us
594 5376 713 5432 fuit.
747 5379 904 5432 Anno
952 5377 1201 5447 ejusdem
1237 5377 1497 5432 vicesimo
1553 5395 1695 5435 nono
1726 5380 1901 5436 factus

321 5475 407 5521 est
441 5466 807 5524 Maximianus
856 5470 1148 5538 episcopus
1200 5467 1756 5540 l—lierosolymitanns,
1820 5477 1901 5526 vir

328 5560 656 5623 humilis,ct
712 5561 798 5614 cui
829 5561 1024 5616 oculus
1079 5560 1268 5616 dexter
1325 5569 1571 5630 tempore
1617 5564 1899 5620 seditionis

401 5745 418 5774 ⁷
454 5743 610 5798 Joan.
646 5762 683 5810 ι,
717 5745 748 5798 5
782 5760 901 5814 sqq.

1926 4451 1970 4506 Ι)
2001 4459 2298 4513 Eumenius
2339 4475 2351 4510 :

2065 3170 2197 3226 Cum
2252 3184 2381 3236 ergo
2417 3167 2482 3221 de
2513 3165 2931 3220 consecratione
2986 3163 3128 3217 inter
3162 3162 3313 3230 ipsos
3360 3175 3575 3214 conveo

1994 3269 2191 3330 uisset,
2223 3262 2602 3333 Hierosolyma
2638 3259 2945 3318 tendentes,
2981 3257 3034 3309 in
3071 3254 3205 3308 urbe
3254 3251 3400 3322 Tyro
3435 3265 3575 3307 con-

1995 3359 2199 3430 gregati
2230 3364 2388 3419 sunt;
2423 3353 2513 3408 ubi
2542 3351 2835 3407 adfuerunt
2863 3346 3230 3401 Maximianus
3253 3342 3577 3398 Monoculus

1995 3445 2882 3525 cpiscopus.Hierosolymitanus,
2936 3439 3276 3494 Athanasius
3339 3437 3576 3503 patriar-

1995 3543 2096 3595 cha
2123 3537 2551 3600 Alexandrinus,
2581 3533 2834 3589 Valerius
2869 3529 3178 3600 patriarcha
3203 3527 3578 3583 Antiochenns

2001 3650 2124 3688 cum
2185 3629 2458 3702 episcopis
2512 3625 2888 3695 compluribus
2945 3634 3254 3693 magnaque
3289 3619 3575 3674 hominum

1998 3724 2369 3779 multitudine.
2421 3719 2547 3774 Fuit
2591 3719 2792 3774 ibidem
2843 3719 2895 3770 in
2948 3715 3184 3769 concilio
3214 3711 3441 3783 quidam
3485 3725 3581 3765 no-

2000 3821 2143 3872 mine
2175 3814 2498 3876 Enmenius,
2533 3825 2751 3880 unaque
2794 3824 2917 3863 cum
2969 3809 3088 3877 ipso
3117 3808 3303 3877 plures
3329 3806 3420 3874 qui
3466 3805 3578 3857 Arii

1999 3907 2328 3965 sententiam
2373 3903 2866 3972 amplectebantur.
2901 3898 3204 3952 Subinnuit
3248 3912 3380 3966 ergo
3414 3894 3580 3949 Euse-

2000 4001 2114 4054 bius
2156 3995 2468 4068 patriarcha
2514 3989 3160 4058 Constantinopolitanus
3212 3986 3477 4040 Eumenio
3523 3993 3580 4039 ut

1998 4089 2349 4160 quaestionem
2375 4086 2670 4140 Athanasio
2703 4082 3028 4154 patriarchae
3056 4078 3430 4134 Alexandrino
3459 4073 3579 4130 mo-

1997 4191 2165 4238 vcret.
2205 4179 2478 4236 Eusebius
2510 4176 2806 4246 siquidem,
2833 4174 2933 4228 etsi
2971 4171 3039 4225 ad
3091 4184 3272 4240 regem
3328 4182 3582 4223 reversus

2001 4274 2282 4344 professus
2333 4280 2478 4327 esset
2520 4286 2578 4324 se
2620 4268 2748 4323 Ario
2793 4265 3154 4328 contrarium,
3201 4262 3343 4318 idem
3396 4269 3577 4316 tamen

2000 4383 2122 4421 cum
2183 4367 2274 4419 illo
2330 4363 2620 4421 sentiebat,
2673 4371 2836 4429 atque
2883 4358 3188 4414 asserebat.
3255 4355 3407 4408 Dixit
3447 4369 3580 4424 ergo

2404 4456 2520 4510 Non
2579 4455 2866 4510 amrmavit
2920 4453 3086 4508 Arius
3143 4450 3430 4507 Christum
3491 4463 3582 4502 res

2003 4563 2242 4609 creasse.
2300 4563 2513 4610 verum,
2565 4563 2658 4617 per
2718 4546 2891 4614 ipsum
2948 4558 3038 4598 res
3091 4541 3266 4598 fuisse
3322 4551 3579 4594 creatas:

2003 4644 2178 4712 ipsum
2209 4642 2353 4696 enim
2384 4639 2620 4695 Verbum
2653 4653 2776 4692 esse
2802 4637 2896 4690 Dei
2930 4652 3052 4706 quo
3075 4644 3260 4691 creata
3305 4641 3434 4689 sunt
3466 4646 3582 4686 co:-

2005 4733 2116 4787 lnm
2147 4738 2201 4787 et
2230 4739 2373 4786 terra
2410 4748 2421 4784 :
2457 4743 2675 4785 creasse
2712 4729 2856 4783 enim
2895 4717 3062 4782 Deum
3094 4733 3202 4782 res”
3224 4740 3318 4794 per
3340 4723 3579 4778 Verbum

2005 4841 2187 4890 suum,
2222 4834 2273 4879 at
2300 4823 2537 4878 Verbum
2591 4823 2708 4886 ejus
2758 4836 2844 4873 res
2885 4820 3021 4874 istas
3067 4833 3174 4871 non
3223 4817 3444 4871 creasse
3481 4830 3497 4869 :
3529 4827 3580 4867 ct

2005 4917 2148 4972 sicut
2171 4915 2309 4969 dixit
2331 4911 2861 4966 DominusChristus
2889 4911 2942 4962 in
2965 4907 3284 4978 Evangelia,
3313 4905 3380 4961 Et
3403 4907 3582 4960 omnia

2004 5025 2094 5078 per
2142 5009 2314 5077 ipsum
2347 5009 2577 5077 fuerunt,
2608 5017 2656 5058 et
2687 5006 2799 5056 sine
2830 5005 2940 5071 ipso
2989 5019 3092 5056 non
3134 5004 3237 5071 fuit
3269 5002 3578 5072 quidquam,

2007 5118 2188 5154 eorum
2220 5117 2338 5169 qum
2373 5101 2608 5169 fuerunt.
2657 5098 2950 5162 Dixitque:
2984 5096 3086 5149 Per
3131 5097 3303 5164 ipsum
3340 5095 3445 5162 fuit
3472 5093 3579 5146 rita

2001 5205 2046 5247 et
2082 5194 2187 5247 rita
2228 5193 2322 5246 tua:
2351 5202 2463 5246 erat
2483 5191 2770 5244 hominum.
2801 5186 2929 5244 Item
2967 5207 2980 5242 :
3023 5188 3083 5242 In
3129 5187 3330 5241 mundo
3361 5187 3487 5256 fuit,
3533 5195 3582 5237 et

2006 5287 2232 5340 mundus
2265 5285 2429 5358 460
2459 5302 2550 5354 per
2582 5287 2752 5353 ipsum
2793 5283 2968 5352 [actus
3003 5292 3077 5337 est
3106 5291 3151 5337 ⁸.
3215 5280 3422 5334 Retulit
3450 5294 3580 5348 ergo

2003 5395 2090 5434 res
2125 5395 2217 5448 per
2264 5378 2441 5448 ipsum
2502 5376 2672 5431 factas
2725 5375 2916 5434 fuisse,
2969 5381 3079 5426 non
3128 5380 3308 5424 autem
3363 5369 3427 5422 ub
3461 5370 3580 5438 ipso

2001 5473 2172 5526 tactas
2207 5487 2359 5526 esse:
2398 5469 2542 5532 ll:ec,
2589 5468 2795 5534 inquit,
2840 5473 2957 5518 erat
2998 5463 3109 5516 Arii
3162 5463 3455 5521 sententia,
3491 5477 3580 5516 ve-

2001 5580 2119 5618 rum
2155 5563 2384 5618 trecenti
2414 5562 2714 5617 octodecim
2747 5558 2844 5617 illi,
2885 5555 3073 5622 inique
3107 5567 3229 5609 cum
3272 5555 3388 5623 ipso
3416 5571 3581 5623 agen-
