  <div class='ocr_page' id='page_1' title='image "/cluster/home/n/w/nwhite01/storage/ocr_20150623/111/hvd.32044073502288/543.png"; bbox 0 0 4034 6214; ppageno 0'>
   <div class='ocr_carea' id='block_1_1' title="bbox 479 254 1913 354">
    <p class='ocr_par' dir='ltr' id='par_1_1' title="bbox 479 254 1913 354">
     <span class='ocr_line' id='line_1_1' title="bbox 479 254 1913 354; baseline -0.029 -26"><span class='ocrx_word' id='word_1_1' title='bbox 479 254 615 321; x_wconf 77' lang='grc' dir='ltr'><strong>ῙῧῙῙ</strong></span> <span class='ocrx_word' id='word_1_2' title='bbox 1498 254 1913 354; x_wconf 43' lang='grc' dir='ltr'><strong>Ιείυῐῐωιιιὁ</strong></span> 
     </span>
    </p>
   </div>
   <div class='ocr_carea' id='block_1_2' title="bbox 474 340 2132 442">
    <p class='ocr_par' dir='ltr' id='par_1_2' title="bbox 474 340 2132 442">
     <span class='ocr_line' id='line_1_2' title="bbox 474 340 2132 442; baseline -0.022 -14"><span class='ocrx_word' id='word_1_3' title='bbox 474 382 578 434; x_wconf 78' lang='lat' dir='ltr'><strong>les.</strong></span> <span class='ocrx_word' id='word_1_4' title='bbox 626 372 825 442; x_wconf 87' lang='lat' dir='ltr'><strong>injuria</strong></span> <span class='ocrx_word' id='word_1_5' title='bbox 874 370 1030 425; x_wconf 88' lang='lat' dir='ltr'><strong>illum</strong></span> <span class='ocrx_word' id='word_1_6' title='bbox 1081 376 1243 436; x_wconf 89' lang='lat' dir='ltr'><strong>atque</strong></span> <span class='ocrx_word' id='word_1_7' title='bbox 1297 357 1572 416; x_wconf 87' lang='lat' dir='ltr'><strong>immerito</strong></span> <span class='ocrx_word' id='word_1_8' title='bbox 1605 340 2055 406; x_wconf 62' lang='lat' dir='ltr'><strong>cxcommu&#39;nicao</strong></span> <span class='ocrx_word' id='word_1_9' title='bbox 2089 340 2132 393; x_wconf 74' lang='grc' dir='ltr'><strong>Α</strong></span> 
     </span>
    </p>
   </div>
   <div class='ocr_carea' id='block_1_3' title="bbox 475 437 2043 534">
    <p class='ocr_par' dir='ltr' id='par_1_3' title="bbox 475 437 2043 534">
     <span class='ocr_line' id='line_1_3' title="bbox 475 437 2043 534; baseline -0.024 -13"><span class='ocrx_word' id='word_1_10' title='bbox 475 475 624 521; x_wconf 85' lang='lat' dir='ltr'><strong>runt.</strong></span> <span class='ocrx_word' id='word_1_11' title='bbox 651 467 749 521; x_wconf 85' lang='lat' dir='ltr'><strong>Cui</strong></span> <span class='ocrx_word' id='word_1_12' title='bbox 788 464 1066 534; x_wconf 73' lang='lat' dir='ltr'><strong>respondit</strong></span> <span class='ocrx_word' id='word_1_13' title='bbox 1106 453 1440 514; x_wconf 76' lang='lat' dir='ltr'><strong>Athanasius</strong></span> <span class='ocrx_word' id='word_1_14' title='bbox 1465 442 1773 517; x_wconf 73' lang='lat' dir='ltr'><strong>patriarcha</strong></span> <span class='ocrx_word' id='word_1_15' title='bbox 1807 437 2043 491; x_wconf 78' lang='lat' dir='ltr'><strong>Alexan—</strong></span> 
     </span>
    </p>
   </div>
   <div class='ocr_carea' id='block_1_4' title="bbox 476 528 2047 612">
    <p class='ocr_par' dir='ltr' id='par_1_4' title="bbox 476 528 2047 612">
     <span class='ocr_line' id='line_1_4' title="bbox 476 528 2047 612; baseline -0.022 -2"><span class='ocrx_word' id='word_1_16' title='bbox 476 557 673 611; x_wconf 84' lang='lat' dir='ltr'><strong>drinus</strong></span> <span class='ocrx_word' id='word_1_17' title='bbox 709 528 893 612; x_wconf 45' lang='lat' dir='ltr'><strong>:Ario-</strong></span> <span class='ocrx_word' id='word_1_18' title='bbox 918 552 1054 607; x_wconf 91' lang='lat' dir='ltr'><strong>nihil</strong></span> <span class='ocrx_word' id='word_1_19' title='bbox 1105 550 1243 603; x_wconf 81' lang='lat' dir='ltr'><strong>falso</strong></span> <span class='ocrx_word' id='word_1_20' title='bbox 1280 545 1627 610; x_wconf 75' lang='lat' dir='ltr'><strong>impegeruut</strong></span> <span class='ocrx_word' id='word_1_21' title='bbox 1664 528 1902 602; x_wconf 82' lang='lat' dir='ltr'><strong>episcopi</strong></span> <span class='ocrx_word' id='word_1_22' title='bbox 1940 537 2047 579; x_wconf 88' lang='lat' dir='ltr'><strong>tre-</strong></span> 
     </span>
    </p>
   </div>
   <div class='ocr_carea' id='block_1_5' title="bbox 479 622 2049 708">
    <p class='ocr_par' dir='ltr' id='par_1_5' title="bbox 479 622 2049 708">
     <span class='ocr_line' id='line_1_5' title="bbox 479 622 2049 708; baseline -0.022 -4"><span class='ocrx_word' id='word_1_23' title='bbox 479 649 625 704; x_wconf 83' lang='lat' dir='ltr'><strong>centi</strong></span> <span class='ocrx_word' id='word_1_24' title='bbox 686 644 1033 708; x_wconf 76' lang='lat' dir='ltr'><strong>octodecim,</strong></span> <span class='ocrx_word' id='word_1_25' title='bbox 1080 659 1179 697; x_wconf 84' lang='lat' dir='ltr'><strong>nec</strong></span> <span class='ocrx_word' id='word_1_26' title='bbox 1227 637 1424 707; x_wconf 81' lang='lat' dir='ltr'><strong>injuria</strong></span> <span class='ocrx_word' id='word_1_27' title='bbox 1486 632 1661 698; x_wconf 86' lang='lat' dir='ltr'><strong>ipsum</strong></span> <span class='ocrx_word' id='word_1_28' title='bbox 1726 622 2049 679; x_wconf 60' lang='lat' dir='ltr'><strong>affecerunt.</strong></span> 
     </span>
    </p>
   </div>
   <div class='ocr_carea' id='block_1_6' title="bbox 481 719 2051 806">
    <p class='ocr_par' dir='ltr' id='par_1_6' title="bbox 481 719 2051 806">
     <span class='ocr_line' id='line_1_6' title="bbox 481 719 2051 806; baseline -0.021 -9"><span class='ocrx_word' id='word_1_29' title='bbox 481 742 783 797; x_wconf 74' lang='lat' dir='ltr'><strong>Afﬁrmavit</strong></span> <span class='ocrx_word' id='word_1_30' title='bbox 826 740 971 795; x_wconf 88' lang='lat' dir='ltr'><strong>enim</strong></span> <span class='ocrx_word' id='word_1_31' title='bbox 1026 738 1141 806; x_wconf 86' lang='lat' dir='ltr'><strong>ipse</strong></span> <span class='ocrx_word' id='word_1_32' title='bbox 1180 751 1193 787; x_wconf 91' lang='lat'><strong>:</strong></span> <span class='ocrx_word' id='word_1_33' title='bbox 1228 732 1425 785; x_wconf 84' lang='lat' dir='ltr'><strong>Filium</strong></span> <span class='ocrx_word' id='word_1_34' title='bbox 1492 725 1700 792; x_wconf 79' lang='lat' dir='ltr'><strong>absque</strong></span> <span class='ocrx_word' id='word_1_35' title='bbox 1755 719 1914 771; x_wconf 88' lang='lat' dir='ltr'><strong>Patre</strong></span> <span class='ocrx_word' id='word_1_36' title='bbox 1967 727 2051 764; x_wconf 76' lang='lat' dir='ltr'><strong>res</strong></span> 
     </span>
    </p>
   </div>
   <div class='ocr_carea' id='block_1_7' title="bbox 481 809 2055 900">
    <p class='ocr_par' dir='ltr' id='par_1_7' title="bbox 481 809 2055 900">
     <span class='ocr_line' id='line_1_7' title="bbox 481 809 2055 900; baseline -0.022 -9"><span class='ocrx_word' id='word_1_37' title='bbox 481 851 717 891; x_wconf 89' lang='lat' dir='ltr'><strong>creasse.</strong></span> <span class='ocrx_word' id='word_1_38' title='bbox 771 833 925 900; x_wconf 85' lang='lat' dir='ltr'><strong>Quod</strong></span> <span class='ocrx_word' id='word_1_39' title='bbox 955 832 999 885; x_wconf 91' lang='lat' dir='ltr'><strong>si</strong></span> <span class='ocrx_word' id='word_1_40' title='bbox 1038 845 1124 885; x_wconf 87' lang='lat' dir='ltr'><strong>res</strong></span> <span class='ocrx_word' id='word_1_41' title='bbox 1166 843 1195 881; x_wconf 91' lang='lat' dir='ltr'><strong>a</strong></span> <span class='ocrx_word' id='word_1_42' title='bbox 1229 824 1367 882; x_wconf 88' lang='lat' dir='ltr'><strong>Filio</strong></span> <span class='ocrx_word' id='word_1_43' title='bbox 1397 827 1593 878; x_wconf 77' lang='lat' dir='ltr'><strong>creata:</strong></span> <span class='ocrx_word' id='word_1_44' title='bbox 1642 814 1865 877; x_wconf 88' lang='lat' dir='ltr'><strong>fuerint,</strong></span> <span class='ocrx_word' id='word_1_45' title='bbox 1896 809 1966 862; x_wconf 86' lang='lat' dir='ltr'><strong>ita</strong></span> <span class='ocrx_word' id='word_1_46' title='bbox 2000 815 2055 857; x_wconf 87' lang='lat' dir='ltr'><strong>ut</strong></span> 
     </span>
    </p>
   </div>
   <div class='ocr_carea' id='block_1_8' title="bbox 489 899 2055 993">
    <p class='ocr_par' dir='ltr' id='par_1_8' title="bbox 489 899 2055 993">
     <span class='ocr_line' id='line_1_8' title="bbox 489 899 2055 993; baseline -0.019 -16"><span class='ocrx_word' id='word_1_47' title='bbox 489 925 646 980; x_wconf 83' lang='lat' dir='ltr'><strong>Pater</strong></span> <span class='ocrx_word' id='word_1_48' title='bbox 689 925 933 993; x_wconf 83' lang='lat' dir='ltr'><strong>ipsarum</strong></span> <span class='ocrx_word' id='word_1_49' title='bbox 984 926 1200 976; x_wconf 77' lang='lat' dir='ltr'><strong>creator</strong></span> <span class='ocrx_word' id='word_1_50' title='bbox 1233 929 1343 970; x_wconf 91' lang='lat' dir='ltr'><strong>non</strong></span> <span class='ocrx_word' id='word_1_51' title='bbox 1388 912 1489 972; x_wconf 87' lang='lat' dir='ltr'><strong>sit,</strong></span> <span class='ocrx_word' id='word_1_52' title='bbox 1558 912 1820 975; x_wconf 82' lang='lat' dir='ltr'><strong>sequetur</strong></span> <span class='ocrx_word' id='word_1_53' title='bbox 1878 899 2055 966; x_wconf 87' lang='lat' dir='ltr'><strong>ipsum</strong></span> 
     </span>
    </p>
   </div>
   <div class='ocr_carea' id='block_1_9' title="bbox 487 990 2058 1071">
    <p class='ocr_par' dir='ltr' id='par_1_9' title="bbox 487 990 2058 1071">
     <span class='ocr_line' id='line_1_9' title="bbox 487 990 2058 1071; baseline -0.019 -1"><span class='ocrx_word' id='word_1_54' title='bbox 487 1015 618 1070; x_wconf 84' lang='lat' dir='ltr'><strong>nihil</strong></span> <span class='ocrx_word' id='word_1_55' title='bbox 666 1013 889 1068; x_wconf 91' lang='lat' dir='ltr'><strong>omnino</strong></span> <span class='ocrx_word' id='word_1_56' title='bbox 947 1025 1131 1065; x_wconf 85' lang='lat' dir='ltr'><strong>carum</strong></span> <span class='ocrx_word' id='word_1_57' title='bbox 1177 1018 1431 1062; x_wconf 85' lang='lat' dir='ltr'><strong>creasse,</strong></span> <span class='ocrx_word' id='word_1_58' title='bbox 1481 998 1626 1071; x_wconf 89' lang='lat' dir='ltr'><strong>quod</strong></span> <span class='ocrx_word' id='word_1_59' title='bbox 1680 993 1800 1048; x_wconf 82' lang='lat' dir='ltr'><strong>falsi</strong></span> <span class='ocrx_word' id='word_1_60' title='bbox 1854 990 2058 1044; x_wconf 70' lang='lat' dir='ltr'><strong>crimen</strong></span> 
     </span>
    </p>
   </div>
   <div class='ocr_carea' id='block_1_10' title="bbox 490 1087 2063 1174">
    <p class='ocr_par' dir='ltr' id='par_1_10' title="bbox 490 1087 2063 1174">
     <span class='ocr_line' id='line_1_10' title="bbox 490 1087 2063 1174; baseline -0.018 -10"><span class='ocrx_word' id='word_1_61' title='bbox 490 1116 723 1165; x_wconf 80' lang='lat' dir='ltr'><strong>intentat</strong></span> <span class='ocrx_word' id='word_1_62' title='bbox 757 1108 831 1162; x_wconf 91' lang='lat' dir='ltr'><strong>illi</strong></span> <span class='ocrx_word' id='word_1_63' title='bbox 881 1107 1024 1174; x_wconf 83' lang='lat' dir='ltr'><strong>quod</strong></span> <span class='ocrx_word' id='word_1_64' title='bbox 1073 1105 1128 1158; x_wconf 93' lang='lat' dir='ltr'><strong>in</strong></span> <span class='ocrx_word' id='word_1_65' title='bbox 1159 1099 1459 1170; x_wconf 79' lang='lat' dir='ltr'><strong>Evangelio</strong></span> <span class='ocrx_word' id='word_1_66' title='bbox 1497 1096 1704 1149; x_wconf 85' lang='lat' dir='ltr'><strong>dictum</strong></span> <span class='ocrx_word' id='word_1_67' title='bbox 1738 1101 1821 1146; x_wconf 71' lang='grc' dir='ltr'><strong>εει</strong></span> <span class='ocrx_word' id='word_1_68' title='bbox 1851 1108 1864 1142; x_wconf 94' lang='lat'><strong>:</strong></span> <span class='ocrx_word' id='word_1_69' title='bbox 1899 1087 2063 1140; x_wconf 82' lang='lat' dir='ltr'><strong>Pater</strong></span> 
     </span>
    </p>
   </div>
   <div class='ocr_carea' id='block_1_11' title="bbox 490 1180 2063 1269">
    <p class='ocr_par' dir='ltr' id='par_1_11' title="bbox 490 1180 2063 1269">
     <span class='ocr_line' id='line_1_11' title="bbox 490 1180 2063 1269; baseline -0.018 -13"><span class='ocrx_word' id='word_1_70' title='bbox 490 1220 636 1257; x_wconf 82' lang='lat' dir='ltr'><strong>meus</strong></span> <span class='ocrx_word' id='word_1_71' title='bbox 667 1211 831 1262; x_wconf 84' lang='lat' dir='ltr'><strong>creat,</strong></span> <span class='ocrx_word' id='word_1_72' title='bbox 861 1212 908 1253; x_wconf 86' lang='lat' dir='ltr'><strong>et</strong></span> <span class='ocrx_word' id='word_1_73' title='bbox 935 1216 1025 1269; x_wconf 85' lang='lat' dir='ltr'><strong>ego</strong></span> <span class='ocrx_word' id='word_1_74' title='bbox 1065 1197 1221 1250; x_wconf 71' lang='lat' dir='ltr'><strong>creo8</strong></span> <span class='ocrx_word' id='word_1_75' title='bbox 1260 1214 1271 1249; x_wconf 91' lang='lat'><strong>:</strong></span> <span class='ocrx_word' id='word_1_76' title='bbox 1312 1191 1602 1257; x_wconf 73' lang='lat' dir='ltr'><strong>Dixitque:</strong></span> <span class='ocrx_word' id='word_1_77' title='bbox 1637 1182 1693 1239; x_wconf 84' lang='lat' dir='ltr'><strong>Si</strong></span> <span class='ocrx_word' id='word_1_78' title='bbox 1732 1198 1833 1237; x_wconf 84' lang='lat' dir='ltr'><strong>non</strong></span> <span class='ocrx_word' id='word_1_79' title='bbox 1868 1180 2063 1250; x_wconf 76' lang='lat' dir='ltr'><strong>faciam</strong></span> 
     </span>
    </p>
   </div>
   <div class='ocr_carea' id='block_1_12' title="bbox 488 1274 2063 1363">
    <p class='ocr_par' dir='ltr' id='par_1_12' title="bbox 488 1274 2063 1363">
     <span class='ocr_line' id='line_1_12' title="bbox 488 1274 2063 1363; baseline -0.017 -16"><span class='ocrx_word' id='word_1_80' title='bbox 488 1312 579 1363; x_wconf 83' lang='lat' dir='ltr'><strong>ego</strong></span> <span class='ocrx_word' id='word_1_81' title='bbox 608 1309 762 1360; x_wconf 81' lang='lat' dir='ltr'><strong>opera</strong></span> <span class='ocrx_word' id='word_1_82' title='bbox 798 1291 981 1347; x_wconf 79' lang='lat' dir='ltr'><strong>Patris</strong></span> <span class='ocrx_word' id='word_1_83' title='bbox 1030 1290 1149 1352; x_wconf 81' lang='lat' dir='ltr'><strong>utei,</strong></span> <span class='ocrx_word' id='word_1_84' title='bbox 1180 1303 1240 1340; x_wconf 85' lang='lat' dir='ltr'><strong>ne</strong></span> <span class='ocrx_word' id='word_1_85' title='bbox 1274 1283 1401 1338; x_wconf 81' lang='lat' dir='ltr'><strong>mihi</strong></span> <span class='ocrx_word' id='word_1_86' title='bbox 1444 1278 1733 1335; x_wconf 64' lang='lat' dir='ltr'><strong>credatis“.</strong></span> <span class='ocrx_word' id='word_1_87' title='bbox 1770 1274 1879 1328; x_wconf 85' lang='lat' dir='ltr'><strong>Nec</strong></span> <span class='ocrx_word' id='word_1_88' title='bbox 1920 1285 2063 1323; x_wconf 83' lang='lat' dir='ltr'><strong>non:</strong></span> 
     </span>
    </p>
   </div>
   <div class='ocr_carea' id='block_1_13' title="bbox 490 1364 2069 1452">
    <p class='ocr_par' dir='ltr' id='par_1_13' title="bbox 490 1364 2069 1452">
     <span class='ocr_line' id='line_1_13' title="bbox 490 1364 2069 1452; baseline -0.013 -12"><span class='ocrx_word' id='word_1_89' title='bbox 490 1385 636 1440; x_wconf 71' lang='lat' dir='ltr'><strong>Sicut</strong></span> <span class='ocrx_word' id='word_1_90' title='bbox 676 1386 835 1439; x_wconf 83' lang='lat' dir='ltr'><strong>Pater</strong></span> <span class='ocrx_word' id='word_1_91' title='bbox 865 1384 1092 1451; x_wconf 80' lang='lat' dir='ltr'><strong>vivi/icat</strong></span> <span class='ocrx_word' id='word_1_92' title='bbox 1117 1397 1267 1452; x_wconf 84' lang='lat' dir='ltr'><strong>quem</strong></span> <span class='ocrx_word' id='word_1_93' title='bbox 1299 1378 1429 1440; x_wconf 80' lang='lat' dir='ltr'><strong>vult,</strong></span> <span class='ocrx_word' id='word_1_94' title='bbox 1469 1384 1517 1429; x_wconf 86' lang='lat' dir='ltr'><strong>et</strong></span> <span class='ocrx_word' id='word_1_95' title='bbox 1549 1381 1712 1424; x_wconf 80' lang='lat' dir='ltr'><strong>morte</strong></span> <span class='ocrx_word' id='word_1_96' title='bbox 1759 1367 1957 1437; x_wconf 74' lang='lat' dir='ltr'><strong>afﬁrit;</strong></span> <span class='ocrx_word' id='word_1_97' title='bbox 1991 1364 2069 1415; x_wconf 76' lang='lat' dir='ltr'><strong>ita</strong></span> 
     </span>
    </p>
   </div>
   <div class='ocr_carea' id='block_1_14' title="bbox 493 1462 2071 1547">
    <p class='ocr_par' dir='ltr' id='par_1_14' title="bbox 493 1462 2071 1547">
     <span class='ocr_line' id='line_1_14' title="bbox 493 1462 2071 1547; baseline -0.013 -15"><span class='ocrx_word' id='word_1_98' title='bbox 493 1488 543 1532; x_wconf 84' lang='lat' dir='ltr'><strong>et</strong></span> <span class='ocrx_word' id='word_1_99' title='bbox 578 1477 753 1532; x_wconf 79' lang='lat' dir='ltr'><strong>Filius</strong></span> <span class='ocrx_word' id='word_1_100' title='bbox 780 1478 1008 1547; x_wconf 77' lang='lat' dir='ltr'><strong>viviﬁcat</strong></span> <span class='ocrx_word' id='word_1_101' title='bbox 1032 1492 1181 1543; x_wconf 87' lang='lat' dir='ltr'><strong>quem</strong></span> <span class='ocrx_word' id='word_1_102' title='bbox 1209 1476 1336 1537; x_wconf 82' lang='lat' dir='ltr'><strong>vult,</strong></span> <span class='ocrx_word' id='word_1_103' title='bbox 1368 1480 1416 1525; x_wconf 84' lang='lat' dir='ltr'><strong>et</strong></span> <span class='ocrx_word' id='word_1_104' title='bbox 1450 1477 1616 1522; x_wconf 84' lang='lat' dir='ltr'><strong>morte</strong></span> <span class='ocrx_word' id='word_1_105' title='bbox 1651 1464 1807 1533; x_wconf 66' lang='lat' dir='ltr'><strong>afficit</strong></span> <span class='ocrx_word' id='word_1_106' title='bbox 1838 1462 1880 1490; x_wconf 82' lang='grc'><strong>¹⁰</strong></span> <span class='ocrx_word' id='word_1_107' title='bbox 1916 1476 1929 1512; x_wconf 90' lang='lat'><strong>:</strong></span> <span class='ocrx_word' id='word_1_108' title='bbox 1962 1467 2071 1524; x_wconf 84' lang='lat' dir='ltr'><strong>quo</strong></span> 
     </span>
    </p>
   </div>
   <div class='ocr_carea' id='block_1_15' title="bbox 497 1560 2069 1633">
    <p class='ocr_par' dir='ltr' id='par_1_15' title="bbox 497 1560 2069 1633">
     <span class='ocr_line' id='line_1_15' title="bbox 497 1560 2069 1633; baseline -0.018 -4"><span class='ocrx_word' id='word_1_109' title='bbox 497 1574 755 1633; x_wconf 72' lang='lat' dir='ltr'><strong>Ostendit,</strong></span> <span class='ocrx_word' id='word_1_110' title='bbox 782 1588 838 1624; x_wconf 81' lang='lat' dir='ltr'><strong>se</strong></span> <span class='ocrx_word' id='word_1_111' title='bbox 865 1579 916 1626; x_wconf 89' lang='lat' dir='ltr'><strong>et.</strong></span> <span class='ocrx_word' id='word_1_112' title='bbox 949 1569 1225 1622; x_wconf 79' lang='lat' dir='ltr'><strong>vivilicare</strong></span> <span class='ocrx_word' id='word_1_113' title='bbox 1246 1574 1297 1618; x_wconf 74' lang='lat' dir='ltr'><strong>ei</strong></span> <span class='ocrx_word' id='word_1_114' title='bbox 1323 1570 1494 1617; x_wconf 87' lang='lat' dir='ltr'><strong>morte</strong></span> <span class='ocrx_word' id='word_1_115' title='bbox 1522 1560 1754 1620; x_wconf 72' lang='lat' dir='ltr'><strong>adicere,</strong></span> <span class='ocrx_word' id='word_1_116' title='bbox 1776 1564 1831 1607; x_wconf 82' lang='lat' dir='ltr'><strong>et</strong></span> <span class='ocrx_word' id='word_1_117' title='bbox 1851 1563 2069 1607; x_wconf 85' lang='lat' dir='ltr'><strong>creare:</strong></span> 
     </span>
    </p>
   </div>
   <div class='ocr_carea' id='block_1_16' title="bbox 498 1649 2074 1738">
    <p class='ocr_par' dir='ltr' id='par_1_16' title="bbox 498 1649 2074 1738">
     <span class='ocr_line' id='line_1_16' title="bbox 498 1649 2074 1738; baseline -0.018 -17"><span class='ocrx_word' id='word_1_118' title='bbox 498 1673 662 1738; x_wconf 86' lang='lat' dir='ltr'><strong>atque</strong></span> <span class='ocrx_word' id='word_1_119' title='bbox 693 1666 817 1719; x_wconf 88' lang='lat' dir='ltr'><strong>hinc</strong></span> <span class='ocrx_word' id='word_1_120' title='bbox 859 1661 1126 1717; x_wconf 80' lang='lat' dir='ltr'><strong>mendacii</strong></span> <span class='ocrx_word' id='word_1_121' title='bbox 1152 1657 1401 1728; x_wconf 70' lang='lat' dir='ltr'><strong>arguitur</strong></span> <span class='ocrx_word' id='word_1_122' title='bbox 1426 1651 1674 1722; x_wconf 87' lang='lat' dir='ltr'><strong>quisquis</strong></span> <span class='ocrx_word' id='word_1_123' title='bbox 1700 1649 1873 1716; x_wconf 87' lang='lat' dir='ltr'><strong>ipsum</strong></span> <span class='ocrx_word' id='word_1_124' title='bbox 1922 1656 2074 1696; x_wconf 76' lang='lat' dir='ltr'><strong>rrea-</strong></span> 
     </span>
    </p>
   </div>
   <div class='ocr_carea' id='block_1_17' title="bbox 498 1743 2072 1824">
    <p class='ocr_par' dir='ltr' id='par_1_17' title="bbox 498 1743 2072 1824">
     <span class='ocr_line' id='line_1_17' title="bbox 498 1743 2072 1824; baseline -0.018 -10"><span class='ocrx_word' id='word_1_125' title='bbox 498 1770 672 1814; x_wconf 79' lang='lat' dir='ltr'><strong>torem</strong></span> <span class='ocrx_word' id='word_1_126' title='bbox 717 1774 841 1813; x_wconf 87' lang='lat' dir='ltr'><strong>esse</strong></span> <span class='ocrx_word' id='word_1_127' title='bbox 892 1755 1191 1824; x_wconf 81' lang='lat' dir='ltr'><strong>negaverit,</strong></span> <span class='ocrx_word' id='word_1_128' title='bbox 1244 1766 1307 1804; x_wconf 88' lang='lat' dir='ltr'><strong>ac</strong></span> <span class='ocrx_word' id='word_1_129' title='bbox 1363 1763 1448 1802; x_wconf 90' lang='lat' dir='ltr'><strong>res</strong></span> <span class='ocrx_word' id='word_1_130' title='bbox 1495 1762 1585 1812; x_wconf 82' lang='lat' dir='ltr'><strong>per</strong></span> <span class='ocrx_word' id='word_1_131' title='bbox 1637 1744 1813 1811; x_wconf 85' lang='lat' dir='ltr'><strong>ipsum</strong></span> <span class='ocrx_word' id='word_1_132' title='bbox 1858 1743 2072 1791; x_wconf 81' lang='lat' dir='ltr'><strong>creatas</strong></span> 
     </span>
    </p>
   </div>
   <div class='ocr_carea' id='block_1_18' title="bbox 501 1827 2068 1917">
    <p class='ocr_par' dir='ltr' id='par_1_18' title="bbox 501 1827 2068 1917">
     <span class='ocr_line' id='line_1_18' title="bbox 501 1827 2068 1917; baseline -0.016 -12"><span class='ocrx_word' id='word_1_133' title='bbox 501 1852 694 1911; x_wconf 89' lang='lat' dir='ltr'><strong>fuisse,</strong></span> <span class='ocrx_word' id='word_1_134' title='bbox 732 1852 805 1905; x_wconf 89' lang='lat' dir='ltr'><strong>ita</strong></span> <span class='ocrx_word' id='word_1_135' title='bbox 839 1858 894 1902; x_wconf 90' lang='lat' dir='ltr'><strong>ut</strong></span> <span class='ocrx_word' id='word_1_136' title='bbox 919 1850 1037 1917; x_wconf 89' lang='lat' dir='ltr'><strong>ipse</strong></span> <span class='ocrx_word' id='word_1_137' title='bbox 1066 1860 1251 1898; x_wconf 85' lang='lat' dir='ltr'><strong>earum</strong></span> <span class='ocrx_word' id='word_1_138' title='bbox 1292 1851 1508 1895; x_wconf 82' lang='lat' dir='ltr'><strong>creator</strong></span> <span class='ocrx_word' id='word_1_139' title='bbox 1555 1851 1661 1890; x_wconf 91' lang='lat' dir='ltr'><strong>non</strong></span> <span class='ocrx_word' id='word_1_140' title='bbox 1698 1831 1880 1886; x_wconf 88' lang='lat' dir='ltr'><strong>fttcrit.</strong></span> <span class='ocrx_word' id='word_1_141' title='bbox 1913 1827 2068 1895; x_wconf 58' lang='lat' dir='ltr'><strong>Quod</strong></span> 
     </span>
    </p>
   </div>
   <div class='ocr_carea' id='block_1_19' title="bbox 499 1932 2063 2012">
    <p class='ocr_par' dir='ltr' id='par_1_19' title="bbox 499 1932 2063 2012">
     <span class='ocr_line' id='line_1_19' title="bbox 499 1932 2063 2012; baseline -0.015 -11"><span class='ocrx_word' id='word_1_142' title='bbox 499 1956 679 2001; x_wconf 89' lang='lat' dir='ltr'><strong>autem</strong></span> <span class='ocrx_word' id='word_1_143' title='bbox 707 1945 867 2006; x_wconf 84' lang='lat' dir='ltr'><strong>dicis,</strong></span> <span class='ocrx_word' id='word_1_144' title='bbox 905 1958 991 1997; x_wconf 89' lang='lat' dir='ltr'><strong>res</strong></span> <span class='ocrx_word' id='word_1_145' title='bbox 1022 1958 1115 2012; x_wconf 79' lang='lat' dir='ltr'><strong>per</strong></span> <span class='ocrx_word' id='word_1_146' title='bbox 1155 1942 1332 2011; x_wconf 87' lang='lat' dir='ltr'><strong>ipsmn</strong></span> <span class='ocrx_word' id='word_1_147' title='bbox 1367 1938 1538 1991; x_wconf 87' lang='lat' dir='ltr'><strong>factas</strong></span> <span class='ocrx_word' id='word_1_148' title='bbox 1574 1932 1741 1986; x_wconf 89' lang='lat' dir='ltr'><strong>fuisse</strong></span> <span class='ocrx_word' id='word_1_149' title='bbox 1766 1971 1779 1994; x_wconf 92' lang='lat'><strong>,</strong></span> <span class='ocrx_word' id='word_1_150' title='bbox 1824 1944 1923 1982; x_wconf 91' lang='lat' dir='ltr'><strong>nos</strong></span> <span class='ocrx_word' id='word_1_151' title='bbox 1957 1940 2063 1979; x_wconf 92' lang='lat' dir='ltr'><strong>non</strong></span> 
     </span>
    </p>
   </div>
   <div class='ocr_carea' id='block_1_20' title="bbox 499 2024 2072 2099">
    <p class='ocr_par' dir='ltr' id='par_1_20' title="bbox 499 2024 2072 2099">
     <span class='ocr_line' id='line_1_20' title="bbox 499 2024 2072 2099; baseline -0.013 -11"><span class='ocrx_word' id='word_1_152' title='bbox 499 2037 832 2099; x_wconf 80' lang='lat' dir='ltr'><strong>dubitamus,</strong></span> <span class='ocrx_word' id='word_1_153' title='bbox 869 2049 992 2089; x_wconf 91' lang='lat' dir='ltr'><strong>cum</strong></span> <span class='ocrx_word' id='word_1_154' title='bbox 1030 2034 1240 2092; x_wconf 80' lang='lat' dir='ltr'><strong>tierent,</strong></span> <span class='ocrx_word' id='word_1_155' title='bbox 1280 2029 1556 2083; x_wconf 83' lang='lat' dir='ltr'><strong>Christum</strong></span> <span class='ocrx_word' id='word_1_156' title='bbox 1594 2024 1823 2085; x_wconf 77' lang='lat' dir='ltr'><strong>dixisse,</strong></span> <span class='ocrx_word' id='word_1_157' title='bbox 1868 2033 2072 2087; x_wconf 81' lang='lat' dir='ltr'><strong>easque</strong></span> 
     </span>
    </p>
   </div>
   <div class='ocr_carea' id='block_1_21' title="bbox 503 2112 2077 2194">
    <p class='ocr_par' dir='ltr' id='par_1_21' title="bbox 503 2112 2077 2194">
     <span class='ocr_line' id='line_1_21' title="bbox 503 2112 2077 2194; baseline -0.012 -14"><span class='ocrx_word' id='word_1_158' title='bbox 503 2127 679 2181; x_wconf 79' lang='lat' dir='ltr'><strong>factas</strong></span> <span class='ocrx_word' id='word_1_159' title='bbox 709 2125 896 2187; x_wconf 86' lang='lat' dir='ltr'><strong>fuisse,</strong></span> <span class='ocrx_word' id='word_1_160' title='bbox 932 2126 1077 2194; x_wconf 84' lang='lat' dir='ltr'><strong>quod</strong></span> <span class='ocrx_word' id='word_1_161' title='bbox 1123 2123 1300 2177; x_wconf 87' lang='lat' dir='ltr'><strong>innuit</strong></span> <span class='ocrx_word' id='word_1_162' title='bbox 1331 2121 1477 2174; x_wconf 88' lang='lat' dir='ltr'><strong>dicto</strong></span> <span class='ocrx_word' id='word_1_163' title='bbox 1505 2134 1645 2173; x_wconf 90' lang='lat' dir='ltr'><strong>suo:</strong></span> <span class='ocrx_word' id='word_1_164' title='bbox 1687 2114 1797 2186; x_wconf 83' lang='lat' dir='ltr'><strong>Ego</strong></span> <span class='ocrx_word' id='word_1_165' title='bbox 1816 2112 1974 2182; x_wconf 78' lang='lat' dir='ltr'><strong>facio,</strong></span> <span class='ocrx_word' id='word_1_166' title='bbox 2027 2118 2077 2162; x_wconf 81' lang='lat' dir='ltr'><strong>et</strong></span> 
     </span>
    </p>
   </div>
   <div class='ocr_carea' id='block_1_22' title="bbox 500 2208 2072 2287">
    <p class='ocr_par' dir='ltr' id='par_1_22' title="bbox 500 2208 2072 2287">
     <span class='ocr_line' id='line_1_22' title="bbox 500 2208 2072 2287; baseline -0.013 -13"><span class='ocrx_word' id='word_1_167' title='bbox 500 2218 665 2274; x_wconf 84' lang='lat' dir='ltr'><strong>Pater</strong></span> <span class='ocrx_word' id='word_1_168' title='bbox 691 2218 839 2287; x_wconf 78' lang='lat' dir='ltr'><strong>facit,</strong></span> <span class='ocrx_word' id='word_1_169' title='bbox 871 2226 1154 2271; x_wconf 82' lang='lat' dir='ltr'><strong>creaturas</strong></span> <span class='ocrx_word' id='word_1_170' title='bbox 1177 2224 1228 2268; x_wconf 88' lang='lat' dir='ltr'><strong>el</strong></span> <span class='ocrx_word' id='word_1_171' title='bbox 1254 2216 1443 2269; x_wconf 86' lang='lat' dir='ltr'><strong>vitam.</strong></span> <span class='ocrx_word' id='word_1_172' title='bbox 1480 2212 1692 2265; x_wconf 81' lang='lat' dir='ltr'><strong>Dictum</strong></span> <span class='ocrx_word' id='word_1_173' title='bbox 1724 2208 1866 2260; x_wconf 73' lang='lat' dir='ltr'><strong>enim</strong></span> <span class='ocrx_word' id='word_1_174' title='bbox 1899 2216 2072 2265; x_wconf 88' lang='lat' dir='ltr'><strong>tuutn,</strong></span> 
     </span>
    </p>
   </div>
   <div class='ocr_carea' id='block_1_23' title="bbox 508 2296 2080 2383">
    <p class='ocr_par' dir='ltr' id='par_1_23' title="bbox 508 2296 2080 2383">
     <span class='ocr_line' id='line_1_23' title="bbox 508 2296 2080 2383; baseline -0.013 -14"><span class='ocrx_word' id='word_1_175' title='bbox 508 2314 610 2369; x_wconf 88' lang='lat' dir='ltr'><strong>Per</strong></span> <span class='ocrx_word' id='word_1_176' title='bbox 661 2314 839 2383; x_wconf 89' lang='lat' dir='ltr'><strong>ipsum</strong></span> <span class='ocrx_word' id='word_1_177' title='bbox 893 2312 1048 2365; x_wconf 74' lang='lat' dir='ltr'><strong>facta:</strong></span> <span class='ocrx_word' id='word_1_178' title='bbox 1097 2318 1227 2364; x_wconf 86' lang='lat' dir='ltr'><strong>sunt</strong></span> <span class='ocrx_word' id='word_1_179' title='bbox 1275 2324 1379 2367; x_wconf 89' lang='lat' dir='ltr'><strong>res,</strong></span> <span class='ocrx_word' id='word_1_180' title='bbox 1434 2321 1499 2358; x_wconf 88' lang='lat' dir='ltr'><strong>eo</strong></span> <span class='ocrx_word' id='word_1_181' title='bbox 1533 2304 1669 2357; x_wconf 81' lang='lat' dir='ltr'><strong>redit</strong></span> <span class='ocrx_word' id='word_1_182' title='bbox 1707 2310 1763 2353; x_wconf 91' lang='lat' dir='ltr'><strong>ut</strong></span> <span class='ocrx_word' id='word_1_183' title='bbox 1810 2296 2080 2367; x_wconf 73' lang='lat' dir='ltr'><strong>significet</strong></span> 
     </span>
    </p>
   </div>
   <div class='ocr_carea' id='block_1_24' title="bbox 506 2390 2072 2477">
    <p class='ocr_par' dir='ltr' id='par_1_24' title="bbox 506 2390 2072 2477">
     <span class='ocr_line' id='line_1_24' title="bbox 506 2390 2072 2477; baseline -0.012 -18"><span class='ocrx_word' id='word_1_184' title='bbox 506 2406 682 2477; x_wconf 91' lang='lat' dir='ltr'><strong>ipsum</strong></span> <span class='ocrx_word' id='word_1_185' title='bbox 737 2422 829 2461; x_wconf 89' lang='lat' dir='ltr'><strong>eas</strong></span> <span class='ocrx_word' id='word_1_186' title='bbox 856 2401 1216 2477; x_wconf 64' lang='grc'><strong>461-463</strong></span> <span class='ocrx_word' id='word_1_187' title='bbox 1256 2414 1493 2460; x_wconf 79' lang='lat' dir='ltr'><strong>creasse,</strong></span> <span class='ocrx_word' id='word_1_188' title='bbox 1535 2411 1738 2463; x_wconf 87' lang='lat' dir='ltr'><strong>easque</strong></span> <span class='ocrx_word' id='word_1_189' title='bbox 1765 2407 1855 2462; x_wconf 84' lang='lat' dir='ltr'><strong>per</strong></span> <span class='ocrx_word' id='word_1_190' title='bbox 1894 2390 2072 2459; x_wconf 87' lang='lat' dir='ltr'><strong>ipsmn</strong></span> 
     </span>
    </p>
   </div>
   <div class='ocr_carea' id='block_1_25' title="bbox 507 2482 2081 2551">
    <p class='ocr_par' dir='ltr' id='par_1_25' title="bbox 507 2482 2081 2551">
     <span class='ocr_line' id='line_1_25' title="bbox 507 2482 2081 2551; baseline -0.01 0"><span class='ocrx_word' id='word_1_191' title='bbox 507 2505 719 2551; x_wconf 86' lang='lat' dir='ltr'><strong>creatas</strong></span> <span class='ocrx_word' id='word_1_192' title='bbox 767 2495 971 2551; x_wconf 87' lang='lat' dir='ltr'><strong>fuisse:</strong></span> <span class='ocrx_word' id='word_1_193' title='bbox 1019 2509 1177 2548; x_wconf 87' lang='lat' dir='ltr'><strong>secus</strong></span> <span class='ocrx_word' id='word_1_194' title='bbox 1214 2491 1382 2551; x_wconf 88' lang='lat' dir='ltr'><strong>enim,</strong></span> <span class='ocrx_word' id='word_1_195' title='bbox 1410 2490 1604 2542; x_wconf 88' lang='lat' dir='ltr'><strong>horum</strong></span> <span class='ocrx_word' id='word_1_196' title='bbox 1640 2485 1911 2539; x_wconf 78' lang='lat' dir='ltr'><strong>dictorum</strong></span> <span class='ocrx_word' id='word_1_197' title='bbox 1943 2482 2081 2535; x_wconf 87' lang='lat' dir='ltr'><strong>alte-</strong></span> 
     </span>
    </p>
   </div>
   <div class='ocr_carea' id='block_1_26' title="bbox 508 2577 2081 2648">
    <p class='ocr_par' dir='ltr' id='par_1_26' title="bbox 508 2577 2081 2648">
     <span class='ocr_line' id='line_1_26' title="bbox 508 2577 2081 2648; baseline -0.013 -1"><span class='ocrx_word' id='word_1_198' title='bbox 508 2607 627 2647; x_wconf 90' lang='lat' dir='ltr'><strong>rum</strong></span> <span class='ocrx_word' id='word_1_199' title='bbox 660 2590 814 2644; x_wconf 86' lang='lat' dir='ltr'><strong>alteri</strong></span> <span class='ocrx_word' id='word_1_200' title='bbox 848 2587 1274 2643; x_wconf 79' lang='lat' dir='ltr'><strong>conti-adiceret.</strong></span> <span class='ocrx_word' id='word_1_201' title='bbox 1306 2585 1568 2637; x_wconf 62' lang='lat' dir='ltr'><strong>Praeterea</strong></span> <span class='ocrx_word' id='word_1_202' title='bbox 1604 2577 1884 2648; x_wconf 77' lang='lat' dir='ltr'><strong>respondit</strong></span> <span class='ocrx_word' id='word_1_203' title='bbox 1914 2577 2081 2629; x_wconf 74' lang='lat' dir='ltr'><strong>Atha-</strong></span> 
     </span>
    </p>
   </div>
   <div class='ocr_carea' id='block_1_27' title="bbox 508 2668 2076 2747">
    <p class='ocr_par' dir='ltr' id='par_1_27' title="bbox 508 2668 2076 2747">
     <span class='ocr_line' id='line_1_27' title="bbox 508 2668 2076 2747; baseline -0.011 -8"><span class='ocrx_word' id='word_1_204' title='bbox 508 2685 697 2741; x_wconf 89' lang='lat' dir='ltr'><strong>uasius</strong></span> <span class='ocrx_word' id='word_1_205' title='bbox 727 2684 1018 2747; x_wconf 87' lang='lat' dir='ltr'><strong>Etuueuio,</strong></span> <span class='ocrx_word' id='word_1_206' title='bbox 1052 2682 1283 2736; x_wconf 88' lang='lat' dir='ltr'><strong>dicens:</strong></span> <span class='ocrx_word' id='word_1_207' title='bbox 1321 2676 1477 2745; x_wconf 85' lang='lat' dir='ltr'><strong>Quod</strong></span> <span class='ocrx_word' id='word_1_208' title='bbox 1510 2675 1577 2730; x_wconf 88' lang='lat' dir='ltr'><strong>ad</strong></span> <span class='ocrx_word' id='word_1_209' title='bbox 1626 2690 1816 2728; x_wconf 88' lang='lat' dir='ltr'><strong>eorum</strong></span> <span class='ocrx_word' id='word_1_210' title='bbox 1851 2689 1915 2727; x_wconf 74' lang='lat' dir='ltr'><strong>ex</strong></span> <span class='ocrx_word' id='word_1_211' title='bbox 1963 2668 2076 2723; x_wconf 78' lang='lat' dir='ltr'><strong>Arii</strong></span> 
     </span>
    </p>
   </div>
   <div class='ocr_carea' id='block_1_28' title="bbox 507 2764 2082 2843">
    <p class='ocr_par' dir='ltr' id='par_1_28' title="bbox 507 2764 2082 2843">
     <span class='ocr_line' id='line_1_28' title="bbox 507 2764 2082 2843; baseline -0.008 -14"><span class='ocrx_word' id='word_1_212' title='bbox 507 2777 734 2833; x_wconf 87' lang='lat' dir='ltr'><strong>asseclis</strong></span> <span class='ocrx_word' id='word_1_213' title='bbox 779 2775 1107 2831; x_wconf 88' lang='lat' dir='ltr'><strong>sententiam</strong></span> <span class='ocrx_word' id='word_1_214' title='bbox 1160 2772 1252 2843; x_wconf 91' lang='lat' dir='ltr'><strong>qui</strong></span> <span class='ocrx_word' id='word_1_215' title='bbox 1318 2771 1508 2824; x_wconf 80' lang='lat' dir='ltr'><strong>dicunt</strong></span> <span class='ocrx_word' id='word_1_216' title='bbox 1559 2766 1775 2820; x_wconf 84' lang='lat' dir='ltr'><strong>Patrem</strong></span> <span class='ocrx_word' id='word_1_217' title='bbox 1840 2764 2082 2817; x_wconf 80' lang='lat' dir='ltr'><strong>voluisse</strong></span> 
     </span>
    </p>
   </div>
   <div class='ocr_carea' id='block_1_29' title="bbox 509 2859 2083 2940">
    <p class='ocr_par' dir='ltr' id='par_1_29' title="bbox 509 2859 2083 2940">
     <span class='ocr_line' id='line_1_29' title="bbox 509 2859 2083 2940; baseline -0.01 -16"><span class='ocrx_word' id='word_1_218' title='bbox 509 2871 736 2940; x_wconf 88' lang='lat' dir='ltr'><strong>aliquid,</strong></span> <span class='ocrx_word' id='word_1_219' title='bbox 769 2869 964 2923; x_wconf 87' lang='lat' dir='ltr'><strong>Filium</strong></span> <span class='ocrx_word' id='word_1_220' title='bbox 992 2877 1174 2921; x_wconf 89' lang='lat' dir='ltr'><strong>autem</strong></span> <span class='ocrx_word' id='word_1_221' title='bbox 1206 2863 1336 2923; x_wconf 86' lang='lat' dir='ltr'><strong>illud</strong></span> <span class='ocrx_word' id='word_1_222' title='bbox 1362 2876 1614 2929; x_wconf 84' lang='lat' dir='ltr'><strong>creasse;</strong></span> <span class='ocrx_word' id='word_1_223' title='bbox 1656 2870 1713 2915; x_wconf 93' lang='lat' dir='ltr'><strong>ut</strong></span> <span class='ocrx_word' id='word_1_224' title='bbox 1746 2860 1790 2914; x_wconf 87' lang='lat' dir='ltr'><strong>si</strong></span> <span class='ocrx_word' id='word_1_225' title='bbox 1824 2859 2083 2912; x_wconf 87' lang='lat' dir='ltr'><strong>voluntas</strong></span> 
     </span>
    </p>
   </div>
   <div class='ocr_carea' id='block_1_30' title="bbox 509 2951 2075 3039">
    <p class='ocr_par' dir='ltr' id='par_1_30' title="bbox 509 2951 2075 3039">
     <span class='ocr_line' id='line_1_30' title="bbox 509 2951 2075 3039; baseline -0.01 -22"><span class='ocrx_word' id='word_1_226' title='bbox 509 2963 711 3039; x_wconf 75' lang='lat' dir='ltr'><strong>Patris,</strong></span> <span class='ocrx_word' id='word_1_227' title='bbox 737 2962 941 3017; x_wconf 88' lang='lat' dir='ltr'><strong>crcatio</strong></span> <span class='ocrx_word' id='word_1_228' title='bbox 970 2959 1117 3019; x_wconf 84' lang='lat' dir='ltr'><strong>Filii,</strong></span> <span class='ocrx_word' id='word_1_229' title='bbox 1151 2959 1287 3014; x_wconf 78' lang='lat' dir='ltr'><strong>falsa</strong></span> <span class='ocrx_word' id='word_1_230' title='bbox 1326 2966 1411 3012; x_wconf 90' lang='lat' dir='ltr'><strong>est</strong></span> <span class='ocrx_word' id='word_1_231' title='bbox 1442 2966 1497 3011; x_wconf 89' lang='lat' dir='ltr'><strong>et</strong></span> <span class='ocrx_word' id='word_1_232' title='bbox 1537 2956 1662 3020; x_wconf 88' lang='lat' dir='ltr'><strong>illa;</strong></span> <span class='ocrx_word' id='word_1_233' title='bbox 1704 2951 1900 3007; x_wconf 84' lang='lat' dir='ltr'><strong>Filium</strong></span> <span class='ocrx_word' id='word_1_234' title='bbox 1930 2951 2075 3004; x_wconf 90' lang='lat' dir='ltr'><strong>enim</strong></span> 
     </span>
    </p>
   </div>
   <div class='ocr_carea' id='block_1_31' title="bbox 513 3046 2089 3122">
    <p class='ocr_par' dir='ltr' id='par_1_31' title="bbox 513 3046 2089 3122">
     <span class='ocr_line' id='line_1_31' title="bbox 513 3046 2089 3122; baseline -0.01 -11"><span class='ocrx_word' id='word_1_235' title='bbox 513 3066 759 3111; x_wconf 82' lang='lat' dir='ltr'><strong>creatum</strong></span> <span class='ocrx_word' id='word_1_236' title='bbox 817 3071 939 3111; x_wconf 87' lang='lat' dir='ltr'><strong>esse</strong></span> <span class='ocrx_word' id='word_1_237' title='bbox 997 3062 1283 3117; x_wconf 80' lang='lat' dir='ltr'><strong>autumat;</strong></span> <span class='ocrx_word' id='word_1_238' title='bbox 1340 3052 1483 3106; x_wconf 90' lang='lat' dir='ltr'><strong>unde</strong></span> <span class='ocrx_word' id='word_1_239' title='bbox 1533 3046 1831 3122; x_wconf 83' lang='lat' dir='ltr'><strong>[sequitur]</strong></span> <span class='ocrx_word' id='word_1_240' title='bbox 1906 3055 2089 3114; x_wconf 71' lang='lat' dir='ltr'><strong>partes</strong></span> 
     </span>
    </p>
   </div>
   <div class='ocr_carea' id='block_1_32' title="bbox 514 3141 2091 3216">
    <p class='ocr_par' dir='ltr' id='par_1_32' title="bbox 514 3141 2091 3216">
     <span class='ocr_line' id='line_1_32' title="bbox 514 3141 2091 3216; baseline -0.015 -7"><span class='ocrx_word' id='word_1_241' title='bbox 514 3151 682 3209; x_wconf 80' lang='lat' dir='ltr'><strong>Creati</strong></span> <span class='ocrx_word' id='word_1_242' title='bbox 717 3151 769 3205; x_wconf 94' lang='lat' dir='ltr'><strong>in</strong></span> <span class='ocrx_word' id='word_1_243' title='bbox 804 3149 1081 3206; x_wconf 81' lang='lat' dir='ltr'><strong>creatione</strong></span> <span class='ocrx_word' id='word_1_244' title='bbox 1114 3148 1357 3216; x_wconf 79' lang='lat' dir='ltr'><strong>potiores</strong></span> <span class='ocrx_word' id='word_1_245' title='bbox 1415 3158 1537 3200; x_wconf 82' lang='lat' dir='ltr'><strong>esse</strong></span> <span class='ocrx_word' id='word_1_246' title='bbox 1586 3141 1833 3210; x_wconf 91' lang='lat' dir='ltr'><strong>partibus</strong></span> <span class='ocrx_word' id='word_1_247' title='bbox 1876 3147 2091 3193; x_wconf 80' lang='lat' dir='ltr'><strong>creatu-</strong></span> 
     </span>
    </p>
   </div>
   <div class='ocr_carea' id='block_1_33' title="bbox 517 3231 2089 3311">
    <p class='ocr_par' dir='ltr' id='par_1_33' title="bbox 517 3231 2089 3311">
     <span class='ocr_line' id='line_1_33' title="bbox 517 3231 2089 3311; baseline -0.011 -12"><span class='ocrx_word' id='word_1_248' title='bbox 517 3247 623 3311; x_wconf 86' lang='lat' dir='ltr'><strong>ris;</strong></span> <span class='ocrx_word' id='word_1_249' title='bbox 658 3260 782 3299; x_wconf 89' lang='lat' dir='ltr'><strong>cum</strong></span> <span class='ocrx_word' id='word_1_250' title='bbox 817 3244 907 3296; x_wconf 80' lang='lat' dir='ltr'><strong>ille</strong></span> <span class='ocrx_word' id='word_1_251' title='bbox 952 3252 1006 3297; x_wconf 89' lang='lat' dir='ltr'><strong>et</strong></span> <span class='ocrx_word' id='word_1_252' title='bbox 1062 3242 1292 3296; x_wconf 86' lang='lat' dir='ltr'><strong>voluerit</strong></span> <span class='ocrx_word' id='word_1_253' title='bbox 1334 3250 1387 3293; x_wconf 87' lang='lat' dir='ltr'><strong>et</strong></span> <span class='ocrx_word' id='word_1_254' title='bbox 1421 3238 1650 3299; x_wconf 83' lang='lat' dir='ltr'><strong>fecerit;</strong></span> <span class='ocrx_word' id='word_1_255' title='bbox 1704 3234 1794 3288; x_wconf 88' lang='lat' dir='ltr'><strong>hic</strong></span> <span class='ocrx_word' id='word_1_256' title='bbox 1830 3231 2089 3291; x_wconf 87' lang='lat' dir='ltr'><strong>voluerit,</strong></span> 
     </span>
    </p>
   </div>
   <div class='ocr_carea' id='block_1_34' title="bbox 516 3323 2094 3403">
    <p class='ocr_par' dir='ltr' id='par_1_34' title="bbox 516 3323 2094 3403">
     <span class='ocr_line' id='line_1_34' title="bbox 516 3323 2094 3403; baseline -0.013 -7"><span class='ocrx_word' id='word_1_257' title='bbox 516 3351 570 3396; x_wconf 82' lang='lat' dir='ltr'><strong>at</strong></span> <span class='ocrx_word' id='word_1_258' title='bbox 616 3355 725 3394; x_wconf 89' lang='lat' dir='ltr'><strong>non</strong></span> <span class='ocrx_word' id='word_1_259' title='bbox 773 3337 986 3392; x_wconf 85' lang='lat' dir='ltr'><strong>fecerit.</strong></span> <span class='ocrx_word' id='word_1_260' title='bbox 1024 3334 1172 3390; x_wconf 88' lang='lat' dir='ltr'><strong>Illius</strong></span> <span class='ocrx_word' id='word_1_261' title='bbox 1199 3334 1365 3403; x_wconf 74' lang='lat' dir='ltr'><strong>igitur</strong></span> <span class='ocrx_word' id='word_1_262' title='bbox 1406 3341 1610 3401; x_wconf 87' lang='lat' dir='ltr'><strong>partes,</strong></span> <span class='ocrx_word' id='word_1_263' title='bbox 1644 3329 1699 3384; x_wconf 90' lang='lat' dir='ltr'><strong>in</strong></span> <span class='ocrx_word' id='word_1_264' title='bbox 1729 3343 1795 3381; x_wconf 87' lang='lat' dir='ltr'><strong>eo</strong></span> <span class='ocrx_word' id='word_1_265' title='bbox 1830 3325 1974 3395; x_wconf 91' lang='lat' dir='ltr'><strong>quod</strong></span> <span class='ocrx_word' id='word_1_266' title='bbox 2016 3323 2094 3375; x_wconf 85' lang='lat' dir='ltr'><strong>fe-</strong></span> 
     </span>
    </p>
   </div>
   <div class='ocr_carea' id='block_1_35' title="bbox 517 3420 2098 3500">
    <p class='ocr_par' dir='ltr' id='par_1_35' title="bbox 517 3420 2098 3500">
     <span class='ocr_line' id='line_1_35' title="bbox 517 3420 2098 3500; baseline -0.009 -17"><span class='ocrx_word' id='word_1_267' title='bbox 517 3434 676 3497; x_wconf 74' lang='lat' dir='ltr'><strong>cerit,</strong></span> <span class='ocrx_word' id='word_1_268' title='bbox 714 3432 951 3500; x_wconf 89' lang='lat' dir='ltr'><strong>potiores</strong></span> <span class='ocrx_word' id='word_1_269' title='bbox 980 3436 1140 3483; x_wconf 87' lang='lat' dir='ltr'><strong>erunt</strong></span> <span class='ocrx_word' id='word_1_270' title='bbox 1171 3442 1331 3495; x_wconf 89' lang='lat' dir='ltr'><strong>quam</strong></span> <span class='ocrx_word' id='word_1_271' title='bbox 1377 3424 1558 3494; x_wconf 83' lang='lat' dir='ltr'><strong>hujus.</strong></span> <span class='ocrx_word' id='word_1_272' title='bbox 1586 3420 1729 3487; x_wconf 84' lang='lat' dir='ltr'><strong>Quin</strong></span> <span class='ocrx_word' id='word_1_273' title='bbox 1767 3433 1822 3471; x_wconf 81' lang='lat' dir='ltr'><strong>et</strong></span> <span class='ocrx_word' id='word_1_274' title='bbox 1870 3432 2098 3470; x_wconf 80' lang='lat' dir='ltr'><strong>necesse</strong></span> 
     </span>
    </p>
   </div>
   <div class='ocr_carea' id='block_1_36' title="bbox 517 3506 2097 3579">
    <p class='ocr_par' dir='ltr' id='par_1_36' title="bbox 517 3506 2097 3579">
     <span class='ocr_line' id='line_1_36' title="bbox 517 3506 2097 3579; baseline -0.013 0"><span class='ocrx_word' id='word_1_275' title='bbox 517 3533 602 3579; x_wconf 79' lang='lat' dir='ltr'><strong>est</strong></span> <span class='ocrx_word' id='word_1_276' title='bbox 657 3532 715 3575; x_wconf 92' lang='lat' dir='ltr'><strong>ut</strong></span> <span class='ocrx_word' id='word_1_277' title='bbox 760 3520 949 3575; x_wconf 82' lang='lat' dir='ltr'><strong>eadem</strong></span> <span class='ocrx_word' id='word_1_278' title='bbox 983 3518 1054 3572; x_wconf 91' lang='lat' dir='ltr'><strong>sit</strong></span> <span class='ocrx_word' id='word_1_279' title='bbox 1101 3517 1247 3571; x_wconf 87' lang='lat' dir='ltr'><strong>illius</strong></span> <span class='ocrx_word' id='word_1_280' title='bbox 1297 3515 1437 3569; x_wconf 88' lang='lat' dir='ltr'><strong>ratio</strong></span> <span class='ocrx_word' id='word_1_281' title='bbox 1482 3514 1535 3565; x_wconf 91' lang='lat' dir='ltr'><strong>in</strong></span> <span class='ocrx_word' id='word_1_282' title='bbox 1578 3528 1639 3565; x_wconf 87' lang='lat' dir='ltr'><strong>eo</strong></span> <span class='ocrx_word' id='word_1_283' title='bbox 1667 3508 1811 3577; x_wconf 91' lang='lat' dir='ltr'><strong>quod</strong></span> <span class='ocrx_word' id='word_1_284' title='bbox 1861 3506 2097 3561; x_wconf 86' lang='lat' dir='ltr'><strong>voluerit</strong></span> 
     </span>
    </p>
   </div>
   <div class='ocr_carea' id='block_1_37' title="bbox 522 3595 2099 3681">
    <p class='ocr_par' dir='ltr' id='par_1_37' title="bbox 522 3595 2099 3681">
     <span class='ocr_line' id='line_1_37' title="bbox 522 3595 2099 3681; baseline -0.01 -13"><span class='ocrx_word' id='word_1_285' title='bbox 522 3618 630 3677; x_wconf 91' lang='lat' dir='ltr'><strong>hic,</strong></span> <span class='ocrx_word' id='word_1_286' title='bbox 669 3595 1000 3681; x_wconf 81' lang='lat' dir='ltr'><strong>perficiendo</strong></span> <span class='ocrx_word' id='word_1_287' title='bbox 1031 3625 1152 3679; x_wconf 73' lang='lat' dir='ltr'><strong>qua:</strong></span> <span class='ocrx_word' id='word_1_288' title='bbox 1191 3606 1485 3677; x_wconf 80' lang='lat' dir='ltr'><strong>cujuslibet</strong></span> <span class='ocrx_word' id='word_1_289' title='bbox 1516 3603 1728 3672; x_wconf 80' lang='lat' dir='ltr'><strong>agentis</strong></span> <span class='ocrx_word' id='word_1_290' title='bbox 1769 3618 1798 3655; x_wconf 90' lang='lat' dir='ltr'><strong>e</strong></span> <span class='ocrx_word' id='word_1_291' title='bbox 1832 3601 2099 3655; x_wconf 86' lang='lat' dir='ltr'><strong>creaturis</strong></span> 
     </span>
    </p>
   </div>
   <div class='ocr_carea' id='block_1_38' title="bbox 523 3690 2097 3773">
    <p class='ocr_par' dir='ltr' id='par_1_38' title="bbox 523 3690 2097 3773">
     <span class='ocr_line' id='line_1_38' title="bbox 523 3690 2097 3773; baseline -0.013 -11"><span class='ocrx_word' id='word_1_292' title='bbox 523 3705 577 3763; x_wconf 90' lang='lat' dir='ltr'><strong>in</strong></span> <span class='ocrx_word' id='word_1_293' title='bbox 620 3704 712 3758; x_wconf 91' lang='lat' dir='ltr'><strong>illo</strong></span> <span class='ocrx_word' id='word_1_294' title='bbox 744 3703 888 3773; x_wconf 91' lang='lat' dir='ltr'><strong>quod</strong></span> <span class='ocrx_word' id='word_1_295' title='bbox 921 3702 989 3755; x_wconf 90' lang='lat' dir='ltr'><strong>ab</strong></span> <span class='ocrx_word' id='word_1_296' title='bbox 1021 3701 1140 3769; x_wconf 89' lang='lat' dir='ltr'><strong>ipso</strong></span> <span class='ocrx_word' id='word_1_297' title='bbox 1172 3697 1285 3754; x_wconf 80' lang='lat' dir='ltr'><strong>ﬂeri</strong></span> <span class='ocrx_word' id='word_1_298' title='bbox 1320 3696 1551 3750; x_wconf 80' lang='lat' dir='ltr'><strong>voluerit</strong></span> <span class='ocrx_word' id='word_1_299' title='bbox 1572 3702 1785 3748; x_wconf 89' lang='lat' dir='ltr'><strong>creator</strong></span> <span class='ocrx_word' id='word_1_300' title='bbox 1811 3690 2097 3745; x_wconf 84' lang='lat' dir='ltr'><strong>faciendo:</strong></span> 
     </span>
    </p>
   </div>
   <div class='ocr_carea' id='block_1_39' title="bbox 524 3783 2104 3865">
    <p class='ocr_par' dir='ltr' id='par_1_39' title="bbox 524 3783 2104 3865">
     <span class='ocr_line' id='line_1_39' title="bbox 524 3783 2104 3865; baseline -0.009 -14"><span class='ocrx_word' id='word_1_301' title='bbox 524 3798 829 3865; x_wconf 88' lang='lat' dir='ltr'><strong>eodemque</strong></span> <span class='ocrx_word' id='word_1_302' title='bbox 876 3794 1036 3851; x_wconf 91' lang='lat' dir='ltr'><strong>modo</strong></span> <span class='ocrx_word' id='word_1_303' title='bbox 1071 3810 1129 3849; x_wconf 88' lang='lat' dir='ltr'><strong>se</strong></span> <span class='ocrx_word' id='word_1_304' title='bbox 1164 3792 1367 3847; x_wconf 88' lang='lat' dir='ltr'><strong>habent</strong></span> <span class='ocrx_word' id='word_1_305' title='bbox 1414 3797 1664 3857; x_wconf 81' lang='lat' dir='ltr'><strong>respectu</strong></span> <span class='ocrx_word' id='word_1_306' title='bbox 1718 3783 2022 3839; x_wconf 87' lang='lat' dir='ltr'><strong>coactionis</strong></span> <span class='ocrx_word' id='word_1_307' title='bbox 2051 3793 2104 3836; x_wconf 88' lang='lat' dir='ltr'><strong>et</strong></span> 
     </span>
    </p>
   </div>
   <div class='ocr_carea' id='block_1_40' title="bbox 530 3876 2106 3951">
    <p class='ocr_par' dir='ltr' id='par_1_40' title="bbox 530 3876 2106 3951">
     <span class='ocr_line' id='line_1_40' title="bbox 530 3876 2106 3951; baseline -0.01 -6"><span class='ocrx_word' id='word_1_308' title='bbox 530 3890 742 3945; x_wconf 86' lang='lat' dir='ltr'><strong>arbitrii</strong></span> <span class='ocrx_word' id='word_1_309' title='bbox 798 3887 1096 3945; x_wconf 88' lang='lat' dir='ltr'><strong>libertatis.</strong></span> <span class='ocrx_word' id='word_1_310' title='bbox 1133 3885 1287 3951; x_wconf 82' lang='lat' dir='ltr'><strong>Quod</strong></span> <span class='ocrx_word' id='word_1_311' title='bbox 1343 3884 1387 3938; x_wconf 92' lang='lat' dir='ltr'><strong>si</strong></span> <span class='ocrx_word' id='word_1_312' title='bbox 1439 3891 1662 3936; x_wconf 72' lang='lat' dir='ltr'><strong>coactus</strong></span> <span class='ocrx_word' id='word_1_313' title='bbox 1701 3878 1894 3949; x_wconf 81' lang='lat' dir='ltr'><strong>egerit,</strong></span> <span class='ocrx_word' id='word_1_314' title='bbox 1948 3876 2106 3929; x_wconf 78' lang='lat' dir='ltr'><strong>nulla:</strong></span> 
     </span>
    </p>
   </div>
   <div class='ocr_carea' id='block_1_41' title="bbox 529 3970 2107 4054">
    <p class='ocr_par' dir='ltr' id='par_1_41' title="bbox 529 3970 2107 4054">
     <span class='ocr_line' id='line_1_41' title="bbox 529 3970 2107 4054; baseline -0.013 -14"><span class='ocrx_word' id='word_1_315' title='bbox 529 3992 693 4040; x_wconf 88' lang='lat' dir='ltr'><strong>erunt</strong></span> <span class='ocrx_word' id='word_1_316' title='bbox 733 3984 852 4052; x_wconf 87' lang='lat' dir='ltr'><strong>ejus</strong></span> <span class='ocrx_word' id='word_1_317' title='bbox 892 3983 951 4054; x_wconf 75' lang='lat' dir='ltr'><strong>in</strong></span> <span class='ocrx_word' id='word_1_318' title='bbox 1000 3984 1211 4034; x_wconf 84' lang='lat' dir='ltr'><strong>actione</strong></span> <span class='ocrx_word' id='word_1_319' title='bbox 1247 3985 1467 4048; x_wconf 88' lang='lat' dir='ltr'><strong>partes;</strong></span> <span class='ocrx_word' id='word_1_320' title='bbox 1501 3976 1582 4029; x_wconf 70' lang='lat' dir='ltr'><strong>sin</strong></span> <span class='ocrx_word' id='word_1_321' title='bbox 1617 3974 1809 4034; x_wconf 81' lang='lat' dir='ltr'><strong>libere,</strong></span> <span class='ocrx_word' id='word_1_322' title='bbox 1859 3970 1972 4024; x_wconf 83' lang='lat' dir='ltr'><strong>ﬁeri</strong></span> <span class='ocrx_word' id='word_1_323' title='bbox 2011 3982 2107 4037; x_wconf 90' lang='lat' dir='ltr'><strong>po-</strong></span> 
     </span>
    </p>
   </div>
   <div class='ocr_carea' id='block_1_42' title="bbox 532 4066 2109 4144">
    <p class='ocr_par' dir='ltr' id='par_1_42' title="bbox 532 4066 2109 4144">
     <span class='ocr_line' id='line_1_42' title="bbox 532 4066 2109 4144; baseline -0.013 -9"><span class='ocrx_word' id='word_1_324' title='bbox 532 4090 640 4137; x_wconf 90' lang='lat' dir='ltr'><strong>test</strong></span> <span class='ocrx_word' id='word_1_325' title='bbox 669 4086 725 4131; x_wconf 87' lang='lat' dir='ltr'><strong>ut.</strong></span> <span class='ocrx_word' id='word_1_326' title='bbox 773 4077 856 4132; x_wconf 79' lang='lat' dir='ltr'><strong>vel</strong></span> <span class='ocrx_word' id='word_1_327' title='bbox 882 4076 1243 4144; x_wconf 86' lang='lat' dir='ltr'><strong>obsequatur,</strong></span> <span class='ocrx_word' id='word_1_328' title='bbox 1293 4071 1377 4126; x_wconf 85' lang='lat' dir='ltr'><strong>vel</strong></span> <span class='ocrx_word' id='word_1_329' title='bbox 1413 4066 1823 4136; x_wconf 77' lang='lat' dir='ltr'><strong>immorigeruin</strong></span> <span class='ocrx_word' id='word_1_330' title='bbox 1860 4079 1917 4118; x_wconf 88' lang='lat' dir='ltr'><strong>se</strong></span> <span class='ocrx_word' id='word_1_331' title='bbox 1965 4077 2109 4132; x_wconf 74' lang='lat' dir='ltr'><strong>pra:-</strong></span> 
     </span>
    </p>
   </div>
   <div class='ocr_carea' id='block_1_43' title="bbox 535 4161 2111 4239">
    <p class='ocr_par' dir='ltr' id='par_1_43' title="bbox 535 4161 2111 4239">
     <span class='ocr_line' id='line_1_43' title="bbox 535 4161 2111 4239; baseline -0.014 -10"><span class='ocrx_word' id='word_1_332' title='bbox 535 4176 681 4239; x_wconf 90' lang='lat' dir='ltr'><strong>beat,</strong></span> <span class='ocrx_word' id='word_1_333' title='bbox 715 4180 767 4227; x_wconf 88' lang='lat' dir='ltr'><strong>et</strong></span> <span class='ocrx_word' id='word_1_334' title='bbox 809 4180 867 4225; x_wconf 88' lang='lat' dir='ltr'><strong>ut</strong></span> <span class='ocrx_word' id='word_1_335' title='bbox 898 4169 979 4225; x_wconf 87' lang='lat' dir='ltr'><strong>vel</strong></span> <span class='ocrx_word' id='word_1_336' title='bbox 1012 4167 1237 4238; x_wconf 57' lang='lat' dir='ltr'><strong>praemio</strong></span> <span class='ocrx_word' id='word_1_337' title='bbox 1270 4165 1556 4225; x_wconf 69' lang='lat' dir='ltr'><strong>adiciatur,</strong></span> <span class='ocrx_word' id='word_1_338' title='bbox 1610 4161 1695 4216; x_wconf 86' lang='lat' dir='ltr'><strong>vel</strong></span> <span class='ocrx_word' id='word_1_339' title='bbox 1739 4172 1900 4230; x_wconf 77' lang='lat' dir='ltr'><strong>pmna</strong></span> <span class='ocrx_word' id='word_1_340' title='bbox 1940 4172 1952 4207; x_wconf 95' lang='lat'><strong>:</strong></span> <span class='ocrx_word' id='word_1_341' title='bbox 1992 4169 2111 4225; x_wconf 77' lang='lat' dir='ltr'><strong>quae</strong></span> 
     </span>
    </p>
   </div>
   <div class='ocr_carea' id='block_1_44' title="bbox 536 4253 2113 4323">
    <p class='ocr_par' dir='ltr' id='par_1_44' title="bbox 536 4253 2113 4323">
     <span class='ocr_line' id='line_1_44' title="bbox 536 4253 2113 4323; baseline -0.015 0"><span class='ocrx_word' id='word_1_342' title='bbox 536 4268 721 4323; x_wconf 86' lang='lat' dir='ltr'><strong>dicere</strong></span> <span class='ocrx_word' id='word_1_343' title='bbox 751 4266 1051 4321; x_wconf 88' lang='lat' dir='ltr'><strong>absurdum</strong></span> <span class='ocrx_word' id='word_1_344' title='bbox 1089 4271 1193 4316; x_wconf 87' lang='lat' dir='ltr'><strong>est.</strong></span> <span class='ocrx_word' id='word_1_345' title='bbox 1229 4259 1399 4313; x_wconf 76' lang='lat' dir='ltr'><strong>Aliter</strong></span> <span class='ocrx_word' id='word_1_346' title='bbox 1440 4258 1604 4311; x_wconf 88' lang='lat' dir='ltr'><strong>etiam</strong></span> <span class='ocrx_word' id='word_1_347' title='bbox 1654 4253 1833 4307; x_wconf 86' lang='lat' dir='ltr'><strong>eidem</strong></span> <span class='ocrx_word' id='word_1_348' title='bbox 1885 4264 2113 4318; x_wconf 80' lang='lat' dir='ltr'><strong>respon-</strong></span> 
     </span>
    </p>
   </div>
   <div class='ocr_carea' id='block_1_45' title="bbox 534 4347 2195 4436">
    <p class='ocr_par' dir='ltr' id='par_1_45' title="bbox 534 4347 2195 4436">
     <span class='ocr_line' id='line_1_45' title="bbox 534 4347 2195 4436; baseline -0.016 -18"><span class='ocrx_word' id='word_1_349' title='bbox 534 4362 649 4418; x_wconf 88' lang='lat' dir='ltr'><strong>dit:</strong></span> <span class='ocrx_word' id='word_1_350' title='bbox 678 4358 734 4414; x_wconf 89' lang='lat' dir='ltr'><strong>Si</strong></span> <span class='ocrx_word' id='word_1_351' title='bbox 765 4358 995 4413; x_wconf 88' lang='lat' dir='ltr'><strong>Creator</strong></span> <span class='ocrx_word' id='word_1_352' title='bbox 1030 4362 1313 4410; x_wconf 86' lang='lat' dir='ltr'><strong>creaturas</strong></span> <span class='ocrx_word' id='word_1_353' title='bbox 1359 4366 1488 4404; x_wconf 88' lang='lat' dir='ltr'><strong>suas</strong></span> <span class='ocrx_word' id='word_1_354' title='bbox 1526 4364 1620 4418; x_wconf 85' lang='lat' dir='ltr'><strong>per</strong></span> <span class='ocrx_word' id='word_1_355' title='bbox 1656 4347 1914 4399; x_wconf 86' lang='lat' dir='ltr'><strong>Creatum</strong></span> <span class='ocrx_word' id='word_1_356' title='bbox 1963 4357 2116 4397; x_wconf 89' lang='lat' dir='ltr'><strong>crea-</strong></span> <span class='ocrx_word' id='word_1_357' title='bbox 2144 4378 2195 4436; x_wconf 71' lang='grc' dir='ltr'><strong>Ι)</strong></span> 
     </span>
    </p>
   </div>
   <div class='ocr_carea' id='block_1_46' title="bbox 536 4436 2103 4516">
    <p class='ocr_par' dir='ltr' id='par_1_46' title="bbox 536 4436 2103 4516">
     <span class='ocr_line' id='line_1_46' title="bbox 536 4436 2103 4516; baseline -0.016 -7"><span class='ocrx_word' id='word_1_358' title='bbox 536 4454 701 4516; x_wconf 86' lang='lat' dir='ltr'><strong>verit,</strong></span> <span class='ocrx_word' id='word_1_359' title='bbox 747 4450 855 4504; x_wconf 88' lang='lat' dir='ltr'><strong>erit</strong></span> <span class='ocrx_word' id='word_1_360' title='bbox 896 4447 1017 4503; x_wconf 87' lang='lat' dir='ltr'><strong>sine</strong></span> <span class='ocrx_word' id='word_1_361' title='bbox 1061 4443 1227 4499; x_wconf 90' lang='lat' dir='ltr'><strong>dubio</strong></span> <span class='ocrx_word' id='word_1_362' title='bbox 1261 4444 1491 4501; x_wconf 84' lang='lat' dir='ltr'><strong>Creatus</strong></span> <span class='ocrx_word' id='word_1_363' title='bbox 1532 4439 1675 4492; x_wconf 89' lang='lat' dir='ltr'><strong>alius</strong></span> <span class='ocrx_word' id='word_1_364' title='bbox 1727 4451 1755 4488; x_wconf 92' lang='lat' dir='ltr'><strong>a</strong></span> <span class='ocrx_word' id='word_1_365' title='bbox 1808 4436 2103 4497; x_wconf 87' lang='lat' dir='ltr'><strong>Creatorc;</strong></span> 
     </span>
    </p>
   </div>
   <div class='ocr_carea' id='block_1_47' title="bbox 539 4525 2110 4610">
    <p class='ocr_par' dir='ltr' id='par_1_47' title="bbox 539 4525 2110 4610">
     <span class='ocr_line' id='line_1_47' title="bbox 539 4525 2110 4610; baseline -0.016 -9"><span class='ocrx_word' id='word_1_366' title='bbox 539 4544 840 4601; x_wconf 87' lang='lat' dir='ltr'><strong>autumatis</strong></span> <span class='ocrx_word' id='word_1_367' title='bbox 877 4555 1010 4610; x_wconf 76' lang='lat' dir='ltr'><strong>ergo</strong></span> <span class='ocrx_word' id='word_1_368' title='bbox 1062 4536 1378 4593; x_wconf 85' lang='lat' dir='ltr'><strong>Creatorem</strong></span> <span class='ocrx_word' id='word_1_369' title='bbox 1428 4548 1521 4599; x_wconf 88' lang='lat' dir='ltr'><strong>per</strong></span> <span class='ocrx_word' id='word_1_370' title='bbox 1568 4531 1734 4583; x_wconf 75' lang='lat' dir='ltr'><strong>atium</strong></span> <span class='ocrx_word' id='word_1_371' title='bbox 1790 4541 1987 4597; x_wconf 82' lang='lat' dir='ltr'><strong>agere;</strong></span> <span class='ocrx_word' id='word_1_372' title='bbox 2018 4525 2110 4592; x_wconf 89' lang='lat' dir='ltr'><strong>qui</strong></span> 
     </span>
    </p>
   </div>
   <div class='ocr_carea' id='block_1_48' title="bbox 542 4616 2115 4701">
    <p class='ocr_par' dir='ltr' id='par_1_48' title="bbox 542 4616 2115 4701">
     <span class='ocr_line' id='line_1_48' title="bbox 542 4616 2115 4701; baseline -0.017 -11"><span class='ocrx_word' id='word_1_373' title='bbox 542 4642 725 4690; x_wconf 86' lang='lat' dir='ltr'><strong>autem</strong></span> <span class='ocrx_word' id='word_1_374' title='bbox 769 4646 865 4701; x_wconf 88' lang='lat' dir='ltr'><strong>per</strong></span> <span class='ocrx_word' id='word_1_375' title='bbox 912 4629 1079 4683; x_wconf 89' lang='lat' dir='ltr'><strong>alium</strong></span> <span class='ocrx_word' id='word_1_376' title='bbox 1130 4626 1242 4695; x_wconf 79' lang='lat' dir='ltr'><strong>agit</strong></span> <span class='ocrx_word' id='word_1_377' title='bbox 1281 4623 1599 4693; x_wconf 83' lang='lat' dir='ltr'><strong>perticieute</strong></span> <span class='ocrx_word' id='word_1_378' title='bbox 1631 4621 1740 4673; x_wconf 88' lang='lat' dir='ltr'><strong>isto</strong></span> <span class='ocrx_word' id='word_1_379' title='bbox 1788 4633 1927 4686; x_wconf 91' lang='lat' dir='ltr'><strong>opus</strong></span> <span class='ocrx_word' id='word_1_380' title='bbox 1953 4616 2115 4668; x_wconf 87' lang='lat' dir='ltr'><strong>habet</strong></span> 
     </span>
    </p>
   </div>
   <div class='ocr_carea' id='block_1_49' title="bbox 545 4710 2124 4797">
    <p class='ocr_par' dir='ltr' id='par_1_49' title="bbox 545 4710 2124 4797">
     <span class='ocr_line' id='line_1_49' title="bbox 545 4710 2124 4797; baseline -0.015 -16"><span class='ocrx_word' id='word_1_381' title='bbox 545 4742 655 4797; x_wconf 86' lang='lat' dir='ltr'><strong>quo</strong></span> <span class='ocrx_word' id='word_1_382' title='bbox 684 4740 781 4796; x_wconf 87' lang='lat' dir='ltr'><strong>per</strong></span> <span class='ocrx_word' id='word_1_383' title='bbox 817 4724 970 4779; x_wconf 84' lang='lat' dir='ltr'><strong>illum</strong></span> <span class='ocrx_word' id='word_1_384' title='bbox 1007 4730 1131 4791; x_wconf 76' lang='lat' dir='ltr'><strong>agat</strong></span> <span class='ocrx_word' id='word_1_385' title='bbox 1184 4734 1309 4774; x_wconf 90' lang='lat' dir='ltr'><strong>cum</strong></span> <span class='ocrx_word' id='word_1_386' title='bbox 1347 4717 1467 4773; x_wconf 88' lang='lat' dir='ltr'><strong>sine</strong></span> <span class='ocrx_word' id='word_1_387' title='bbox 1502 4715 1596 4768; x_wconf 92' lang='lat' dir='ltr'><strong>illo</strong></span> <span class='ocrx_word' id='word_1_388' title='bbox 1648 4728 1756 4767; x_wconf 89' lang='lat' dir='ltr'><strong>non</strong></span> <span class='ocrx_word' id='word_1_389' title='bbox 1804 4710 2124 4778; x_wconf 83' lang='lat' dir='ltr'><strong>perﬁciatur</strong></span> 
     </span>
    </p>
   </div>
   <div class='ocr_carea' id='block_1_50' title="bbox 544 4802 2124 4892">
    <p class='ocr_par' dir='ltr' id='par_1_50' title="bbox 544 4802 2124 4892">
     <span class='ocr_line' id='line_1_50' title="bbox 544 4802 2124 4892; baseline -0.014 -16"><span class='ocrx_word' id='word_1_390' title='bbox 544 4819 649 4891; x_wconf 86' lang='lat' dir='ltr'><strong>ipsi</strong></span> <span class='ocrx_word' id='word_1_391' title='bbox 675 4815 997 4892; x_wconf 62' lang='lat' dir='ltr'><strong>“50pm</strong></span> <span class='ocrx_word' id='word_1_392' title='bbox 1018 4832 1035 4883; x_wconf 92' lang='lat'><strong>;</strong></span> <span class='ocrx_word' id='word_1_393' title='bbox 1060 4814 1151 4883; x_wconf 90' lang='lat' dir='ltr'><strong>qui</strong></span> <span class='ocrx_word' id='word_1_394' title='bbox 1182 4821 1360 4867; x_wconf 85' lang='lat' dir='ltr'><strong>autem</strong></span> <span class='ocrx_word' id='word_1_395' title='bbox 1390 4810 1497 4865; x_wconf 89' lang='lat' dir='ltr'><strong>alio</strong></span> <span class='ocrx_word' id='word_1_396' title='bbox 1529 4822 1667 4877; x_wconf 79' lang='lat' dir='ltr'><strong>Opus</strong></span> <span class='ocrx_word' id='word_1_397' title='bbox 1701 4804 1884 4867; x_wconf 86' lang='lat' dir='ltr'><strong>habet,</strong></span> <span class='ocrx_word' id='word_1_398' title='bbox 1920 4802 2124 4871; x_wconf 85' lang='lat' dir='ltr'><strong>imper-</strong></span> 
     </span>
    </p>
   </div>
   <div class='ocr_carea' id='block_1_51' title="bbox 546 4893 2115 4979">
    <p class='ocr_par' dir='ltr' id='par_1_51' title="bbox 546 4893 2115 4979">
     <span class='ocr_line' id='line_1_51' title="bbox 546 4893 2115 4979; baseline -0.016 -7"><span class='ocrx_word' id='word_1_399' title='bbox 546 4915 727 4972; x_wconf 85' lang='lat' dir='ltr'><strong>fectus</strong></span> <span class='ocrx_word' id='word_1_400' title='bbox 758 4920 862 4975; x_wconf 88' lang='lat' dir='ltr'><strong>est,</strong></span> <span class='ocrx_word' id='word_1_401' title='bbox 889 4907 1036 4979; x_wconf 91' lang='lat' dir='ltr'><strong>quod</strong></span> <span class='ocrx_word' id='word_1_402' title='bbox 1067 4906 1210 4961; x_wconf 80' lang='lat' dir='ltr'><strong>absit</strong></span> <span class='ocrx_word' id='word_1_403' title='bbox 1238 4915 1295 4959; x_wconf 89' lang='lat' dir='ltr'><strong>ut</strong></span> <span class='ocrx_word' id='word_1_404' title='bbox 1324 4905 1391 4958; x_wconf 85' lang='lat' dir='ltr'><strong>de</strong></span> <span class='ocrx_word' id='word_1_405' title='bbox 1420 4902 1677 4957; x_wconf 82' lang='lat' dir='ltr'><strong>Creatore</strong></span> <span class='ocrx_word' id='word_1_406' title='bbox 1706 4899 1942 4952; x_wconf 86' lang='lat' dir='ltr'><strong>dicatur.</strong></span> <span class='ocrx_word' id='word_1_407' title='bbox 1979 4893 2115 4949; x_wconf 89' lang='lat' dir='ltr'><strong>Cum</strong></span> 
     </span>
    </p>
   </div>
   <div class='ocr_carea' id='block_1_52' title="bbox 548 4988 2127 5075">
    <p class='ocr_par' dir='ltr' id='par_1_52' title="bbox 548 4988 2127 5075">
     <span class='ocr_line' id='line_1_52' title="bbox 548 4988 2127 5075; baseline -0.015 -14"><span class='ocrx_word' id='word_1_408' title='bbox 548 5020 681 5075; x_wconf 76' lang='lat' dir='ltr'><strong>ergo</strong></span> <span class='ocrx_word' id='word_1_409' title='bbox 728 5002 1073 5075; x_wconf 77' lang='lat' dir='ltr'><strong>proﬂigasset</strong></span> <span class='ocrx_word' id='word_1_410' title='bbox 1112 4996 1450 5053; x_wconf 83' lang='lat' dir='ltr'><strong>Athanasius</strong></span> <span class='ocrx_word' id='word_1_411' title='bbox 1493 4989 1840 5047; x_wconf 68' lang='lat' dir='ltr'><strong>Alexandriae</strong></span> <span class='ocrx_word' id='word_1_412' title='bbox 1890 4988 2127 5058; x_wconf 89' lang='lat' dir='ltr'><strong>patriar-</strong></span> 
     </span>
    </p>
   </div>
   <div class='ocr_carea' id='block_1_53' title="bbox 548 5078 2125 5161">
    <p class='ocr_par' dir='ltr' id='par_1_53' title="bbox 548 5078 2125 5161">
     <span class='ocr_line' id='line_1_53' title="bbox 548 5078 2125 5161; baseline -0.015 -8"><span class='ocrx_word' id='word_1_413' title='bbox 548 5100 676 5161; x_wconf 83' lang='lat' dir='ltr'><strong>cha,</strong></span> <span class='ocrx_word' id='word_1_414' title='bbox 706 5094 1205 5151; x_wconf 87' lang='lat' dir='ltr'><strong>contradicentium</strong></span> <span class='ocrx_word' id='word_1_415' title='bbox 1235 5097 1582 5158; x_wconf 81' lang='lat' dir='ltr'><strong>argumenta,</strong></span> <span class='ocrx_word' id='word_1_416' title='bbox 1615 5084 1751 5139; x_wconf 85' lang='lat' dir='ltr'><strong>adeo</strong></span> <span class='ocrx_word' id='word_1_417' title='bbox 1788 5090 1845 5135; x_wconf 93' lang='lat' dir='ltr'><strong>ut</strong></span> <span class='ocrx_word' id='word_1_418' title='bbox 1869 5078 2125 5134; x_wconf 90' lang='lat' dir='ltr'><strong>omnibus</strong></span> 
     </span>
    </p>
   </div>
   <div class='ocr_carea' id='block_1_54' title="bbox 548 5172 2126 5262">
    <p class='ocr_par' dir='ltr' id='par_1_54' title="bbox 548 5172 2126 5262">
     <span class='ocr_line' id='line_1_54' title="bbox 548 5172 2126 5262; baseline -0.016 -15"><span class='ocrx_word' id='word_1_419' title='bbox 548 5192 642 5262; x_wconf 87' lang='lat' dir='ltr'><strong>qui</strong></span> <span class='ocrx_word' id='word_1_420' title='bbox 677 5190 906 5245; x_wconf 86' lang='lat' dir='ltr'><strong>aderant</strong></span> <span class='ocrx_word' id='word_1_421' title='bbox 935 5192 1231 5256; x_wconf 87' lang='lat' dir='ltr'><strong>appareret</strong></span> <span class='ocrx_word' id='word_1_422' title='bbox 1259 5182 1468 5235; x_wconf 81' lang='lat' dir='ltr'><strong>falsitas</strong></span> <span class='ocrx_word' id='word_1_423' title='bbox 1493 5193 1681 5232; x_wconf 84' lang='lat' dir='ltr'><strong>eorum</strong></span> <span class='ocrx_word' id='word_1_424' title='bbox 1707 5191 1829 5244; x_wconf 53' lang='lat' dir='ltr'><strong>quae.</strong></span> <span class='ocrx_word' id='word_1_425' title='bbox 1855 5172 2126 5234; x_wconf 81' lang='lat' dir='ltr'><strong>dicerent,</strong></span> 
     </span>
    </p>
   </div>
   <div class='ocr_carea' id='block_1_55' title="bbox 552 5261 2127 5342">
    <p class='ocr_par' dir='ltr' id='par_1_55' title="bbox 552 5261 2127 5342">
     <span class='ocr_line' id='line_1_55' title="bbox 552 5261 2127 5342; baseline -0.016 -4"><span class='ocrx_word' id='word_1_426' title='bbox 552 5261 866 5338; x_wconf 85' lang='lat' dir='ltr'><strong>conturbati</strong></span> <span class='ocrx_word' id='word_1_427' title='bbox 917 5277 994 5331; x_wconf 92' lang='lat' dir='ltr'><strong>illi</strong></span> <span class='ocrx_word' id='word_1_428' title='bbox 1041 5283 1095 5328; x_wconf 81' lang='lat' dir='ltr'><strong>et</strong></span> <span class='ocrx_word' id='word_1_429' title='bbox 1149 5272 1357 5342; x_wconf 86' lang='lat' dir='ltr'><strong>pudore</strong></span> <span class='ocrx_word' id='word_1_430' title='bbox 1408 5266 1603 5323; x_wconf 82' lang='lat' dir='ltr'><strong>suffusi</strong></span> <span class='ocrx_word' id='word_1_431' title='bbox 1658 5265 1711 5317; x_wconf 93' lang='lat' dir='ltr'><strong>in</strong></span> <span class='ocrx_word' id='word_1_432' title='bbox 1763 5261 2127 5315; x_wconf 75' lang='lat' dir='ltr'><strong>Athanasium</strong></span> 
     </span>
    </p>
   </div>
   <div class='ocr_carea' id='block_1_56' title="bbox 556 5362 2120 5430">
    <p class='ocr_par' dir='ltr' id='par_1_56' title="bbox 556 5362 2120 5430">
     <span class='ocr_line' id='line_1_56' title="bbox 556 5362 2120 5430; baseline -0.017 0"><span class='ocrx_word' id='word_1_433' title='bbox 556 5382 829 5430; x_wconf 88' lang='lat' dir='ltr'><strong>trruentes</strong></span> <span class='ocrx_word' id='word_1_434' title='bbox 880 5370 1083 5428; x_wconf 84' lang='lat' dir='ltr'><strong>ictibus</strong></span> <span class='ocrx_word' id='word_1_435' title='bbox 1114 5366 1259 5420; x_wconf 87' lang='lat' dir='ltr'><strong>male</strong></span> <span class='ocrx_word' id='word_1_436' title='bbox 1310 5363 1593 5416; x_wconf 88' lang='lat' dir='ltr'><strong>multatum</strong></span> <span class='ocrx_word' id='word_1_437' title='bbox 1633 5373 1768 5427; x_wconf 86' lang='lat' dir='ltr'><strong>pene</strong></span> <span class='ocrx_word' id='word_1_438' title='bbox 1794 5362 2120 5411; x_wconf 87' lang='lat' dir='ltr'><strong>enecarunt.</strong></span> 
     </span>
    </p>
   </div>
   <div class='ocr_carea' id='block_1_57' title="bbox 555 5450 2133 5535">
    <p class='ocr_par' dir='ltr' id='par_1_57' title="bbox 555 5450 2133 5535">
     <span class='ocr_line' id='line_1_57' title="bbox 555 5450 2133 5535; baseline -0.017 -12"><span class='ocrx_word' id='word_1_439' title='bbox 555 5467 660 5533; x_wconf 84' lang='lat' dir='ltr'><strong>Qui</strong></span> <span class='ocrx_word' id='word_1_440' title='bbox 691 5480 824 5535; x_wconf 79' lang='lat' dir='ltr'><strong>ergo</strong></span> <span class='ocrx_word' id='word_1_441' title='bbox 854 5480 887 5519; x_wconf 90' lang='lat' dir='ltr'><strong>e</strong></span> <span class='ocrx_word' id='word_1_442' title='bbox 925 5460 1181 5516; x_wconf 88' lang='lat' dir='ltr'><strong>manibus</strong></span> <span class='ocrx_word' id='word_1_443' title='bbox 1229 5458 1474 5527; x_wconf 89' lang='lat' dir='ltr'><strong>ipsorum</strong></span> <span class='ocrx_word' id='word_1_444' title='bbox 1507 5467 1537 5506; x_wconf 89' lang='lat' dir='ltr'><strong>a</strong></span> <span class='ocrx_word' id='word_1_445' title='bbox 1571 5450 1890 5506; x_wconf 88' lang='lat' dir='ltr'><strong>Dalmateno</strong></span> <span class='ocrx_word' id='word_1_446' title='bbox 1934 5452 2133 5514; x_wconf 81' lang='lat' dir='ltr'><strong>nepote</strong></span> 
     </span>
    </p>
   </div>
   <div class='ocr_carea' id='block_1_58' title="bbox 561 5542 2133 5626">
    <p class='ocr_par' dir='ltr' id='par_1_58' title="bbox 561 5542 2133 5626">
     <span class='ocr_line' id='line_1_58' title="bbox 561 5542 2133 5626; baseline -0.013 -14"><span class='ocrx_word' id='word_1_447' title='bbox 561 5557 912 5626; x_wconf 81' lang='lat' dir='ltr'><strong>imperatoris</strong></span> <span class='ocrx_word' id='word_1_448' title='bbox 952 5564 1173 5626; x_wconf 88' lang='lat' dir='ltr'><strong>ereptus</strong></span> <span class='ocrx_word' id='word_1_449' title='bbox 1203 5546 1580 5616; x_wconf 79' lang='lat' dir='ltr'><strong>Hierosolyma</strong></span> <span class='ocrx_word' id='word_1_450' title='bbox 1612 5542 1737 5614; x_wconf 79' lang='lat' dir='ltr'><strong>fuga</strong></span> <span class='ocrx_word' id='word_1_451' title='bbox 1778 5543 2001 5610; x_wconf 88' lang='lat' dir='ltr'><strong>elapsus</strong></span> <span class='ocrx_word' id='word_1_452' title='bbox 2040 5550 2133 5608; x_wconf 83' lang='lat' dir='ltr'><strong>pe-</strong></span> 
     </span>
    </p>
   </div>
   <div class='ocr_carea' id='block_1_59' title="bbox 632 5733 1507 5806">
    <p class='ocr_par' dir='ltr' id='par_1_59' title="bbox 632 5733 1507 5806">
     <span class='ocr_line' id='line_1_59' title="bbox 632 5733 1507 5806; baseline -0.017 -5"><span class='ocrx_word' id='word_1_453' title='bbox 632 5742 654 5777; x_wconf 82' lang='grc'>⁸</span> <span class='ocrx_word' id='word_1_454' title='bbox 681 5740 840 5800; x_wconf 80' lang='lat' dir='ltr'><strong>Joan.</strong></span> <span class='ocrx_word' id='word_1_455' title='bbox 872 5756 926 5806; x_wconf 85' lang='grc' dir='ltr'><strong>ν.</strong></span> <span class='ocrx_word' id='word_1_456' title='bbox 957 5739 1011 5797; x_wconf 88' lang='grc'><strong>7.</strong></span> <span class='ocrx_word' id='word_1_457' title='bbox 1084 5740 1107 5770; x_wconf 81' lang='grc'><strong>⁸</strong></span> <span class='ocrx_word' id='word_1_458' title='bbox 1134 5736 1297 5793; x_wconf 86' lang='lat' dir='ltr'><strong>Joan.</strong></span> <span class='ocrx_word' id='word_1_459' title='bbox 1330 5750 1385 5801; x_wconf 68' lang='grc' dir='ltr'><strong>κ,</strong></span> <span class='ocrx_word' id='word_1_460' title='bbox 1417 5733 1507 5792; x_wconf 66' lang='lat'><strong>53.</strong></span> 
     </span>
    </p>
   </div>
   <div class='ocr_carea' id='block_1_60' title="bbox 2160 464 3744 571">
    <p class='ocr_par' dir='ltr' id='par_1_60' title="bbox 2160 464 3744 571">
     <span class='ocr_line' id='line_1_60' title="bbox 2160 464 2638 484; baseline -0.015 -11"><span class='ocrx_word' id='word_1_461' title='bbox 2354 464 2488 484; x_wconf 16' lang='lat'><strong>,---._</strong></span> <span class='ocrx_word' id='word_1_462' title='bbox 2531 464 2540 465; x_wconf 31' lang='grc' dir='ltr'><em>κ</em></span> <span class='ocrx_word' id='word_1_463' title='bbox 2630 464 2638 471; x_wconf 90' lang='grc'>,</span> 
     </span>
     <span class='ocr_line' id='line_1_61' title="bbox 2160 464 3744 571; baseline -0.031 -6"><span class='ocrx_word' id='word_1_464' title='bbox 2160 510 2333 571; x_wconf 74' lang='lat' dir='ltr'><strong>unxit,</strong></span> <span class='ocrx_word' id='word_1_465' title='bbox 2382 502 2579 560; x_wconf 83' lang='lat' dir='ltr'><strong>deinde</strong></span> <span class='ocrx_word' id='word_1_466' title='bbox 2641 498 2708 552; x_wconf 89' lang='lat' dir='ltr'><strong>ad</strong></span> <span class='ocrx_word' id='word_1_467' title='bbox 2762 498 3148 562; x_wconf 87' lang='lat' dir='ltr'><strong>imperatorem</strong></span> <span class='ocrx_word' id='word_1_468' title='bbox 3196 496 3254 537; x_wconf 85' lang='lat' dir='ltr'><strong>se</strong></span> <span class='ocrx_word' id='word_1_469' title='bbox 3296 474 3584 531; x_wconf 79' lang='lat' dir='ltr'><strong>conferens</strong></span> <span class='ocrx_word' id='word_1_470' title='bbox 3634 464 3744 536; x_wconf 84' lang='lat' dir='ltr'><strong>ipsi</strong></span> 
     </span>
    </p>
   </div>
   <div class='ocr_carea' id='block_1_61' title="bbox 2159 562 3741 670">
    <p class='ocr_par' dir='ltr' id='par_1_61' title="bbox 2159 562 3741 670">
     <span class='ocr_line' id='line_1_62' title="bbox 2159 562 3741 670; baseline -0.027 -16"><span class='ocrx_word' id='word_1_471' title='bbox 2159 600 2288 670; x_wconf 91' lang='lat' dir='ltr'><strong>quid</strong></span> <span class='ocrx_word' id='word_1_472' title='bbox 2348 596 2569 651; x_wconf 83' lang='lat' dir='ltr'><strong>fecisset</strong></span> <span class='ocrx_word' id='word_1_473' title='bbox 2626 583 3015 646; x_wconf 89' lang='lat' dir='ltr'><strong>annuntiavit,</strong></span> <span class='ocrx_word' id='word_1_474' title='bbox 3068 576 3161 647; x_wconf 88' lang='lat' dir='ltr'><strong>qui</strong></span> <span class='ocrx_word' id='word_1_475' title='bbox 3216 574 3431 627; x_wconf 85' lang='lat' dir='ltr'><strong>honore</strong></span> <span class='ocrx_word' id='word_1_476' title='bbox 3486 562 3741 618; x_wconf 71' lang='lat' dir='ltr'><strong>aﬂectum</strong></span> 
     </span>
    </p>
   </div>
   <div class='ocr_carea' id='block_1_62' title="bbox 2161 652 3744 746">
    <p class='ocr_par' dir='ltr' id='par_1_62' title="bbox 2161 652 3744 746">
     <span class='ocr_line' id='line_1_63' title="bbox 2161 652 3744 746; baseline -0.028 0"><span class='ocrx_word' id='word_1_477' title='bbox 2161 686 2543 746; x_wconf 76' lang='lat' dir='ltr'><strong>Alexandriam</strong></span> <span class='ocrx_word' id='word_1_478' title='bbox 2576 680 2807 736; x_wconf 86' lang='lat' dir='ltr'><strong>remisit.</strong></span> <span class='ocrx_word' id='word_1_479' title='bbox 2846 675 2928 729; x_wconf 90' lang='lat' dir='ltr'><strong>lra</strong></span> <span class='ocrx_word' id='word_1_480' title='bbox 2955 678 3137 726; x_wconf 87' lang='lat' dir='ltr'><strong>autem</strong></span> <span class='ocrx_word' id='word_1_481' title='bbox 3170 669 3475 719; x_wconf 84' lang='lat' dir='ltr'><strong>commotus</strong></span> <span class='ocrx_word' id='word_1_482' title='bbox 3520 662 3607 710; x_wconf 89' lang='lat' dir='ltr'><strong>est</strong></span> <span class='ocrx_word' id='word_1_483' title='bbox 3636 652 3744 704; x_wconf 87' lang='lat' dir='ltr'><strong>im-</strong></span> 
     </span>
    </p>
   </div>
   <div class='ocr_carea' id='block_1_63' title="bbox 2172 1022 3750 1123">
    <p class='ocr_par' dir='ltr' id='par_1_63' title="bbox 2172 1022 3750 1123">
     <span class='ocr_line' id='line_1_64' title="bbox 2172 1022 3750 1123; baseline -0.027 -13"><span class='ocrx_word' id='word_1_484' title='bbox 2172 1056 2307 1110; x_wconf 75' lang='lat' dir='ltr'><strong>urbo</strong></span> <span class='ocrx_word' id='word_1_485' title='bbox 2338 1051 2485 1123; x_wconf 84' lang='lat' dir='ltr'><strong>Tyro</strong></span> <span class='ocrx_word' id='word_1_486' title='bbox 2528 1042 2847 1116; x_wconf 79' lang='lat' dir='ltr'><strong>congregati</strong></span> <span class='ocrx_word' id='word_1_487' title='bbox 2901 1039 3142 1099; x_wconf 84' lang='lat' dir='ltr'><strong>fuerant,</strong></span> <span class='ocrx_word' id='word_1_488' title='bbox 3193 1025 3436 1098; x_wconf 89' lang='lat' dir='ltr'><strong>episcopi</strong></span> <span class='ocrx_word' id='word_1_489' title='bbox 3490 1022 3750 1074; x_wconf 77' lang='lat' dir='ltr'><strong>Hieroso—</strong></span> 
     </span>
    </p>
   </div>
   <div class='ocr_carea' id='block_1_64' title="bbox 2174 1114 3754 1218">
    <p class='ocr_par' dir='ltr' id='par_1_64' title="bbox 2174 1114 3754 1218">
     <span class='ocr_line' id='line_1_65' title="bbox 2174 1114 3754 1218; baseline -0.025 -17"><span class='ocrx_word' id='word_1_490' title='bbox 2174 1149 2336 1218; x_wconf 84' lang='lat' dir='ltr'><strong>lyma,</strong></span> <span class='ocrx_word' id='word_1_491' title='bbox 2387 1144 2716 1197; x_wconf 86' lang='lat' dir='ltr'><strong>invenerunt</strong></span> <span class='ocrx_word' id='word_1_492' title='bbox 2775 1128 3137 1189; x_wconf 87' lang='lat' dir='ltr'><strong>Athanasium</strong></span> <span class='ocrx_word' id='word_1_493' title='bbox 3164 1117 3555 1193; x_wconf 74' lang='lat' dir='ltr'><strong>[patriarcham</strong></span> <span class='ocrx_word' id='word_1_494' title='bbox 3605 1114 3754 1180; x_wconf 83' lang='lat' dir='ltr'><strong>ipsos</strong></span> 
     </span>
    </p>
   </div>
   <div class='ocr_carea' id='block_1_65' title="bbox 2174 1209 3755 1311">
    <p class='ocr_par' dir='ltr' id='par_1_65' title="bbox 2174 1209 3755 1311">
     <span class='ocr_line' id='line_1_66' title="bbox 2174 1209 3755 1311; baseline -0.029 -16"><span class='ocrx_word' id='word_1_495' title='bbox 2174 1236 2505 1311; x_wconf 62' lang='lat' dir='ltr'><strong>praevertisse</strong></span> <span class='ocrx_word' id='word_1_496' title='bbox 2557 1228 2819 1287; x_wconf 78' lang='lat' dir='ltr'><strong>ecclesias</strong></span> <span class='ocrx_word' id='word_1_497' title='bbox 2888 1216 3288 1278; x_wconf 86' lang='lat' dir='ltr'><strong>consecrando.</strong></span> <span class='ocrx_word' id='word_1_498' title='bbox 3344 1209 3568 1264; x_wconf 83' lang='lat' dir='ltr'><strong>Festum</strong></span> <span class='ocrx_word' id='word_1_499' title='bbox 3624 1218 3755 1270; x_wconf 78' lang='lat' dir='ltr'><strong>ergo</strong></span> 
     </span>
    </p>
   </div>
   <div class='ocr_carea' id='block_1_66' title="bbox 2176 1297 3757 1398">
    <p class='ocr_par' dir='ltr' id='par_1_66' title="bbox 2176 1297 3757 1398">
     <span class='ocr_line' id='line_1_67' title="bbox 2176 1297 3757 1398; baseline -0.028 -11"><span class='ocrx_word' id='word_1_500' title='bbox 2176 1344 2434 1398; x_wconf 80' lang='lat' dir='ltr'><strong>magnotu</strong></span> <span class='ocrx_word' id='word_1_501' title='bbox 2464 1326 2804 1381; x_wconf 85' lang='lat' dir='ltr'><strong>celebrantes</strong></span> <span class='ocrx_word' id='word_1_502' title='bbox 2832 1317 2903 1372; x_wconf 93' lang='lat' dir='ltr'><strong>ob</strong></span> <span class='ocrx_word' id='word_1_503' title='bbox 2934 1310 3296 1370; x_wconf 86' lang='lat' dir='ltr'><strong>ecclesiarum</strong></span> <span class='ocrx_word' id='word_1_504' title='bbox 3328 1297 3757 1356; x_wconf 81' lang='lat' dir='ltr'><strong>dedicationem,</strong></span> 
     </span>
    </p>
   </div>
   <div class='ocr_carea' id='block_1_67' title="bbox 2178 1399 3388 1488">
    <p class='ocr_par' dir='ltr' id='par_1_67' title="bbox 2178 1399 3388 1488">
     <span class='ocr_line' id='line_1_68' title="bbox 2178 1399 3388 1488; baseline -0.026 -9"><span class='ocrx_word' id='word_1_505' title='bbox 2178 1422 2471 1488; x_wconf 79' lang='lat' dir='ltr'><strong>laetitiaque</strong></span> <span class='ocrx_word' id='word_1_506' title='bbox 2503 1412 2711 1484; x_wconf 81' lang='lat' dir='ltr'><strong>ingenti</strong></span> <span class='ocrx_word' id='word_1_507' title='bbox 2740 1405 2974 1480; x_wconf 87' lang='lat' dir='ltr'><strong>perfusi,</strong></span> <span class='ocrx_word' id='word_1_508' title='bbox 3006 1399 3209 1458; x_wconf 83' lang='lat' dir='ltr'><strong>reversi</strong></span> <span class='ocrx_word' id='word_1_509' title='bbox 3236 1402 3388 1451; x_wconf 88' lang='lat' dir='ltr'><strong>sunt.</strong></span> 
     </span>
    </p>
   </div>
   <div class='ocr_carea' id='block_1_68' title="bbox 2251 1475 3763 1567">
    <p class='ocr_par' dir='ltr' id='par_1_68' title="bbox 2251 1475 3763 1567">
     <span class='ocr_line' id='line_1_69' title="bbox 2251 1475 3763 1567; baseline -0.032 1"><span class='ocrx_word' id='word_1_510' title='bbox 2251 1512 2475 1567; x_wconf 85' lang='lat' dir='ltr'><strong>Factum</strong></span> <span class='ocrx_word' id='word_1_511' title='bbox 2508 1518 2591 1562; x_wconf 87' lang='lat' dir='ltr'><strong>est</strong></span> <span class='ocrx_word' id='word_1_512' title='bbox 2623 1506 2730 1558; x_wconf 87' lang='lat' dir='ltr'><strong>hoc</strong></span> <span class='ocrx_word' id='word_1_513' title='bbox 2766 1514 2911 1554; x_wconf 91' lang='lat' dir='ltr'><strong>anno</strong></span> <span class='ocrx_word' id='word_1_514' title='bbox 2948 1490 3164 1564; x_wconf 87' lang='lat' dir='ltr'><strong>imperii</strong></span> <span class='ocrx_word' id='word_1_515' title='bbox 3197 1480 3545 1544; x_wconf 85' lang='lat' dir='ltr'><strong>Constantini</strong></span> <span class='ocrx_word' id='word_1_516' title='bbox 3595 1475 3763 1527; x_wconf 78' lang='lat' dir='ltr'><strong>trice-</strong></span> 
     </span>
    </p>
   </div>
   <div class='ocr_carea' id='block_1_69' title="bbox 2183 1566 3764 1662">
    <p class='ocr_par' dir='ltr' id='par_1_69' title="bbox 2183 1566 3764 1662">
     <span class='ocr_line' id='line_1_70' title="bbox 2183 1566 3764 1662; baseline -0.031 0"><span class='ocrx_word' id='word_1_517' title='bbox 2183 1608 2342 1662; x_wconf 91' lang='lat' dir='ltr'><strong>simo.</strong></span> <span class='ocrx_word' id='word_1_518' title='bbox 2381 1601 2630 1656; x_wconf 72' lang='lat' dir='ltr'><strong>Mertuus</strong></span> <span class='ocrx_word' id='word_1_519' title='bbox 2649 1604 2733 1649; x_wconf 83' lang='lat' dir='ltr'><strong>est</strong></span> <span class='ocrx_word' id='word_1_520' title='bbox 2757 1601 2937 1647; x_wconf 87' lang='lat' dir='ltr'><strong>autem</strong></span> <span class='ocrx_word' id='word_1_521' title='bbox 2973 1582 3247 1640; x_wconf 83' lang='lat' dir='ltr'><strong>Eusebius</strong></span> <span class='ocrx_word' id='word_1_522' title='bbox 3276 1572 3583 1647; x_wconf 72' lang='lat' dir='ltr'><strong>patriarcha</strong></span> <span class='ocrx_word' id='word_1_523' title='bbox 3617 1566 3764 1619; x_wconf 80' lang='lat' dir='ltr'><strong>Con-</strong></span> 
     </span>
    </p>
   </div>
   <div class='ocr_carea' id='block_1_70' title="bbox 2111 1656 3764 1761">
    <p class='ocr_par' dir='ltr' id='par_1_70' title="bbox 2111 1656 3764 1761">
     <span class='ocr_line' id='line_1_71' title="bbox 2111 1656 3764 1761; baseline -0.028 -9"><span class='ocrx_word' id='word_1_524' title='bbox 2111 1696 2149 1751; x_wconf 83' lang='lat' dir='ltr'>B</span> <span class='ocrx_word' id='word_1_525' title='bbox 2179 1691 2721 1761; x_wconf 85' lang='lat' dir='ltr'><strong>stantinopolitanns,</strong></span> <span class='ocrx_word' id='word_1_526' title='bbox 2771 1697 2893 1735; x_wconf 89' lang='lat' dir='ltr'><strong>cum</strong></span> <span class='ocrx_word' id='word_1_527' title='bbox 2939 1678 3081 1732; x_wconf 87' lang='lat' dir='ltr'><strong>duos</strong></span> <span class='ocrx_word' id='word_1_528' title='bbox 3118 1684 3292 1725; x_wconf 87' lang='lat' dir='ltr'><strong>annos</strong></span> <span class='ocrx_word' id='word_1_529' title='bbox 3333 1665 3588 1737; x_wconf 73' lang='lat' dir='ltr'><strong>sedisset,</strong></span> <span class='ocrx_word' id='word_1_530' title='bbox 3626 1656 3764 1726; x_wconf 81' lang='lat' dir='ltr'><strong>ipsi-</strong></span> 
     </span>
    </p>
   </div>
   <div class='ocr_carea' id='block_1_71' title="bbox 2179 1754 3751 1861">
    <p class='ocr_par' dir='ltr' id='par_1_71' title="bbox 2179 1754 3751 1861">
     <span class='ocr_line' id='line_1_72' title="bbox 2179 1754 3751 1861; baseline -0.029 -18"><span class='ocrx_word' id='word_1_531' title='bbox 2179 1804 2287 1861; x_wconf 88' lang='lat' dir='ltr'><strong>que</strong></span> <span class='ocrx_word' id='word_1_532' title='bbox 2316 1754 2664 1841; x_wconf 77' lang='lat' dir='ltr'><strong>tttaledictum</strong></span> <span class='ocrx_word' id='word_1_533' title='bbox 2689 1783 2858 1839; x_wconf 83' lang='lat' dir='ltr'><strong>esset,</strong></span> <span class='ocrx_word' id='word_1_534' title='bbox 2887 1768 3335 1830; x_wconf 84' lang='lat' dir='ltr'><strong>substitutusque</strong></span> <span class='ocrx_word' id='word_1_535' title='bbox 3356 1765 3443 1811; x_wconf 85' lang='lat' dir='ltr'><strong>est</strong></span> <span class='ocrx_word' id='word_1_536' title='bbox 3483 1754 3537 1807; x_wconf 91' lang='lat' dir='ltr'><strong>in</strong></span> <span class='ocrx_word' id='word_1_537' title='bbox 3573 1754 3751 1804; x_wconf 88' lang='lat' dir='ltr'><strong>locum</strong></span> 
     </span>
    </p>
   </div>
   <div class='ocr_carea' id='block_1_72' title="bbox 2179 1842 3763 1953">
    <p class='ocr_par' dir='ltr' id='par_1_72' title="bbox 2179 1842 3763 1953">
     <span class='ocr_line' id='line_1_73' title="bbox 2179 1842 3763 1953; baseline -0.03 -15"><span class='ocrx_word' id='word_1_538' title='bbox 2179 1842 2355 1953; x_wconf 72' lang='lat' dir='ltr'><strong>ipsius</strong></span> <span class='ocrx_word' id='word_1_539' title='bbox 2391 1868 2748 1949; x_wconf 58' lang='grc' dir='ltr'><strong>[εδδ-467</strong></span> <span class='ocrx_word' id='word_1_540' title='bbox 2784 1853 3261 1925; x_wconf 85' lang='lat' dir='ltr'><strong>Constantinopoli</strong></span> <span class='ocrx_word' id='word_1_541' title='bbox 3293 1848 3494 1903; x_wconf 64' lang='lat' dir='ltr'><strong>Paulus</strong></span> <span class='ocrx_word' id='word_1_542' title='bbox 3532 1842 3763 1913; x_wconf 85' lang='lat' dir='ltr'><strong>patriar-</strong></span> 
     </span>
    </p>
   </div>
   <div class='ocr_carea' id='block_1_73' title="bbox 2182 1944 3764 2042">
    <p class='ocr_par' dir='ltr' id='par_1_73' title="bbox 2182 1944 3764 2042">
     <span class='ocr_line' id='line_1_74' title="bbox 2182 1944 3764 2042; baseline -0.028 -11"><span class='ocrx_word' id='word_1_543' title='bbox 2182 1977 2308 2041; x_wconf 90' lang='lat' dir='ltr'><strong>cha,</strong></span> <span class='ocrx_word' id='word_1_544' title='bbox 2332 1973 2425 2042; x_wconf 86' lang='lat' dir='ltr'><strong>qui</strong></span> <span class='ocrx_word' id='word_1_545' title='bbox 2462 1983 2587 2023; x_wconf 88' lang='lat' dir='ltr'><strong>cum</strong></span> <span class='ocrx_word' id='word_1_546' title='bbox 2616 1972 2855 2036; x_wconf 89' lang='lat' dir='ltr'><strong>quatuor</strong></span> <span class='ocrx_word' id='word_1_547' title='bbox 2886 1970 3058 2012; x_wconf 89' lang='lat' dir='ltr'><strong>annos</strong></span> <span class='ocrx_word' id='word_1_548' title='bbox 3079 1950 3310 2007; x_wconf 84' lang='lat' dir='ltr'><strong>sedisset</strong></span> <span class='ocrx_word' id='word_1_549' title='bbox 3346 1945 3413 1998; x_wconf 90' lang='lat' dir='ltr'><strong>ab</strong></span> <span class='ocrx_word' id='word_1_550' title='bbox 3438 1944 3764 2008; x_wconf 88' lang='lat' dir='ltr'><strong>imperatore</strong></span> 
     </span>
    </p>
   </div>
   <div class='ocr_carea' id='block_1_74' title="bbox 2178 2033 3763 2125">
    <p class='ocr_par' dir='ltr' id='par_1_74' title="bbox 2178 2033 3763 2125">
     <span class='ocr_line' id='line_1_75' title="bbox 2178 2033 3763 2125; baseline -0.029 -3"><span class='ocrx_word' id='word_1_551' title='bbox 2178 2033 2543 2123; x_wconf 73' lang='lat' dir='ltr'><strong>Constantino</strong></span> <span class='ocrx_word' id='word_1_552' title='bbox 2584 2033 2860 2125; x_wconf 75' lang='lat' dir='ltr'><strong>relegatus</strong></span> <span class='ocrx_word' id='word_1_553' title='bbox 2904 2058 3011 2103; x_wconf 88' lang='lat' dir='ltr'><strong>est.</strong></span> <span class='ocrx_word' id='word_1_554' title='bbox 3048 2046 3219 2097; x_wconf 80' lang='lat' dir='ltr'><strong>Porro</strong></span> <span class='ocrx_word' id='word_1_555' title='bbox 3263 2036 3438 2090; x_wconf 85' lang='lat' dir='ltr'><strong>vetuit</strong></span> <span class='ocrx_word' id='word_1_556' title='bbox 3486 2033 3763 2086; x_wconf 80' lang='lat' dir='ltr'><strong>Constan—</strong></span> 
     </span>
    </p>
   </div>
   <div class='ocr_carea' id='block_1_75' title="bbox 2181 2119 3770 2224">
    <p class='ocr_par' dir='ltr' id='par_1_75' title="bbox 2181 2119 3770 2224">
     <span class='ocr_line' id='line_1_76' title="bbox 2181 2119 3770 2224; baseline -0.03 -9"><span class='ocrx_word' id='word_1_557' title='bbox 2181 2163 2332 2217; x_wconf 90' lang='lat' dir='ltr'><strong>tinus</strong></span> <span class='ocrx_word' id='word_1_558' title='bbox 2361 2158 2682 2224; x_wconf 84' lang='lat' dir='ltr'><strong>imperator,</strong></span> <span class='ocrx_word' id='word_1_559' title='bbox 2724 2162 2788 2200; x_wconf 90' lang='lat' dir='ltr'><strong>ne</strong></span> <span class='ocrx_word' id='word_1_560' title='bbox 2824 2142 2948 2214; x_wconf 88' lang='lat' dir='ltr'><strong>quis</strong></span> <span class='ocrx_word' id='word_1_561' title='bbox 2994 2136 3218 2193; x_wconf 64' lang='lat' dir='ltr'><strong>Iudaeus</strong></span> <span class='ocrx_word' id='word_1_562' title='bbox 3271 2125 3651 2193; x_wconf 83' lang='lat' dir='ltr'><strong>Hierosolyma</strong></span> <span class='ocrx_word' id='word_1_563' title='bbox 3684 2119 3770 2171; x_wconf 91' lang='lat' dir='ltr'><strong>in-</strong></span> 
     </span>
    </p>
   </div>
   <div class='ocr_carea' id='block_1_76' title="bbox 2182 2211 3770 2313">
    <p class='ocr_par' dir='ltr' id='par_1_76' title="bbox 2182 2211 3770 2313">
     <span class='ocr_line' id='line_1_77' title="bbox 2182 2211 3770 2313; baseline -0.029 -5"><span class='ocrx_word' id='word_1_564' title='bbox 2182 2254 2409 2313; x_wconf 84' lang='lat' dir='ltr'><strong>coleret,</strong></span> <span class='ocrx_word' id='word_1_565' title='bbox 2444 2253 2541 2301; x_wconf 90' lang='lat' dir='ltr'><strong>aut</strong></span> <span class='ocrx_word' id='word_1_566' title='bbox 2570 2257 2665 2313; x_wconf 87' lang='lat' dir='ltr'><strong>per</strong></span> <span class='ocrx_word' id='word_1_567' title='bbox 2714 2253 2777 2293; x_wconf 91' lang='lat' dir='ltr'><strong>ea</strong></span> <span class='ocrx_word' id='word_1_568' title='bbox 2820 2233 3117 2292; x_wconf 85' lang='lat' dir='ltr'><strong>transiret;</strong></span> <span class='ocrx_word' id='word_1_569' title='bbox 3174 2233 3351 2279; x_wconf 81' lang='lat' dir='ltr'><strong>morte</strong></span> <span class='ocrx_word' id='word_1_570' title='bbox 3411 2218 3579 2272; x_wconf 88' lang='lat' dir='ltr'><strong>etiam</strong></span> <span class='ocrx_word' id='word_1_571' title='bbox 3629 2211 3770 2265; x_wconf 71' lang='lat' dir='ltr'><strong>allici</strong></span> 
     </span>
    </p>
   </div>
   <div class='ocr_carea' id='block_1_77' title="bbox 2179 2315 3767 2418">
    <p class='ocr_par' dir='ltr' id='par_1_77' title="bbox 2179 2315 3767 2418">
     <span class='ocr_line' id='line_1_78' title="bbox 2179 2315 3767 2418; baseline -0.029 -18"><span class='ocrx_word' id='word_1_572' title='bbox 2179 2345 2343 2418; x_wconf 80' lang='lat' dir='ltr'><strong>jussit</strong></span> <span class='ocrx_word' id='word_1_573' title='bbox 2373 2352 2564 2394; x_wconf 85' lang='lat' dir='ltr'><strong>omnes</strong></span> <span class='ocrx_word' id='word_1_574' title='bbox 2600 2331 2692 2405; x_wconf 90' lang='lat' dir='ltr'><strong>qui</strong></span> <span class='ocrx_word' id='word_1_575' title='bbox 2743 2328 3061 2397; x_wconf 84' lang='lat' dir='ltr'><strong>religionem</strong></span> <span class='ocrx_word' id='word_1_576' title='bbox 3087 2315 3454 2374; x_wconf 80' lang='lat' dir='ltr'><strong>Christianam</strong></span> <span class='ocrx_word' id='word_1_577' title='bbox 3505 2324 3615 2362; x_wconf 92' lang='lat' dir='ltr'><strong>non</strong></span> <span class='ocrx_word' id='word_1_578' title='bbox 3652 2320 3767 2357; x_wconf 85' lang='lat' dir='ltr'><strong>am-</strong></span> 
     </span>
    </p>
   </div>
   <div class='ocr_carea' id='block_1_78' title="bbox 2184 2401 3773 2505">
    <p class='ocr_par' dir='ltr' id='par_1_78' title="bbox 2184 2401 3773 2505">
     <span class='ocr_line' id='line_1_79' title="bbox 2184 2401 3773 2505; baseline -0.026 -16"><span class='ocrx_word' id='word_1_579' title='bbox 2184 2401 2578 2505; x_wconf 70' lang='lat' dir='ltr'><strong>plecterentur.</strong></span> <span class='ocrx_word' id='word_1_580' title='bbox 2618 2401 2826 2477; x_wconf 75' lang='lat' dir='ltr'><strong>Christi</strong></span> <span class='ocrx_word' id='word_1_581' title='bbox 2886 2430 3017 2487; x_wconf 81' lang='lat' dir='ltr'><strong>ergo</strong></span> <span class='ocrx_word' id='word_1_582' title='bbox 3055 2410 3271 2466; x_wconf 83' lang='lat' dir='ltr'><strong>nomen</strong></span> <span class='ocrx_word' id='word_1_583' title='bbox 3302 2401 3535 2473; x_wconf 85' lang='lat' dir='ltr'><strong>professi</strong></span> <span class='ocrx_word' id='word_1_584' title='bbox 3585 2405 3715 2454; x_wconf 91' lang='lat' dir='ltr'><strong>sunt</strong></span> <span class='ocrx_word' id='word_1_585' title='bbox 3742 2410 3773 2448; x_wconf 87' lang='lat' dir='ltr'><strong>e</strong></span> 
     </span>
    </p>
   </div>
   <div class='ocr_carea' id='block_1_79' title="bbox 2186 2488 3776 2600">
    <p class='ocr_par' dir='ltr' id='par_1_79' title="bbox 2186 2488 3776 2600">
     <span class='ocr_line' id='line_1_80' title="bbox 2186 2488 3776 2600; baseline -0.027 -18"><span class='ocrx_word' id='word_1_586' title='bbox 2186 2488 2440 2600; x_wconf 48' lang='lat' dir='ltr'><strong>lgentibus</strong></span> <span class='ocrx_word' id='word_1_587' title='bbox 2491 2536 2555 2574; x_wconf 89' lang='lat' dir='ltr'><strong>ac</strong></span> <span class='ocrx_word' id='word_1_588' title='bbox 2594 2514 2803 2572; x_wconf 69' lang='lat' dir='ltr'><strong>Iudaeis</strong></span> <span class='ocrx_word' id='word_1_589' title='bbox 2834 2502 3250 2580; x_wconf 84' lang='lat' dir='ltr'><strong>quamplurimi,</strong></span> <span class='ocrx_word' id='word_1_590' title='bbox 3285 2514 3349 2553; x_wconf 91' lang='lat' dir='ltr'><strong>ac</strong></span> <span class='ocrx_word' id='word_1_591' title='bbox 3387 2494 3591 2566; x_wconf 87' lang='lat' dir='ltr'><strong>passim</strong></span> <span class='ocrx_word' id='word_1_592' title='bbox 3627 2488 3776 2544; x_wconf 89' lang='lat' dir='ltr'><strong>obti-</strong></span> 
     </span>
    </p>
   </div>
   <div class='ocr_carea' id='block_1_80' title="bbox 2192 2584 3780 2675">
    <p class='ocr_par' dir='ltr' id='par_1_80' title="bbox 2192 2584 3780 2675">
     <span class='ocr_line' id='line_1_81' title="bbox 2192 2584 3780 2675; baseline -0.028 0"><span class='ocrx_word' id='word_1_593' title='bbox 2192 2620 2315 2675; x_wconf 81' lang='lat' dir='ltr'><strong>nuit</strong></span> <span class='ocrx_word' id='word_1_594' title='bbox 2394 2610 2861 2671; x_wconf 86' lang='lat' dir='ltr'><strong>christianismus.</strong></span> <span class='ocrx_word' id='word_1_595' title='bbox 2908 2600 3232 2657; x_wconf 84' lang='lat' dir='ltr'><strong>Nuntiatum</strong></span> <span class='ocrx_word' id='word_1_596' title='bbox 3278 2600 3361 2647; x_wconf 86' lang='lat' dir='ltr'><strong>est</strong></span> <span class='ocrx_word' id='word_1_597' title='bbox 3404 2598 3583 2642; x_wconf 89' lang='lat' dir='ltr'><strong>autem</strong></span> <span class='ocrx_word' id='word_1_598' title='bbox 3634 2584 3780 2638; x_wconf 86' lang='lat' dir='ltr'><strong>Cou-</strong></span> 
     </span>
    </p>
   </div>
   <div class='ocr_carea' id='block_1_81' title="bbox 2191 2675 3777 2773">
    <p class='ocr_par' dir='ltr' id='par_1_81' title="bbox 2191 2675 3777 2773">
     <span class='ocr_line' id='line_1_82' title="bbox 2191 2675 3777 2773; baseline -0.028 -4"><span class='ocrx_word' id='word_1_599' title='bbox 2191 2710 2437 2769; x_wconf 91' lang='lat' dir='ltr'><strong>stantino</strong></span> <span class='ocrx_word' id='word_1_600' title='bbox 2488 2699 2805 2773; x_wconf 88' lang='lat' dir='ltr'><strong>imperatori</strong></span> <span class='ocrx_word' id='word_1_601' title='bbox 2855 2694 3085 2750; x_wconf 76' lang='lat' dir='ltr'><strong>.Iutheos</strong></span> <span class='ocrx_word' id='word_1_602' title='bbox 3132 2696 3283 2743; x_wconf 90' lang='lat' dir='ltr'><strong>metu</strong></span> <span class='ocrx_word' id='word_1_603' title='bbox 3330 2681 3523 2737; x_wconf 86' lang='lat' dir='ltr'><strong>mortis</strong></span> <span class='ocrx_word' id='word_1_604' title='bbox 3568 2675 3777 2733; x_wconf 77' lang='lat' dir='ltr'><strong>ChriSti</strong></span> 
     </span>
    </p>
   </div>
   <div class='ocr_carea' id='block_1_82' title="bbox 2187 2764 3782 2874">
    <p class='ocr_par' dir='ltr' id='par_1_82' title="bbox 2187 2764 3782 2874">
     <span class='ocr_line' id='line_1_83' title="bbox 2187 2764 3782 2874; baseline -0.026 -16"><span class='ocrx_word' id='word_1_605' title='bbox 2187 2802 2406 2874; x_wconf 89' lang='lat' dir='ltr'><strong>quidem</strong></span> <span class='ocrx_word' id='word_1_606' title='bbox 2438 2795 2757 2864; x_wconf 76' lang='lat' dir='ltr'><strong>religionem</strong></span> <span class='ocrx_word' id='word_1_607' title='bbox 2792 2785 3060 2859; x_wconf 78' lang='lat' dir='ltr'><strong>profiteri,</strong></span> <span class='ocrx_word' id='word_1_608' title='bbox 3099 2791 3157 2835; x_wconf 91' lang='lat' dir='ltr'><strong>at</strong></span> <span class='ocrx_word' id='word_1_609' title='bbox 3187 2792 3341 2832; x_wconf 88' lang='lat' dir='ltr'><strong>suam</strong></span> <span class='ocrx_word' id='word_1_610' title='bbox 3384 2769 3608 2827; x_wconf 87' lang='lat' dir='ltr'><strong>interim</strong></span> <span class='ocrx_word' id='word_1_611' title='bbox 3645 2764 3782 2819; x_wconf 85' lang='lat' dir='ltr'><strong>reti—</strong></span> 
     </span>
    </p>
   </div>
   <div class='ocr_carea' id='block_1_83' title="bbox 2192 2862 3784 2960">
    <p class='ocr_par' dir='ltr' id='par_1_83' title="bbox 2192 2862 3784 2960">
     <span class='ocr_line' id='line_1_84' title="bbox 2192 2862 3784 2960; baseline -0.025 -13"><span class='ocrx_word' id='word_1_612' title='bbox 2192 2907 2343 2949; x_wconf 89' lang='lat' dir='ltr'><strong>nere.</strong></span> <span class='ocrx_word' id='word_1_613' title='bbox 2380 2891 2626 2960; x_wconf 62' lang='lat' dir='ltr'><strong>litigante</strong></span> <span class='ocrx_word' id='word_1_614' title='bbox 2647 2897 2777 2949; x_wconf 67' lang='lat' dir='ltr'><strong>ergo</strong></span> <span class='ocrx_word' id='word_1_615' title='bbox 2802 2882 3153 2948; x_wconf 88' lang='lat' dir='ltr'><strong>imperatore:</strong></span> <span class='ocrx_word' id='word_1_616' title='bbox 3179 2864 3467 2936; x_wconf 84' lang='lat' dir='ltr'><strong>Quomodo</strong></span> <span class='ocrx_word' id='word_1_617' title='bbox 3491 2862 3597 2915; x_wconf 85' lang='lat' dir='ltr'><strong>hoc</strong></span> <span class='ocrx_word' id='word_1_618' title='bbox 3627 2866 3784 2912; x_wconf 88' lang='lat' dir='ltr'><strong>certo</strong></span> 
     </span>
    </p>
   </div>
   <div class='ocr_carea' id='block_1_84' title="bbox 2196 2950 3784 3049">
    <p class='ocr_par' dir='ltr' id='par_1_84' title="bbox 2196 2950 3784 3049">
     <span class='ocr_line' id='line_1_85' title="bbox 2196 2950 3784 3049; baseline -0.026 -8"><span class='ocrx_word' id='word_1_619' title='bbox 2196 2982 2472 3041; x_wconf 87' lang='lat' dir='ltr'><strong>sciemus?</strong></span> <span class='ocrx_word' id='word_1_620' title='bbox 2515 2975 2800 3049; x_wconf 86' lang='lat' dir='ltr'><strong>respondit</strong></span> <span class='ocrx_word' id='word_1_621' title='bbox 2850 2970 3052 3023; x_wconf 78' lang='lat' dir='ltr'><strong>Paulus</strong></span> <span class='ocrx_word' id='word_1_622' title='bbox 3103 2959 3417 3033; x_wconf 88' lang='lat' dir='ltr'><strong>patriarcha</strong></span> <span class='ocrx_word' id='word_1_623' title='bbox 3450 2950 3784 3009; x_wconf 88' lang='lat' dir='ltr'><strong>Constanti-</strong></span> 
     </span>
    </p>
   </div>
   <div class='ocr_carea' id='block_1_85' title="bbox 2197 3052 3785 3146">
    <p class='ocr_par' dir='ltr' id='par_1_85' title="bbox 2197 3052 3785 3146">
     <span class='ocr_line' id='line_1_86' title="bbox 2197 3052 3785 3146; baseline -0.028 -14"><span class='ocrx_word' id='word_1_624' title='bbox 2197 3076 2548 3146; x_wconf 62' lang='lat' dir='ltr'><strong>nopolitanus</strong></span> <span class='ocrx_word' id='word_1_625' title='bbox 2594 3088 2606 3122; x_wconf 91' lang='lat'><strong>:</strong></span> <span class='ocrx_word' id='word_1_626' title='bbox 2662 3069 2804 3121; x_wconf 88' lang='lat' dir='ltr'><strong>Caro</strong></span> <span class='ocrx_word' id='word_1_627' title='bbox 2835 3062 3059 3133; x_wconf 88' lang='lat' dir='ltr'><strong>porcina</strong></span> <span class='ocrx_word' id='word_1_628' title='bbox 3096 3059 3215 3125; x_wconf 80' lang='lat' dir='ltr'><strong>lege</strong></span> <span class='ocrx_word' id='word_1_629' title='bbox 3259 3052 3422 3106; x_wconf 85' lang='lat' dir='ltr'><strong>vetita</strong></span> <span class='ocrx_word' id='word_1_630' title='bbox 3479 3055 3785 3109; x_wconf 82' lang='lat' dir='ltr'><strong>est,quare</strong></span> 
     </span>
    </p>
   </div>
   <div class='ocr_carea' id='block_1_86' title="bbox 2194 3136 3785 3225">
    <p class='ocr_par' dir='ltr' id='par_1_86' title="bbox 2194 3136 3785 3225">
     <span class='ocr_line' id='line_1_87' title="bbox 2194 3136 3785 3225; baseline -0.026 0"><span class='ocrx_word' id='word_1_631' title='bbox 2194 3186 2315 3225; x_wconf 87' lang='lat' dir='ltr'><strong>eam</strong></span> <span class='ocrx_word' id='word_1_632' title='bbox 2346 3183 2453 3221; x_wconf 89' lang='lat' dir='ltr'><strong>non</strong></span> <span class='ocrx_word' id='word_1_633' title='bbox 2487 3160 2782 3218; x_wconf 88' lang='lat' dir='ltr'><strong>comedunt</strong></span> <span class='ocrx_word' id='word_1_634' title='bbox 2811 3153 3021 3215; x_wconf 64' lang='lat' dir='ltr'><strong>Judmi;</strong></span> <span class='ocrx_word' id='word_1_635' title='bbox 3054 3149 3186 3217; x_wconf 84' lang='lat' dir='ltr'><strong>jube</strong></span> <span class='ocrx_word' id='word_1_636' title='bbox 3233 3159 3364 3211; x_wconf 78' lang='lat' dir='ltr'><strong>ergo</strong></span> <span class='ocrx_word' id='word_1_637' title='bbox 3400 3136 3631 3193; x_wconf 82' lang='lat' dir='ltr'><strong>mactari</strong></span> <span class='ocrx_word' id='word_1_638' title='bbox 3658 3147 3785 3201; x_wconf 87' lang='lat' dir='ltr'><strong>por-</strong></span> 
     </span>
    </p>
   </div>
   <div class='ocr_carea' id='block_1_87' title="bbox 2198 3225 3789 3322">
    <p class='ocr_par' dir='ltr' id='par_1_87' title="bbox 2198 3225 3789 3322">
     <span class='ocr_line' id='line_1_88' title="bbox 2198 3225 3789 3322; baseline -0.026 -6"><span class='ocrx_word' id='word_1_639' title='bbox 2198 3277 2321 3322; x_wconf 78' lang='lat' dir='ltr'><strong>cos,</strong></span> <span class='ocrx_word' id='word_1_640' title='bbox 2391 3272 2453 3312; x_wconf 90' lang='lat' dir='ltr'><strong>ac</strong></span> <span class='ocrx_word' id='word_1_641' title='bbox 2506 3252 2665 3321; x_wconf 82' lang='lat' dir='ltr'><strong>coqui</strong></span> <span class='ocrx_word' id='word_1_642' title='bbox 2714 3262 2902 3303; x_wconf 89' lang='lat' dir='ltr'><strong>eorum</strong></span> <span class='ocrx_word' id='word_1_643' title='bbox 2956 3255 3201 3298; x_wconf 85' lang='lat' dir='ltr'><strong>carnem,</strong></span> <span class='ocrx_word' id='word_1_644' title='bbox 3254 3250 3375 3304; x_wconf 69' lang='lat' dir='ltr'><strong>qua:</strong></span> <span class='ocrx_word' id='word_1_645' title='bbox 3441 3238 3604 3285; x_wconf 75' lang='lat' dir='ltr'><strong>secta:</strong></span> <span class='ocrx_word' id='word_1_646' title='bbox 3658 3225 3789 3276; x_wconf 85' lang='lat' dir='ltr'><strong>huic</strong></span> 
     </span>
    </p>
   </div>
   <div class='ocr_carea' id='block_1_88' title="bbox 2196 3328 3786 3421">
    <p class='ocr_par' dir='ltr' id='par_1_88' title="bbox 2196 3328 3786 3421">
     <span class='ocr_line' id='line_1_89' title="bbox 2196 3328 3786 3421; baseline -0.026 -17"><span class='ocrx_word' id='word_1_647' title='bbox 2196 3346 2460 3421; x_wconf 78' lang='lat' dir='ltr'><strong>gustauda</strong></span> <span class='ocrx_word' id='word_1_648' title='bbox 2508 3343 2846 3413; x_wconf 49' lang='lat' dir='ltr'><strong>praebeatur;</strong></span> <span class='ocrx_word' id='word_1_649' title='bbox 2882 3334 2927 3388; x_wconf 92' lang='lat' dir='ltr'><strong>si</strong></span> <span class='ocrx_word' id='word_1_650' title='bbox 2969 3330 3092 3401; x_wconf 88' lang='lat' dir='ltr'><strong>quis</strong></span> <span class='ocrx_word' id='word_1_651' title='bbox 3121 3328 3268 3381; x_wconf 86' lang='lat' dir='ltr'><strong>enim</strong></span> <span class='ocrx_word' id='word_1_652' title='bbox 3311 3337 3430 3377; x_wconf 85' lang='lat' dir='ltr'><strong>eam</strong></span> <span class='ocrx_word' id='word_1_653' title='bbox 3460 3334 3565 3372; x_wconf 89' lang='lat' dir='ltr'><strong>non</strong></span> <span class='ocrx_word' id='word_1_654' title='bbox 3598 3329 3786 3368; x_wconf 85' lang='lat' dir='ltr'><strong>come-</strong></span> 
     </span>
    </p>
   </div>
   <div class='ocr_carea' id='block_1_89' title="bbox 2199 3411 3789 3498">
    <p class='ocr_par' dir='ltr' id='par_1_89' title="bbox 2199 3411 3789 3498">
     <span class='ocr_line' id='line_1_90' title="bbox 2199 3411 3789 3498; baseline -0.026 -3"><span class='ocrx_word' id='word_1_655' title='bbox 2199 3439 2373 3498; x_wconf 86' lang='lat' dir='ltr'><strong>derit,</strong></span> <span class='ocrx_word' id='word_1_656' title='bbox 2425 3411 2566 3486; x_wconf 83' lang='lat' dir='ltr'><strong>scies</strong></span> <span class='ocrx_word' id='word_1_657' title='bbox 2602 3430 2781 3498; x_wconf 85' lang='lat' dir='ltr'><strong>ipsum</strong></span> <span class='ocrx_word' id='word_1_658' title='bbox 2828 3424 2881 3477; x_wconf 90' lang='lat' dir='ltr'><strong>in</strong></span> <span class='ocrx_word' id='word_1_659' title='bbox 2935 3419 3220 3490; x_wconf 83' lang='lat' dir='ltr'><strong>judaismo</strong></span> <span class='ocrx_word' id='word_1_660' title='bbox 3282 3411 3461 3465; x_wconf 88' lang='lat' dir='ltr'><strong>adhuc</strong></span> <span class='ocrx_word' id='word_1_661' title='bbox 3510 3414 3789 3473; x_wconf 87' lang='lat' dir='ltr'><strong>perstare.</strong></span> 
     </span>
    </p>
   </div>
   <div class='ocr_carea' id='block_1_90' title="bbox 2199 3499 3789 3585">
    <p class='ocr_par' dir='ltr' id='par_1_90' title="bbox 2199 3499 3789 3585">
     <span class='ocr_line' id='line_1_91' title="bbox 2199 3499 3789 3585; baseline -0.028 0"><span class='ocrx_word' id='word_1_662' title='bbox 2199 3530 2296 3584; x_wconf 89' lang='lat' dir='ltr'><strong>Cui</strong></span> <span class='ocrx_word' id='word_1_663' title='bbox 2331 3520 2729 3581; x_wconf 79' lang='lat' dir='ltr'><strong>Constantinus</strong></span> <span class='ocrx_word' id='word_1_664' title='bbox 2769 3518 3068 3585; x_wconf 70' lang='lat' dir='ltr'><strong>imperator</strong></span> <span class='ocrx_word' id='word_1_665' title='bbox 3098 3525 3111 3560; x_wconf 90' lang='lat'><strong>:</strong></span> <span class='ocrx_word' id='word_1_666' title='bbox 3157 3505 3215 3559; x_wconf 91' lang='lat' dir='ltr'><strong>Si</strong></span> <span class='ocrx_word' id='word_1_667' title='bbox 3248 3499 3471 3573; x_wconf 84' lang='lat' dir='ltr'><strong>(inquit)</strong></span> <span class='ocrx_word' id='word_1_668' title='bbox 3501 3510 3629 3551; x_wconf 86' lang='lat' dir='ltr'><strong>caro</strong></span> <span class='ocrx_word' id='word_1_669' title='bbox 3656 3508 3789 3561; x_wconf 81' lang='lat' dir='ltr'><strong>por-</strong></span> 
     </span>
    </p>
   </div>
   <div class='ocr_carea' id='block_1_91' title="bbox 2204 3582 3791 3683">
    <p class='ocr_par' dir='ltr' id='par_1_91' title="bbox 2204 3582 3791 3683">
     <span class='ocr_line' id='line_1_92' title="bbox 2204 3582 3791 3683; baseline -0.026 -10"><span class='ocrx_word' id='word_1_670' title='bbox 2204 3620 2325 3673; x_wconf 89' lang='lat' dir='ltr'><strong>cina</strong></span> <span class='ocrx_word' id='word_1_671' title='bbox 2352 3616 2469 3683; x_wconf 75' lang='lat' dir='ltr'><strong>lege</strong></span> <span class='ocrx_word' id='word_1_672' title='bbox 2494 3609 2661 3665; x_wconf 83' lang='lat' dir='ltr'><strong>vetita</strong></span> <span class='ocrx_word' id='word_1_673' title='bbox 2698 3606 2793 3669; x_wconf 89' lang='lat' dir='ltr'><strong>sit,</strong></span> <span class='ocrx_word' id='word_1_674' title='bbox 2824 3582 3103 3673; x_wconf 82' lang='lat' dir='ltr'><strong>quomodo</strong></span> <span class='ocrx_word' id='word_1_675' title='bbox 3139 3593 3302 3649; x_wconf 89' lang='lat' dir='ltr'><strong>nobis</strong></span> <span class='ocrx_word' id='word_1_676' title='bbox 3337 3606 3401 3643; x_wconf 86' lang='lat' dir='ltr'><strong>ea</strong></span> <span class='ocrx_word' id='word_1_677' title='bbox 3432 3587 3603 3645; x_wconf 85' lang='lat' dir='ltr'><strong>vesci,</strong></span> <span class='ocrx_word' id='word_1_678' title='bbox 3637 3582 3791 3636; x_wconf 86' lang='lat' dir='ltr'><strong>aliis-</strong></span> 
     </span>
    </p>
   </div>
   <div class='ocr_carea' id='block_1_92' title="bbox 2205 3673 3794 3779">
    <p class='ocr_par' dir='ltr' id='par_1_92' title="bbox 2205 3673 3794 3779">
     <span class='ocr_line' id='line_1_93' title="bbox 2205 3673 3794 3779; baseline -0.025 -15"><span class='ocrx_word' id='word_1_679' title='bbox 2205 3726 2314 3779; x_wconf 87' lang='lat' dir='ltr'><strong>que</strong></span> <span class='ocrx_word' id='word_1_680' title='bbox 2363 3704 2606 3761; x_wconf 89' lang='lat' dir='ltr'><strong>eamdem</strong></span> <span class='ocrx_word' id='word_1_681' title='bbox 2673 3693 3058 3752; x_wconf 83' lang='lat' dir='ltr'><strong>comedendam</strong></span> <span class='ocrx_word' id='word_1_682' title='bbox 3131 3686 3375 3757; x_wconf 64' lang='lat' dir='ltr'><strong>prmhere</strong></span> <span class='ocrx_word' id='word_1_683' title='bbox 3420 3676 3639 3735; x_wconf 83' lang='lat' dir='ltr'><strong>licebit?</strong></span> <span class='ocrx_word' id='word_1_684' title='bbox 3681 3673 3794 3727; x_wconf 76' lang='lat' dir='ltr'><strong>Be-</strong></span> 
     </span>
    </p>
   </div>
   <div class='ocr_carea' id='block_1_93' title="bbox 2206 3767 3795 3869">
    <p class='ocr_par' dir='ltr' id='par_1_93' title="bbox 2206 3767 3795 3869">
     <span class='ocr_line' id='line_1_94' title="bbox 2206 3767 3795 3869; baseline -0.025 -12"><span class='ocrx_word' id='word_1_685' title='bbox 2206 3799 2424 3869; x_wconf 77' lang='lat' dir='ltr'><strong>spondit</strong></span> <span class='ocrx_word' id='word_1_686' title='bbox 2449 3793 2649 3848; x_wconf 86' lang='lat' dir='ltr'><strong>Paulus</strong></span> <span class='ocrx_word' id='word_1_687' title='bbox 2677 3786 3025 3859; x_wconf 87' lang='lat' dir='ltr'><strong>patriarcha:</strong></span> <span class='ocrx_word' id='word_1_688' title='bbox 3054 3777 3520 3834; x_wconf 87' lang='lat' dir='ltr'><strong>Dominus&#39;noster</strong></span> <span class='ocrx_word' id='word_1_689' title='bbox 3542 3767 3795 3823; x_wconf 88' lang='lat' dir='ltr'><strong>Christus</strong></span> 
     </span>
    </p>
   </div>
   <div class='ocr_carea' id='block_1_94' title="bbox 2211 3860 3799 3963">
    <p class='ocr_par' dir='ltr' id='par_1_94' title="bbox 2211 3860 3799 3963">
     <span class='ocr_line' id='line_1_95' title="bbox 2211 3860 3799 3963; baseline -0.025 -18"><span class='ocrx_word' id='word_1_690' title='bbox 2211 3882 2529 3963; x_wconf 75' lang='lat' dir='ltr'><strong>[ejusmodi]</strong></span> <span class='ocrx_word' id='word_1_691' title='bbox 2560 3880 2746 3935; x_wconf 85' lang='lat' dir='ltr'><strong>omnia</strong></span> <span class='ocrx_word' id='word_1_692' title='bbox 2770 3890 2889 3944; x_wconf 68' lang='lat' dir='ltr'><strong>quae</strong></span> <span class='ocrx_word' id='word_1_693' title='bbox 2929 3873 2984 3926; x_wconf 91' lang='lat' dir='ltr'><strong>in</strong></span> <span class='ocrx_word' id='word_1_694' title='bbox 3009 3872 3128 3939; x_wconf 69' lang='lat' dir='ltr'><strong>lege</strong></span> <span class='ocrx_word' id='word_1_695' title='bbox 3150 3874 3282 3922; x_wconf 87' lang='lat' dir='ltr'><strong>sunt</strong></span> <span class='ocrx_word' id='word_1_696' title='bbox 3316 3860 3629 3931; x_wconf 83' lang='lat' dir='ltr'><strong>abrogavit,</strong></span> <span class='ocrx_word' id='word_1_697' title='bbox 3656 3871 3799 3909; x_wconf 83' lang='lat' dir='ltr'><strong>nova</strong></span> 
     </span>
    </p>
   </div>
   <div class='ocr_carea' id='block_1_95' title="bbox 2212 3948 3799 4046">
    <p class='ocr_par' dir='ltr' id='par_1_95' title="bbox 2212 3948 3799 4046">
     <span class='ocr_line' id='line_1_96' title="bbox 2212 3948 3799 4046; baseline -0.023 -11"><span class='ocrx_word' id='word_1_698' title='bbox 2212 3948 2372 4035; x_wconf 70' lang='lat' dir='ltr'><strong>nobis</strong></span> <span class='ocrx_word' id='word_1_699' title='bbox 2403 3979 2519 4046; x_wconf 83' lang='lat' dir='ltr'><strong>lege</strong></span> <span class='ocrx_word' id='word_1_700' title='bbox 2564 3975 2692 4031; x_wconf 88' lang='lat' dir='ltr'><strong>lata,</strong></span> <span class='ocrx_word' id='word_1_701' title='bbox 2734 3966 2984 4023; x_wconf 86' lang='lat' dir='ltr'><strong>videlicet</strong></span> <span class='ocrx_word' id='word_1_702' title='bbox 3009 3960 3329 4028; x_wconf 76' lang='lat' dir='ltr'><strong>Evangelia.</strong></span> <span class='ocrx_word' id='word_1_703' title='bbox 3409 3956 3553 4006; x_wconf 76' lang='lat' dir='ltr'><strong>Dixit</strong></span> <span class='ocrx_word' id='word_1_704' title='bbox 3583 3966 3717 4019; x_wconf 77' lang='lat' dir='ltr'><strong>ergo</strong></span> <span class='ocrx_word' id='word_1_705' title='bbox 3745 3948 3799 4001; x_wconf 87' lang='lat' dir='ltr'><strong>in</strong></span> 
     </span>
    </p>
   </div>
   <div class='ocr_carea' id='block_1_96' title="bbox 2217 4044 3802 4130">
    <p class='ocr_par' dir='ltr' id='par_1_96' title="bbox 2217 4044 3802 4130">
     <span class='ocr_line' id='line_1_97' title="bbox 2217 4044 3802 4130; baseline -0.025 -1"><span class='ocrx_word' id='word_1_706' title='bbox 2217 4044 2574 4130; x_wconf 80' lang='lat' dir='ltr'><strong>sacrosancto</strong></span> <span class='ocrx_word' id='word_1_707' title='bbox 2622 4060 2938 4129; x_wconf 78' lang='lat' dir='ltr'><strong>Evangelia,</strong></span> <span class='ocrx_word' id='word_1_708' title='bbox 2972 4054 3330 4121; x_wconf 82' lang='lat' dir='ltr'><strong>Quodcunque</strong></span> <span class='ocrx_word' id='word_1_709' title='bbox 3386 4064 3443 4100; x_wconf 83' lang='lat' dir='ltr'><strong>os</strong></span> <span class='ocrx_word' id='word_1_710' title='bbox 3502 4044 3802 4113; x_wconf 80' lang='lat' dir='ltr'><strong>ingreditur</strong></span> 
     </span>
    </p>
   </div>
   <div class='ocr_carea' id='block_1_97' title="bbox 2215 4135 3802 4227">
    <p class='ocr_par' dir='ltr' id='par_1_97' title="bbox 2215 4135 3802 4227">
     <span class='ocr_line' id='line_1_98' title="bbox 2215 4135 3802 4227; baseline -0.023 -8"><span class='ocrx_word' id='word_1_711' title='bbox 2215 4165 2478 4220; x_wconf 71' lang='lat' dir='ltr'><strong>[continent</strong></span> <span class='ocrx_word' id='word_1_712' title='bbox 2511 4174 2616 4213; x_wconf 83' lang='lat' dir='ltr'><strong>non</strong></span> <span class='ocrx_word' id='word_1_713' title='bbox 2647 4154 2873 4227; x_wconf 79' lang='lat' dir='ltr'><strong>polluit,</strong></span> <span class='ocrx_word' id='word_1_714' title='bbox 2897 4150 3111 4207; x_wconf 81' lang='lat' dir='ltr'><strong>scilicet</strong></span> <span class='ocrx_word' id='word_1_715' title='bbox 3145 4141 3414 4211; x_wconf 89' lang='lat' dir='ltr'><strong>quidquid</strong></span> <span class='ocrx_word' id='word_1_716' title='bbox 3451 4135 3802 4195; x_wconf 83' lang='lat' dir='ltr'><strong>comeditur;</strong></span> 
     </span>
    </p>
   </div>
   <div class='ocr_carea' id='block_1_98' title="bbox 2216 4234 3807 4319">
    <p class='ocr_par' dir='ltr' id='par_1_98' title="bbox 2216 4234 3807 4319">
     <span class='ocr_line' id='line_1_99' title="bbox 2216 4234 3807 4319; baseline -0.021 -9"><span class='ocrx_word' id='word_1_717' title='bbox 2216 4256 2476 4309; x_wconf 83' lang='lat' dir='ltr'><strong>hominem</strong></span> <span class='ocrx_word' id='word_1_718' title='bbox 2520 4266 2637 4305; x_wconf 83' lang='lat' dir='ltr'><strong>uero</strong></span> <span class='ocrx_word' id='word_1_719' title='bbox 2672 4245 2840 4319; x_wconf 60' lang='grc'><strong>468</strong></span> <span class='ocrx_word' id='word_1_720' title='bbox 2874 4241 3064 4310; x_wconf 80' lang='lat' dir='ltr'><strong>polluit</strong></span> <span class='ocrx_word' id='word_1_721' title='bbox 3106 4234 3361 4307; x_wconf 82' lang='lat' dir='ltr'><strong>quidquid</strong></span> <span class='ocrx_word' id='word_1_722' title='bbox 3405 4248 3470 4286; x_wconf 75' lang='lat' dir='ltr'><strong>ea:</strong></span> <span class='ocrx_word' id='word_1_723' title='bbox 3519 4244 3609 4281; x_wconf 89' lang='lat' dir='ltr'><strong>ore</strong></span> <span class='ocrx_word' id='word_1_724' title='bbox 3657 4241 3807 4295; x_wconf 71' lang='lat' dir='ltr'><strong>egre-</strong></span> 
     </span>
    </p>
   </div>
   <div class='ocr_carea' id='block_1_99' title="bbox 2220 4317 3805 4404">
    <p class='ocr_par' dir='ltr' id='par_1_99' title="bbox 2220 4317 3805 4404">
     <span class='ocr_line' id='line_1_100' title="bbox 2220 4317 3805 4404; baseline -0.021 -7"><span class='ocrx_word' id='word_1_725' title='bbox 2220 4344 2366 4397; x_wconf 84' lang='lat' dir='ltr'><strong>ditur</strong></span> <span class='ocrx_word' id='word_1_726' title='bbox 2392 4343 2460 4404; x_wconf 83' lang='lat'><strong>“,</strong></span> <span class='ocrx_word' id='word_1_727' title='bbox 2493 4317 2715 4394; x_wconf 15' lang='lat' dir='ltr'><strong>scilicet?</strong></span> <span class='ocrx_word' id='word_1_728' title='bbox 2734 4332 2970 4389; x_wconf 87' lang='lat' dir='ltr'><strong>stultitia</strong></span> <span class='ocrx_word' id='word_1_729' title='bbox 3019 4336 3075 4380; x_wconf 88' lang='lat' dir='ltr'><strong>et</strong></span> <span class='ocrx_word' id='word_1_730' title='bbox 3123 4323 3440 4383; x_wconf 79' lang='lat' dir='ltr'><strong>infidelitas,</strong></span> <span class='ocrx_word' id='word_1_731' title='bbox 3468 4329 3523 4373; x_wconf 89' lang='lat' dir='ltr'><strong>et</strong></span> <span class='ocrx_word' id='word_1_732' title='bbox 3550 4317 3600 4369; x_wconf 89' lang='lat' dir='ltr'><strong>id</strong></span> <span class='ocrx_word' id='word_1_733' title='bbox 3626 4326 3805 4384; x_wconf 76' lang='lat' dir='ltr'><strong>genus</strong></span> 
     </span>
    </p>
   </div>
   <div class='ocr_carea' id='block_1_100' title="bbox 2220 4407 3810 4490">
    <p class='ocr_par' dir='ltr' id='par_1_100' title="bbox 2220 4407 3810 4490">
     <span class='ocr_line' id='line_1_101' title="bbox 2220 4407 3810 4490; baseline -0.021 0"><span class='ocrx_word' id='word_1_734' title='bbox 2220 4437 2346 4490; x_wconf 87' lang='lat' dir='ltr'><strong>alia.</strong></span> <span class='ocrx_word' id='word_1_735' title='bbox 2384 4434 2597 4487; x_wconf 89' lang='lat' dir='ltr'><strong>Dictum</strong></span> <span class='ocrx_word' id='word_1_736' title='bbox 2629 4428 2789 4482; x_wconf 86' lang='lat' dir='ltr'><strong>etiam</strong></span> <span class='ocrx_word' id='word_1_737' title='bbox 2843 4431 2929 4478; x_wconf 90' lang='lat' dir='ltr'><strong>est</strong></span> <span class='ocrx_word' id='word_1_738' title='bbox 2979 4437 3007 4473; x_wconf 89' lang='lat' dir='ltr'><strong>a</strong></span> <span class='ocrx_word' id='word_1_739' title='bbox 3045 4418 3212 4471; x_wconf 85' lang='lat' dir='ltr'><strong>Paulo</strong></span> <span class='ocrx_word' id='word_1_740' title='bbox 3241 4413 3493 4483; x_wconf 86' lang='lat' dir='ltr'><strong>apostolo</strong></span> <span class='ocrx_word' id='word_1_741' title='bbox 3535 4411 3586 4463; x_wconf 93' lang='lat' dir='ltr'><strong>in</strong></span> <span class='ocrx_word' id='word_1_742' title='bbox 3626 4407 3810 4476; x_wconf 82' lang='lat' dir='ltr'><strong>priore</strong></span> 
     </span>
    </p>
   </div>
   <div class='ocr_carea' id='block_1_101' title="bbox 2221 4503 3807 4586">
    <p class='ocr_par' dir='ltr' id='par_1_101' title="bbox 2221 4503 3807 4586">
     <span class='ocr_line' id='line_1_102' title="bbox 2221 4503 3807 4586; baseline -0.023 0"><span class='ocrx_word' id='word_1_743' title='bbox 2221 4532 2285 4586; x_wconf 86' lang='lat' dir='ltr'><strong>ad</strong></span> <span class='ocrx_word' id='word_1_744' title='bbox 2317 4528 2470 4582; x_wconf 88' lang='lat' dir='ltr'><strong>urbis</strong></span> <span class='ocrx_word' id='word_1_745' title='bbox 2504 4519 2755 4580; x_wconf 87' lang='lat' dir='ltr'><strong>Corinthi</strong></span> <span class='ocrx_word' id='word_1_746' title='bbox 2789 4516 2997 4573; x_wconf 86' lang='lat' dir='ltr'><strong>incolas</strong></span> <span class='ocrx_word' id='word_1_747' title='bbox 3028 4511 3268 4581; x_wconf 83' lang='lat' dir='ltr'><strong>Epistola</strong></span> <span class='ocrx_word' id='word_1_748' title='bbox 3298 4525 3312 4560; x_wconf 89' lang='lat'><strong>:</strong></span> <span class='ocrx_word' id='word_1_749' title='bbox 3344 4506 3505 4560; x_wconf 78' lang='lat' dir='ltr'><strong>Cibus</strong></span> <span class='ocrx_word' id='word_1_750' title='bbox 3552 4503 3725 4556; x_wconf 75' lang='lat' dir='ltr'><strong>neutri</strong></span> <span class='ocrx_word' id='word_1_751' title='bbox 3759 4509 3807 4551; x_wconf 83' lang='lat' dir='ltr'><strong>et</strong></span> 
     </span>
    </p>
   </div>
   <div class='ocr_carea' id='block_1_102' title="bbox 2225 4593 3811 4678">
    <p class='ocr_par' dir='ltr' id='par_1_102' title="bbox 2225 4593 3811 4678">
     <span class='ocr_line' id='line_1_103' title="bbox 2225 4593 3811 4678; baseline -0.023 0"><span class='ocrx_word' id='word_1_752' title='bbox 2225 4630 2395 4678; x_wconf 84' lang='lat' dir='ltr'><strong>venter</strong></span> <span class='ocrx_word' id='word_1_753' title='bbox 2428 4618 2564 4678; x_wconf 81' lang='lat' dir='ltr'><strong>cibo,</strong></span> <span class='ocrx_word' id='word_1_754' title='bbox 2602 4614 2737 4667; x_wconf 82' lang='lat' dir='ltr'><strong>Deus</strong></span> <span class='ocrx_word' id='word_1_755' title='bbox 2762 4618 2939 4664; x_wconf 86' lang='lat' dir='ltr'><strong>autem</strong></span> <span class='ocrx_word' id='word_1_756' title='bbox 2966 4614 3248 4671; x_wconf 77' lang='lat' dir='ltr'><strong>utrumque</strong></span> <span class='ocrx_word' id='word_1_757' title='bbox 3294 4596 3521 4651; x_wconf 84' lang='lat' dir='ltr'><strong>abolebit</strong></span> <span class='ocrx_word' id='word_1_758' title='bbox 3557 4596 3621 4647; x_wconf 85' lang='lat'><strong>&quot;.</strong></span> <span class='ocrx_word' id='word_1_759' title='bbox 3656 4593 3811 4644; x_wconf 79' lang='lat' dir='ltr'><strong>Scri-</strong></span> 
     </span>
    </p>
   </div>
   <div class='ocr_carea' id='block_1_103' title="bbox 2225 4682 3811 4785">
    <p class='ocr_par' dir='ltr' id='par_1_103' title="bbox 2225 4682 3811 4785">
     <span class='ocr_line' id='line_1_104' title="bbox 2225 4682 3811 4785; baseline -0.025 -16"><span class='ocrx_word' id='word_1_760' title='bbox 2225 4727 2376 4785; x_wconf 89' lang='lat' dir='ltr'><strong>ptum</strong></span> <span class='ocrx_word' id='word_1_761' title='bbox 2404 4708 2568 4764; x_wconf 88' lang='lat' dir='ltr'><strong>etiam</strong></span> <span class='ocrx_word' id='word_1_762' title='bbox 2599 4705 2653 4758; x_wconf 90' lang='lat' dir='ltr'><strong>in</strong></span> <span class='ocrx_word' id='word_1_763' title='bbox 2683 4701 2835 4756; x_wconf 86' lang='lat' dir='ltr'><strong>Actis</strong></span> <span class='ocrx_word' id='word_1_764' title='bbox 2884 4695 3279 4765; x_wconf 89' lang='lat' dir='ltr'><strong>apostolorum,</strong></span> <span class='ocrx_word' id='word_1_765' title='bbox 3316 4687 3477 4741; x_wconf 82' lang='lat' dir='ltr'><strong>Petro</strong></span> <span class='ocrx_word' id='word_1_766' title='bbox 3529 4682 3811 4752; x_wconf 65' lang='lat' dir='ltr'><strong>apostolo-</strong></span> 
     </span>
    </p>
   </div>
   <div class='ocr_carea' id='block_1_104' title="bbox 2233 4773 3813 4871">
    <p class='ocr_par' dir='ltr' id='par_1_104' title="bbox 2233 4773 3813 4871">
     <span class='ocr_line' id='line_1_105' title="bbox 2233 4773 3813 4871; baseline -0.023 -12"><span class='ocrx_word' id='word_1_767' title='bbox 2233 4821 2352 4861; x_wconf 90' lang='lat' dir='ltr'><strong>rum</strong></span> <span class='ocrx_word' id='word_1_768' title='bbox 2404 4797 2655 4871; x_wconf 88' lang='lat' dir='ltr'><strong>principi,</strong></span> <span class='ocrx_word' id='word_1_769' title='bbox 2700 4810 2824 4849; x_wconf 90' lang='lat' dir='ltr'><strong>cum</strong></span> <span class='ocrx_word' id='word_1_770' title='bbox 2873 4791 2927 4845; x_wconf 91' lang='lat' dir='ltr'><strong>in</strong></span> <span class='ocrx_word' id='word_1_771' title='bbox 2979 4788 3112 4842; x_wconf 87' lang='lat' dir='ltr'><strong>urbe</strong></span> <span class='ocrx_word' id='word_1_772' title='bbox 3156 4780 3415 4852; x_wconf 83' lang='lat' dir='ltr'><strong>Joppensi</strong></span> <span class='ocrx_word' id='word_1_773' title='bbox 3451 4786 3615 4839; x_wconf 87' lang='lat' dir='ltr'><strong>esset,</strong></span> <span class='ocrx_word' id='word_1_774' title='bbox 3660 4773 3813 4827; x_wconf 90' lang='lat' dir='ltr'><strong>domi</strong></span> 
     </span>
    </p>
   </div>
   <div class='ocr_carea' id='block_1_105' title="bbox 2236 4868 3817 4957">
    <p class='ocr_par' dir='ltr' id='par_1_105' title="bbox 2236 4868 3817 4957">
     <span class='ocr_line' id='line_1_106' title="bbox 2236 4868 3817 4957; baseline -0.019 -12"><span class='ocrx_word' id='word_1_775' title='bbox 2236 4891 2337 4945; x_wconf 86' lang='lat' dir='ltr'><strong>viri</strong></span> <span class='ocrx_word' id='word_1_776' title='bbox 2386 4884 2674 4957; x_wconf 82' lang='lat' dir='ltr'><strong>cujusdam</strong></span> <span class='ocrx_word' id='word_1_777' title='bbox 2737 4878 2999 4943; x_wconf 90' lang='lat' dir='ltr'><strong>eoriarii,</strong></span> <span class='ocrx_word' id='word_1_778' title='bbox 3052 4874 3271 4929; x_wconf 88' lang='lat' dir='ltr'><strong>nomine</strong></span> <span class='ocrx_word' id='word_1_779' title='bbox 3319 4868 3601 4925; x_wconf 91' lang='lat' dir='ltr'><strong>Simonis.</strong></span> <span class='ocrx_word' id='word_1_780' title='bbox 3647 4872 3817 4932; x_wconf 84' lang='lat' dir='ltr'><strong>atque</strong></span> 
     </span>
    </p>
   </div>
   <div class='ocr_carea' id='block_1_106' title="bbox 2234 4960 3817 5042">
    <p class='ocr_par' dir='ltr' id='par_1_106' title="bbox 2234 4960 3817 5042">
     <span class='ocr_line' id='line_1_107' title="bbox 2234 4960 3817 5042; baseline -0.021 0"><span class='ocrx_word' id='word_1_781' title='bbox 2234 4985 2433 5042; x_wconf 62' lang='lat' dir='ltr'><strong>aedium</strong></span> <span class='ocrx_word' id='word_1_782' title='bbox 2466 4988 2667 5034; x_wconf 75' lang='lat' dir='ltr'><strong>tet-tum</strong></span> <span class='ocrx_word' id='word_1_783' title='bbox 2705 4975 2838 5029; x_wconf 91' lang='lat' dir='ltr'><strong>hora</strong></span> <span class='ocrx_word' id='word_1_784' title='bbox 2869 4972 2972 5025; x_wconf 87' lang='lat' dir='ltr'><strong>diei</strong></span> <span class='ocrx_word' id='word_1_785' title='bbox 3007 4978 3162 5023; x_wconf 77' lang='lat' dir='ltr'><strong>sexta</strong></span> <span class='ocrx_word' id='word_1_786' title='bbox 3192 4962 3384 5019; x_wconf 86' lang='lat' dir='ltr'><strong>orandi</strong></span> <span class='ocrx_word' id='word_1_787' title='bbox 3404 4960 3578 5033; x_wconf 79' lang='lat' dir='ltr'><strong>gratia</strong></span> <span class='ocrx_word' id='word_1_788' title='bbox 3612 4972 3817 5011; x_wconf 81' lang='lat' dir='ltr'><strong>ascen-</strong></span> 
     </span>
    </p>
   </div>
   <div class='ocr_carea' id='block_1_107' title="bbox 2237 5051 3822 5136">
    <p class='ocr_par' dir='ltr' id='par_1_107' title="bbox 2237 5051 3822 5136">
     <span class='ocr_line' id='line_1_108' title="bbox 2237 5051 3822 5136; baseline -0.02 -6"><span class='ocrx_word' id='word_1_789' title='bbox 2237 5077 2428 5136; x_wconf 85' lang='lat' dir='ltr'><strong>disset,</strong></span> <span class='ocrx_word' id='word_1_790' title='bbox 2461 5070 2726 5126; x_wconf 90' lang='lat' dir='ltr'><strong>incidisse</strong></span> <span class='ocrx_word' id='word_1_791' title='bbox 2757 5078 3035 5126; x_wconf 89' lang='lat' dir='ltr'><strong>somnum,</strong></span> <span class='ocrx_word' id='word_1_792' title='bbox 3087 5061 3375 5128; x_wconf 87' lang='lat' dir='ltr'><strong>ipsumque</strong></span> <span class='ocrx_word' id='word_1_793' title='bbox 3419 5051 3617 5107; x_wconf 66' lang='lat' dir='ltr'><strong>coalum</strong></span> <span class='ocrx_word' id='word_1_794' title='bbox 3654 5063 3822 5115; x_wconf 57' lang='lat' dir='ltr'><strong>aper-</strong></span> 
     </span>
    </p>
   </div>
   <div class='ocr_carea' id='block_1_108' title="bbox 2238 5145 3825 5233">
    <p class='ocr_par' dir='ltr' id='par_1_108' title="bbox 2238 5145 3825 5233">
     <span class='ocr_line' id='line_1_109' title="bbox 2238 5145 3825 5233; baseline -0.02 -11"><span class='ocrx_word' id='word_1_795' title='bbox 2238 5177 2353 5223; x_wconf 90' lang='lat' dir='ltr'><strong>tum</strong></span> <span class='ocrx_word' id='word_1_796' title='bbox 2403 5163 2780 5233; x_wconf 80' lang='lat' dir='ltr'><strong>conspexisse,</strong></span> <span class='ocrx_word' id='word_1_797' title='bbox 2817 5166 2981 5225; x_wconf 90' lang='lat' dir='ltr'><strong>atque</strong></span> <span class='ocrx_word' id='word_1_798' title='bbox 3033 5168 3163 5206; x_wconf 87' lang='lat' dir='ltr'><strong>ecce</strong></span> <span class='ocrx_word' id='word_1_799' title='bbox 3219 5145 3566 5203; x_wconf 87' lang='lat' dir='ltr'><strong>descendisse</strong></span> <span class='ocrx_word' id='word_1_800' title='bbox 3608 5158 3639 5196; x_wconf 86' lang='lat' dir='ltr'><strong>e</strong></span> <span class='ocrx_word' id='word_1_801' title='bbox 3668 5154 3825 5195; x_wconf 72' lang='grc' dir='ltr'>οωιο</span> 
     </span>
    </p>
   </div>
   <div class='ocr_carea' id='block_1_109' title="bbox 2237 5232 3824 5319">
    <p class='ocr_par' dir='ltr' id='par_1_109' title="bbox 2237 5232 3824 5319">
     <span class='ocr_line' id='line_1_110' title="bbox 2237 5232 3824 5319; baseline -0.019 -8"><span class='ocrx_word' id='word_1_802' title='bbox 2237 5258 2464 5311; x_wconf 91' lang='lat' dir='ltr'><strong>linteum</strong></span> <span class='ocrx_word' id='word_1_803' title='bbox 2496 5264 2751 5319; x_wconf 78' lang='lat' dir='ltr'><strong>magnum</strong></span> <span class='ocrx_word' id='word_1_804' title='bbox 2785 5247 2957 5301; x_wconf 91' lang='lat' dir='ltr'><strong>donec</strong></span> <span class='ocrx_word' id='word_1_805' title='bbox 2990 5254 3189 5296; x_wconf 85' lang='lat' dir='ltr'><strong>terram</strong></span> <span class='ocrx_word' id='word_1_806' title='bbox 3225 5236 3580 5307; x_wconf 72' lang='lat' dir='ltr'><strong>pertingeret,</strong></span> <span class='ocrx_word' id='word_1_807' title='bbox 3615 5232 3666 5283; x_wconf 89' lang='lat' dir='ltr'><strong>in</strong></span> <span class='ocrx_word' id='word_1_808' title='bbox 3701 5244 3824 5296; x_wconf 87' lang='lat' dir='ltr'><strong>quo</strong></span> 
     </span>
    </p>
   </div>
   <div class='ocr_carea' id='block_1_110' title="bbox 2237 5322 3830 5413">
    <p class='ocr_par' dir='ltr' id='par_1_110' title="bbox 2237 5322 3830 5413">
     <span class='ocr_line' id='line_1_111' title="bbox 2237 5322 3830 5413; baseline -0.019 -11"><span class='ocrx_word' id='word_1_809' title='bbox 2237 5356 2395 5402; x_wconf 83' lang='lat' dir='ltr'><strong>erant</strong></span> <span class='ocrx_word' id='word_1_810' title='bbox 2427 5343 2631 5413; x_wconf 67' lang='lat' dir='ltr'><strong>quaevis</strong></span> <span class='ocrx_word' id='word_1_811' title='bbox 2666 5334 3042 5404; x_wconf 85' lang='lat' dir='ltr'><strong>quadrUpedia</strong></span> <span class='ocrx_word' id='word_1_812' title='bbox 3085 5340 3139 5386; x_wconf 87' lang='lat' dir='ltr'><strong>et</strong></span> <span class='ocrx_word' id='word_1_813' title='bbox 3172 5331 3318 5389; x_wconf 68' lang='lat' dir='ltr'><strong>ferai.</strong></span> <span class='ocrx_word' id='word_1_814' title='bbox 3370 5342 3436 5379; x_wconf 87' lang='lat' dir='ltr'><strong>ac</strong></span> <span class='ocrx_word' id='word_1_815' title='bbox 3488 5322 3728 5392; x_wconf 84' lang='lat' dir='ltr'><strong>reptilia,</strong></span> <span class='ocrx_word' id='word_1_816' title='bbox 3762 5334 3830 5373; x_wconf 81' lang='lat' dir='ltr'><strong>ac</strong></span> 
     </span>
    </p>
   </div>
   <div class='ocr_carea' id='block_1_111' title="bbox 2240 5411 3831 5498">
    <p class='ocr_par' dir='ltr' id='par_1_111' title="bbox 2240 5411 3831 5498">
     <span class='ocr_line' id='line_1_112' title="bbox 2240 5411 3831 5498; baseline -0.019 -4"><span class='ocrx_word' id='word_1_817' title='bbox 2240 5441 2489 5496; x_wconf 77' lang='lat' dir='ltr'><strong>volucres</strong></span> <span class='ocrx_word' id='word_1_818' title='bbox 2519 5434 2667 5498; x_wconf 65' lang='lat' dir='ltr'><strong>caeli,</strong></span> <span class='ocrx_word' id='word_1_819' title='bbox 2703 5444 2918 5498; x_wconf 86' lang='lat' dir='ltr'><strong>unaque</strong></span> <span class='ocrx_word' id='word_1_820' title='bbox 2960 5439 3148 5479; x_wconf 86' lang='lat' dir='ltr'><strong>vocem</strong></span> <span class='ocrx_word' id='word_1_821' title='bbox 3189 5420 3429 5474; x_wconf 76' lang='lat' dir='ltr'><strong>audiisse</strong></span> <span class='ocrx_word' id='word_1_822' title='bbox 3456 5432 3575 5485; x_wconf 62' lang='lat' dir='ltr'><strong>qui:</strong></span> <span class='ocrx_word' id='word_1_823' title='bbox 3600 5412 3698 5481; x_wconf 90' lang='lat' dir='ltr'><strong>ipsi</strong></span> <span class='ocrx_word' id='word_1_824' title='bbox 3731 5411 3831 5465; x_wconf 86' lang='lat' dir='ltr'><strong>di-</strong></span> 
     </span>
    </p>
   </div>
   <div class='ocr_carea' id='block_1_112' title="bbox 2235 5505 3830 5593">
    <p class='ocr_par' dir='ltr' id='par_1_112' title="bbox 2235 5505 3830 5593">
     <span class='ocr_line' id='line_1_113' title="bbox 2235 5505 3830 5593; baseline -0.02 -2"><span class='ocrx_word' id='word_1_825' title='bbox 2235 5542 2417 5592; x_wconf 78' lang='lat' dir='ltr'><strong>oeret:</strong></span> <span class='ocrx_word' id='word_1_826' title='bbox 2449 5528 2617 5593; x_wconf 74' lang='lat' dir='ltr'><strong>Heus,</strong></span> <span class='ocrx_word' id='word_1_827' title='bbox 2660 5525 2831 5587; x_wconf 83' lang='lat' dir='ltr'><strong>Petre,</strong></span> <span class='ocrx_word' id='word_1_828' title='bbox 2863 5535 3080 5589; x_wconf 74' lang='lat' dir='ltr'><strong>surgens</strong></span> <span class='ocrx_word' id='word_1_829' title='bbox 3113 5525 3287 5569; x_wconf 82' lang='lat' dir='ltr'><strong>macta</strong></span> <span class='ocrx_word' id='word_1_830' title='bbox 3316 5521 3365 5566; x_wconf 83' lang='lat' dir='ltr'><strong>et</strong></span> <span class='ocrx_word' id='word_1_831' title='bbox 3392 5521 3626 5570; x_wconf 73' lang='lat' dir='ltr'><strong>vescere;</strong></span> <span class='ocrx_word' id='word_1_832' title='bbox 3656 5513 3708 5559; x_wconf 82' lang='lat' dir='ltr'><strong>et</strong></span> <span class='ocrx_word' id='word_1_833' title='bbox 3734 5505 3830 5560; x_wconf 44' lang='lat' dir='ltr'><strong>di-</strong></span> 
     </span>
    </p>
   </div>
   <div class='ocr_carea' id='block_1_113' title="bbox 1586 5698 3151 5790">
    <p class='ocr_par' dir='ltr' id='par_1_113' title="bbox 1586 5698 3151 5790">
     <span class='ocr_line' id='line_1_114' title="bbox 1586 5698 3151 5790; baseline -0.02 -7"><span class='ocrx_word' id='word_1_834' title='bbox 1586 5729 1629 5762; x_wconf 75' lang='grc' dir='ltr'><strong>⁸ο</strong></span> <span class='ocrx_word' id='word_1_835' title='bbox 1664 5724 1819 5783; x_wconf 77' lang='lat' dir='ltr'><strong>Joan.</strong></span> <span class='ocrx_word' id='word_1_836' title='bbox 1852 5739 1899 5789; x_wconf 83' lang='grc' dir='ltr'><strong>ν,</strong></span> <span class='ocrx_word' id='word_1_837' title='bbox 1932 5718 2019 5773; x_wconf 66' lang='lat'><strong>20.</strong></span> <span class='ocrx_word' id='word_1_838' title='bbox 2068 5718 2139 5790; x_wconf 56' lang='grc' dir='ltr'><strong>,υ</strong></span> <span class='ocrx_word' id='word_1_839' title='bbox 2172 5714 2364 5772; x_wconf 84' lang='lat' dir='ltr'><strong>Matth.</strong></span> <span class='ocrx_word' id='word_1_840' title='bbox 2398 5728 2484 5778; x_wconf 83' lang='lat' dir='ltr'><strong>xv,</strong></span> <span class='ocrx_word' id='word_1_841' title='bbox 2518 5709 2602 5763; x_wconf 74' lang='lat' dir='ltr'><strong>li.</strong></span> <span class='ocrx_word' id='word_1_842' title='bbox 2652 5706 2723 5779; x_wconf 13' lang='lat'><strong>7“</strong></span> <span class='ocrx_word' id='word_1_843' title='bbox 2756 5703 2775 5758; x_wconf 84' lang='grc' dir='ltr'>Ι</span> <span class='ocrx_word' id='word_1_844' title='bbox 2805 5701 2932 5758; x_wconf 86' lang='lat' dir='ltr'><strong>Cor.</strong></span> <span class='ocrx_word' id='word_1_845' title='bbox 2965 5698 3151 5766; x_wconf 73' lang='lat' dir='ltr'><strong>v1.15.</strong></span> 
     </span>
    </p>
   </div>
  </div>
