4034 6214
386 262 521 325 10:3

1817 247 2187 310 ANNALES.

3492 239 3635 304 10H

380 384 537 428 reme
564 373 760 427 Petro:
797 371 1035 433 Do-niue,
1066 386 1330 439 nunquam
1357 384 1447 436 rga
1469 367 1798 422 immundum
1830 361 1954 432 quid
1985 354 2031 414 Α
2064 358 2422 425 Maxentium,
2457 374 2752 429 omnesque
2787 360 2881 429 qui
2929 374 3052 414 cum
3106 358 3198 413 illo
3232 357 3285 412 in
3334 356 3518 414 fratris
3550 358 3633 411 sui

378 468 503 530 edi,
562 480 747 520 vorem
790 467 856 518 ad
895 480 1017 516 eum
1081 463 1322 517 secundo
1380 461 1635 515 venisse:
1690 457 1958 523 Quidquid

382 563 519 614 Deus
552 559 818 629 purgavit,
864 574 927 611 ne
967 565 1021 609 tu
1062 555 1283 626 polluito
1308 555 1373 619 ‘3,
1408 570 1471 606 ac
1506 562 1587 607 ter
1632 552 1734 606 hoc
1767 551 1840 603 illi
1872 566 1958 603 re-

376 652 598 722 petiisse
645 665 836 705 vocem
864 691 878 709 .
923 648 1050 703 dein
1102 662 1320 702 rursum
1350 648 1402 699 in
1436 646 1638 701 caelum
1675 643 1952 698 sublatum

379 745 551 798 fuisse
583 742 811 797 linteum
840 758 854 794 :
881 744 1140 796 miratum
1162 756 1293 809 ergo
1315 741 1493 794 Tuisse
1521 737 1765 801 Petrum,
1794 744 1957 801 atque

373 839 515 908 apud
567 852 629 892 se
659 838 977 907 perplexum
1032 836 1275 890 hzesisse.
1310 833 1424 888 iloc
1447 850 1579 901 ergo
1617 835 1755 893 viso.
1782 846 1957 901 eoque

375 929 522 1000 quod
551 930 604 983 in
637 928 932 999 Evangelio
956 942 1057 981 suo
1086 936 1279 981 sancto
1306 926 1446 981 dixit
1477 923 1742 979 Dominus
1771 932 1956 976 noster

372 1023 650 1086 Christus,
677 1030 1049 1091 praeceperunt
1075 1019 1234 1073 nobis
1266 1019 1461 1073 Petrus
1490 1027 1545 1072 et
1573 1014 1774 1071 Paulus
1804 1015 1951 1067 omni

373 1130 543 1171 carne
584 1115 834 1183 cujusvis
877 1117 1098 1167 tandem
1130 1111 1503 1182 quadrupedis
1559 1112 1731 1171 vesci,
1780 1125 1954 1181 quare

373 1218 429 1262 et
474 1223 671 1276 porcus
724 1216 778 1262 et
822 1213 1018 1260 cmtera
1083 1220 1422 1274 quaecunque
1475 1204 1735 1259 animalia
1792 1204 1951 1260 nobis

372 1300 642 1369 permissa
678 1308 825 1353 sunt.
852 1297 1030 1361 Jussit
1058 1313 1188 1367 ergo
1233 1299 1531 1366 imperator
1572 1298 1798 1352 mactari
1829 1312 1953 1361 per-

371 1408 491 1456 cos,
522 1390 868 1465 469571
896 1406 1197 1459 eorumque
1220 1406 1408 1443 rarnt-s
1439 1401 1624 1446 curtas
1669 1391 1721 1444 in
1781 1390 1948 1443 frusta

371 1484 586 1540 concidi
624 1492 676 1536 ot
712 1484 776 1539 ad
824 1485 1180 1539 ecclesiarum
1213 1494 1404 1553 portas
1442 1502 1537 1555 per
1568 1496 1740 1541 totum
1775 1487 1949 1554 ipsius

371 1593 600 1648 regnum
636 1577 925 1633 Dominico
956 1577 1241 1634 Paschalis
1287 1581 1473 1643 statui,
1519 1595 1629 1649 quo
1675 1581 1848 1635 cuivis
1883 1599 1945 1636 ex

373 1673 604 1727 ecclesia
628 1672 923 1740 egredienti
949 1672 1190 1727 buccella
1212 1674 1396 1728 carnis
1425 1673 1665 1742 porcinae
1693 1674 1939 1741 porrige-
1982 1696 2020 1749 η

372 1772 542 1827 retur,
571 1774 626 1818 et
656 1765 903 1833 quisquis
933 1781 1052 1820 eam
1075 1781 1180 1820 non
1202 1766 1385 1821 ederet
1410 1776 1585 1821 morte
1616 1766 1942 1829 afﬁceretur,

370 1872 480 1926 quo
518 1868 677 1927 pacto
705 1858 985 1913 interfecta
1004 1868 1086 1937 cst
1111 1874 1302 1927 magna
1323 1859 1605 1913 hominum
1634 1862 1945 1915 multitudo.

442 1948 764 2020 Byzantium
825 1950 990 2004 etiam
1059 1966 1215 2006 muro
1256 1952 1498 2007 cinctum
1541 1952 1946 2009 Constantinus

372 2039 671 2109 imperator
711 2040 1228 2112 Constantinopolin
1280 2044 1602 2113 appellavit,
1647 2060 1793 2101 anno
1844 2048 1948 2101 im-

370 2132 505 2200 perii
534 2132 620 2187 sui
654 2133 953 2187 tricesimo.
990 2133 1163 2187 Porro
1196 2143 1406 2188 mortua
1441 2143 1524 2189 est
1554 2133 1761 2191 Helena
1800 2138 1945 2192 Con-

371 2223 598 2278 stantini
654 2232 828 2279 mater
873 2226 981 2299 jam
1014 2228 1386 2296 octogenaria.
1434 2225 1732 2296 Imperavit
1763 2240 1944 2287 autem

367 2316 767 2371 Constantinus
810 2331 982 2373 annos
1015 2319 1238 2389 triginta
1271 2319 1433 2386 duos,
1470 2322 1595 2378 dein
1625 2322 1784 2391 obiit,
1822 2340 1943 2379 cum

364 2411 541 2451 annos
560 2400 845 2469 sexaginta
864 2401 1110 2469 quinque
1128 2403 1559 2462 vixissetJrihus
1576 2410 1780 2464 relictis
1802 2410 1950 2475 ﬁliis,

363 2502 600 2555 quorum
634 2502 765 2573 natu
798 2494 1097 2547 maximum
1136 2495 1238 2548 sibi
1277 2501 1660 2565 cognominem
1686 2502 1954 2555 Constan-

367 2580 544 2636 tinum
581 2586 897 2653 appellavit,
932 2588 1239 2643 secundum
1271 2589 1338 2643 de
1386 2593 1556 2658 patris
1589 2593 1675 2646 sui
1732 2596 1953 2649 nomine

368 2672 767 2744 Constantem,
810 2680 1032 2734 tertium
1075 2695 1205 2734 vero
1245 2680 1673 2749 Constantium;
1715 2702 1952 2756 quorum

365 2766 1303 2844 Constantinum,Constantinopoli
1325 2794 1339 2842 ;
1359 2774 1738 2847 Constantem,
1759 2782 1952 2836 Antio-

368 2860 507 2915 chia:
537 2860 711 2932 Syria:
744 2863 1114 2932 Damascenae,
1149 2881 1203 2921 et
1252 2868 1526 2940 Egypto;
1570 2872 1952 2939 Constantem,

366 2953 493 3006 urbi
529 2951 717 3007 Romae
743 2954 1011 3023 praefecit.
1042 2958 1282 3029 Sapores
1320 2978 1449 3018 vero
1487 2963 1745 3020 llormozi
1786 2966 1954 3036 ﬁlius,

2062 451 2264 507 caedem
2300 453 2707 522 conspirarent,
2754 468 2782 506 e
2831 452 3008 505 medio
3040 451 3287 514 sustulit,
3319 450 3637 521 .Romreque

2061 549 2237 601 virum
2284 547 2574 617 quemdam
2614 545 2832 600 nomine
2880 559 2979 598 suo
3028 542 3288 611 przefecit.
3339 543 3494 597 Αιιιιο
3537 546 3639 597 im-

2061 640 2195 707 perii
2224 639 2469 708 ejusdem
2514 639 2771 709 septimo,
2816 636 2992 690 factus
3023 644 3106 689 est
3155 633 3370 689 Marcus
3404 636 3638 703 patriar-

2061 733 2159 785 cha
2193 731 2490 796 Romanus,
2535 731 2628 800 qui
2666 746 2785 786 cum
2819 744 2993 783 annos
3036 730 3174 782 duos
3202 727 3458 791 sedisset,
3493 742 3640 780 mor-

2060 834 2187 880 tuus
2221 834 2326 880 est.
2378 825 2535 878 Anno
2575 824 2815 887 ejusdem
2864 836 3010 876 nono
3063 820 3397 875 constitutus
3445 817 3640 890 473-

2056 915 2220 990 475
2270 925 2354 971 est
2392 916 2572 971 Julius
2630 914 2940 982 patriarcha
2979 912 3278 972 Romanus,
3346 910 3438 978 qui
3472 924 3643 962 annos

2058 1006 2367 1075 quindecim
2404 1005 2566 1067 sedit,
2614 1003 2741 1058 dein
2775 1010 3024 1057 mortuus
3048 1010 3153 1056 est.
3190 1000 3348 1055 Anno
3396 999 3635 1071 ejusdem

2058 1098 2317 1153 vicesimo
2369 1108 2564 1169 quarto
2621 1097 2954 1153 constitutus
3010 1094 3268 1148 Linarius
3319 1090 3633 1162 patriarcha

2056 1191 2357 1255 Romanus,
2392 1206 2487 1245 sex
2535 1204 2709 1245 annos
2735 1186 2896 1253 sedit,
2921 1187 3043 1240 dein
3078 1193 3325 1239 mortuus
3353 1192 3459 1237 est.
3480 1183 3638 1237 Anno

2056 1285 2269 1354 imperii
2298 1284 2417 1351 ejus
2452 1282 2716 1337 vicesimo
2752 1280 3088 1335 constitutus
3138 1284 3221 1330 est
3251 1275 3491 1347 Cyrillus
3519 1274 3637 1344 epi-

2055 1392 2254 1447 scopus
2285 1374 2835 1444 Hierosolymitanus,
2863 1372 2954 1425 ubi
2985 1384 3110 1424 cum
3171 1383 3346 1422 annos
3389 1362 3634 1436 quinque

2054 1472 2309 1533 sedisset,
2352 1470 2511 1537 fugit.
2556 1467 2633 1521 Eo
2672 1476 2918 1535 tempore
2959 1462 3270 1533 congregati
3326 1460 3441 1513 Arii
3488 1474 3637 1512 asse-

2053 1566 2169 1627 t-lze,
2203 1578 2327 1617 cum
2368 1561 2626 1616 omnibus
2656 1560 2779 1629 ejus
2804 1555 3135 1613 sententiam
3171 1551 3456 1622 amplexis,
3490 1551 3629 1617 apud

2055 1659 2440 1725 imperatorem
2507 1651 2912 1714 Constantium,
2993 1646 3059 1703 de
3119 1646 3222 1700 ﬁde
3271 1653 3324 1698 et
3364 1643 3633 1698 sententia

2052 1765 2147 1802 sua
2174 1748 2373 1815 optima
2404 1758 2638 1815 qumque
2669 1741 3051 1812 praedicantes,
3102 1746 3375 1793 trecentos
3404 1747 3457 1791 et
3481 1744 3631 1789 orto-

2050 1839 2224 1894 decim
2276 1840 2398 1893 illos
2447 1836 2537 1905 qui
2585 1834 2777 1889 Nicaea
2820 1838 3212 1897 convenerant,
3256 1845 3489 1889 errasse,
3521 1840 3567 1878 et
3603 1844 3631 1881 a

2050 1948 2180 1986 vero
2224 1934 2275 1985 in
2320 1928 2593 1987 sententia
2643 1941 2741 1981 sua
2771 1925 3045 1986 deviasse,
3077 1922 3204 1974 dum
3251 1920 3451 1975 Filium
3486 1921 3634 1983 ejus-

2048 2029 2168 2080 dem
2198 2040 2319 2079 esse
2368 2021 2690 2078 substantiaa
2722 2035 2845 2074 cum
2904 2016 3064 2071 Patre
3117 2023 3454 2079 assererent,
3480 2014 3628 2068 dixe-

2050 2128 2221 2173 runt:
2261 2116 2417 2172 Vetcs
2439 2130 2565 2182 ergo
2603 2112 2905 2182 (inquiunt)
2956 2110 3062 2164 hoc
3111 2107 3242 2169 dici.
3294 2122 3420 2161 cum
3476 2120 3633 2161 error

2045 2214 2149 2275 sit;
2187 2210 2331 2281 quod
2388 2218 2442 2262 et
2495 2207 2675 2261 facere
2722 2203 2918 2259 statuit
2956 2203 3281 2272 imperator.
3334 2199 3411 2253 Eo
3446 2208 3627 2253 autem

2047 2313 2100 2359 te
2125 2318 2291 2370 upore
2340 2316 2505 2368 super
2557 2297 2729 2352 cranii
2784 2293 2979 2367 [loco,]
3032 2294 3127 2363 qui
3183 2299 3270 2347 est
3333 2289 3625 2359 Golgotha,

2046 2395 2223 2448 medio
2254 2393 2343 2446 die
2392 2390 2650 2459 apparuit
2695 2403 2825 2442 crux
2872 2402 2901 2440 e
2954 2384 3100 2448 luce,
3145 2399 3173 2437 a
3228 2391 3374 2436 terra
3423 2381 3624 2436 cmlum

2046 2502 2219 2555 usque
2270 2484 2582 2553 pertingens
2630 2489 2683 2532 et
2748 2479 2812 2531 ad
2870 2484 3113 2531 montem
3168 2475 3447 2528 Olivarum
3506 2489 3630 2543 pro-

2043 2587 2221 2643 tensa,
2257 2575 2575 2644 cujus'lucis
2603 2570 2899 2641 splendore
2924 2568 3195 2623 occultata
3225 2577 3308 2622 est
3348 2566 3441 2620 lux
3469 2565 3624 2620 solis.

2047 2669 2173 2722 Eam
2206 2682 2423 2730 omnes,
2459 2666 2551 2736 qui
2589 2666 2640 2719 in
2681 2664 2813 2717 urbe
2844 2660 3337 2732 Hierosolymitana
3373 2659 3623 2722 aderant,

2043 2770 2152 2815 tam
2203 2759 2385 2825 magni
2436 2772 2600 2825 quam
2666 2756 2815 2824 parvi
2875 2761 3305 2823 conspexerunt,
3357 2760 3625 2822 prmsente

2042 2852 2204 2906 etiam
2238 2849 2439 2921 Cyrillo
2473 2848 2737 2918 episcopo
2789 2844 3328 2916 Hierosolymitano;
3369 2843 3460 2913 qui
3493 2856 3624 2912 ergo

2046 2943 2243 3007 litteris
2271 2941 2455 2997 statim
2486 2941 2708 3010 scriptis
2764 2939 3150 3007 imperatorem
3202 2937 3279 2990 rei
3334 2937 3618 2990 certiorem

366 3043 662 3099 Persarum
683 3048 1002 3111 rex,urbem
1021 3028 2009 3123 Susisexstructam,Choat-Saburc
2043 3034 2272 3097 radens”
2298 3033 2434 3086 dixit
2461 3047 2476 3087 ³
2506 3030 2625 3085 sub
2668 3037 2823 3101 patre
2860 3038 2978 3123 "'9’
3013 3028 3490 3123 beaimg'ﬁémmim
3522 3028 3621 3123 i_”_“

362 3139 683 3206 appellavit,
719 3140 883 3195 aliam
918 3143 968 3195 in
1005 3145 1225 3213 regione
1254 3146 1469 3213 Savvad,
1504 3149 1951 3220 Phiruz—Sabur;

365 3227 534 3281 urbes
577 3231 742 3285 etiam
796 3232 848 3286 in
908 3232 1097 3288 Sindia
1135 3245 1189 3291 et
1247 3236 1496 3306 Sejestan
1550 3247 1817 3314 condidit,
1851 3262 1956 3303 nec

361 3329 469 3367 non
522 3315 726 3370 multus
759 3315 946 3371 eﬁodit
987 3318 1203 3382 ﬂuvios,
1237 3320 1607 3389 fornicesque,
1650 3333 1703 3377 et
1747 3338 1940 3392 pontes

360 3407 653 3463 exstruxit.
678 3408 843 3462 Senio
869 3420 1049 3464 autem
1078 3412 1189 3483 jam
1219 3414 1471 3468 coniecto
1503 3413 1785 3470 labefacta:
1813 3427 1941 3471 sunt

363 3500 527 3563 vires,
552 3509 606 3554 et
636 3502 890 3570 caligavit
922 3504 1089 3569 visus,
1133 3506 1448 3573 superciliis
1484 3505 1537 3561 in
1582 3508 1774 3565 oculos
1808 3524 1937 3578 pro-

363 3591 692 3646 minentibus
720 3608 926 3661 :quare
960 3596 1134 3664 legato
1156 3597 1222 3650 ad
1250 3596 1508 3651 Indorum
1531 3612 1711 3668 regem
1746 3601 1937 3669 misso,

364 3676 631 3731 medicum
670 3679 736 3733 ab
770 3680 889 3749 ipso
920 3682 1093 3750 petiit.
1123 3683 1226 3748 Qui
1274 3700 1404 3755 ergo
1443 3686 1567 3755 ejus
1603 3688 1736 3743 artis
1770 3690 1935 3763 472

360 3767 593 3833 peritum
624 3772 915 3839 quemdam
949 3773 1167 3829 nomine
1222 3774 1513 3843 Georgium
1564 3778 1810 3843 remisit,
1846 3782 1937 3849 qui

363 3861 537 3925 ipsum
586 3864 808 3918 sanitati
862 3866 1122 3929 restituit,
1178 3867 1318 3921 adeo
1376 3879 1438 3922 ut
1483 3867 1941 3926 conﬁrmarentur

363 3949 463 4014 ipsi
492 3953 668 4012 nervi.
709 3954 1139 4026 reddereturth
1162 3959 1334 4022 visus,
1366 3968 1421 4012 et
1448 3974 1648 4030 equum
1673 3976 1939 4018 conscen-

361 4040 491 4095 dere
527 4046 753 4098 valeret.
785 4044 965 4103 Jussit
1012 4064 1143 4119 ergo
1190 4049 1346 4105 illum
1396 4053 1587 4107 urbem
1630 4068 1795 4124 quam
1829 4056 1936 4111 sibi

358 4136 520 4191 vellet
550 4137 891 4193 incolendam
923 4140 1145 4209 eligere.
1193 4142 1288 4198 Ille
1337 4144 1470 4200 urbe
1520 4146 1936 4211 Choat-Sabur.

357 4242 483 4295 qua:
516 4237 571 4282 ct
618 4228 790 4282 Corch
843 4230 1172 4296 appellatur,
1223 4242 1419 4301 estque
1468 4236 1600 4291 urbs
1650 4234 1813 4301 Susa,
1864 4238 1933 4293 ibi

358 4334 530 4386 usque
568 4320 695 4374 dum
734 4333 763 4373 e
796 4321 931 4375 vivis
958 4323 1246 4377 excederet
1280 4323 1566 4379 habitavit.

2046 3138 2327 3194 peralore,
2385 3125 2640 3195 apparuit
2700 3139 2837 3177 crux
2908 3121 3121 3177 Domini
3180 3119 3382 3176 Christi
3449 3121 3619 3174 stellis

2042 3214 2322 3289 [efﬁgiata]
2371 3214 2551 3269 medio
2580 3213 2667 3268 die
2715 3213 2769 3266 in
2795 3212 2953 3276 C(BIO,
2985 3226 3049 3267 ac
3096 3211 3209 3279 jam
3268 3217 3319 3264 te
3364 3218 3624 3278 regnante

2044 3309 2364 3378 (imperator
2392 3304 2542 3376 felix)
2569 3304 2739 3378 476
2765 3303 3017 3374 apparuit
3044 3317 3209 3373 super
3233 3301 3418 3357 Cranii
3452 3300 3619 3374 [loco]

2040 3414 2174 3454 crux
2212 3414 2241 3452 e
2285 3398 2403 3453 luce
2433 3400 2590 3464 cujus
2623 3396 2883 3467 splendor
2921 3397 3056 3450 solis
3110 3394 3467 3465 splendorem
3503 3395 3621 3464 ipso

2039 3487 2268 3543 meridie
2301 3498 2540 3558 superat.
2567 3486 2898 3556 Litterisque
2921 3486 3035 3540 suis
3068 3485 3171 3555 ipsi
3204 3486 3380 3540 suasit
3416 3500 3481 3539 ne
3508 3484 3621 3538 Atii

2041 3581 2325 3651 ipsiusque
2384 3580 2703 3650 sequacium
2755 3578 3088 3633 sententiam
3148 3578 3617 3647 amplecteretur,

2040 3682 2223 3741 utpote
2248 3672 2338 3741 qui
2372 3686 2402 3725 a
2435 3686 2564 3725 vero
2610 3670 2890 3726 deviantes
2936 3670 3003 3723 ad
3055 3669 3439 3724 inﬁdelitatem
3491 3682 3617 3737 pro-

2041 3763 2176 3832 lapsi
2229 3771 2436 3825 essent,
2500 3763 2703 3833 quibus
2751 3762 3109 3817 maledixerat
3156 3770 3525 3817 trecentorum
3567 3765 3619 3812 et

2039 3853 2342 3907 octodecim
2390 3853 2777 3922 episcoporum
2830 3854 3167 3915 concilium,
3242 3854 3612 3921 omnibusque

2037 3944 2319 4015 qui‘idem
2371 3959 2496 3997 rum
2556 3945 2689 4013 ipsis
2744 3953 3072 3998 assercrent.
3134 3944 3435 4013 Imperator
3487 3959 3619 4011 ergo

2044 4036 2285 4105 acceptis
2340 4035 2529 4109 Cyl-illi
2588 4035 2784 4091 litteris
2841 4052 3070 4104 magna,
3122 4036 3193 4088 ob
3236 4035 3325 4088 illa
3370 4050 3493 4103 qurc
3545 4034 3611 4088 ad

2039 4130 2213 4200 ipsum
2246 4128 2561 4199 scripserat,
2607 4127 2795 4181 lzetitia
2844 4126 3069 4181 aﬂ‘ectus
3094 4134 3200 4189 est,
3246 4136 3299 4180 et
3334 4126 3399 4179 ad
3428 4140 3613 4179 verum

2038 4238 2292 4279 reversus
2326 4224 2495 4277 vetuit
2531 4221 2741 4276 admitti
2773 4222 2887 4276 Arii
2922 4221 3278 4277 sententiam.

2109 4313 2187 4367 Eo
2221 4324 2462 4382 tempore
2497 4312 3006 4382 Constantinopoli,
3049 4312 3375 4377 Antiochiae,
3410 4309 3613 4374 Babeli,

430 4408 625 4463 Totum
653 4418 833 4465 autem
865 4412 1006 4480 quod
1048 4410 1180 4465 vixit
1225 4410 1403 4466 Salmr
1460 4417 1720 4482 spatium,
1755 4434 1925 4471 anno-

2045 4412 2095 4456 et
2127 4403 2495 4465 Alexandriae,
2528 4403 2814 4473 praevaluit
2847 4403 2961 4457 Arii
3016 4404 3313 4470 sententia,
3341 4403 3500 4471 cujus
3551 4402 3614 4457 ﬁ-

356 4510 479 4549 runt
531 4504 651 4551 erat
711 4500 1056 4566 septuaginta
1128 4499 1397 4563 duorum;
1454 4503 1653 4570 quibus
1716 4508 1925 4561 exactis

358 4596 607 4643 mortuus
636 4600 738 4644 est.
774 4588 1038 4660 Regnavit
1063 4601 1182 4660 post
1224 4592 1401 4660 ipsum
1455 4594 1507 4647 in
1543 4594 1741 4651 Persas
1778 4598 1921 4654 illius

355 4679 529 4748 ipsius
562 4679 794 4734 Ardshir
826 4681 1023 4734 Saburi
1077 4682 1218 4735 ﬁlius
1264 4697 1440 4739 annos
1489 4697 1745 4754 quatuor,
1800 4690 1924 4743 dein

354 4779 603 4825 mortuus
656 4778 742 4825 est
800 4787 814 4823 :
882 4770 1043 4837 idque
1100 4787 1245 4826 anno
1304 4774 1518 4841 imperii
1575 4775 1923 4834 Constantini

354 4859 449 4913 lilii
512 4857 863 4915 Constantini
921 4861 1267 4917 Rumaiorum
1319 4866 1670 4935 imperatoris
1726 4870 1923 4938 primo.

352 4950 476 5005 Post
544 4952 721 5023 ipsum
782 4953 837 5008 in
921 4953 1118 5009 Persas
1184 4961 1433 5025 regnavit
1507 4958 1677 5013 frater
1744 4962 1921 5033 ipsius

356 5038 531 5108 Sapor
579 5041 772 5111 Sapori
833 5041 978 5096 ﬁlius
1033 5059 1203 5100 annos
1263 5045 1656 5117 quinquaginta
1710 5050 1817 5105 duo
1870 5062 1926 5108 et

359 5144 576 5185 menses
631 5139 890 5201 quatuor,
938 5134 1099 5205 idque
1148 5152 1289 5193 anno
1340 5138 1492 5206 regni
1546 5138 1926 5207 Constantini,

361 5220 451 5274 ﬁlii
487 5221 835 5278 Constantini
869 5225 1215 5280 Runneorum
1276 5230 1641 5299 imperatoris,
1705 5234 1923 5303 quinto.

359 5315 515 5369 Anno
567 5316 780 5387 imperii
825 5320 1072 5385 ejusdem
1125 5324 1318 5388 quinto
1366 5323 1418 5375 in
1486 5322 1709 5379 fratrem
1750 5327 1927 5394 ipsius

356 5405 738 5463 Constantium
781 5409 968 5466 Roma:
1002 5413 1217 5467 irruens
1250 5412 1534 5479 praefectus
1564 5416 1788 5484 quidam
1828 5435 1927 5474 no-

357 5499 501 5553 mine
551 5499 856 5558 Maxentius
905 5505 1079 5573 ipsum
1127 5506 1347 5559 occidit.
1398 5506 1517 5573 Quo
1560 5510 1747 5564 audito
1777 5513 1925 5565 Con-

356 5591 626 5645 stantinus
656 5592 1000 5650 Constantini
1046 5597 1187 5650 ﬁlius
1235 5597 1399 5652 misso
1432 5602 1669 5656 exercitu
1721 5616 1918 5673 magno

436 5710 475 5741 ’³
506 5709 625 5765 Act.
662 5729 712 5775 ι,
750 5713 813 5766 15
845 5728 965 5785 sqq.

2028 4498 2148 4553 dem
2184 4507 2236 4551 et
2265 4496 2599 4552 sententiam
2632 4497 2725 4566 qui
2757 4498 3243 4567 amplecterentur,
3288 4498 3510 4553 nomine
3544 4498 3612 4551 ab

2027 4588 2199 4658 ipsius
2228 4588 2469 4655 nomine,
2508 4589 2662 4653 Ario,
2692 4588 2928 4644 deducto
2961 4590 3150 4644 Ariani
3188 4590 3409 4645 vocitati
3458 4600 3612 4645 sunt.

2028 4684 2186 4737 Anno
2215 4682 2425 4752 imperii
2481 4681 2789 4738 Constantii
2827 4684 2919 4738 lilii
2970 4684 3320 4740 Constantini
3369 4688 3615 4740 secundo

2029 4774 2363 4829 constitutus
2402 4785 2486 4829 est
2519 4776 2823 4847 Cyprianus
2854 4778 3160 4847 patriarcha
3209 4780 3610 4844 Antiochenus,

2036 4873 2130 4941 qui
2169 4872 2405 4925 Arianus
2429 4883 2567 4936 erat,
2600 4881 2653 4924 et
2686 4888 2811 4926 cum
2858 4874 3138 4928 biennium
3177 4875 3429 4939 sedisset,
3468 4890 3610 4928 mor-

2036 4973 2165 5019 tuus
2204 4973 2307 5020 est.
2354 4966 2513 5019 Anno
2544 4966 2751 5034 imperii
2783 4966 2898 5035 ejus
2940 4977 3138 5036 quarto
3174 4966 3347 5022 fat-tus
3384 4978 3465 5023 est
3496 4968 3612 5022 Bla-

2049 5055 2163 5109 sius
2219 5055 2529 5123 patriarcha
2575 5055 2970 5120 Antiochenus,
3017 5059 3106 5128 qui
3157 5074 3331 5114 annos
3374 5071 3612 5128 quatuor

2041 5144 2204 5209 sedit,
2238 5145 2363 5200 dein
2413 5155 2664 5199 tnortuus
2705 5158 2808 5200 est.
2841 5130 2948 5203 llic
2981 5150 3146 5204 etiam
3196 5153 3433 5203 At'iattus‘
3485 5150 3607 5205 fuit.

2037 5238 2195 5291 Anno
2218 5236 2460 5306 ejusdem
2492 5246 2683 5293 octavo
2732 5238 2909 5295 factus
2939 5252 3021 5295 est
3054 5242 3333 5296 Eustatius
3379 5243 3608 5311 Patriar-

2030 5329 2129 5384 cha
2158 5330 2552 5393 Antiochenus,
2602 5332 2694 5402 qui
2749 5348 2922 5387 annos
2964 5334 3204 5403 quinque
3252 5334 3414 5395 sedit,
3466 5335 3593 5389 dein

2034 5430 2286 5477 mortuus
2315 5430 2439 5477 est:
2487 5425 2577 5493 qui
2633 5410 2798 5480 etiam
2859 5429 3115 5481 Arianus.
3160 5428 3315 5479 Anno
3358 5429 3600 5499 ejusdem

2032 5514 2245 5569 decimo
2276 5516 2435 5571 tertio
2465 5526 2685 5574 creatus
2713 5530 2795 5574 est
2831 5518 2937 5573 Leo
2964 5521 3274 5588 patriarcha
3309 5523 3604 5578 Antioche-

2052 5622 2175 5671 nus,
2212 5609 2325 5677 ipse
2354 5610 2514 5663 rtiam
2545 5609 2801 5673 Arianus,
2838 5613 2928 5665 ubi
2978 5626 3171 5666 novent
3232 5633 3398 5669 annos
3443 5636 3483 5670 δε
3504 5618 3603 5681 dit,
