4034 6214
417 228 552 292 1015

408 361 535 415 dein
595 367 847 417 mortuus
881 372 984 418 est.
1035 361 1338 433 imperator
1387 360 1752 434 $77-$79
1802 374 1981 415 autem

416 453 586 508 misso
638 453 910 520 Eudoxio,
951 455 1103 510 urbis
1153 455 1422 511 Jermana:
1473 455 1756 524 episcopo,
1805 453 1985 522 ipsum

411 545 718 601 Antiochiae
765 547 1136 615 patriarcham
1189 547 1450 616 praefecit.
1510 546 1842 601 Manichacus
1899 547 1988 600 hic

416 648 566 705 erat;
605 639 855 695 eumdem
907 655 1030 694 cum
1065 639 1342 694 biennium
1379 640 1683 694 Antiochia:
1726 640 1985 703 sedisset,

413 730 713 800 imperator
741 730 1256 798 Constantinopolin
1306 733 1604 794 transtulit,
1660 730 1749 784 ubi
1801 731 1986 785 decem

414 827 574 880 annis
607 839 836 879 munere
877 825 1232 896 patriarchali
1279 823 1502 880 functus
1539 833 1641 889 est,
1675 823 1801 879 dein
1849 840 1992 879 mor-

414 925 564 970 tuus.
592 913 754 969 Anno
784 916 1046 971 vicesimo
1090 915 1334 970 secundo
1371 915 1585 985 imperii
1638 915 1812 984 ipsius
1860 930 1994 969 con-

413 1007 641 1062 stitutus
682 1017 767 1064 est
825 1008 1163 1064 Athanasius
1219 1009 1529 1078 patriarcha
1577 1007 1991 1071 Antiochenus,

413 1100 508 1171 qui
539 1109 592 1156 et
629 1099 962 1156 Maniclneus
994 1099 1124 1167 fuit;
1160 1101 1249 1155 ubi
1287 1117 1409 1155 cum
1441 1109 1677 1170 quatuor
1700 1115 1874 1154 annos
1903 1115 1994 1155 se-

415 1190 610 1256 disset,
664 1199 916 1248 mortuus
965 1205 1068 1247 est.
1115 1190 1264 1246 Idem
1319 1207 1414 1246 rex
1457 1207 1603 1245 anno
1655 1191 1870 1260 imperii
1911 1191 1996 1246 sui

416 1283 618 1353 primo,
670 1283 841 1338 Paulo
897 1285 1211 1354 patriarcha
1265 1284 1881 1354 Constantinopolitano
1943 1285 1996 1338 in

418 1377 672 1432 exsilium
725 1377 918 1443 misso,
969 1378 1088 1431 vice
1117 1378 1236 1446 ejus
1268 1377 1588 1438 Eusebium,
1621 1379 1782 1432 etiam
1831 1376 2002 1431 Mani-

420 1470 655 1533 cliteum,
705 1469 1072 1539 patriarcham
1127 1471 1326 1526 ibidem
1379 1471 1698 1531 constituit;
1745 1471 1999 1540 quicum

424 1571 536 1616 tres
564 1577 739 1616 annos
768 1563 1026 1627 sedisset,
1062 1573 1316 1617 umrtuus
1348 1573 1453 1617 est.

490 1655 609 1720 Quo
654 1671 786 1723 ergo
827 1665 1080 1721 mortuo,
1141 1658 1441 1726 imperator
1489 1656 1716 1710 Paulum
1775 1657 2004 1724 patriar—

419 1748 606 1815 eham,
642 1765 671 1802 a
712 1766 771 1804 se
811 1749 1021 1820 pridem
1060 1750 1383 1814 relegatum,
1428 1747 1702 1802 cathedras
1749 1763 1863 1802 sum
1920 1761 2007 1800 re-

422 1841 623 1905 stituit,
661 1857 826 1911 quam
865 1851 977 1896 tres
1014 1857 1185 1894 annos
1218 1841 1532 1908 occupavit,
1582 1840 1706 1893 dein
1753 1848 2006 1894 mortuus

419 1943 522 1986 cst.
562 1921 724 1987 Anno
772 1934 988 2004 imperii
1036 1934 1283 2002 ejusdem
1314 1934 1528 1988 decimo
1561 1934 1894 1987 constitutus
1925 1941 2010 1986 est

426 2024 782 2080 Macedonius
827 2027 1140 2096 patriarcha
1190 2025 1862 2094 Constantinopolitanus,
1910 2031 2041 2094 qui'

427 2117 695 2186 Spiritum
749 2129 1004 2175 sanctum
1043 2129 1289 2175 creatum
1338 2135 1460 2175 esse
1508 2123 1783 2185 asseruit;
1822 2120 2008 2174 decem

424 2225 602 2263 annos
656 2209 824 2275 sedit,
862 2211 988 2265 dein
1029 2219 1284 2266 mortuus
1320 2219 1425 2265 est.
1470 2211 1626 2264 Anno
1663 2211 1877 2280 imperii
1922 2211 2007 2263 s'ui

425 2295 696 2351 vicesimo
739 2299 918 2367 primo
949 2299 1253 2368 imperator
1287 2299 1597 2355 Eudoxium
1636 2301 2008 2370 patriarcham

427 2387 830 2444 Antiochenum
860 2431 877 2456 ,
926 2390 1447 2462 Constantinopolin
1495 2394 1846 2453 translatum,
1910 2391 2014 2444 ibi-

425 2482 550 2537 dem
586 2484 956 2554 patriarcham
987 2486 1281 2540 constituit
1318 2504 1331 2541 :
1369 2486 1469 2540 fuit
1503 2487 1589 2540 hic
1636 2485 2008 2549 Manichzeus;

427 2576 613 2633 decem
672 2593 848 2633 annos
904 2579 1087 2643 sedit,
1146 2577 1272 2632 dein
1341 2587 1593 2632 mortuus
1648 2585 1753 2631 est.
1811 2577 2005 2640 Porro,

428 2668 674 2740 Egyptii
711 2679 880 2740 atque
923 2671 1308 2730 Alexandrini.
1339 2687 1463 2726 cum
1498 2671 1748 2738 plerique
1818 2669 2006 2722 Ariani

427 2773 483 2819 ct
537 2763 820 2818 Manichrei
875 2771 1099 2825 essent,
1159 2763 1380 2832 AEgypti
1444 2774 1607 2832 atque
1665 2763 2012 2818 Alexandria:

430 2857 695 2913 ecclesias
721 2866 1061 2926 occupantes
1094 2855 1262 2928 480
1296 2872 1388 2910 eas
1420 2865 1737 2920 tenuerunt,
1773 2873 1872 2909 nec
1903 2872 2010 2909 non

436 2951 490 3004 in
523 2949 888 3004 Athanasium
925 2949 1300 3019 patriarcham
1339 2949 1794 3010 Alexandrinum,
1833 2949 2008 3017 ipsmu

1444 229 1815 292 EUTYCIIlI
1859 225 2399 288 ALEXANDRINI
2437 223 2656 284 PATR.

2013 341 2058 397 Α
2091 339 2266 404 ipsum
2317 335 2628 390 trucidandi
2683 331 2890 394 animo,
2946 327 3125 382 adorti
3178 332 3336 381 sunt.
3388 325 3492 390 Qui
3544 340 3674 379 cum

3516 211 3673 277 ’1016

2092 431 2218 498 fuga
2250 445 2307 484 se
2339 428 2408 482 ab
2441 427 2574 496 ipsis
2608 425 2922 494 eripuisset,
2957 421 3032 474 illi
3061 418 3374 474 Heracliqu
3412 415 3677 471 Hieroso-

2092 523 2250 594 lymis
2274 523 2590 600 episcopum
2628 517 3022 587 praefecerunt,
3054 512 3159 566 fuit
3187 512 3236 568 is
3271 511 3533 574 Arianus,
3565 519 3678 564 tres

2093 629 2268 668 annos
2303 613 2468 675 sedit,
2502 610 2628 664 dein
2661 619 2912 662 mortuus
2944 614 3048 659 est.
3078 606 3238 657 Anno
3281 601 3494 672 imperii
3527 602 3677 670 ejus-

2092 706 2215 759 dem
2269 702 2512 758 secundo
2563 707 2784 755 creatus
2837 707 2924 752 est
2975 695 3306 750 Meletianus
3363 693 3674 768 patriarcha

2093 797 2491 859 Antiochenus,
2541 793 2636 863 qui
2686 790 3026 847 urthodoxus
3079 787 3215 852 fuit;
3245 801 3424 841 annos
3480 784 3668 854 viginti

2095 890 2338 959 quinque
2387 886 2553 949 sedit,
2605 885 2766 954 cujus
2815 882 3158 953 praefecturae
3220 895 3368 933 anno
3418 878 3702 938 vicesimo

2099 983 2280 1053 primo
2311 979 2653 1036 celebratum
2707 987 2791 1033 est
2847 973 3334 1041 Constantinopoli
3386 972 3672 1026 concilium

2099 1075 2427 1132 secundum.
2453 1073 2568 1129 Sub
2592 1073 2697 1126 hoc
2729 1074 3060 1142 imperatore
3093 1067 3408 1139 patriarcha
3438 1067 3680 1119 Alexan-

2098 1170 2292 1224 drinus
2320 1168 2423 1222 fuit
2451 1165 2814 1228 Athanasius;
2851 1160 3498 1229 ConstantinOpolitanus
3523 1199 3540 1222 ,
3571 1160 3646 1211 Eu

2102 1261 2310 1314 doxius
2360 1257 2726 1321 Manichaeus;
2789 1253 3088 1318 Romanus,
3149 1251 3426 1304 Linarius.
3481 1247 3677 1301 Eodem

2102 1354 2408 1423 imperante
2461 1351 2647 1406 ﬂoruit
2695 1348 2932 1403 Basilius
2987 1346 3248 1401 Caesarem
3299 1341 3678 1413 Cappadociae,

2103 1462 2225 1517 quae
2277 1447 2329 1498 in
2392 1446 2766 1498 Romanorum
2805 1441 3015 1496 ditione
3049 1448 3152 1501 est,
3201 1435 3534 1507 episcOpus;
3583 1448 3680 1488 nec

2107 1556 2213 1594 non
2263 1538 2594 1608 Gregorius,
2644 1533 2882 1589 Naziazu
2936 1526 3460 1600 episc0pusturbis
3506 1532 3680 1577 autem

2109 1635 2267 1687 istius
2324 1629 2560 1684 Naziazu
2616 1626 2815 1685 incolae
2865 1637 3059 1677 omnes
3105 1619 3256 1675 Sabii
3315 1628 3496 1672 erant.
3544 1615 3676 1669 Cum

2042 1701 2076 1752 n
2117 1739 2246 1794 ergo
2278 1723 2572 1794 Gregorius
2621 1719 2915 1787 episcOpus
2967 1715 3348 1769 Natianzenus
3391 1707 3687 1764 orationem

2125 1818 2354 1872 haberet
2410 1816 2464 1869 in
2519 1811 2695 1867 Natali
2751 1809 2956 1864 Christi
3021 1807 3232 1860 Domini
3291 1802 3490 1864 nostri,
3537 1798 3690 1866 cujus

2120 1911 2280 1966 initio
2335 1903 2796 1963 diceretzNatus
2855 1912 2940 1976 est
2995 1899 3290 1962 Christus,
3355 1891 3691 1963 gloriﬁcate;

2120 2003 2376 2058 Christus
2426 2000 2494 2054 de
2549 1997 2714 2064 ctelo,
2761 1996 3036 2064 excipite;
3094 1992 3350 2046 Christus
3396 1987 3451 2041 in
3508 1994 3690 2047 terra,

2120 2097 2395 2161 cxaltate;
2429 2107 2667 2163 eamque
2699 2105 2886 2146 coram
2925 2089 3058 2158 ipsis
3112 2085 3420 2147 recitasset,
3479 2079 3514 2134 ii
3565 2077 3694 2132 illu-

2121 2192 2319 2247 dentes
2347 2189 2528 2257 ipsum
2558 2183 2791 2240 irridere
2827 2189 3133 2257 creperum.
3165 2177 3305 2231 Cum
3331 2187 3461 2244 ergo
3491 2170 3696 2225 adven-

2124 2293 2333 2338 tassent
2393 2279 2695 2351 Epiphania
2745 2275 2908 2331 aliam
2957 2274 3121 2328 etiam
3174 2267 3343 2343 484
3390 2267 3694 2321 orationem

2122 2372 2454 2444 composuit,
2505 2370 2558 2424 in
2595 2383 2704 2439 qua
2735 2367 3029 2422 Sabiorum
3063 2363 3384 2430 religionem
3430 2355 3698 2415 traduxit,

2123 2471 2386 2538 ipsosque
2441 2463 2656 2533 probris
2709 2460 2912 2526 aﬂ’ecit,
2951 2473 3071 2512 eam
3125 2457 3333 2511 scilicet
3388 2451 3493 2507 sub
3539 2449 3702 2518 cujus

2125 2563 2343 2616 initium
2406 2559 2582 2613 dicit:
2620 2555 2860 2608 Rursum
2915 2552 3075 2606 Jesus
3125 2563 3314 2606 meus.
3369 2556 3424 2599 et
3476 2557 3698 2597 rursum

2125 2652 2468 2724 mysterium.
2507 2649 2778 2718 Tempore
2823 2647 2985 2700 ctiam
3035 2643 3238 2698 Juliani
3287 2648 3552 2710 apostatze
3599 2636 3701 2688 llo—

2126 2749 2237 2801 ruit
2270 2746 2422 2799 Auba
2457 2743 2752 2800 Antonius.
2794 2739 2886 2808 qui
2921 2739 3133 2807 primus
3163 2745 3278 2790 erat
3309 2730 3703 2785 monachorum

2125 2838 2346 2910 Egypti
2410 2839 2686 2891 desertum
2755 2832 3134 2892 incolentium,
3203 2827 3293 2881 ubi
3353 2821 3702 2878 monasteriis
3791 2868 3794 2870 .

2122 2932 2420 2988 exstructis
2450 2928 2750 2983 monachos
2803 2923 3179 2994 congregavit.
3231 2919 3340 2975 Nec
3388 2932 3495 2970 non
3544 2913 3701 2967 Anba

435 3042 749 3097 trucidandi
784 3043 992 3109 animo,
1023 3043 1326 3106 irruerunt,
1349 3042 1437 3096 ille
1468 3057 1598 3096 vero
1628 3041 1750 3112 fuga
1781 3042 1848 3097 ab
1881 3041 2008 3110 ipsis

2131 3028 2348 3081 Flavius
2398 3025 2451 3079 in
2511 3022 2670 3093 Syria
2717 3019 2810 3089 qui
2867 3017 3074 3086 primus
3132 3025 3247 3069 crat
3301 3009 3699 3064 monachorum

433 3136 682 3206 dilapsus
733 3135 988 3199 delituit,
1041 3151 1165 3190 cum
1213 3135 1325 3203 jam
1377 3151 1606 3190 munere
1662 3136 2008 3204 patriarchali

434 3229 624 3283 decem
673 3228 834 3283 annis
876 3228 1095 3284 functus
1149 3227 1382 3294 fuisset;
1441 3228 1890 3295 constitutosque
1932 3233 2013 3279 est

438 3321 758 3392 Gregorius,
788 3321 881 3391 qui
911 3320 1247 3375 Manichaaus
1281 3320 1402 3386 fult,
1439 3320 1745 3387 patriarcha
1775 3321 2012 3371 Alexan-

440 3409 661 3472 drinus,
700 3411 793 3478 qui
825 3425 1003 3464 annos
1042 3411 1230 3464 decem
1268 3410 1432 3472 sedit,
1466 3409 1590 3462 dein
1625 3419 1874 3462 mortuus
1904 3416 2009 3460 est.

441 3504 539 3556 ltlo
573 3512 810 3568 mortuo,
865 3502 1203 3556 Athanasius
1259 3502 1571 3571 patriarcha
1609 3500 2013 3554 Alexandrinus

440 3599 494 3650 in
528 3597 706 3650 locum
749 3611 909 3648 suum
949 3609 1223 3659 reversus,
1261 3603 1374 3648 tres
1405 3608 1580 3648 annos
1614 3594 1777 3648 sedit.
1811 3591 2010 3647 Eodem

441 3699 687 3756 tempore
709 3684 1188 3753 Constantinopoli
1214 3685 1598 3739 Alexandriam
1626 3685 1849 3739 veniens
1876 3699 2014 3752 prte-

442 3780 619 3834 l'ectus
649 3778 877 3847 quidam
915 3779 1138 3834 nomine
1172 3777 1456 3849 Syrianus,
1490 3779 1584 3846 qui
1617 3780 1857 3832 Arianus
1885 3778 2010 3842 fuit,

438 3873 802 3926 Athanasium
839 3871 1210 3942 patriarcham
1243 3873 1295 3926 iu
1329 3871 1508 3924 locum
1533 3871 1830 3941 quemdam
1857 3869 2016 3925 Tibe-

441 3965 591 4020 riada
659 3965 863 4020 dictum
922 3966 1225 4033 relegavit,
1289 3965 1600 4033 patriarcha
1667 3963 2013 4020 Alexandria:

398 4061 741 4114 -constituto
790 4059 1056 4128 Georgio,
1110 4059 1199 4126 qui
1237 4059 1475 4112 Arianus
1549 4057 1669 4120 fuit,
1727 4071 2013 4124 annosque

444 4164 540 4202 sex
573 4147 733 4202 Sedit.
775 4147 904 4203 Dein
941 4148 1075 4202 abiit
1108 4148 1374 4217 Sytianus
1420 4145 1710 4216 pra-fectus
1741 4145 2017 4198 Constan-

444 4239 715 4306 tinopolin
755 4237 1062 4307 petiturus;
1099 4253 1208 4305 quo
1242 4236 1567 4289 Alexandria
1596 4235 1842 4302 profecm
1867 4229 2016 4285 urbis

445 4333 564 4397 ejus
591 4333 784 4386 incola:
807 4330 1094 4386 Melchiaui
1119 4329 1408 4398 Georgium
1432 4325 1792 4396 patriarcham
1815 4324 2014 4388 adorti,

2124 3119 2384 3174 Jordanis
2429 3115 2705 3170 desertum
2751 3109 3108 3166 incolentium
3141 3117 3195 3162 et
3245 3107 3298 3160 in
3344 3107 3464 3174 ipso
3506 3117 3698 3155 mona-

2121 3214 2256 3266 chos
2285 3207 2532 3276 collegit,
2566 3215 2620 3260 et
2655 3203 2993 3257 moiiasteria
3034 3202 3265 3268 locaque
3298 3195 3698 3265 qnmnplurima

2121 3301 2419 3357 exstruxit.
2453 3297 2774 3352 Nuntiatum
2815 3306 2998 3348 autem
3035 3302 3116 3347 est
3159 3291 3382 3345 Juliano
3433 3292 3698 3353 apostata-

2124 3392 2441 3463 imperatori
2493 3391 2758 3443 statuisse
2789 3388 3051 3456 Saporem
3101 3383 3326 3451 Saporis
3357 3381 3522 3434 lilium
3560 3376 3698 3429 Per-

2124 3499 2308 3543 Larum
2361 3495 2564 3550 regem,
2609 3480 2783 3547 ipsum
2844 3479 2983 3532 bello
3029 3476 3272 3546 aggredi.
3309 3473 3518 3527 Paratis
3564 3485 3699 3536 ergo

2123 3577 2298 3647 copiis
2354 3572 2638 3643 profectus
2693 3579 2774 3624 est
2823 3569 3076 3623 Julianus
3128 3567 3230 3636 ipsi
3283 3569 3336 3620 in
3385 3577 3694 3620 occursum.

2127 3665 2310 3730 Prava).
2342 3676 2524 3722 autem
2553 3666 3002 3720 conrersationis
3029 3662 3224 3732 ipsius,
3256 3659 3492 3728 fideique
3525 3673 3587 3709 ac.
3612 3654 3700 3706 in-

2125 3764 2388 3818 tentionis
2419 3761 2575 3815 mala:
2609 3759 2805 3828 gratia,
2842 3757 3103 3826 quodque
3139 3755 3393 3808 homines
3427 3755 3494 3806 ad
3521 3749 3704 3803 idolo-

2126 3859 2338 3910 latriam
2396 3853 2676 3923 impellere
2727 3849 2997 3912 studeret,
3052 3847 3255 3903 factum
3289 3854 3368 3899 cst
3417 3855 3473 3898 ut
3523 3843 3695 3910 ipsum

2123 3948 2310 4017 pra-lio
2365 3946 2640 4000 devictum
2705 3941 3036 3996 interticeret
3103 3938 3340 4009 Sapores
3401 3937 3692 3990 Persarum

2123 4055 2238 4104 rex,
2269 4051 2634 4106 magnamque
2666 4036 2986 4104 sequacium
3025 4034 3197 4104 ipsius
3225 4038 3462 4100 stragem
3491 4027 3699 4083 ederet.

2125 4133 2399 4187 Memoria:
2425 4139 2608 4184 autem
2647 4127 2883 4199 prodidit
2914 4127 3148 4181 Basilius
3186 4124 3447 4181 Caesarea:
3487 4121 3691 4189 Cappa-

2124 4226 2297 4280 docim
2329 4225 2646 4292 cpiscopus,
2675 4237 2734 4275 se
2757 4220 2880 4275 loco
2913 4235 3013 4273 suo
3040 4221 3321 4274 sedentem
3354 4225 3480 4269 ante
3509 4213 3700 4267 oculos

2128 4316 2365 4369 tabulatn
2419 4314 2682 4366 habuisse
2734 4311 2787 4365 in
2848 4325 2954 4378 qua
3006 4309 3223 4378 depicta
3279 4316 3397 4362 erat
3443 4301 3699 4359 Mercurii

449 4428 629 4493 ipsum
682 4423 1030 4480 interfectum
1070 4423 1195 4492 igne
1248 4431 1599 4484 cremat-unt,
1657 4432 2008 4486 reversusun

2127 4406 2380 4476 martyris
2433 4402 2670 4472 elIigies;
2737 4401 2865 4456 dum
2927 4415 3056 4454 vero
3112 4399 3353 4453 tabulam
3409 4397 3697 4465 inspiceret

443 4531 521 4573 est
563 4520 617 4572 in
669 4521 844 4572 locum
897 4532 1058 4570 suum
1115 4515 1469 4569 Athanasius.
1524 4512 1729 4568 Eodem
1775 4521 2021 4579 tempore

449 4612 708 4680 procellis
761 4609 1025 4678 agitatum
1077 4623 1227 4661 mare
1278 4610 1444 4661 multa
1479 4605 1824 4661 Alexandriae
1874 4603 2018 4665 loca,

452 4718 549 4752 nec
604 4715 712 4752 non
766 4699 1053 4764 ecclesias,
1090 4713 1232 4767 aqua
1266 4697 1470 4751 obruit.
1520 4696 1664 4752 Obiit
1695 4703 1876 4749 autem
1916 4693 2018 4746 im-

451 4799 669 4859 perator
699 4791 1057 4846 Constantius
1097 4789 1444 4844 Constantini
1481 4788 1622 4842 ﬁlius
1671 4803 1795 4840 cum
1851 4785 2022 4853 impe-

454 4885 591 4938 rium
625 4898 799 4938 annos
835 4882 1025 4951 viginti
1058 4890 1292 4951 quatuor
1322 4888 1663 4950 occupasset.

529 4975 655 5032 Post
706 4991 863 5046 quem
922 4975 975 5028 in
1037 4974 1316 5026 ltoinanos
1365 4974 1503 5027 duos
1551 4986 1725 5024 annos
1770 4968 2021 5037 regnavit

453 5071 705 5126 Julianus
741 5069 1033 5136 imperator
1057 5067 1146 5135 qui
1175 5066 1330 5119 lidetu
1361 5063 1669 5132 abnegavit,
1690 5061 1853 5130 idque
1877 5075 2021 5112 anno

455 5162 602 5230 regni
641 5159 868 5228 Saporis
904 5158 996 5210 lilii
1023 5157 1249 5225 Saporis
1272 5155 1564 5208 Persarum
1594 5153 1738 5221 regis
1762 5150 2022 5205 vicesimo

455 5254 649 5316 primo.
700 5252 1000 5318 Imperator
1034 5250 1136 5301 istc
1173 5247 1441 5307 Julianus,
1489 5245 1594 5297 lide
1628 5239 2020 5313 ἀει-483

450 5343 762 5396 Christiana
796 5341 1090 5408 abuegata,
1119 5336 1369 5388 homines
1403 5335 1468 5387 ad
1507 5333 1776 5386 idolorum
1809 5332 2018 5385 cultum

457 5423 717 5486 reducere
756 5430 992 5490 studuit,
1038 5440 1398 5495 magnamque
1435 5432 1734 5493 martyrum
1769 5422 2021 5476 multitu-

454 5523 638 5574 dinem
670 5531 846 5574 morte
874 5518 1080 5572 adet-it.
1113 5517 1272 5568 Anno
1316 5513 1526 5581 imperii
1563 5512 1682 5581 ejus
1726 5511 1924 5580 primo,
1955 5523 2018 5564 ex

455 5611 652 5667 Incolis
694 5611 1235 5680 llierosolymorum,
1292 5605 1386 5673 qui
1439 5604 1552 5659 Arii
1605 5613 1787 5672 partes
1821 5617 2021 5671 seque.

462 5705 684 5767 bantur,
730 5701 991 5776 Cyrillum
1042 5699 1356 5772 cpiscOpum
1429 5695 2018 5768 Hierosolymitanum,

2127 4495 2472 4564 disparuisse
2519 4492 2778 4563 martyris
2813 4491 3043 4562 eﬂigiem
3075 4506 3088 4543 :
3119 4492 3264 4559 quod
3300 4490 3426 4543 dum
3464 4487 3551 4541 ille
3593 4485 3695 4537 mi-

2128 4595 2367 4648 raretur,
2411 4594 2532 4655 post
2567 4585 2844 4640 modicum
2877 4583 3139 4652 temporis
3181 4582 3419 4650 Spatium
3450 4577 3694 4633 eamdem

2125 4682 2177 4734 in
2212 4681 2452 4733 tabulam
2485 4680 2738 4744 rediisse,
2771 4688 2932 4748 atque
2966 4675 3326 4749 “5-587
3355 4675 3407 4727 in
3439 4687 3699 4727 mucrone

2127 4774 2326 4826 lanceae
2353 4771 2546 4841 quasin
2574 4771 2817 4839 praedicti
2844 4771 3102 4840 martyris
3131 4785 3294 4823 manu
3328 4769 3543 4836 depicta
3570 4765 3695 4823 fuit.

2126 4864 2378 4933 sanguini
2411 4863 2542 4933 quid
2578 4862 2756 4917 simile
2789 4862 2914 4916 fuit.
2949 4863 3070 4928 Quo
3105 4861 3297 4931 majori
3333 4858 3698 4913 admiratione

2127 4973 2442 5028 percussus,
2479 4957 2717 5012 Basilius
2754 4957 3050 5026 episcopus
3083 4956 3349 5010 confusus
3383 4955 3558 5018 haesit,
3594 4953 3696 5004 do-

2127 5066 2226 5103 nec
2268 5049 2373 5117 ipsi
2419 5049 2766 5101 nuntiaretur
2816 5046 3096 5101 Julianum
3152 5054 3452 5115 apostatam
3506 5041 3696 5096 eadem

2126 5140 2259 5193 hora
2312 5141 2368 5192 in
2427 5139 2614 5208 praelio
2673 5139 2978 5204 Occidisse;
3023 5139 3164 5192 unde
3225 5137 3454 5190 Basilius
3506 5147 3693 5188 notum

2129 5231 2320 5286 habuit
2360 5235 2557 5300 ipsum,
2595 5231 2666 5286 ob
2692 5246 2949 5300 magnum
2981 5245 3091 5301 quo
3142 5230 3478 5284 christianos
3507 5241 3696 5296 prose-

2127 5333 2286 5379 cutus
2343 5332 2425 5378 est
2497 5323 2710 5386 odium,
2768 5337 3044 5392 quemque
3092 5335 3414 5390 promovere
3460 5327 3695 5372 conatus

2123 5427 2207 5472 est
2238 5416 2506 5470 idolorum
2555 5416 2787 5484 cultum,
2841 5429 2870 5468 a
2922 5412 3190 5469 Mercurio
3240 5423 3475 5482 martyre
3523 5411 3695 5465 inter-

2125 5505 2348 5562 fectum.

2197 5597 2391 5653 Occiso
2418 5595 2636 5651 Juliano
2667 5597 3000 5666 imperatore
3041 5602 3310 5665 apostata,
3343 5603 3467 5664 post
3510 5593 3691 5664 ipsum

2127 5688 2390 5766 Romanis
2419 5703 2623 5745 annum
2658 5704 2829 5746 unum
2860 5687 3144 5759 imperavit
3171 5685 3476 5753 Jovianus;
3531 5683 3693 5754 idque
