4034 6214
418 230 551 297 1017

1853 251 2054 310 ANNA
2068 253 2203 312 LES

3524 255 3657 320 ldl8

419 366 561 405 anno
597 351 748 422 regni
801 353 1026 418 Saporis
1077 356 1174 414 filii
1227 359 1454 431 Saporis
1506 365 1799 420 Persarum
1838 367 1984 437 regis
2014 366 2062 421 A
2093 383 2215 446 nus,
2235 369 2330 438 qui
2361 368 2507 424 Petri
2533 369 2866 439 patriarchae
2899 367 3252 422 Alexandrini
3289 367 3656 424 antecessoris

425 444 689 499 vicesimo
717 445 917 514 primo.
950 446 1078 503 Fuit
1125 449 1390 509 Jovianus
1449 455 1550 511 fide
1602 458 1982 521 orthodoxus,

417 534 702 605 religionis
778 538 1097 597 Christianae
1152 559 1559 616 propugnator;
1630 558 1682 603 at
1739 551 1985 616 profecto

419 623 608 680 contra
638 626 818 698 ipsum
871 630 1060 686 rebelli
1101 637 1362 704 quodam,
1413 638 1528 706 ipse
1567 642 1633 694 ad
1671 641 1874 696 bellum
1906 643 1980 696 illi

416 717 760 775 inferendum
818 738 1144 793 progressus
1195 739 1445 785 mortuus
1496 743 1577 787 est
1631 733 1686 788 iu
1722 735 1830 799 via,
1862 735 1983 789 loco

415 809 654 877 quodam
689 810 866 870 Dades
897 813 1064 870 dicto.
1101 817 1368 888 Regnavit
1403 830 1525 890 post
1560 823 1737 892 ipsqu
1768 826 1822 880 in
1873 825 1984 880 Ro-

414 912 608 956 manos
636 898 838 959 Valens
867 920 1044 961 annos
1072 909 1360 964 duodecim
1399 929 1413 966 :
1447 913 1612 981 idque
1657 930 1800 969 anno
1832 916 1980 984 regni

413 991 639 1062 Saporis
704 995 797 1050 filii
866 995 1090 1066 Saporis
1147 1001 1436 1058 Persarum
1505 1006 1648 1075 regis
1719 1007 1978 1063 vicesimo

414 1093 631 1150 quarto.
683 1087 841 1142 Anno
887 1090 1100 1159 imperii
1152 1092 1270 1162 ejus
1315 1097 1480 1151 tertio
1517 1098 1848 1154 constitutus
1897 1108 1982 1154 est

415 1175 704 1232 Damasius
741 1180 1051 1248 patriarcha
1089 1182 1396 1252 Romanus,
1447 1187 1540 1256 qui
1578 1203 1755 1243 annos
1785 1189 1980 1258 viginti

413 1275 539 1323 octo
583 1269 748 1336 sedit,
800 1270 927 1326 dein
980 1283 1231 1331 mortuus
1275 1285 1358 1332 est
1397 1296 1410 1332 :
1444 1279 1600 1349 cujus
1649 1282 1984 1350 praefecturae

415 1375 561 1415 anno
616 1361 824 1416 decimo
879 1365 1115 1434 septimo
1165 1369 1502 1426 celebratum
1549 1386 1636 1429 est
1687 1377 1979 1430 concilium

413 1454 714 1510 secundum
739 1455 1398 1527 Constantinopolitanum
1421 1503 1436 1515 .
1463 1467 1620 1520 Anno
1655 1477 1852 1536 quarto
1881 1469 1984 1522 im-

417 1546 551 1614 perii
588 1545 816 1602 Valentii
849 1551 1188 1608 constitutus
1221 1563 1304 1609 est
1330 1555 1636 1626 Demgclius
1669 1561 1982 1628 patriarcha

414 1637 1082 1709 Constantinopolitauns,
1135 1647 1234 1713 qui
1264 1647 1599 1705 Mauicbzeus
1645 1654 1768 1719 fuit,
1805 1671 1981 1711 annos

415 1729 666 1784 undecim
701 1732 865 1797 sedit,
900 1733 1026 1788 dein
1060 1748 1311 1793 mortuus
1339 1740 1508 1812 488
1537 1754 1641 1800 est.
1692 1746 1851 1802 Anno
1883 1748 1983 1802 im-

418 1822 559 1890 perii
596 1823 772 1891 ipsius
813 1827 992 1894 primo
1014 1831 1348 1887 constitutus
1377 1843 1462 1888 est
1492 1835 1654 1892 Arvis
1690 1838 1980 1908 episcopus

413 1915 967 1989 llierosolymitanus,
998 1923 1090 1990 qui
1117 1933 1169 1976 et
1211 1923 1542 1983 Manichaeus
1591 1929 1709 1996 fuit,
1757 1944 1812 1986 et
1855 1945 1979 1988 cum

415 2024 592 2064 annos
610 2011 855 2080 quinque
885 2013 1138 2082 sedisset,
1171 2026 1422 2072 mortuus
1440 2027 1543 2074 cst.
1573 2022 1730 2077 Auno
1767 2024 1979 2092 imperii

412 2099 654 2166 ejusdem
747 2103 980 2170 septimo
1036 2104 1214 2161 factus
1270 2117 1352 2161 est
1405 2107 1643 2167 llilarius
1695 2115 1984 2185 episcopus

414 2190 962 2264 Hierosolymitanus,
992 2198 1082 2267 qui
1131 2199 1371 2255 Arianus
1427 2211 1580 2271 erat;
1638 2220 1810 2261 annos
1843 2221 1980 2276 qua-

411 2293 538 2338 tuor
587 2286 773 2350 sedit,-
814 2287 939 2342 dein
980 2300 1227 2343 mortuus
1281 2300 1381 2343 est.
1447 2291 1525 2345 Eo
1577 2304 1792 2349 mortuo
1824 2295 1982 2349 rediit

416 2377 656 2447 Cyrillus
687 2380 982 2450 episc0pus
1018 2380 1568 2452 llierosolymitanus,
1602 2386 1695 2454 qui
1737 2387 1804 2440 ab
1827 2389 1982 2441 Aria;

412 2470 502 2526 nis
539 2471 776 2541 fugerat,
829 2473 882 2526 in
931 2473 1108 2526 locum
1144 2488 1330 2537 suum,
1384 2476 1475 2528 ubi
1517 2460 1693 2532 annos
1745 2478 1979 2532 sederint

409 2564 596 2626 sedit.
653 2565 778 2619 dein
833 2573 1086 2619 mortuus
1129 2575 1231 2620 est.
1287 2565 1487 2621 Totum
1545 2583 1674 2639 ergo
1721 2573 1981 2639 temporis

413 2659 650 2724 spatium
687 2671 797 2726 quo
828 2659 1149 2727 episc0patu
1187 2657 1408 2713 iunctus
1435 2667 1520 2714 est
1542 2659 1782 2731 Cyrillus
1807 2677 1979 2716 anno-

411 2766 533 2804 rum
568 2761 686 2805 erat
736 2751 959 2821 triginta
993 2750 1184 2805 trium.
1219 2751 1581 2823 Episcopatus
1630 2753 1804 2823 ipsius
1838 2769 1982 2809 anno

407 2843 674 2899 vicesimo
706 2845 940 2911 septimo
991 2845 1095 2898 fuit
1134 2845 1426 2899 concilium
1469 2845 1980 2916 ConstantinOpoliv

408 2946 602 2990 tannm
637 2937 967 2991 secundum.
993 2937 1137 3003 Quin
1164 2948 1218 2991 ct
1244 2937 1597 2992 Alexandrini
1622 2937 1978 2993 Athanasium

407 3025 780 3092 patriam-ham
834 3027 1019 3079 animo
1062 3027 1237 3096 ipsum
1275 3027 1585 3083 trucidandi
1619 3028 1792 3083 adorti
1823 3039 1973 3092 sunt,

2083 3019 2458 3091 [conferendo]
2523 3021 2812 3084 dissensio,

405 3099 501 3174 ille
556 3134 684 3173 vero
739 3118 863 3186 fuga
924 3120 1213 3188 prolapsus
1263 3121 1499 3177 delituit.
1566 3121 1797 3175 Lucium
1846 3139 1975 3192 ergo

404 3213 796 3274 Arianttm,.ad
829 3215 1248 3282 patriarchalem
1280 3213 1624 3268 Alexandriae
1655 3214 1974 3280 dignitatem

405 3314 726 3359 evexerunt.
773 3303 1028 3374 Quinque
1075 3315 1253 3360 autem
1303 3305 1503 3374 elapsis
1533 3306 1812 3360 mensibus
1841 3321 1977 3360 con-

404 3395 686 3450 venientes
726 3398 962 3473 episcopi
1012 3397 1260 3452 nonnulli
1323 3413 1432 3451 una
1475 3411 1596 3450 cum
1644 3397 1976 3451 christiano-

404 3499 528 3539 rum
576 3483 958 3540 Melchitarum
1017 3487 1374 3541 multitudine
1426 3486 1598 3540 Lucio
1650 3487 1976 3556 patriarcha:

406 3575 834 3637 maledixerunt,
889 3578 1063 3645 ipsum
1117 3579 1170 3630 in
1201 3576 1454 3631 exsilium
1492 3577 1841 3646 pepulerunt,
1889 3593 1976 3631 re-

405 3679 708 3737 versuSque
742 3664 1084 3720 Athanasius
1116 3665 1432 3733 patriarcha
1487 3667 1542 3719 in
1579 3665 1763 3721 sedem
1795 3683 1972 3728 suam,

401 3757 576 3827 ipsam
640 3758 817 3811 donec
873 3767 1182 3810 moreretur
1229 3757 1538 3825 occupavit.
1592 3757 1975 3811 Patriarchatu

401 3859 584 3904 autem
640 3850 863 3904 functus
905 3857 988 3903 est
1017 3864 1194 3904 annos
1220 3849 1580 3918 quadraginta
1636 3865 1754 3904 sex.
1818 3851 1978 3904 Anno

403 3942 623 4011 imperii
680 3938 910 3996 Valentii
945 3950 1139 3996 octavo
1172 3943 1513 3998 constitutus
1539 3953 1622 3998 est
1657 3943 1853 3999 Petrus
1884 3959 1979 4012 pa-

402 4033 643 4087 triarcha
687 4030 1114 4098 Alexandrinus,
1171 4049 1335 4102 quem
1385 4049 1510 4087 cum
1557 4035 1743 4088 animo
1798 4036 1976 4103 ipsum

401 4123 691 4178 occidendi
739 4125 920 4180 adorti
969 4134 1151 4179 essent
1182 4125 1370 4179 Ariani
1402 4125 1518 4194 ipse
1552 4124 1677 4193 fuga
1715 4141 1774 4180 se
1799 4126 1979 4195 prori-

399 4212 934 4287 puum-491.
974 4215 1180 4271 Deinde
1229 4216 1346 4272 sedi
1395 4231 1510 4271 suae
1553 4217 1804 4274 redditus
1849 4234 1972 4274 cum

400 4320 518 4356 eam
547 4319 643 4359 sex
670 4320 846 4359 annos
874 4315 1198 4374 occupasset
1234 4312 1486 4360 mortuus
1517 4315 1620 4360 est.

477 4394 789 4450 Concitavit
839 4405 1020 4450 autem
1057 4396 1280 4464 quidam
1317 4406 1508 4452 centra
1544 4396 1853 4453 Valentium
1887 4414 1975 4454 re-

408 4488 700 4543 bellionem
734 4488 789 4542 in
827 4489 1147 4551 Occidente,
1177 4499 1364 4542 contra
1398 4505 1556 4557 quem
1607 4490 1698 4544 ille
1731 4505 1856 4544 cum
1883 4505 1975 4544 co-

406 4581 513 4648 piis
539 4580 654 4635 suis
686 4580 961 4647 profectus
992 4581 1044 4632 in
1080 4579 1222 4634 bello
1249 4581 1473 4646 occidit,
1518 4584 1820 4652 imperante
1854 4595 1976 4652 post

405 4671 583 4740 ipsum
629 4670 892 4726 Romanis
937 4670 1104 4725 fratre
1135 4671 1305 4741 ipsius
1338 4673 1564 4728 Valente
1612 4690 1789 4730 annos
1841 4687 1971 4734 tres.

408 4763 570 4830 idque
599 4777 746 4816 anno
775 4764 926 4832 regni
962 4762 1205 4830 Saporis,
1239 4763 1332 4816 filii
1367 4763 1594 4831 Saporis
1677 4765 1970 4821 Persarum

408 4855 572 4924 regis,
636 4853 918 4924 tricesimo
970 4862 1146 4909 sexto.
1199 4853 1370 4908 Porro
1433 4863 1680 4926 tempore
1731 4858 1976 4913 Valentis

407 4945 784 5013 imperatoris,
819 4944 1161 4999 Alexandria:
1211 4946 1314 4998 fuit
1364 4947 1446 5000 vir
1479 4948 1700 5015 quidam
1753 4951 1993 5007 nomine.

408 5038 732 5093 'lbeodorus
749 5039 842 5107 qui
868 5037 1243 5093 Melcbitarum
1276 5038 1602 5093 sententiam
1638 5039 1974 5110 disputando

409 5131 692 5198 tuebatur,
722 5133 1052 5187 Arianorum
1084 5144 1266 5187 autem
1310 5133 1584 5187 refutabat
1613 5152 1625 5188 :
1667 5151 1826 5204 quem
1851 5151 1977 5202 ergo

408 5232 628 5293 captum
663 5224 781 5278 Arii
833 5224 1105 5278 maledicti
1147 5225 1410 5288 asseclm,
1461 5227 1658 5280 vinctis
1702 5227 1972 5291 manibus,

407 5330 676 5387 equorum
707 5315 940 5386 pedibus
965 5315 1286 5384 alligarunt,
1313 5331 1455 5385 quos
1478 5317 1678 5372 deinde
1704 5317 1755 5372 in
1783 5333 1975 5387 campo

405 5406 472 5461 ad
505 5422 730 5463 cursum
787 5407 1110 5469 incitarunt,
1161 5405 1339 5460 donec
1373 5407 1666 5477 discerptis
1700 5411 1976 5463 membro-

413 5516 530 5554 rum
559 5499 918 5570 compagibus
965 5501 1282 5569 martyrium
1318 5515 1510 5566 passus
1541 5504 1630 5556 sit.
1681 5505 1838 5557 Anno
1872 5505 1975 5556 im-

409 5591 543 5658 perii
598 5589 841 5647 Valentis
900 5589 1272 5646 Romanorum
1320 5590 1666 5658 imperatoris
1723 5597 1968 5650 secundo

408 5682 739 5738 constitutus
787 5692 868 5740 est
903 5682 1224 5738 Timotheus
1282 5681 1586 5750 patriarcha
1640 5684 1964 5741 Alexandri-

2091 462 2176 517 sni
2216 462 2386 518 frater
2423 463 2560 528 fuit;
2599 475 2808 533 septem
2835 475 3008 516 annos
3044 459 3208 522 sedit,
3239 452 3365 513 dein
3403 468 3652 513 inor-tuus

2089 561 2196 608 est.
2227 554 2390 608 Anno
2429 565 2612 609 autem
2650 555 2985 624 praefecturae
3016 550 3192 619 ipsius
3225 559 3382 604 sexto
3408 551 3652 607 habitum

2089 651 2176 697 est
2232 645 2530 699 concilium
2593 645 3260 715 Constantinopolitanum
3324 641 3628 695 secundum

2090 732 2373 790 Exstruxit
2399 745 2582 791 autem
2609 735 2928 791 Timotheus
2977 731 3282 804 patriarcha
3314 730 3656 784 Alexandriae

2086 827 2349 883 ecclesias
2372 829 2699 897 complures.
2722 838 2775 883 et
2796 837 3144 882 monumenta
3167 838 3274 877 non
3301 837 3494 891 pauca.
3518 821 3655 873 Mul

2091 928 2172 974 tos
2192 919 2354 974 etiam
2382 919 2450 976 ab
2480 919 2594 974 Arii
2627 921 2891 974 sententia
2920 919 2988 974 ad
3030 916 3409 971 Melehitarum
3446 911 3654 966 doctri:

2088 1026 2212 1064 nam
2279 1011 2572 1066 convertit.
2627 1012 2784 1064 Anno
2850 1011 3060 1079 imperii
3111 1006 3356 1076 ejusdem
3411 1003 3652 1060 Valentis

2087 1099 2456 1154 Romanorum
2504 1100 2850 1169 imperatoris
2881 1100 3143 1160 secundo,
3185 1097 3520 1152 constitutus
3569 1105 3653 1146 cst

2085 1191 2351 1261 Evagrius
2403 1193 2714 1261 patriarcha
2763 1191 2924 1263 492
2959 1188 3651 1258 Constantinopolitanus:

2085 1284 2246 1339 dem
2289 1286 2377 1338 hic
2413 1285 2789 1340 ldelchitarum
2828 1284 3130 1353 professus,
3183 1299 3304 1336 cmn
3332 1287 3470 1335 duos
3500 1295 3652 1333 men-

2085 1393 2172 1433 ses
2220 1376 2456 1432 sedisset
2507 1379 2560 1430 in
2597 1377 2849 1432 exsilium
2908 1378 3096 1443 pulsus
3138 1385 3238 1429 cst.
3274 1372 3472 1428 Valens
3520 1390 3652 1441 ergo

2084 1469 2383 1537 imperator
2416 1470 2684 1524 accersito
2716 1469 2980 1536 Gregorio
3016 1467 3361 1520 Nazianzeno
3389 1506 3404 1527 ,
3474 1469 3650 1532 ipsum

2083 1563 2234 1620 sedis
2263 1561 2889 1631 ConstantinOpolitana:
2938 1576 3124 1614 curam
3162 1559 3446 1628 suscipere
3466 1559 3650 1626 jussit.

2083 1655 2243 1725 cujus
2275 1670 2405 1725 ergo
2445 1669 2533 1709 res
2569 1663 2809 1723 quatuor
2845 1668 3020 1708 annos
3059 1651 3485 1716 administravit,
3528 1652 3652 1705 dein

2085 1755 2333 1800 mortuus
2362 1756 2468 1802 est.
2507 1744 2624 1800 Sub
2653 1746 2842 1800 eodem
2877 1744 3107 1798 Valente
3135 1743 3503 1796 Romanorum
3551 1743 3652 1796 im-

2083 1851 2335 1910 peratore
2365 1846 2526 1892 natus
2557 1846 2642 1892 est
2673 1849 2896 1890 sanctus
2938 1834 3280 1904 Euthymi-ts.
3346 1833 3655 1888 Concitavit

2086 1936 2267 1982 autem
2307 1928 2531 1996 quidam
2564 1927 2616 1981 in
2666 1926 2960 1982 Occidente
3004 1936 3195 1980 contra
3234 1924 3512 1980 Valentem
3563 1941 3653 1978 re-

2084 2019 2416 2083 bellionem,
2467 2018 2737 2074 adversus
2793 2033 2953 2085 quem
3002 2033 3126 2070 cum
3186 2017 3301 2084 ipse
3353 2015 3650 2070 exercitum

2083 2111 2350 2174 duxisset,
2415 2111 2710 2164 commisso
2763 2108 2904 2162 inter
2957 2111 3107 2178 ipsos
3168 2108 3413 2176 pluribus
3462 2108 3653 2163 diebus

2083 2204 2294 2274 praelio,
2335 2204 2456 2259 loco
2484 2205 2719 2270 quodam
2751 2201 2960 2255 Taraka
3000 2201 3166 2257 dicto.
3203 2201 3256 2254 in
3305 2201 3482 2269 fugam
3521 2213 3655 2253 con-

2085 2309 2278 2351 versus
2319 2293 2520 2348 Valens
2570 2293 2868 2361 imperator
2918 2293 2984 2345 ad
3036 2293 3214 2345 vicum
3263 2294 3550 2360 quemdam
3597 2290 3648 2344 in

2085 2386 2290 2441 ditione
2317 2383 2804 2451 Adrianopolitana
2853 2383 3124 2452 confugit,
3176 2383 3264 2436 ubi
3316 2383 3491 2450 ipsum
3546 2397 3650 2434 una

2085 2492 2205 2530 cum
2241 2476 2358 2532 vico
2409 2475 2534 2544 igne
2582 2474 2831 2527 immisso
2879 2475 3317 2528 combusscrun'.
3375 2472 3652 2526 Successit

2085 2567 2186 2635 ipsi
2231 2567 2371 2619 filius
2402 2565 2772 2630 Valentianus,
2813 2579 3051 2632 quocum
3101 2580 3206 2618 una
3240 2564 3502 2619 R'illlilllls
3551 2567 3652 2617 int-

2087 2657 2292 2726 perarit
2327 2655 2621 2709 Gratianus
2652 2663 2762 2710 tres
2803 2670 2994 2709 annos.

2157 2745 2371 2800 Mortuo
2428 2745 2626 2800 deinde
2672 2746 2936 2801 Gratiano
2987 2747 3341 2815 imperatore,
3389 2765 3488 2801 nec
3543 2765 3649 2800 non

2089 2839 2272 2906 paucis
2300 2846 2422 2906 post
2460 2839 2634 2908 ipsum
2663 2839 2854 2893 diebus
2904 2840 3230 2909 imperatore
3265 2845 3428 2896 etiam
3461 2842 3652 2895 Valen-

2089 2930 2255 2989 tiano,
2289 2937 2410 2982 orta
2442 2938 2528 2984 est
2559 2930 2702 2984 inter
2755 2929 3031 2984 Romanos
3082 2947 3276 2999 magna
3313 2934 3378 2987 de
3421 2934 3650 3002 imperio

2895 3019 3206 3078 dicentibus
3274 3026 3648 3092 quibusdam:

2081 3112 2373 3180 Imperium
2425 3113 2478 3166 in
2531 3129 2632 3168 nos
2689 3125 2866 3169 teneat
2927 3131 3124 3171 unuse
3161 3117 3282 3170 filiis
3345 3115 3647 3168 Valcntiani

2080 3205 2424 3273 imperatoris
2456 3206 2631 3275 magni
2659 3224 2672 3271 ;
2701 3209 2845 3260 aliis:
2884 3207 2959 3260 Ne
2989 3209 3213 3274 imperet
3247 3209 3400 3261 nobis
3424 3209 3524 3262 nisi
3546 3209 3647 3262 ali-

2079 3299 2199 3366 quis
2225 3315 2250 3350 a
2279 3298 2434 3352 nobis
2465 3301 2748 3367 probatus,
2793 3301 2882 3368 qui
2915 3301 3070 3354 fidem
3117 3301 3474 3354 Christianam
3507 3316 3646 3370 pro-

2080 3400 2303 3460 pngnct.
2348 3389 2491 3455 Quin
2542 3399 2596 3445 et
2633 3391 3009 3460 discrepantes
3065 3391 3285 3447 fuerunt.
3322 3392 3650 3448 christiano-

2079 3498 2197 3535 rum
2233 3483 2538 3550 opiniones,
2569 3491 2622 3537 et
2651 3483 2838 3537 divisa:
2867 3483 3174 3547 sententiae,
3206 3484 3405 3552 quibus
3433 3485 3648 3538 tandem

2082 3576 2363 3644 praavaluit
2378 3577 2734 3641 Arianorum,
2750 3586 2805 3633 et
2827 3577 3339 3632 Macedonianorum
3360 3580 3648 3633 sententia.

2077 3667 2430 3740 3-595
2463 3669 2568 3723 Sex
2602 3686 2736 3737 ergo
2768 3669 3053 3724 mensibus
3082 3670 3390 3723 conturl-ati
3431 3685 3647 3724 manse-

2080 3773 2207 3813 runt
2241 3762 2450 3828 absque
2483 3763 2834 3831 imperatore.
2885 3761 3071 3836 Neque
3103 3764 3249 3818 ullus
3297 3780 3360 3818 eo
3408 3772 3647 3831 tempore

2078 3852 2550 3920 Constantinopoli
2602 3853 2816 3919 praefuit
2873 3855 3203 3921 patriarcha.
3242 3853 3370 3908 Nam
3409 3868 3438 3907 a
3474 3862 3647 3906 morte

2079 3941 2323 4010 Gregorii
2369 3941 2612 4010 episcopi
2649 3940 3002 4007 Nazianzcni,
3032 3946 3125 4014 qui
3157 3945 3305 4000 sedis
3332 3945 3649 3999 Constanti-

2081 4034 2406 4101 n0politana:
2435 4048 2617 4086 curam
2649 4043 2914 4104 gesserat,
2955 4049 3124 4088 vacua
3164 4037 3424 4089 remansit
3455 4037 3647 4089 cathe-

2081 4128 2175 4180 dra
2229 4125 2385 4178 nullo
2419 4125 2646 4180 sullccto
2672 4125 3004 4193 patriarcha.
3065 4125 3466 4181 Convenienles
3518 4142 3650 4196 ergo

2081 4226 2365 4273 senatores
2396 4226 2450 4272 et
2481 4218 2652 4273 duces
2682 4218 2975 4288 quemdam
3008 4233 3074 4272 ex
3104 4218 3375 4287 epist-epis
3427 4218 3647 4270 nomine

2078 4309 2299 4379 Cyrum,
2330 4309 2504 4363 virum
2543 4311 2771 4378 probum
2797 4320 2846 4362 et
2876 4307 3149 4377 egregium
3183 4324 3195 4361 :
3225 4307 3300 4360 Te
3346 4306 3644 4377 (inquiunt)

2077 4410 2364 4468 acceptum
2423 4401 2710 4462 habemus,
2743 4409 2798 4454 et
2826 4401 3196 4469 quodcunque
3236 4399 3331 4452 tibi
3374 4399 3442 4453 de
3485 4399 3645 4453 nobis

2077 4502 2316 4547 statuere
2348 4493 2525 4547 visum
2561 4492 2720 4546 fuerit
2747 4509 2761 4557 ;
2795 4493 2886 4548 tibi
2913 4508 3040 4561 ergo
3068 4491 3339 4559 Optionem
3377 4490 3645 4560 permitti-

2077 4601 2220 4649 mus,
2248 4593 2305 4638 ut
2334 4583 2508 4637 virum
2537 4583 2820 4652 cujus-tibi
2855 4599 3032 4636 mores
3065 4577 3274 4652 probati
3313 4580 3517 4635 fuerint
3543 4594 3644 4633 no-

2076 4674 2160 4729 bis
2190 4689 2370 4743 regem
2402 4676 2707 4729 constituas
2747 4692 2759 4727 :
2795 4675 2837 4728 si
2882 4674 3026 4727 enim
3080 4673 3287 4740 absque
3347 4687 3473 4739 rege
3523 4685 3646 4740 per-

2077 4766 2444 4821 manserimus
2463 4781 2492 4820 a
2513 4763 2697 4820 Persis
2717 4765 2947 4833 aliisque
2972 4763 3250 4828 timemus,
3276 4778 3343 4818 ne
3371 4764 3643 4832 regioaem

2082 4866 2322 4912 nostram
2363 4857 2682 4912 invadentes
2719 4856 2902 4920 nobis,
2940 4870 3047 4924 prae
3088 4855 3410 4924 opinionum
3456 4853 3645 4905 multi-

2079 4949 2264 5003 tudine
2299 4957 2352 5003 et
2380 4948 2810 5003 dierentiarum
2838 4947 3235 5018 magnitudine,
3270 4946 3642 5017 prmvalcntes,

2081 5057 2182 5096 nos
2237 5041 2486 5111 perdant.
2547 5039 2852 5108 Respondit
2901 5041 3034 5109 ipsis
3081 5042 3369 5109 episcopus
3404 5056 3417 5092 :
3457 5037 3510 5091 Si
3543 5053 3644 5106 ego

2079 5133 2254 5185 virum
2312 5133 2549 5202 aliquem
2593 5133 2826 5187 electum
2877 5132 3032 5187 vobis
3088 5147 3268 5202 regem
3330 5128 3643 5196 praefecere,

2078 5239 2270 5278 vereor
2305 5238 2375 5278 ne
2402 5224 2528 5279 dum
2564 5223 2685 5278 aliis
2717 5223 3005 5293 placuerit,
3041 5224 3160 5276 aliis
3192 5237 3315 5274 vero
3345 5235 3473 5282 non,
3508 5221 3644 5276 bella

2079 5317 2221 5371 inter
2250 5333 2348 5373 vos
2374 5325 2430 5372 et
2472 5318 2647 5373 credes
2679 5317 2944 5372 oriantur.
3007 5315 3206 5368 Verum
3243 5328 3362 5382 quae
3411 5313 3540 5366 mihi
3590 5312 3644 5368 in

2080 5420 2312 5462 tuentem
2345 5417 2496 5463 venit
2533 5410 2806 5464 sententia
2835 5407 2990 5462 vobis
3037 5405 3340 5473 explicabo,
3380 5408 3542 5472 quam
3596 5405 3642 5458 si

2078 5500 2310 5568 amplexi
2338 5498 2553 5556 fueritis
2579 5511 2632 5555 et
2661 5501 2790 5554 mihi
2825 5509 2880 5553 et
2902 5497 3057 5551 vobis
3112 5495 3297 5548 utilior
3328 5505 3409 5550 est
3437 5497 3640 5550 futura.

2081 5591 2341 5658 Quanam
2365 5592 2666 5662 (inquiunt)
2696 5591 2797 5645 ista
2821 5588 2941 5642 est?
2983 5585 3280 5656 Respondit
3304 5586 3594 5657 episcopus
3621 5603 3634 5640 :

2082 5683 2151 5738 Ut
2189 5701 2284 5756 per
2315 5694 2482 5740 totam
2508 5684 2694 5739 urbem
2725 5678 3406 5750 Constantinopolilanam,
3433 5693 3641 5751 praeco-
