4034 6214
423 252 555 318 1621

1849 248 2217 310 ANNALES.

3551 234 3684 298 1022

418 360 472 412 in
514 373 679 428 regno
708 366 800 411 tuo
836 356 1095 412 denotant
1135 376 1148 414 :
1191 360 1444 415 columna
1503 359 1643 415 lucis
1689 374 1795 427 qua
1828 355 1988 411 indu-
2018 358 2063 415 Δ
2092 355 2405 426 episcopum
2464 352 3041 424 Hierosolymitanum,
3110 350 3331 412 litteris,
3381 348 3530 416 ipsos
3578 362 3678 397 una

420 461 505 503 tus
533 466 613 509 es,
654 450 741 503 Dei
778 449 830 502 in
867 459 918 504 te
947 451 1200 521 gratiam,
1238 469 1341 523 qua
1376 452 1575 506 saeculo
1603 462 1693 505 tuo
1723 448 1943 504 ilnrehis
1973 464 1987 500 :

417 559 530 600 tres
565 546 735 599 stella:
769 562 888 610 quae
916 554 967 600 te
1002 548 1317 612 cinxerunt,
1352 548 1622 615 baptisma
1647 560 1756 614 quo
1785 543 1990 597 tinctus

417 654 477 693 es
526 638 578 691 in
627 638 848 693 nomine
902 640 1084 693 Patris
1134 649 1187 693 et
1243 638 1362 693 Filii
1404 648 1457 694 et
1498 638 1735 708 Spiritus
1792 635 1988 689 sancti.

419 730 583 784 Stella
618 746 736 795 quae
763 746 793 786 e
818 732 960 786 caelo
982 731 1034 785 in
1065 742 1228 801 caput
1262 742 1413 786 tuum
1449 730 1755 790 descendit,
1786 742 1988 782 corona

419 828 504 869 tua
542 819 689 881 regia
721 829 827 883 est,
852 836 1015 888 quam
1061 831 1118 874 ut
1179 821 1359 874 vidisti
1413 821 1467 874 in
1522 821 1657 875 duas
1692 826 1876 888 partes
1910 816 1993 871 di-

416 910 549 971 vidi,
580 911 653 964 ita
705 910 947 965 futurum
977 922 1059 967 est
1087 922 1144 967 ut
1167 914 1277 967 sint
1308 914 1404 967 tibi
1462 914 1592 967 dum
1658 910 1855 983 r’egnas
1891 910 1988 964 lilii

418 1006 547 1059 duo.
580 1003 776 1059 Sentes
801 1016 853 1060 et
876 1008 1102 1060 arbores
1132 1005 1488 1076 inl'rugil'erre.
1508 1014 1698 1074 gentes
1720 1013 1847 1057 sunt
1871 1016 1991 1071 qua:

417 1097 470 1150 in
508 1098 794 1150 Dominttm
835 1097 1115 1153 Christum
1177 1113 1285 1152 non
1343 1097 1589 1151 credunt.
1649 1094 1990 1158 'l'entorium,

418 1190 660 1245 Ecclesia
688 1198 772 1244 est
806 1207 820 1243 :
859 1205 1034 1260 agnus
1072 1205 1231 1259 quem
1269 1190 1324 1245 in
1383 1190 1504 1258 ejus
1567 1188 1746 1244 medio
1782 1186 1990 1247 vidisti,

417 1281 761 1335 Eucharistia
831 1297 846 1335 :
913 1295 1054 1349 aqua
1106 1280 1231 1335 lacti
1301 1280 1539 1343 similis,
1592 1280 1884 1348 baptisma,
1939 1283 1996 1330 et

417 1373 875 1442 quemadmodum
909 1374 1096 1429 vidisti
1136 1388 1337 1442 agnum
1382 1373 1557 1427 instar
1586 1371 1815 1425 “anima:
1855 1368 1997 1437 ignis

417 1480 542 1519 cum
581 1480 717 1533 aqua
750 1466 805 1521 in
839 1466 1040 1521 ctelum
1064 1466 1380 1527 ascendere,
1416 1467 1490 1519 ita
1525 1478 1591 1519 eo
1616 1461 1860 1517 ascendit
1898 1459 1999 1512 Eu-

418 1560 697 1614 tharistia.
731 1558 1082 1630 ξοδ-507
1111 1558 1317 1622 Clavis,
1348 1565 1589 1626 potestas
1627 1562 1712 1611 est
1743 1554 1837 1608 tibi
1869 1553 1995 1607 data

418 1651 485 1702 ad
511 1649 820 1719 praal’ectum
844 1650 1099 1705 Ecclesiae
1130 1650 1386 1703 mandato
1412 1658 1504 1702 tuo
1529 1644 1997 1702 constituemlnm.

420 1740 503 1796 Tu
534 1750 716 1797 autem
748 1743 877 1797 mihi
899 1744 1107 1797 clavem
1131 1740 1430 1806 tradidisti,
1456 1741 1507 1794 id
1536 1747 1619 1795 est
1648 1753 1733 1792 me
1759 1737 1997 1806 patriar-

425 1837 585 1888 cham
622 1836 947 1891 constitues.
1008 1835 1194 1889 Murus
1234 1843 1441 1897 autem,
1490 1848 1591 1903 pax
1630 1839 1717 1887 est
1751 1839 1807 1884 et
1848 1841 1998 1883 tran-

421 1927 662 1994 quillitas
689 1928 739 1980 in
771 1942 939 1996 regno
974 1936 1068 1981 tuo
1096 1925 1299 1979 futura.
1334 1923 1457 1978 llrec
1488 1923 1589 1977 visi
1621 1922 1695 1976 tui
1724 1916 1996 1990 interpre-

421 2019 555 2075 tatio
599 2031 703 2074 est.
737 2018 1050 2089 Respondet
1081 2016 1433 2072 Theodosius
1463 2032 1477 2069 :
1506 2014 1677 2081 Quam
1729 2014 1870 2069 belle
1902 2012 1995 2082 (mi

426 2114 617 2181 frater)
650 2112 1038 2182 interpretatus
1089 2110 1187 2165 es!
1231 2111 1340 2179 Ego
1374 2108 1518 2163 enim
1556 2119 1613 2161 ut
1643 2109 1744 2162 sim
1782 2123 1900 2167 rex,
1944 2115 1997 2158 tn

422 2207 758 2274 patriarcha,
822 2205 949 2258 illud
1003 2203 1259 2273 estquod
1315 2216 1592 2270 nunquam
1653 2202 1765 2254 lieri
1799 2208 1997 2269 potest.

429 2296 624 2352 Verum
658 2312 823 2368 surge
859 2306 920 2351 ut
949 2312 1054 2350 una
1094 2296 1161 2350 ad
1191 2310 1331 2365 opus
1364 2306 1616 2348 nostrum
1682 2292 2002 2361 proﬁcisca-

424 2407 569 2445 mur.
605 2387 887 2458 Progressi
916 2396 1096 2442 autem
1135 2403 1258 2440 cum
1299 2386 1550 2440 homines
1597 2385 1662 2439 ad
1707 2384 1999 2439 ecclesiam

422 2486 629 2538 itantes
678 2490 971 2536 cernerent
1034 2488 1344 2549 rogarunt:
1385 2478 1645 2543 Ουτειιιιιιι
1697 2487 1839 2532 esset
1899 2478 2004 2531 iste

424 2575 583 2631 dies?
614 2590 643 2629 a
680 2573 877 2645 quibus
909 2587 1232 2643 responsum
1266 2572 1536 2634 tulerunt,
1576 2570 1880 2625 Ecclesiam
1913 2586 2007 2640 pe-

426 2668 593 2722 timus
630 2675 690 2720 ut
734 2666 1015 2721 videamus
1042 2680 1201 2733 quem
1242 2664 1404 2718 nobis
1430 2679 1610 2733 regem
1636 2664 1908 2717 electurus
1933 2664 2005 2718 sit

430 2763 594 2817 Deus.
642 2759 787 2814 Dixit
812 2775 943 2828 ergo
978 2756 1315 2827 TheOphilus
1343 2756 1681 2818 Theodosio,
1719 2757 1923 2812 Eamus
1950 2765 2003 2811 et

429 2869 530 2908 nos
563 2868 668 2905 una
700 2867 825 2906 cum
855 2850 1080 2919 reliquis
1112 2849 1177 2904 ad
1209 2849 1497 2904 ecclesiam
1524 2863 1539 2901 :
1588 2848 1776 2902 forsan
1817 2863 2004 2902 verum

431 2946 676 2998 futurum
732 2953 811 2997 est
850 2943 1186 2997 insomniqu
1235 2952 1408 2995 tuum.
1443 2940 1578 2995 Cum
1623 2950 1802 2994 autem
1836 2940 2010 2995 eccle-

2096 465 2223 504 cum
2261 448 2543 517 episcopis
2583 446 2698 500 suis
2733 441 3210 512 ConstantinOpoli
3252 440 3445 493 adesse
3492 436 3681 506 jussi',

2103 548 2161 592 ut
2190 538 2258 593 de
2307 538 2410 592 [ide
2446 538 2747 593 christiana
2780 534 3171 604 disquirerent,
3224 547 3455 600 eamque
3511 530 3684 597 expli-

2099 645 2276 691 catam
2332 634 2646 689 bominibus
2692 633 2903 687 darent.
2952 630 3338 685 Convenerunt
3400 643 3533 696 ergo
3586 644 3679 697 pa-

2095 727 2347 781 triarchcc
2374 743 2494 781 cum
2520 726 2789 794 episcopis
2826 725 2946 779 suis
2977 722 3540 789 Constantinopolim,
3574 736 3680 773 uno

2095 822 2322 881 excepto
2356 814 2588 867 Damaso
2623 812 2935 882 patriarcha
2987 810 3254 875 Romano,
3291 810 3383 878 qui
3426 809 3542 877 ipse
3574 825 3681 861 non

2096 904 2263 965 venit,
2287 913 2340 956 at
2361 902 2427 956 ad
2454 901 2822 956 Theodosium
2848 917 3028 955 veram
3054 900 3231 963 (idem,
3263 915 3493 968 eamque
3518 900 3685 966 expli-

2096 996 2271 1043 catam
2308 989 2658 1060 509-511
2698 1000 2747 1043 et
2784 990 3115 1059 expositam,
3149 989 3393 1059 scripsit.
3444 989 3686 1058 Cougre-

2098 1080 2205 1148 gati
2238 1090 2366 1136 sunt
2423 1098 2552 1152 ergo
2614 1081 3100 1149 Constantinopoli
3163 1082 3409 1151 episcopi
3462 1094 3682 1133 Cetrium

2098 1174 2515 1243 quinquaginta.
2553 1173 2783 1228 Concilii
2830 1172 3084 1243 praesides
3132 1182 3287 1227 erant
3338 1172 3681 1236 Timotheus,

2098 1268 2408 1337 patriarcha
2442 1266 2869 1329 Alexandrinus,
2904 1265 3153 1320 Meletius
3187 1266 3582 1323 Antiochenus,
3633 1274 3682 1316 ct

2100 1359 2339 1428 Cyrillus
2384 1358 2890 1429 Hierosolymorum
2947 1360 3277 1428 episcopus;
3330 1360 3532 1427 quibus
3578 1370 3687 1411 tra-

2100 1450 2238 1505 didit
2266 1450 2609 1505 Theodosius
2644 1451 2943 1519 imperator
2966 1450 3177 1505 litteras
3212 1450 3428 1505 Damasi
3456 1453 3686 1520 patriar-

2103 1542 2220 1597 cha:
2251 1543 2505 1603 Romani,
2544 1541 2594 1595 itt
2656 1542 2860 1611 quibus
2901 1541 3059 1595 ﬁdem
3099 1557 3280 1595 veram
3319 1542 3689 1610 descripserat

2104 1644 2266 1701 atque.
2297 1636 2667 1703 explicaverat
2704 1653 2717 1688 :
2753 1633 2952 1703 quibus
3002 1634 3155 1688 lectis
3199 1644 3253 1689 et
3301 1635 3589 1703 expositis,
3628 1633 3681 1686 in

2103 1727 2374 1791 eamdem,
2403 1741 2566 1795 quam
2603 1726 2719 1796 ipse
2755 1730 3075 1795 scripserat,
3124 1726 3245 1781 ﬁdei
3273 1726 3680 1780 confessionem

2105 1833 2522 1879 consenserunt.
2544 1822 2748 1876 Deinde
2777 1822 3404 1890 MacedoniiOpiniouem
3458 1825 3521 1875 ad
3556 1838 3688 1876 exa-

2108 1930 2227 1969 men
2265 1920 2611 1975 revocarunt,
2643 1900 2800 1980 cujus
2828 1913 3076 1966 doctrina
3116 1913 3236 1973 fuit,
3274 1912 3535 1980 Spiritum
3563 1927 3690 1963 san—

2106 2013 2253 2058 ctum
2301 2020 2408 2057 non
2460 2018 2585 2058 esse
2641 2002 2832 2065 Deum,
2889 2018 3074 2054 verum
3141 2011 3405 2063 creatum,
3460 2000 3689 2055 faitum,

2110 2094 2251 2148 Dixit
2300 2110 2430 2162 ergo
2473 2092 2821 2155 Timotheus,
2863 2091 3169 2159 patriarcha
3223 2088 3625 2143 Alexamlrinus
3675 2105 3688 2141 :

2107 2186 2224 2240 Non
2282 2186 2427 2239 aliud
2474 2186 2612 2253 apud
2681 2200 2781 2238 nos
2839 2182 3110 2252 sigttilic'at
3175 2182 3413 2250 Spiritus
3470 2191 3695 2235 sanctus

2109 2295 2269 2348 quam
2297 2278 2560 2348 Spiritum
2616 2277 2707 2332 Dei
2740 2294 2754 2343 ;
2794 2292 2901 2330 non
2930 2285 3007 2331 est
3044 2286 3222 2328 autem
3279 2274 3517 2343 Spiritus
3576 2272 3694 2335 Dei,

2110 2373 2260 2427 aliud
2294 2388 2457 2442 quam
2499 2373 2607 2425 vita
2653 2370 2868 2441 ipsius;
2920 2371 2964 2422 si
3004 2367 3471 2437 ergodixerimns
3520 2365 3695 2433 Spiri-

2112 2476 2225 2521 tum
2264 2473 2516 2519 sanctum
2575 2472 2822 2517 creatura
2881 2476 3025 2527 esse,
3083 2460 3380 2515 asserimus
3429 2458 3692 2527 Spiritum

2113 2558 2206 2613 Dei
2232 2568 2475 2613 creatum
2510 2571 2675 2621 esse;
2726 2554 2810 2609 sin
2841 2554 3104 2624 Spiritum
3142 2551 3233 2605 Dei
3275 2560 3516 2604 creatum
3552 2565 3693 2610 esse,

2115 2649 2279 2703 vitam
2308 2649 2471 2704 etiam
2514 2648 2689 2717 ipsius
2721 2657 2959 2701 creatam
3010 2659 3173 2708 esse;
3229 2643 3375 2713 quod
3434 2644 3478 2696 si
3528 2643 3691 2695 vitam

2114 2740 2288 2811 ipsius
2310 2750 2546 2793 creatam
2582 2736 3055 2803 aﬂirmaverimus,
3076 2745 3488 2789 autumaremus
3512 2733 3691 2801 ipsum

2115 2834 2223 2889 vita
2262 2845 2481 2897 carere;
2512 2840 2674 2900 atque
2722 2829 2827 2883 hoc
2880 2837 3199 2882 asserentes
3248 2828 3466 2896 penitus
3516 2827 3693 2892 ipsum

2114 2925 2538 2996 abnegabimus:
2575 2921 2665 2990 qui
2696 2929 2875 2973 autem
2912 2918 3081 2973 Deum
3123 2925 3286 2984 negat
3320 2917 3698 2970 maledictione

429 3037 567 3090 siam
594 3034 823 3103 ingressi
848 3043 1118 3095 orassent,
1148 3034 1285 3087 dixit
1312 3032 1617 3100 Theophilo
1638 3033 2005 3098 Theodosius,

2117 3016 2317 3086 dignus
2348 3022 2453 3068 est.
2484 3012 2911 3067 Conscntientes
2940 3026 3072 3078 ergo
3102 3008 3156 3063 in
3195 3008 3501 3063 Macedonii
3532 3025 3560 3058 ιι
3589 3008 3699 3058 ale-

435 3126 622 3184 Vestes
661 3138 791 3183 sunt
819 3128 976 3183 nobis
1007 3128 1267 3198 squalidae
1296 3136 1350 3181 et
1376 3126 1538 3193 tritm,
1577 3143 1719 3196 pone
1748 3142 1879 3197 ergo
1915 3127 2008 3178 ho-

430 3223 611 3279 mines
641 3222 1030 3283 consistamus,
1066 3229 1122 3273 ut
1156 3220 1285 3288 quid
1325 3220 1570 3274 futurum
1606 3219 1678 3274 sit
1705 3219 2005 3274 videamus.

427 3311 565 3368 Cum
595 3326 726 3383 ergo
748 3310 916 3366 ﬁnitis
953 3311 1148 3371 sacris,
1178 3317 1488 3366 cessassent
1554 3310 1823 3374 homines,
1881 3326 2008 3363 ecce

431 3406 549 3459 avis
604 3419 800 3474 magna
856 3417 952 3458 ore
1001 3419 1102 3458 suo
1142 3417 1401 3457 coronam
1435 3418 1503 3457 ex
1557 3402 1676 3457 luce
1708 3412 1925 3464 tenens,
1954 3404 2006 3455 in

431 3513 594 3568 quam
632 3512 755 3551 cum
792 3496 929 3550 duas
968 3495 1130 3551 horas
1165 3495 1355 3550 oculos
1414 3494 1782 3550 intendissent
1834 3495 2011 3549 homi-

433 3608 530 3648 nes
562 3605 581 3645 :
610 3589 892 3653 Miserere,
922 3604 954 3640 o
985 3588 1229 3652 Domine,
1283 3589 1711 3658 ingeminantes.
1752 3588 2011 3642 advolans

432 3684 524 3739 illa
558 3696 818 3737 coronam
853 3681 1012 3733 istam
1037 3681 1271 3733 lucidam
1307 3679 1607 3733 Theodosii
1642 3680 1807 3749 capiti
1843 3679 2014 3747 impo-

435 3776 567 3840 suit,
601 3775 761 3842 cujus
799 3788 931 3842 ergo
965 3774 1146 3825 statim
1180 3773 1245 3825 ad
1277 3774 1448 3825 altare
1479 3772 1701 3839 gestati,
1735 3771 2011 3825 vestibus-

434 3885 541 3938 que
581 3868 725 3923 tritis
753 3865 1015 3935 squalidis
1045 3865 1215 3929 exuti,
1267 3872 1433 3933 atque
1486 3863 1810 3917 indumento
1865 3861 2014 3930 regio

435 3958 830 4028 amicti,capiti
864 3957 1115 4011 diadema
1149 3955 1361 4025 regium
1423 3955 1589 4027 508
1646 3970 1771 4009 cum
1836 3955 2012 4024 impo-

434 4052 658 4115 suisset,
716 4050 928 4121 ipsique
991 4048 1365 4103 benedixisset
1416 4050 1727 4117 episcopus,
1796 4061 1941 4116 equo
1982 4063 2011 4100 c

438 4144 604 4215 regiis
642 4142 881 4211 quodam
920 4151 1111 4195 vectus
1161 4148 1267 4202 est,
1312 4140 1552 4192 uondmu
1596 4139 1708 4193 haec
1740 4155 1860 4207 qua:
1910 4138 2015 4193 sibi

436 4235 751 4292 evenissent
787 4237 1039 4299 credens,
1075 4231 1421 4293 cingentibus
1464 4232 1641 4300 ipsum
1689 4231 2018 4285 consiliariis

436 4339 491 4384 et
548 4327 781 4384 ducibus
832 4327 1006 4381 donec
1044 4326 1108 4379 ad
1142 4325 1312 4378 Dar-il
1345 4324 1493 4378 Balat
1517 4366 1531 4389 ,
1557 4324 1608 4377 id
1640 4334 1717 4376 est
1759 4324 2015 4389 palatium

2112 3106 2434 3169 dictionem,
2469 3106 2646 3172 ipsum
2700 3117 2824 3156 cum
2887 3100 3118 3155 asseclis
3171 3100 3287 3152 suis
3341 3099 3694 3157 devoverant,

2112 3214 2214 3253 nec
2261 3212 2369 3249 non
2402 3193 2750 3264 patriarchas
2812 3191 2914 3260 ipsi
2979 3190 3357 3253 succedentes,
3410 3189 3501 3257 qui
3558 3188 3697 3241 idem

2110 3306 2233 3345 cum
2283 3290 2399 3358 ipso
2429 3288 2751 3341 docuerunt.
2805 3284 3205 3337 Maledixerunt
3242 3283 3401 3335 etiam
3458 3280 3698 3333 Sabellio

2113 3385 2296 3454 Libya:
2332 3381 2495 3452 512
2530 3380 2795 3450 episcopo
2826 3377 3056 3446 ejusque
3088 3376 3336 3439 asseclis,
3367 3376 3508 3441 quod
3543 3388 3695 3426 assc-

2113 3487 2258 3533 reret
2290 3475 2532 3535 Patrem,
2579 3473 2799 3537 Filium,
2832 3479 2885 3524 et
2920 3470 3184 3535 Spiritum
3238 3478 3485 3523 sanctum
3535 3483 3697 3521 unam

2112 3588 2235 3627 esse
2268 3584 2595 3641 personam;
2637 3582 2848 3620 necnon
2882 3564 3221 3634 Apollinario
3255 3564 3486 3631 ejusque
3508 3577 3701 3627 sequa~

2113 3665 2291 3729 cibus,
2335 3662 2481 3733 quod
2536 3662 2831 3715 allirntaret
2878 3674 3079 3727 corpus
3130 3656 3336 3710 Christi
3391 3653 3698 3707 intellectus

2114 3771 2312 3824 expers
2350 3771 2496 3809 esse.
2540 3753 2710 3808 Porro
2742 3752 3068 3806 deﬁnierunt
3126 3748 3392 3819 Spiritum
3447 3760 3696 3803 sanctum

2116 3856 2417 3903 creatorem
2449 3862 2571 3900 esse
2603 3854 2657 3899 et
2705 3846 3032 3901 inci-catum.
3073 3843 3240 3896 Deum
3296 3859 3499 3907 verum,
3556 3843 3703 3911 ejus-

2116 3943 2239 3997 dem
2273 3955 2394 3993 cum
2417 3938 2576 3991 Patre
2597 3948 2649 3991 ct
2681 3936 2817 3989 Filio
2844 3946 3068 3995 naturae,
3094 3936 3461 3990 ειιὺηιιιιιιὶειιιι
3502 3952 3663 3989 uuam
3682 3976 3697 3999 ,

2118 4044 2365 4087 naturam
2404 4045 2563 4083 unam
2591 4046 2605 4093 ;
2634 4028 2897 4081 addentes
2932 4025 3050 4077 lidei
3086 4026 3344 4096 Symbolo
3376 4032 3517 4095 quod
3547 4042 3702 4079 com-

2119 4130 2419 4193 posuerunt
2446 4121 2671 4176 trecenti
2704 4117 3003 4173 octodecim
3051 4135 3117 4187 ep
3143 4120 3318 4185 scopi,
3355 4119 3447 4185 qui
3503 4115 3702 4169 Nicare

2121 4224 2490 4269 convenerant
2527 4232 2540 4268 :
2578 4212 2647 4266 Et
2682 4214 2731 4267 in
2793 4212 3056 4276 Spiritum
3110 4221 3354 4266 sanctum
3416 4209 3703 4261 Dominum

2121 4309 2489 4376 viviﬁcantem,
2522 4307 2614 4374 qui
2640 4321 2705 4359 ex
2758 4304 2918 4359 I‘atre
2945 4305 3203 4376 procedit,
3256 4305 3344 4374 qui
3387 4319 3501 4354 cum
3544 4300 3704 4353 Patre

436 4421 671 4491 regium,
718 4420 897 4487 ipsum
935 4418 1313 4483 deduxissent,
1372 4417 1569 4471 deinde
1631 4417 2005 4470 redeuntibus.

2120 4410 2169 4453 et
2213 4398 2356 4453 Filio
2382 4399 2544 4453 simul
2600 4402 2863 4454 adoratur
2914 4410 2960 4453 et
3023 4397 3475 4469 congloriﬁcatur.
3539 4392 3705 4459 ldque

514 4512 804 4581 Imperavit
864 4527 995 4580 ergo
1052 4509 1394 4565 Theodosius
1450 4510 1733 4570 Romanis,
1801 4511 1894 4576 qui
1961 4523 2013 4561 et

438 4604 784 4660 Theodosius
817 4601 1047 4669 Magnus
1080 4603 1381 4671 appellatus
1417 4613 1520 4661 est,
1554 4616 1727 4654 annos
1766 4612 2013 4667 septem-

441 4698 641 4761 decim,
674 4696 837 4765 idque
867 4711 1013 4749 anno
1040 4694 1188 4762 regni
1217 4694 1461 4762 Saporis,
1504 4693 1596 4745 lilii
1630 4692 1858 4761 Saporis
1886 4690 2019 4743 Per-

442 4802 627 4843 sarum
664 4788 831 4857 regis,
859 4787 1277 4856 quadragesimo
1303 4784 1572 4839 seettndo.
1600 4783 1735 4836 Tum
1771 4783 2021 4837 Theodo—

441 4880 583 4935 sium
638 4894 823 4945 regem
881 4878 1276 4932 convenientes
1341 4874 1638 4927 consiliarii
1684 4883 1737 4927 et
1777 4875 2017 4943 pra-fecti

442 4974 695 5027 dixerunt
733 4971 835 5041 ipsi
874 4988 890 5027 :
924 4970 1209 5039 Corruptae
1238 4976 1367 5023 sunt
1398 4967 1681 5021 hominum
1709 4970 2018 5027 sententiae.

444 5062 769 5129 prrevalente
799 5063 942 5131 apud
977 5061 1123 5128 ipsos
1155 5060 1265 5113 Arii
1289 5067 1343 5113 et
1385 5056 1681 5111 Macedonii
1718 5056 1963 5113 doctrina
1991 5074 2006 5121 ;

442 5155 545 5208 hoc
575 5169 706 5222 ergo
726 5162 786 5207 ut
809 5169 990 5215 cures,
1022 5154 1287 5222 (idemque
1317 5151 1683 5206 Christianam
1745 5150 2021 5204 deli-usam

445 5246 702 5309 explices,
736 5243 929 5299 litteris
951 5245 1017 5298 ad
1049 5260 1237 5297 omnes
1273 5241 1614 5309 patriarchas
1649 5248 1702 5293 et
1735 5241 2022 5310 episcopos

448 5336 610 5400 alatis,
637 5336 934 5391 convenire
955 5351 1051 5389 eos
1074 5335 1285 5404 jubeas,
1312 5341 1367 5387 ut
1389 5333 1455 5387 de
1485 5332 1587 5386 hac
1622 5347 1679 5386 re
1709 5330 2020 5399 dispiciant,

463 5428 736 5498 iidemque
771 5427 1123 5482 Christianam
1147 5424 1471 5493 explicatam
1497 5425 1648 5479 dent.
1681 5422 2025 5477 Theodosius

450 5535 577 5588 ergo
618 5538 708 5575 rex
751 5519 970 5589 scriptis
1010 5518 1073 5571 ad
1102 5517 1447 5571 Timotheum
1486 5514 1852 5585 patriarcbam
1896 5513 2025 5569 Ale—

451 5610 806 5677 xandrinum,
865 5610 1139 5666 Meletium
1186 5610 1554 5680 patriarcbatn
1600 5607 2022 5669 Antiochenum,

455 5697 745 5759 Damasum
816 5703 1179 5765 patriarcham
1251 5700 1595 5763 Romanum,
1650 5707 1702 5753 ct
1764 5698 2022 5766 Cyrillum

2124 4493 2267 4561 quod
2307 4491 2534 4547 trecenti
2574 4491 2879 4546 octodecim
2917 4490 3006 4545 isti
3036 4490 3090 4544 in
3139 4487 3262 4543 tidei
3298 4502 3458 4557 quam
3521 4484 3705 4537 edule.

2123 4593 2251 4638 runt
2279 4584 2626 4640 confessione
2660 4586 2930 4640 dixissent
2960 4593 3210 4638 tantum:
3254 4580 3319 4634 Et
3361 4582 3412 4632 in
3443 4578 3702 4646 Spiritum

2122 4687 2384 4729 sanctum.
2445 4674 2767 4731 Statuerunt
2792 4678 2959 4731 etiam
3000 4675 3242 4740 Patrem,
3281 4672 3473 4727 Filium
3509 4682 3560 4724 et
3588 4670 3706 4736 Spi-

2126 4770 2291 4821 ritum
2326 4778 2600 4835 sanctum,
2656 4779 2767 4823 tres
2804 4784 2926 4823 esse
2980 4783 3267 4837 personas,
3308 4776 3417 4820 tres
3452 4769 3706 4834 hyposta-

2124 4876 2233 4923 ses,
2264 4869 2316 4913 et
2350 4868 2462 4915 tres
2493 4862 2878 4930 proprietates,
2934 4861 3200 4913 unitatem
3237 4860 3292 4913 in
3335 4859 3624 4918 'l'rinitate,
3653 4865 3706 4909 et

2125 4951 2449 5006 Trinitatem
2501 4956 2552 5005 in
2583 4954 2811 5016 unitate,
2840 4952 3136 5007 essentiam
3178 4968 3337 5005 uitam
3371 4950 3422 5003 in
3454 4949 3705 5019 personis

2126 5046 2324 5107 tribus,
2356 5045 2520 5099 Deum
2562 5062 2754 5107 unum,
2789 5046 3152 5099 suhstantiam
3212 5060 3394 5104 unam,
3452 5053 3700 5095 naturam

2128 5154 2286 5191 unam
2316 5153 2330 5204 ;
2370 5153 2581 5189 necnon
2621 5152 2822 5206 corpus
2857 5137 3070 5192 Domini
3100 5138 3303 5192 Christi
3333 5136 3512 5189 anima
3544 5135 3703 5188 intel-

2128 5231 2310 5298 ligenti
2349 5228 2607 5283 rationali
2642 5231 2951 5299 praeditum.
2983 5232 3152 5286 Porro
3191 5229 3482 5299 quemdam
3507 5242 3570 5281 ex
3613 5244 3703 5281 sa-

2126 5324 2390 5378 tellitibus
2440 5324 2605 5394 regiis
2664 5325 2884 5378 nomine
2934 5321 3263 5385 Victoriam,
3334 5320 3699 5392 patriarcham

2127 5415 2796 5484 CmIStantinOpolitanum
2865 5413 3327 5479 constituerunt;
3396 5422 3706 5467 statuerunt

2126 5510 2289 5563 etiam
2324 5507 2691 5576 patriarcham
2735 5508 3038 5560 Romanum
3064 5502 3259 5558 ordine
3284 5504 3517 5573 primum
3544 5502 3661 5556 fore
3689 5520 3702 5565 ;

2129 5601 2820 5670 Constantinopolitanum,
2862 5596 3165 5653 secundum
3198 5615 3212 5663 ;
3248 5596 3705 5657 Alexandrinum»,

2130 5696 2391 5761 tertium;
2460 5693 2860 5748 Antiocheuum
2941 5708 3069 5746 vero
3132 5701 3410 5755 quartum.
3477 5691 3701 5757 Episco.
