4034 6214
294 239 427 303 ῙΟἩ

1300 248 1664 308 ιυΤΥειιιι
1693 248 2221 309 ALEXANDRINI
2255 248 2470 308 PATR-

3394 243 3532 307 102i

296 368 424 421 pum
494 338 660 407 etiam
707 336 1272 427 llie'f'é'solymitanum
1337 359 1493 413 titulo
1546 359 1866 428 patriarchae
1895 359 1941 419 A
1967 372 2013 414 et
2045 377 2266 415 vescere.
2305 361 2521 414 Dicente
2559 358 2688 412 illo:
2732 358 3103 429 Nequaquam,
3130 358 3373 420 Dciniue,
3409 358 3543 411 nihil

292 438 648 519 513-515
671 460 963 518 ornarunt,
1016 467 1138 507 cum
1174 453 1325 523 prius
1357 454 1647 523 episcopus
1692 462 1862 517 esset,

294 548 395 588 nec
427 536 552 602 quis
585 548 709 591 ante
737 538 867 594 illud
900 550 1115 611 tempus
1137 542 1446 611 patriarcha
1483 542 1867 616 Hierosolymis

300 627 616 700 praefuisset
647 646 661 694 ;
698 629 856 698 eique
883 629 1063 685 locum
1100 633 1348 701 quintum
1380 634 1752 705 assignarunt,
1790 646 1869 689 at-

295 736 402 791 que
427 720 538 791 [his
573 720 837 793 peractis]
868 720 1265 777 discesserunt.

367 810 492 866 Jam
533 826 563 866 a
597 812 832 867 concilio
861 812 1037 881 primo
1089 815 1473 885 episcoporum
1505 825 1868 872 trecentorum

294 904 624 968 octodecim,
660 903 754 974 qui
802 904 856 959 in
922 906 1054 962 urbe
1081 904 1295 961 Nicaana
1349 918 1744 975 convenerunt,
1804 911 1870 965 ad

300 996 606 1053 secundum
650 996 754 1051 hoc
789 998 845 1050 in
899 1012 1007 1066 quo
1056 998 1524 1068 Constantinopoli
1559 1002 1872 1071 congregati

298 1096 429 1141 sunt
461 1086 700 1157 episcopi
736 1095 953 1141 centum
987 1086 1402 1157 quinquaginta,
1432 1089 1522 1158 qui
1557 1088 1875 1146 Macedonio

300 1176 528 1243 ejusque
555 1175 884 1244 sequacibus
923 1176 1344 1242 maledixerunt,
1383 1179 1515 1233 anni
1548 1188 1677 1233 sunt
1715 1182 1880 1250 quin-

301 1267 565 1337 quaginta
619 1276 765 1322 octo.
806 1265 979 1322 Porro
1029 1266 1350 1325 Timotheus
1405 1271 1714 1339 patriarcha
1749 1271 1874 1327 Alc-

302 1358 599 1414 xandrinus
622 1360 969 1429 patriarchis,
998 1362 1268 1429 episcopis
1291 1373 1343 1416 et
1372 1364 1654 1419 monachis
1679 1379 1869 1430 carne,

304 1450 459 1505 festis
498 1449 816 1516 Dominicis,
853 1452 995 1506 vesci
1035 1453 1298 1521 permisit,
1334 1452 1754 1509 Manichazorum
1786 1455 1879 1525 qui

302 1541 557 1597 Sadikeui
594 1542 845 1611 appellati
872 1551 1206 1611 suntcausa,
1232 1554 1291 1599 ut
1324 1546 1395 1600 ita
1428 1546 1671 1616 dignosci
1704 1554 1882 1615 posset

304 1651 335 1689 e
365 1633 759 1705 patriarchiset
778 1635 1049 1705 episcopis
1081 1638 1329 1706 quisnam
1355 1637 1682 1692 Manichacus
1704 1641 1879 1704 esset;

1967 457 2104 508 enim
2137 465 2364 524 unquam
2409 454 2739 506 immundum
2794 462 2886 506 aut
2925 454 3188 518 impurum
3245 453 3443 505 comedi
3476 456 3542 507 ".

1971 545 2169 601 Vocem
2201 544 2442 600 secundo
2476 548 2543 599 ad
2580 546 2756 614 ipsutn
2802 545 3016 599 venisse
3047 560 3061 597 :
3097 543 3370 613 Quidquid
3414 560 3542 609 pur-

1970 640 2171 708 gaverit
2221 638 2378 703 Deus,
2430 648 2488 691 tu
2536 654 2599 691 ne
2634 636 2901 707 polluite:
2935 652 2997 690 ac
3050 652 3174 689 cum
3214 636 3316 689 hoc
3350 636 3425 689 illi
3464 643 3547 689 ter

1973 750 1999 784 a
2037 749 2168 787 voce
2203 733 2490 801 repetitum
2541 731 2753 796 fuisset,
2809 747 3043 786 rursum
3105 732 3158 786 in
3218 732 3417 787 caelum
3449 748 3546 786 su-

1976 824 2180 877 blatum
2242 823 2415 879 fuisse
2463 823 2714 879 linteum.
2767 823 3077 879 Conﬁrmat
3133 831 3314 878 autem
3380 823 3484 876 hoc
3517 842 3544 876 a

1978 915 2139 970 Petro
2171 917 2399 980 dictum,
2448 932 2572 972 cum
2616 933 2758 972 unus
2791 932 2822 973 e
2860 916 3136 987 primariis
3189 916 3463 986 apostolis
3489 930 3543 971 et

1979 1009 2097 1064 fidei
2133 1010 2407 1064 columnis
2455 1007 2638 1075 fuerit,
2699 1009 2860 1078 cujus
2917 1007 3145 1081 [dicta]
3200 1008 3442 1077 recipere
3490 1020 3538 1059 ct

1980 1098 2230 1169 amplecti
2266 1099 2440 1160 decet,
2477 1098 2610 1152 illud
2643 1097 2854 1153 Domini
2888 1100 3097 1159 Christi
3134 1098 3368 1164 factum,
3391 1100 3534 1169 quod

1984 1199 2217 1243 mactato
2251 1199 2569 1245 vesceretur
2595 1197 2650 1244 et
2688 1190 2900 1259 quaevis
2954 1191 3212 1245 animalia
3262 1206 3360 1245 esu
3395 1190 3537 1245 licita

1981 1297 2125 1337 esse.
2186 1281 2368 1350 Quare
2430 1283 2732 1353 suspicioni
2787 1282 3060 1339 obnoxius
3113 1276 3171 1338 ﬁt
3238 1266 3544 1352 quicunque

1984 1375 2166 1430 carnis
2195 1390 2346 1429 esum
2400 1384 2686 1429 aversatus
2725 1372 2890 1431 fuerit
2919 1383 2974 1431 et
3006 1374 3246 1429 alienum
3297 1389 3358 1430 se
3386 1388 3416 1428 a
3451 1374 3547 1428 Do.

1989 1466 2118 1521 mini
2153 1467 2326 1522 nostri
2360 1467 2565 1522 Christi
2620 1468 2877 1524 instituto
2930 1468 3172 1523 ostendit
3223 1476 3280 1522 et
3312 1484 3340 1520 a
3396 1467 3550 1521 Petro

1986 1557 2356 1624 apostolorum
2388 1558 2716 1628 coryphteo;
2764 1558 2904 1612 adeo
2938 1567 2996 1611 ut
3032 1556 3313 1614 sententia
3345 1568 3549 1621 nostra,

1991 1648 2239 1718 quisquis
2270 1657 2508 1703 mactato
2544 1664 2651 1703 non
2723 1656 2994 1714 vescatur,
3026 1648 3272 1718 religioni
3307 1649 3553 1703 christia-

310 1731 373 1778 ιιι
416 1724 523 1778 hoc
558 1732 717 1793 pacto
744 1725 992 1797 carnium
1026 1740 1121 1777 esu
1175 1727 1327 1779 irrita
1377 1725 1701 1781 redderetur
1731 1725 1879 1796 ipso-

1994 1756 2065 1796 na:
2092 1742 2432 1797 contradicat
2468 1752 2522 1797 et
2574 1742 2996 1798 Manichaeorum
3053 1751 3259 1798 sectam
3322 1751 3552 1805 astruat,

307 1808 427 1870 ruin
480 1817 672 1887 religio
705 1823 759 1869 et
798 1818 1146 1870 solverentur
1196 1817 1372 1887 [0305a
1421 1816 1703 1873 Manichaei
1737 1818 1884 1873 enim

307 1922 408 1962 nec
440 1914 679 1962 mactare
714 1907 919 1962 animal
977 1907 1189 1960 licitum
1252 1911 1481 1975 ducunt,
1536 1925 1640 1965 nec
1697 1924 1885 1975 carne,

305 1998 391 2053 vel
428 2000 538 2053 alio
570 2000 826 2069 quopiam
864 1997 1009 2068 quod
1047 2000 1117 2055 ab
1150 1999 1429 2056 animante
1487 2004 1761 2073 provenit,
1801 2004 1885 2057 ul-

310 2094 527 2147 latenus
555 2099 876 2146 vescuntur.
911 2090 1273 2160 Metropolitae
1328 2104 1506 2148 autem
1547 2106 1602 2150 et
1631 2097 1879 2167 episcOpi

306 2184 546 2258 Egyptii
594 2186 839 2256 plerique
868 2186 1149 2243 Manichaei
1183 2196 1362 2243 erant.
1397 2187 1730 2246 l’atriarcha‘.
1756 2208 1888 2263 ergo

307 2280 618 2346 orthodoxi,
659 2295 781 2334 cum
815 2280 1090 2349 episc0pis
1113 2289 1166 2335 et
1203 2283 1508 2346 monachis,
1539 2299 1705 2340 carne
1739 2287 1877 2352 suis,

320 2370 475 2425 festis
508 2370 827 2435 Dominicis,
865 2372 1272 2440 vescebantur;
1334 2373 1758 2431 Manichaeorum
1790 2392 1887 2431 au-

310 2473 419 2516 tem
454 2464 839 2533 metropolitre.
876 2480 998 2517 cum
1036 2465 1309 2535 cpiscnpis
1342 2474 1395 2521 et
1434 2468 1719 2524 monachis
1743 2468 1885 2538 suis,

310 2554 381 2609 iis
416 2555 787 2620 abstinebant,
823 2566 985 2626 atque
1022 2570 1210 2610 earum
1264 2560 1380 2612 vice
1431 2559 1672 2628 piscibus
1700 2577 1888 2616 vesce-

315 2647 538 2711 bantur,
572 2663 667 2703 eos
698 2648 883 2703 carnis
920 2649 1039 2703 loco
1087 2658 1381 2718 ponentes,
1438 2667 1561 2705 cum
1618 2655 1793 2721 pisces
1830 2655 1885 2710 in

313 2739 672 2795 animantium
711 2756 938 2795 numero
970 2742 1100 2795 sint.
1166 2739 1278 2796 Hoc
1313 2745 1711 2800 observabatur
1748 2756 1888 2799 tein-

314 2850 444 2901 pore
475 2832 649 2888 Manis
683 2832 847 2905 516
908 2834 1144 2888 haeretici
1210 2835 1459 2891 infidelis.
1492 2837 1609 2905 Ipso
1660 2854 1785 2891 vero
1838 2849 1890 2892 et

312 2927 431 2993 ejus
492 2926 723 2987 asseclis
768 2942 797 2977 e
860 2928 1037 2979 incilia
1076 2926 1325 2992 sublatis,
1376 2932 1578 2984 reversi
1620 2939 1747 2985 sunt
1793 2948 1889 2999 pa-

1987 1837 2235 1903 exccptis
2268 1836 2596 1902 patriarchis
2633 1844 2688 1891 et
2724 1835 3000 1905 epiSCOpis
3029 1843 3083 1889 et
3121 1835 3212 1902 qui
3238 1835 3404 1888 vitam
3440 1850 3554 1887 mo—

1990 1927 2258 1981 nasticam
2300 1926 2534 1994 professi
2589 1926 2833 1992 fuerint;
2880 1942 3006 1979 cum
3065 1926 3117 1977 hi
3176 1926 3358 1980 carnis
3407 1939 3556 1978 esum

1990 2032 2097 2071 non
2127 2027 2391 2086 respuant
2423 2017 2567 2086 quod
2605 2033 2733 2071 enni
2785 2015 3035 2070 illicitum
3073 2021 3280 2083 putent,
3312 2012 3403 2067 sed
3435 2013 3557 2066 abs-

1992 2110 2232 2164 tinentia:
2255 2118 2310 2165 et
2333 2108 2645 2164 reverentia:
2666 2109 2861 2174 gratia.
2886 2108 3025 2173 Quin
3049 2116 3103 2161 et
3121 2104 3292 2160 Graeci
3324 2120 3410 2160 res
3431 2119 3559 2159 suas

1988 2217 2127 2270 aqua
2161 2202 2322 2273 520
2374 2201 2596 2257 abluere
2626 2202 2943 2263 noluerunt,
2979 2214 3098 2254 cum
3135 2198 3378 2268 plerique
3407 2198 3557 2266 ipso-

1989 2310 2107 2348 rum
2164 2292 2443 2348 Manichaei
2496 2301 2719 2348 essent:
2754 2292 3029 2346 Maniehzei
3072 2298 3252 2344 autem
3304 2290 3558 2344 lationem

1987 2401 2124 2455 aqua
2151 2383 2507 2454 peragendam
2530 2399 2635 2437 non
2658 2383 2909 2452 probant.
2930 2383 3106 2451 Atque
3133 2380 3219 2436 his
3237 2370 3565 2451 longo‘tem-

1997 2477 2145 2545 poris
2180 2476 2414 2531 decursu
2441 2474 2796 2538 conﬁrmatis,
2830 2474 3007 2527 adhuc
3032 2473 3264 2528 instituti
3297 2471 3381 2525 sui
3412 2479 3565 2525 ten"-

1991 2582 2081 2620 ccs
2145 2573 2382 2629 manent,
2440 2580 2505 2617 ne
2552 2579 2748 2631 aquam
2802 2562 2865 2613 ad
2909 2560 3196 2615 lavandum
3257 2560 3563 2614 adhibeant.

1990 2659 2071 2715 Ab
2092 2672 2229 2727 aqua
2252 2664 2428 2711 autem
2447 2655 2510 2709 ad
2541 2655 2827 2709 lavandum
2851 2653 3154 2706 adhibenda
3179 2666 3273 2706 eos
3298 2650 3568 2705 abstinere

1990 2748 2180 2803 dicunt
2218 2748 2485 2811 nonnulli,
2518 2748 2587 2801 ob
2622 2747 2893 2801 intensum
2935 2744 3172 2813 regionis
3198 2759 3329 2811 sum,
3356 2758 3569 2808 unaun

1988 2856 2018 2895 a
2042 2856 2142 2910 line
2174 2840 2230 2894 in
2276 2855 2337 2894 ea
2376 2839 2568 2908 frigus,
2598 2840 2730 2893 adeo
2755 2848 2811 2891 ut
2841 2838 2973 2906 ipsis
3005 2837 3199 2907 frigida
3231 2851 3290 2891 se
3319 2835 3568 2895 abluere,

1990 2940 2182 3004 hyeme
2241 2934 2567 3004 praesertim,
2607 2930 3029 3001 haudquaquam
3097 2928 3367 2998 expediat,
3418 2927 3571 2981 ideo-

314 3018 569 3071 triarcha‘
621 3018 937 3086 orthodoxi,
990 3035 1111 3072 cum
1170 3021 1441 3089 episcopis
1499 3031 1552 3076 et
1611 3038 1785 3076 monai
1807 3023 1891 3077 his
1916 3069 1959 3126 c
1992 3040 2098 3091 que
2121 3040 2220 3079 nec
2249 3025 2418 3093 ipsam
2449 3025 2520 3079 ob
2544 3023 2758 3093 frigoris
2789 3023 3182 3093 vehementiam
3206 3028 3568 3077 contrectant.

315 3111 457 3175 suis,
490 3111 556 3165 ad
593 3112 908 3165 institutum
951 3127 1111 3166 suum
1169 3112 1453 3182 antiquum
1485 3121 1540 3169 et
1571 3129 1601 3168 a
1642 3116 1890 3172 carnium

315 3218 412 3256 esu
455 3203 611 3259 festis
649 3203 947 3259 Dominicis
980 3204 1352 3260 abstinebant.
1387 3204 1570 3275 lnquit
1608 3205 1736 3261 Said
1771 3207 1888 3261 Ebu

316 3296 502 3351 Batrik
561 3297 847 3351 medicina:
885 3298 1193 3363 studiosus,
1255 3313 1362 3351 non
1404 3298 1657 3368 permisit
1709 3298 1894 3352 Timo-

318 3388 480 3444 tbeus
513 3391 823 3458 patriarcha
856 3389 1264 3443 Alexandrinus
1294 3388 1417 3453 ideo
1447 3388 1711 3445 carnibus
1744 3390 1891 3444 vesci

318 3479 475 3537 festis
528 3481 852 3544 Dominicis,
906 3482 1053 3549 quod
1112 3480 1393 3534 Manichaei
1435 3482 1695 3551 appellati
1738 3480 1894 3537 Satli-

317 3572 417 3626 ltiei
455 3587 642 3627 earum
674 3572 790 3625 vice
822 3571 1063 3639 piscibus
1093 3580 1339 3634 utantur,
1365 3585 1558 3625 verum
1592 3573 1741 3643 quod
1774 3588 1895 3629 car-

319 3666 469 3718 nium
503 3678 600 3718 esu
634 3663 976 3716 immolatum
1033 3659 1332 3728 innuebat;
1363 3662 1543 3732 pisces
1578 3673 1760 3719 autem
1801 3682 1896 3737 pro

320 3756 599 3811 immolato
632 3771 739 3809 non
770 3755 1059 3809 habentur.
1114 3754 1233 3808 Alia
1291 3770 1422 3810 vero
1471 3755 1893 3812 Mauichmorum

321 3858 469 3903 recta
503 3864 624 3918 quae
657 3847 1007 3910 Sammacun,
1048 3845 1098 3899 id
1132 3854 1216 3901 est
1274 3846 1495 3916 piscarii
1530 3848 1893 3917 appellantur,

324 3942 508 4007 pisces
563 3935 947 3999 comedebaut,
1000 3936 1147 4006 quod
1210 3937 1245 3989 ii
1300 3954 1398 4007 pro
1444 3939 1727 3993 immolato
1786 3958 1892 3994 non

325 4031 661 4094 habeantur;
698 4042 751 4083 at
783 4030 850 4082 ab
880 4045 975 4082 esu
1008 4030 1211 4089 carnis,
1250 4031 1394 4099 quod
1458 4031 1738 4086 immolata
1776 4033 1898 4085 fne-

324 4123 397 4177 tit
432 4119 947 4178 absﬁnentﬂerum
1009 4132 1197 4176 errant
1249 4123 1413 4178 etiam
1463 4123 1751 4178 Maniehzei
1799 4141 1897 4193 ap-

326 4216 508 4286 pellati
530 4214 784 4281 Sazliltzei,
816 4214 908 4284 qui
944 4213 1119 4284 pisces
1152 4214 1271 4270 loco
1292 4215 1482 4270 carnis
1511 4215 1735 4277 habent,
1770 4231 1893 4269 cum

329 4306 592 4361 Dominus
625 4306 878 4360 Christus
912 4320 1107 4361 carnes
1135 4305 1473 4371 comederit;
1529 4307 1673 4362 unde
1706 4323 1897 4363 neces-

327 4398 473 4454 sario
511 4399 771 4453 omnibus
815 4397 906 4467 qui
944 4396 1101 4451 ﬁdem
1148 4390 1509 4450 cbristianam
1572 4398 1899 4467 proﬁtentur
1935 4405 1977 4459 ι)
2006 4401 2351 4455 abstinebant
2404 4415 2568 4468 quam
2628 4416 2693 4452 ne
2750 4398 3223 4466 dignoscercutur.

330 4490 615 4555 incumbit,
652 4500 710 4543 nt
740 4504 906 4545 carne
940 4496 1261 4553 vescantur,
1289 4488 1501 4541 Domini
1536 4489 1711 4543 nostri
1741 4490 1900 4544 Chri-

330 4583 402 4637 sri
457 4582 729 4651 exemplo,
780 4598 890 4635 uno
939 4581 1131 4634 saltem
1189 4581 1488 4651 quotannis
1552 4582 1660 4639 die.
1697 4599 1802 4652 quo
1839 4584 1904 4637 ab

332 4674 532 4728 animis
565 4673 681 4727 suis
730 4672 1047 4742 scrupulum
1103 4682 1413 4737 amoveant,
1447 4682 1612 4743 atque
1644 4675 1901 4730 omnibus

334 4778 525 4821 notum
565 4763 771 4819 faciant
797 4765 1107 4820 contrarios
1168 4765 1267 4820 ire-
1307 4781 1367 4820 se
1421 4767 1683 4835 improba:
1732 4764 1906 4820 Mani-

334 4858 606 4911 cbmorum
625 4864 806 4909 sectae.
834 4856 888 4909 In
914 4856 1065 4910 Actis
1084 4862 1211 4909 vero
1241 4854 1904 4924 scriptumest“,Petrum,

336 4967 461 5005 cum
498 4950 549 5003 in
608 4951 742 5003 urbe
767 4946 936 5017 Joppe
962 4958 1108 5003 esset
1152 4948 1297 5003 domi
1333 4948 1555 5003 coriarii
1591 4947 1906 5017 cujusdam,

337 5044 429 5098 cui
459 5058 657 5097 nomen
698 5042 918 5105 Simon,
952 5052 1115 5111 atque
1150 5042 1348 5097 aedium
1387 5051 1586 5095 tectum
1630 5041 1762 5094 hora
1799 5039 1906 5092 diei

338 5144 491 5190 sexta
523 5142 741 5190 oratum
775 5134 1209 5200 conscendisset,
1248 5147 1450 5189 somno
1490 5132 1641 5201 gravi
1693 5145 1912 5197 correp-

341 5234 454 5277 tum
485 5223 831 5286 dormivisse,
862 5233 1024 5293 atque
1059 5220 1422 5293 517-519
1450 5221 1654 5275 interea
1710 5220 1908 5273 coelum

341 5325 588 5383 apertum
628 5314 858 5381 vidisse,
912 5314 1056 5370 unde
1087 5313 1376 5370 descendit
1406 5313 1634 5366 linteum
1669 5312 1808 5380 quod
1842 5310 1907 5365 ad

343 5413 547 5461 terram
583 5422 762 5477 usque
792 5406 1144 5478 pertingeret,
1172 5405 1227 5461 in
1263 5419 1371 5474 quo
1395 5402 1643 5473 cujusvis
1668 5403 1913 5472 quadru-

347 5494 567 5564 pedium
604 5500 824 5568 generis
859 5514 981 5569 quae
1035 5494 1090 5551 in
1123 5506 1270 5552 terra
1322 5505 1451 5550 sunt
1502 5494 1685 5563 aliqua
1734 5504 1912 5555 erant,

347 5583 702 5656 ferarumque
760 5597 817 5643 et
871 5589 1155 5660 reptilium
1214 5594 1269 5642 et
1323 5584 1646 5648 volucrium,
1702 5597 1917 5653 unaque

349 5689 536 5732 vocem
552 5676 1095 5747 audiilsodicentcm,
1137 5682 1298 5743 Heus,
1328 5677 1495 5732 Patre.
1532 5691 1700 5744 surge,
1741 5684 1915 5728 macta

461 5790 505 5824 “
531 5789 653 5846 Act.
682 5806 736 5859 ι,
777 5792 843 5846 15
876 5807 959 5861 sq.

2062 3114 2481 3170 Manichzeornm
2515 3132 2641 3170 vero
2669 3115 2777 3170 duo
2805 3115 3038 3177 sunt,uti
3071 3114 3185 3184 jam
3217 3112 3421 3169 dictum
3458 3121 3566 3177 est,

1992 3223 2214 3277 genera,
2266 3206 2359 3261 alii
2394 3206 2670 3260 Samakini
2706 3207 2792 3277 (id
2823 3208 2937 3277 est)
2968 3205 3185 3274 piscarii
3223 3221 3238 3270 ;
3271 3204 3361 3257 alii
3410 3202 3571 3257 Saili-

1995 3298 2133 3353 ltiui.
2213 3298 2493 3353 Samakini
2572 3300 2893 3366 pricstitutis
2953 3299 3162 3365 aliquot
3225 3296 3563 3366 singulorum

1997 3392 2264 3446 mensium
2341 3390 2534 3447 diebus
2587 3390 2876 3460 jejunant;
2938 3389 3184 3444 Sadikini
3244 3396 3424 3444 autem
3474 3402 3565 3455 per

1997 3490 2162 3536 totam
2218 3480 2379 3536 vitam
2437 3482 2711 3551 jejunant,
2772 3481 2906 3536 nihil
2951 3496 3175 3551 prorsus
3227 3480 3370 3533 aliud
3407 3493 3567 3547 quam

1995 3574 2140 3643 quod
2175 3574 2494 3645 produxerit
2533 3583 2674 3629 terra
2706 3574 3074 3628 comedentes.
3117 3571 3252 3625 Cum
3290 3586 3418 3639 ergo
3448 3567 3569 3621 ﬁdei

1997 3665 2313 3720 christiana:
2346 3664 2746 3737 professionem
2807 3665 2861 3719 in
2892 3680 2951 3719 se
3017 3665 3357 3733 susciperent
3412 3660 3566 3716 Sadi.

1999 3758 2130 3819 kini,
2164 3766 2463 3813 metuentes
2519 3772 2585 3811 ne
2614 3757 2657 3810 si
2714 3773 2745 3811 a
2800 3755 3046 3811 carnium
3086 3772 3182 3810 esu
3215 3754 3572 3814 abstinerent,

2000 3853 2220 3920 quinam
2256 3856 2444 3905 essent
2483 3858 2794 3921 perspecto,
2855 3857 3028 3903 morte
3062 3847 3425 3912 adicerentur,
3467 3845 3570 3901 sibi

2000 3944 2135 4011 ipsis
2168 3944 2375 4013 jejunia
2411 3943 2836 4007 constituentes,
2890 3941 2960 3995 ob
2997 3940 3136 3996 festa
3166 3939 3485 3994 Nativitatis
3521 3949 3574 3992 ct

2001 4036 2060 4089 Β.
2094 4035 2332 4107 Virginis
2386 4044 2441 4089 et
2477 4035 2848 4106 apostolorum
2904 4034 3245 4104 jejunarunt,
3283 4048 3310 4085 a
3345 4032 3570 4100 piscium

1999 4143 2095 4182 esu
2133 4127 2253 4181 istis
2307 4125 2533 4194 jejuniis
2573 4141 2632 4181 se
2667 4127 3034 4189 continentes,
3091 4124 3235 4193 quod
3278 4123 3398 4178 ideo
3438 4122 3572 4177 fece-

2003 4229 2129 4273 runt
2170 4228 2227 4274 ut
2275 4219 2392 4273 dies
2422 4218 2567 4272 anni
2596 4218 2908 4287 jejunantes
2971 4216 3341 4281 absolverent,
3401 4229 3572 4283 neque

2000 4311 2161 4364 aliam
2218 4312 2288 4364 ob
2322 4325 2546 4363 causam
2589 4309 2821 4378 piscium
2877 4324 2972 4361 esu
3027 4306 3171 4360 inter
3217 4305 3570 4374 ji-jnuandum

3304 4396 3571 4450 Suecessu

2009 4492 2202 4546 deinde
2253 4494 2512 4560 temporis
2569 4491 2829 4569 diuturno
2872 4488 3225 4560 521-523
3287 4488 3463 4541 evertit
3518 4493 3575 4538 nt

2009 4585 2248 4651 ipsorum
2286 4582 2487 4635 factum
2545 4582 2648 4635 hoc
2691 4581 3045 4635 imitarentur
3087 4579 3431 4635 Nestoriani.
3469 4575 3573 4630 Ja-

2007 4671 2269 4725 cobita-el
2297 4671 2592 4734 Maronitae,
2635 4675 2776 4741 apud
2809 4687 2947 4742 quos
2972 4671 3073 4725 hoc
3099 4671 3148 4724 in
3182 4686 3389 4723 morem
3424 4670 3571 4722 abiit.

2010 4763 2145 4817 Tum
2177 4776 2229 4817 et
2263 4764 2575 4819 Graecorum
2611 4763 2988 4818 Melchitarum
3024 4761 3273 4816 nonnulli
3323 4763 3426 4816 hoc
3456 4778 3578 4831 pro-

2008 4855 2221 4920 bantes,
2262 4854 2401 4909 idem
2433 4855 2595 4907 etiam
2646 4855 2748 4922 ipsi
2793 4870 2985 4911 eorum
3021 4853 3269 4923 exemplo
3309 4853 3577 4915 fecerunt,

2010 4947 2234 5015 piscium
2272 4961 2425 5000 esum
2460 4945 2799 5016 jejuniorum
2846 4946 3079 5000 istorum
3135 4961 3255 5015 qnze
3293 4945 3578 5000 recensui-

2012 5051 2131 5089 ltlllS
2163 5044 2404 5105 tempore
2432 5035 2780 5103 omittentes;
2831 5034 2904 5088 illi
2944 5035 3212 5104 pnecipue
3248 5049 3441 5088 corum
3484 5032 3573 5102 qni

2013 5129 2066 5182 in
2108 5129 2420 5194 regionibus
2475 5129 2676 5199 degunt
2712 5130 2763 5182 in
2799 5128 3001 5199 quibus
3060 5126 3457 5183 Mohammcdis
3497 5142 3579 5179 rc-

2012 5220 2138 5291 ligio
2197 5219 2389 5276 floret:
2449 5221 2594 5290 quod
2655 5231 2833 5276 tamen
2897 5218 3580 5276 nceeconsuetudinihns

2014 5306 2307 5362 traditione
2359 5308 2622 5373 acceptis,
2683 5323 2781 5362 nec
2817 5322 2847 5362 e
2883 5308 3047 5362 rebus
3104 5307 3359 5361 mandato
3398 5306 3582 5374 aliquo

2014 5398 2271 5453 stabilitis
2304 5401 2444 5466 apud
2478 5401 2625 5468 ipsos
2662 5406 2766 5456 est.
2802 5398 2977 5456 Graeci
3014 5401 3159 5455 enim
3208 5396 3474 5455 Melchita:
3504 5396 3583 5465 pi-

2015 5490 2189 5543 scium
2248 5504 2345 5545 esu
2404 5491 2617 5546 duobus
2672 5490 2867 5546 diebus
2949 5493 3276 5563 insignibus,
3334 5489 3582 5544 videlicet

2018 5581 2272 5636 Mercurii
2310 5587 2363 5639 et
2419 5580 2672 5646 Veneris,
2731 5597 2828 5651 per
2883 5592 3051 5637 totum
3114 5582 3242 5636 anni
3292 5581 3581 5635 decursum

2021 5673 2317 5740 abstinent,
2356 5681 2413 5726 ut
2453 5681 2505 5728 ct
2540 5672 2627 5726 dic
2660 5672 2987 5743 παραμονῆς
3037 5669 3275 5743 [vigilite]
3313 5687 3418 5740 quo
3459 5679 3582 5722 ante
