4034 6214
428 313 567 374 102.3

1828 311 2196 371 ANN.-\1.ES.

3549 304 3685 369 109.6

425 423 666 477 Natalem
719 423 989 493 jejunant,
1054 439 1152 479 nec
1211 439 1319 478 non
1379 424 1467 478 die
1526 425 1853 495 παραμονῆς
1901 425 1991 493 qui
2028 432 2066 486 Α
2101 423 2232 492 piat.
2265 421 2408 475 Dixit
2443 437 2570 492 ergo
2595 420 2972 489 Theophilus:
3011 417 3117 488 Ego
3141 419 3228 473 illa
3264 411 3686 489 interpretabor.

422 515 779 585 Epiphaniam
810 516 1103 584 prcecedit;
1137 517 1336 586 quibus
1365 516 1556 570 diebus
1583 518 1725 571 inter
1749 516 2000 586 jejunan-

425 611 554 661 dum
584 607 829 675 piscibus
857 608 1001 661 haud
1057 619 1377 670 vescuntur,
1411 609 1538 678 quia
1573 608 1663 662 die
1687 624 1712 662 s
1749 609 1883 664 istos
1912 624 1977 662 eo

422 699 543 753 dem
578 701 698 754 loco
737 701 940 755 habent
990 715 1099 769 quo
1129 700 1395 770 jejunium
1451 716 1732 766 magnum.
1791 701 2001 768 Quibus

421 808 550 864 ergo
577 809 606 847 e
632 792 842 849 Graecis
873 796 1051 848 visum
1086 805 1170 848 est
1202 794 1410 848 Natalis
1456 795 1517 848 Β.
1545 795 1807 865 Virginis,
1841 805 2002 865 atque

425 889 798 957 apostolorum
834 888 1006 954 gratia
1062 887 1333 957 jejuuare,
1366 889 1467 941 tria
1503 888 1606 942 ista
1638 889 1846 958 jejunia
1899 892 1995 943 oh-

425 990 667 1044 servant,
702 980 882 1049 pisces
918 982 1136 1034 interim
1173 979 1549 1046 comedentes,
1609 995 1843 1050 quorum
1898 997 1996 1036 esu

427 1072 676 1126 Mercurii
711 1073 798 1125 cui
857 1080 1069 1126 tantum
1101 1081 1155 1126 et
1182 1071 1434 1140 ,Veneris
1467 1073 1662 1128 diebus
1697 1076 1995 1127 abstinent.

429 1163 628 1217 Eodem
663 1163 897 1224 modo,si
925 1163 1010 1218 cui
1035 1163 1208 1217 visum
1231 1171 1318 1216 est
1348 1162 1540 1217 diebus
1556 1163 1804 1218 Mercurii
1837 1162 2000 1217 et‘Vc-

429 1253 576 1306 neris
617 1268 713 1321 per
745 1261 916 1306 totum
970 1268 1174 1306 annum
1231 1253 1504 1322 jejunare,
1547 1255 1625 1309 illi
1665 1257 1995 1324 permissum

425 1352 508 1398 est
535 1346 698 1398 etiam
737 1344 802 1397 ad
833 1359 1033 1398 nonam
1055 1345 1305 1414 jejuuare
1332 1354 1385 1400 et
1417 1347 1663 1415 piscibus
1696 1347 1994 1401 abstinere.

427 1433 614 1502 Neque
642 1435 786 1485 enim
821 1433 923 1486 hoc
956 1449 1183 1488 necesse
1219 1443 1325 1493 est,
1356 1451 1456 1489 nec
1491 1437 1727 1505 cuipiam
1768 1438 1998 1505 permis-

425 1541 546 1578 sum
595 1522 758 1595 524
791 1534 851 1578 ut
881 1525 1088 1593 jejunio
1125 1529 1428 1581 observans
1462 1528 1692 1596 piscium
1725 1545 1878 1583 esum
1916 1531 1999 1582 in—

429 1628 507 1668 ter
540 1614 907 1683 jejunandum
945 1616 1172 1679 abnuat,
1232 1616 1334 1667 nisi
1389 1616 1583 1671 diebus
1638 1616 1896 1673 Mercurii
1947 1630 1996 1673 et

429 1707 652 1761 Veneris
691 1705 796 1777 {uti
824 1706 934 1774 jam
965 1705 1174 1760 dictum
1211 1708 1319 1779 est]
1373 1717 1427 1763 et
1456 1708 1510 1761 in
1540 1709 1748 1777 jejunio
1784 1727 1998 1781 magno,

430 1813 526 1852 nec
558 1813 666 1851 non
705 1798 849 1851 binis
884 1797 1092 1866 vigiliis
1128 1815 1248 1867 quae
1310 1801 1445 1853 festa
1501 1799 1709 1855 Natalis
1764 1812 1817 1855 et
1869 1803 2000 1871 Epi-

432 1891 646 1962 phania:
687 1891 1024 1957 praecedunt.
1061 1891 1131 1943 At
1188 1893 1434 1945 nonnulli
1497 1891 1812 1947 Graecorum
1869 1895 1997 1948 Μυί-

431 1984 705 2037 chitarum
740 1983 793 2036 in
820 1981 1068 2052 jejuniis,
1114 1982 1273 2035 etiam
1333 1984 1392 2036 Β.
1433 1981 1672 2052 Virginis
1704 1987 1875 2054 gratia
1906 1992 1999 2042 ob.

430 2077 733 2143 servandis,
771 2093 800 2130 a
836 2079 1068 2148 piscium
1104 2093 1200 2133 esu
1235 2093 1292 2132 se
1329 2081 1633 2134 continent.
1671 2080 1839 2146 Quem
1873 2097 1994 2136 nio-

429 2187 542 2226 rem
573 2171 877 2225 hauserunt
913 2186 942 2224 e
983 2171 1163 2240 typico
1194 2171 1370 2226 sancti
1405 2170 1519 2224 Mar
1547 2171 1740 2235 Sabae;
1779 2187 1879 2227 nec
1912 2183 1996 2228 est

429 2265 481 2317 in
537 2277 727 2318 eorum
786 2263 1117 2318 abstinentia
1174 2264 1277 2317 ista
1331 2272 1639 2332 peccatum.
1705 2265 1807 2329 Qui
1861 2265 1998 2319 alias

427 2357 622 2409 statuit
658 2355 776 2423 ipse
815 2365 1020 2424 peccat,
1075 2355 1289 2423 legique
1323 2357 1657 2410 contradicit
1681 2365 1735 2410 et
1767 2358 1993 2411 manda-

429 2459 540 2500 tum
575 2449 761 2502 solvit.
797 2448 868 2502 Ut
917 2457 1096 2500 autem
1135 2448 1201 2498 ad
1255 2449 1538 2500 historiam
1583 2447 1651 2501 de
1687 2449 1998 2502 Theodosio

426 2552 480 2594 ct
508 2540 831 2609 The0philo,
886 2541 939 2593 in
990 2555 1096 2607 qua
1159 2542 1466 2594 enarranda
1501 2537 1728 2605 fuimus,
1761 2555 1999 2596 reverta-

429 2649 571 2687 mur.
604 2632 947 2701 Theophilus
981 2629 1278 2685 Theodosii
1334 2632 1478 2700 regis
1511 2632 1721 2687 amicus
1759 2633 1826 2686 ad
1879 2650 2003 2702 por-

429 2737 536 2780 tam
566 2727 738 2796 ipsius
774 2726 1043 2795 integrnm
1087 2741 1288 2779 annum
1328 2733 1573 2780 moratus
1621 2727 1798 2796 ipsum
1854 2728 1997 2781 haud

427 2826 800 2879 convenerat:
857 2816 1106 2886 quamvis
1163 2817 1308 2869 enim
1362 2817 1606 2883 quotidie
1668 2818 1734 2870 ad
1785 2829 1995 2886 portam

431 2911 575 2979 regis
605 2908 874 2962 accedens
901 2909 1175 2976 janitores
1229 2922 1444 2976 rogaret
1478 2918 1643 2976 atque
1681 2921 1998 2978 precaretur

432 3009 490 3050 ut
523 3000 594 3051 ab
635 2999 753 3066 ipso
794 2997 859 3049 ad
911 3013 1088 3065 regem
1126 2985 1372 3051 chartam
1429 2999 1727 3064 deferrent,
1780 3002 1848 3054 ab
1897 3003 2003 3056 illis

430 3090 680 3158 repulsus
705 3104 777 3144 'ac
810 3091 1121 3159 prohibitus
1171 3089 1372 3144 fuerat.
1406 3093 1563 3145 Anno
1598 3102 1775 3145 autem
1809 3094 1998 3163 elapso
2031 3131 2073 3188 ο

429 3196 562 3235 ecce
593 3180 890 3248 imperator
929 3178 1273 3234 Theodosius
1329 3181 1775 3236 intererandum
1815 3199 2001 3238 vocem

428 3272 638 3326 audivit
658 3287 776 3340 qua:
808 3271 907 3339 ipsi
940 3272 1142 3325 diceret
1173 3270 1257 3325 :0
1284 3271 1578 3338 Theodosi,
1607 3275 1765 3328 amici
1790 3288 1839 3329 et
1869 3279 2002 3330 socii

429 3366 507 3419 tui
547 3364 836 3433 Theophili
890 3365 1090 3419 oblitus
1141 3380 1220 3418 es.
1275 3361 1610 3434 Dicenteque
1640 3365 1990 3421 Theodosio:

431 3456 657 3510 Domine
686 3456 781 3520 mi,
824 3465 878 3509 tu
912 3459 1035 3524 quis
1084 3457 1188 3510 es?
1244 3457 1343 3525 ipsi
1412 3458 1765 3528 responderet
1824 3475 1836 3510 :
1891 3459 2003 3529 Ego

434 3550 516 3600 vir
545 3563 664 3600 sum
701 3547 793 3616 qui
830 3558 1005 3602 tecum
1041 3549 1095 3600 in
1127 3549 1342 3602 deserto
1377 3547 1453 3602 fui
1486 3568 1499 3602 :
1560 3559 1613 3603 et
1647 3554 1998 3619 quemadmo-

429 3641 556 3694 dum
589 3651 640 3694 te
675 3655 855 3708 regem
883 3639 1165 3704 constitui,
1220 3641 1290 3692 ita
1327 3649 1380 3692 et
1433 3639 1791 3709 Theophilum
1827 3645 1995 3710 patri-

432 3734 654 3786 archant
686 3736 985 3786 constituo.
1039 3725 1236 3784 Statim
1275 3746 1410 3801 ergo
1464 3732 1612 3785 misit
1662 3731 2003 3787 Theodosius

432 3824 755 3876 accersitqu
781 3820 1166 3890 Theophilum,
1195 3835 1356 3889 quem
1386 3821 1439 3872 in
1468 3821 1816 3888 praesentiam
1846 3837 2000 3883 suam

433 3915 734 3968 admissum
771 3923 1061 3983 postquam
1095 3911 1448 3983 525-527
1473 3913 1648 3981 ipsum
1679 3913 2002 3979 salutasset,

434 4009 506 4060 ita
532 4007 726 4061 aﬂ'atus
764 4014 848 4060 est
880 4021 971 4060 rex
1005 4024 1019 4060 :
1059 4004 1232 4059 Crede
1288 4005 1446 4068 mihi,
1481 4005 1550 4058 mi
1585 4003 1774 4069 frater,
1811 4019 1898 4059 me
1927 4005 2004 4058 tui

432 4100 662 4154 oblitum
700 4099 891 4164 fuisse,
925 4107 1088 4168 teque
1121 4098 1252 4150 mihi
1286 4113 1315 4151 e
1352 4097 1612 4150 memoria
1653 4097 1869 4166 penitus
1903 4114 2000 4151 ex-

433 4191 653 4251 cidisse,
680 4188 854 4242 donec
889 4189 1004 4241 heri
1033 4190 1176 4241 inter
1215 4187 1509 4249 orandum,
1562 4201 1711 4249 ecce,
1777 4201 1863 4240 me
1917 4191 2002 4240 in-

434 4284 702 4347 clamans,
733 4281 816 4334 vir
841 4280 929 4335 ille
965 4295 1126 4348 quem
1189 4279 1242 4331 in
1286 4291 1480 4331 somno
1537 4277 1643 4329 vidi
1707 4287 1756 4330 te
1789 4277 1920 4330 mihi
1949 4278 2001 4330 in

437 4375 753 4428 memoriam
790 4375 1085 4427 revocavit.
1135 4369 1436 4438 Respondit
1469 4368 1848 4437 Theophilus:
1889 4371 2002 4438 Ego

2111 514 2281 566 Theta
2308 513 2539 582 primum
2569 521 2653 566 est
2683 512 2815 574 Θεὸς
2841 511 2986 580 qttod
3018 519 3106 563 est
3141 510 3283 564 Deus
3308 526 3322 574 ;
3353 511 3687 576 secandum,

2113 602 2459 658 Theodosius
2514 619 2646 667 rex;
2677 601 2922 664 tertium,
2966 599 3302 669 'l‘heOphilus
3351 602 3688 668 patriarcha.

2113 698 2251 750 Tum
2286 697 2504 751 sublato
2549 696 2868 765 pavimento
2911 709 3163 763 magnam
3206 694 3310 748 sub
3342 708 3407 747 eo
3445 698 3690 763 pecunia:

2112 791 2218 842 vim
2252 791 2472 857 reperit,
2509 789 2668 858 cujus
2725 804 2847 842 cum
2905 803 3000 855 per
3053 789 3264 842 litteras
3323 787 3688 842 Theodosium

2109 895 2287 948 regem
2320 881 2609 934 certiorem
2667 880 2913 943 fecisset,
2950 880 3230 948 rescripsit
3266 880 3359 935 ille
3397 896 3410 932 :
3452 879 3690 935 Pecunia

2108 973 2210 1024 ista
2247 971 2510 1026 ecclesias
2538 981 2786 1026 exstrue.
2829 972 2996 1042 528
3032 973 3316 1028 Exstruxit
3348 988 3479 1042 ergo
3512 973 3693 1027 Theo-

2113 1065 2302 1133 philus
2373 1066 2689 1134 patriarcha
2767 1067 3054 1120 eeclesiam
3139 1081 3390 1135 magnam
3469 1065 3692 1119 nomine

2109 1156 2401 1212 Theodosii
2460 1159 2625 1224 regis,
2669 1175 2830 1228 quam
2872 1168 3038 1212 totam
3093 1173 3228 1211 auro
3263 1159 3500 1211 obducto
3532 1172 3693 1211 orna-

2107 1250 2187 1302 vit
2224 1290 2237 1313 ,
2293 1250 2421 1318 quin
2475 1261 2528 1303 et
2590 1250 2728 1304 alias
2780 1249 2982 1303 multas
3035 1248 3381 1303 Alexandria:
3428 1250 3691 1303 ecclesias

2109 1341 2332 1404 Struxit,
2379 1356 2408 1395 e
2465 1357 2696 1408 quarum
2750 1355 2979 1394 numero
3013 1348 3142 1394 sunt
3193 1341 3420 1396 ecclesia
3477 1342 3692 1396 Sanctae

2108 1432 2290 1486 Maria:
2325 1443 2377 1486 et
2409 1435 2636 1488 ecclesia
2666 1432 2850 1486 Sancti
2881 1431 3133 1486 Joannis.

2205 1527 2377 1581 Porro
2407 1527 2518 1580 nati
2550 1539 2675 1581 sunt
2709 1525 3019 1580 Theodosio
3067 1527 3378 1596 imperatori
3421 1529 3528 1581 duo
3569 1527 3687 1591 lilii,

2111 1634 2342 1686 quormn
2397 1628 2526 1671 natu
2588 1619 2781 1687 majori
2843 1633 3042 1673 nomen
3105 1620 3301 1672 indidit
3361 1620 3686 1687 Arcadium;

2109 1712 2327 1776 minori,
2399 1709 2697 1764 Honorium
2768 1728 2781 1765 :
2835 1711 3057 1780 quibus,
3112 1725 3233 1763 cum
3291 1713 3688 1778 adolevissent,

2118 1801 2364 1872 qttazsivit
2395 1803 2484 1870 qui
2536 1803 2689 1870 ipsos
2715 1801 2926 1854 litteras
2961 1803 3205 1856 doceret.
3233 1804 3366 1857 Cum
3407 1818 3537 1871 ergo
3577 1802 3686 1857 Ro-

2125 1910 2268 1947 mam
2300 1894 2538 1950 misisset
2569 1895 2858 1963 quresitum
2892 1895 3067 1947 virum
3091 1896 3392 1964 sapientem
3425 1896 3514 1964 qui
3552 1897 3688 1950 libe-

2117 2001 2203 2038 ros
2237 2001 2368 2039 suos
2426 1985 2764 2051 institueret,
2823 1985 2920 2038 ibi'
2953 1986 3340 2055 philosophum
3396 1989 3684 2056 quemdam

2113 2077 2336 2130 nomine
2364 2077 2625 2131 Arsanem
2663 2084 3016 2146 repererunt,
3058 2092 3219 2146 quem
3257 2078 3326 2132 ad
3365 2078 3544 2148 ipsum
3582 2079 3688 2132 mi-

2112 2180 2322 2230 serunt.
2377 2171 2466 2238 qui
2502 2184 2634 2237 ergo
2691 2170 2816 2222 ﬁliis
2850 2169 2998 2238 regis
3033 2169 3356 2226 erudiendis
3409 2170 3684 2225 incubuit.

2115 2259 2226 2314 ltex
2254 2270 2434 2314 autem
2464 2262 2553 2315 die
2585 2261 2848 2330 quodam,
2904 2275 3032 2314 cum
3084 2263 3351 2316 Arsanem
3395 2262 3539 2316 inter
3583 2263 3687 2317 do-

2112 2354 2344 2407 cendum
2376 2363 2545 2416 stare,
2583 2355 2708 2409 ﬁliis
2773 2355 2944 2422 ipsius
2985 2353 3322 2420 sedentibus,
3362 2355 3690 2425 conspexis-

2113 2454 2214 2507 set,
2251 2445 2381 2497 illud
2429 2444 2784 2512 improbans:
2818 2443 2896 2498 Ne
2939 2446 3162 2516 (inquit)
3193 2445 3296 2498 hoc
3344 2447 3513 2500 facias
3551 2461 3566 2499 :
3605 2461 3692 2500 re-

2112 2535 2420 2601 spondente
2457 2534 2702 2590 Arsane:
2737 2535 2813 2589 lta
2840 2537 2996 2590 decet
3028 2538 3084 2605 (ο
3129 2538 3247 2604 rex)
3286 2552 3370 2590 me
3401 2537 3538 2592 lilios
3565 2546 3688 2590 tuos

2113 2614 2346 2693 docere;
2375 2628 2540 2698 jussit
2571 2644 2667 2684 rex
2720 2629 2897 2698 ipsum
2949 2630 3158 2694 sedere,
3191 2629 3379 2699 illique
3407 2638 3465 2684 nt
3497 2646 3686 2686 coram

2115 2723 2231 2790 ipso
2275 2729 2485 2776 starent
2508 2721 2706 2778 facere.
2739 2721 2874 2777 Cum
2909 2732 3091 2776 autem
3119 2722 3230 2792 jam
3256 2733 3522 2793 quantum
3551 2738 3688 2792 opus

2123 2811 2401 2865 videretur
2434 2813 2847 2868 litterisimbnti
2881 2823 3086 2880 essent,
3120 2814 3359 2869 Arsancs
3393 2814 3688 2870 Arcadium

2116 2904 2438 2960 verberibus
2471 2904 2662 2960 durius
2702 2906 2938 2976 excepit,
2969 2906 3108 2960 adeo
3153 2915 3211 2959 ιιι
3243 2907 3486 2975 ipsorum
3523 2906 3688 2960 vesti-

2116 2997 2260 3065 gium
2305 2998 2418 3050 cuti
2469 2997 2642 3063 ipsius
2686 2997 3063 3066 imprimeret;
3121 2998 3190 3052 ob
3232 2998 3375 3066 quod
3425 2999 3688 3052 Arcadius

2116 3104 2241 3159 erga
2277 3090 2451 3158 ipsum
2495 3090 2631 3142 iram
2672 3089 2858 3142 animo
2889 3091 3162 3160 concepit.
3214 3091 3538 3144 ldeoautcm
3571 3094 3683 3161 pla-

2111 3183 2193 3250 gis
2255 3183 2426 3250 ipsum
2465 3180 2682 3235 aliicere
2729 3182 2900 3235 voluit
2960 3182 3222 3246 Arsanes,
3255 3181 3334 3246 ui,
3395 3199 3518 3236 cum
3563 3192 3688 3248 post

2107 3283 2318 3343 patrem
2359 3289 2518 3328 suum
2573 3277 2800 3345 unperio
2838 3275 3125 3344 potiretur,
3163 3276 3409 3330 si'alicui
3458 3277 3684 3331 verbera

2107 3365 2274 3435 iniligi
2312 3367 2490 3429 vellet,
2544 3368 2830 3420 verberum
2881 3367 3035 3419 dolor
3075 3368 3175 3436 ipsi
3237 3369 3522 3422 monitoris
3569 3369 3686 3421 vice

2112 3463 2277 3510 esset.
2333 3459 2504 3512 Porro
2555 3472 2701 3511 anno
2753 3458 2962 3526 imperii
3004 3457 3495 3528 Theodosii

2107 3546 2282 3617 Magni
2312 3555 2522 3612 octavo,
2547 3557 2914 3618 apparuerunt
2961 3549 3111 3617 pllcri
3174 3549 3252 3602 illi
3285 3550 3401 3620 qtti,
3437 3565 3468 3604 a
3516 3549 3688 3605 Dacio

2107 3654 2234 3708 rege
2293 3639 2419 3708 fuga
2478 3655 2537 3695 se
2594 3639 2987 3710 proripientes,
3040 3641 3091 3693 in
3141 3643 3398 3710 spelunca
3437 3641 3494 3695 in
3548 3641 3682 3697 urbe

2110 3731 2325 3801 Epheso
2381 3732 2759 3787 delituerant:
2803 3733 2969 3803 idque
3023 3734 3170 3803 quod
3217 3733 3382 3803 longo
3420 3735 3681 3804 temporis

2109 3824 2398 3877 intervallo
2455 3839 2580 3877 cum
2616 3834 2862 3892 pastores
2915 3825 3055 3878 inter
3117 3825 3512 3880 transeundum
3546 3828 3683 3882 late-

2109 3932 2220 3982 res,
2262 3916 2464 3985 quibus
2523 3915 2792 3984 speluncae
2853 3915 3034 3969 aditus
3092 3916 3413 3974 obstructus
3478 3907 3691 3982 fuerat,

2109 4009 2225 4063 loco
2272 4021 2490 4061 movere
2523 4005 2671 4060 soliti
2712 4012 2916 4072 essent,
2959 4006 3100 4060 facta
3149 4015 3294 4062 esset
3331 4009 3509 4066 instar
3557 4013 3684 4066 ostii

2107 4110 2346 4169 apertus.
2401 4097 2716 4169 Experrecti
2767 4113 2898 4168 ergo
2926 4098 3102 4168 pueri,
3155 4115 3216 4153 se
3251 4115 3413 4154 unam
3469 4111 3679 4155 tantum

2109 4202 2320 4245 noctem
2351 4191 2677 4246 dormivisse
2709 4197 2985 4259 putantes,
3020 4187 3172 4242 socio
3196 4202 3318 4252 suo,
3361 4189 3457 4258 qui
3493 4191 3678 4243 cihum

2108 4280 2242 4348 ipsis
2295 4293 2474 4332 emere
2522 4277 2777 4333 solebat:
2818 4276 3138 4341 Profectus,
3200 4277 3470 4346 inquiunt,
3500 4279 3683 4332 cibum

2108 4369 2268 4423 nobis
2291 4382 2567 4438 compara,
2615 4380 2667 4421 et
2702 4365 2833 4436 quid
2873 4375 2997 4436 agat
3026 4367 3322 4436 imperator
3365 4366 3560 4421 Daeius
3597 4370 3685 4421 iu-

435 4471 596 4522 etiam
631 4467 750 4520 heri
804 4466 857 4520 in
887 4465 1102 4520 somnio
1139 4465 1246 4517 vidi
1283 4465 1570 4532 quemdam
1620 4466 1713 4533 qui
1756 4463 1885 4516 mihi
1917 4464 2000 4517 di-
2041 4474 2082 4526 ι)
2114 4459 2288 4528 quire.
2331 4459 2421 4513 Ille
2463 4458 2531 4513 ad
2566 4466 2774 4528 portam
2808 4457 3086 4528 speluncae
3125 4471 3382 4526 egressus
3415 4459 3508 4513 ubi
3547 4462 3682 4513 ωιιτ-

440 4568 588 4615 ceret
623 4577 638 4612 :
677 4558 832 4612 Sicut
863 4557 1233 4611 Theodosium
1271 4570 1454 4625 regem
1492 4556 1778 4620 constitui,
1836 4557 1910 4609 ita
1947 4566 2002 4611 et

441 4663 490 4706 te
521 4651 894 4721 patriarcham
923 4650 1222 4703 constituo.
1273 4645 1410 4699 Ecce
1449 4653 1629 4700 autem
1685 4647 2007 4715 colloquen-

439 4747 588 4800 tibus
618 4745 776 4814 ipsis,
815 4742 1101 4812 ingressus
1139 4738 1346 4808 jauitor
1402 4738 1514 4806 regi
1565 4740 1858 4802 ntmtiavit,
1907 4741 2002 4792 ad-

439 4833 656 4888 venisse
715 4829 1060 4886 Alexandriae
1115 4827 1345 4892 incolas,
1397 4828 1490 4895 qui
1564 4828 1810 4882 dicerent
1862 4844 2008 4882 mor-

441 4904 592 4980 tuum
623 4941 746 4980 esse
802 4922 1154 4976 Timotheum
1186 4921 1573 4988 patriareham,
1607 4935 1670 4974 ac
1704 4921 1878 4974 virum
1914 4937 2010 4991 pe-

441 5025 618 5071 terent
651 5031 814 5083 quem
849 5012 1217 5084 patriarcham
1268 5012 1706 5066 constituerent:
1746 5027 1838 5066 rex
1879 5027 2006 5083 ergo

442 5106 626 5158 statim
653 5103 1020 5173 Theophilum
1063 5101 1433 5172 patriarcham
1459 5102 1799 5156 constituens
1828 5103 2004 5171 ipsum

441 5196 823 5250 Alexandriam
867 5193 1031 5258 misit,
1060 5193 1151 5258 qui
1187 5190 1258 5244 ibi
1286 5204 1458 5244 annos
1481 5189 1668 5260 viginti
1695 5201 1816 5243 octo
1845 5192 2005 5254 sedit,

439 5289 563 5340 dein
601 5295 852 5338 mortuus
888 5292 992 5337 cst.
1031 5279 1368 5348 Theophilus
1422 5291 1602 5333 autem
1641 5279 1734 5332 tibi
1772 5281 2010 5332 Alexan-

442 5383 614 5433 driam
651 5380 1018 5450 perveniSSet,
1058 5376 1202 5428 idola
1237 5381 1508 5442 quotquot
1547 5373 1601 5425 in
1658 5389 1719 5424 ea
1761 5376 2007 5438 luerunt,

440 5473 728 5541 conh'egit.
772 5469 1004 5536 Fuitque
1064 5465 1408 5519 AleXandriae
1466 5465 1832 5534 pavimentum
1893 5481 2007 5518 ma-

441 5582 605 5632 gnum
643 5574 1006 5616 marmoreum
1040 5557 1129 5612 cui
1182 5557 1444 5624 inscripta
1477 5566 1633 5608 erant
1689 5558 1791 5607 tria
1835 5553 2007 5609 Theta

444 5661 486 5708 Θ
520 5659 561 5708 Θ
597 5658 638 5707 Θ
687 5664 741 5709 et
795 5657 849 5706 in
899 5652 1132 5706 circuitu
1185 5649 1533 5717 ascriptum:
1581 5647 1681 5712 Qui
1742 5649 1842 5702 tria
1893 5650 2006 5702 haec

445 5748 612 5802 Theta
657 5747 1044 5811 interpretatus
1074 5742 1256 5809 fuerit,
1308 5739 1453 5810 quod
1511 5738 1614 5794 sub
1645 5740 1712 5795 iis
1743 5748 1824 5794 est
1860 5740 2005 5796 acci-

2114 4551 2220 4604 ﬁcii
2251 4551 2324 4605 ibi
2364 4554 2663 4606 constructi
2701 4551 2884 4605 ruinas
2919 4559 3193 4615 cerneret,
3237 4549 3368 4620 quid
3402 4551 3504 4606 hoc
3535 4561 3685 4607 esset

2109 4644 2418 4714 ignoravit;
2450 4658 2678 4713 surgens
2719 4652 2897 4697 tamen
2931 4642 3206 4713 profectus
3231 4650 3316 4698 est
3347 4659 3516 4714 usque
3551 4645 3682 4698 dum

2113 4739 2178 4791 ad
2213 4738 2364 4792 urbis
2409 4735 2603 4805 Ephesi
2642 4744 2849 4805 potam
2881 4736 3242 4804 pervenisset,
3306 4753 3472 4808 supra
3520 4753 3681 4806 quam

2109 4842 2325 4880 crucem
2360 4841 2605 4895 magnam
2640 4827 2958 4880 collocatam
2992 4830 3362 4896 Conspicatns,
3390 4831 3489 4883 hoc
3515 4833 3684 4883 «ιιίςιηι

2110 4920 2254 4988 apud
2310 4937 2369 4974 se
2431 4923 2793 4988 improbans:
2840 4919 2943 4983 Me,
2989 4921 3187 4990 inquit,
3234 4923 3472 4976 dormire
3512 4932 3682 4990 puto;

2110 5016 2296 5070 oculos
2337 5028 2466 5083 ergo
2521 5023 2730 5082 tergere
2772 5013 2937 5080 etrapit
2978 5028 3043 5067 ac
3083 5015 3429 5069 dextrorsum
3465 5025 3518 5066 ct
3550 5016 3686 5068 sini-

2111 5111 2382 5158 strorsum
2419 5102 2870 5169 circumspicere,
2916 5117 3044 5154 num
3098 5104 3302 5173 aliquid
3347 5104 3454 5157 sibi
3493 5113 3678 5155 ηοιιιιιι

2111 5196 2291 5247 videre
2324 5203 2524 5262 posset,
2556 5193 2716 5260 quale
2751 5207 2873 5245 cum
2913 5193 3047 5246 nihil
3099 5203 3368 5252 cerneret,
3419 5192 3684 5248 confusus

2111 5285 2380 5349 substitit,
2418 5285 2529 5337 haec
2562 5285 2703 5353 apud
2742 5300 2800 5339 se
2849 5292 3030 5340 animo
3064 5295 3318 5355 reputans
3343 5283 3620 5339 :Forsitan
3653 5303 3681 5340 ιι

2112 5377 2197 5429 via
2230 5378 2498 5440 abcrravi,
2543 5378 2622 5430 vel
2659 5379 2882 5431 forsitan
2925 5394 3040 5438 non
3063 5385 3145 5430 est
3181 5379 3310 5431 urbs
3359 5377 3461 5430 ista
3506 5378 3684 5446 Ephe—

2111 5484 2223 5522 sus.
2262 5466 2459 5522 Urbem
2495 5483 2628 5522 vero
2661 5471 2940 5537 ingressus
2976 5482 3256 5521 nummum
3287 5483 3445 5538 quem
3486 5469 3678 5524 habuit

2113 5561 2304 5628 pistori
2349 5562 2573 5614 tradidit
2624 5577 2733 5628 quo
2770 5574 2963 5627 panem
3023 5569 3249 5624 emeret,
3289 5563 3460 5630 pistor
3503 5564 3679 5616 virum

2115 5652 2301 5704 habitu
2360 5653 2645 5721 peregrino
2700 5652 3055 5719 eonSpicatus
3107 5653 3365 5720 pavidum
3423 5662 3685 5720 metuque

2111 5751 2552 5809 consternatum,
2585 5756 2837 5798 nummos
2871 5742 3155 5799 habentem
3181 5743 3380 5814 quibus
3405 5742 3552 5799 Dacii
3579 5743 3681 5798 im-
