4034 6214
380 415 515 477 109.7

1396 412 1761 471 EUTYCHII
1798 410 2327 469 ALEXANDiliNl
2380 412 2598 468 l’A'i‘R.

3484 406 3618 469 1028

375 525 645 595 peratoris
690 524 894 594 eﬂigies
952 526 1225 595 insculpta
1274 534 1441 586 esset,
1472 524 1601 590 quid
1654 522 1755 574 huc
1805 529 1955 574 esset
1982 530 2024 584 Α
2060 535 2164 575 nus
2196 521 2507 590 patriarcha
2542 518 2939 582 Antiochenus,
2978 517 3070 586 qui
3104 517 3292 571 decem
3320 529 3493 569 annos
3536 531 3622 569 se-

376 618 617 678 neaeius,
668 617 979 684 suspicatus
1034 615 1186 668 illum
1241 612 1401 683 532
1436 614 1755 667 thesaurum
1800 611 1953 663 inve-

374 712 549 774 nisse,
606 707 764 762 Unde
795 743 813 771 ,
841 706 1037 775 inquit,
1070 707 1164 759 tibi
1218 716 1303 759 est
1357 720 1611 760 nummus
1640 703 1778 757 iste?
1836 704 1955 767 Quo

376 800 513 853 nihil
560 798 949 867 respondente,
1009 798 1260 850 homines
1318 797 1673 860 inclamavit,
1717 808 1950 864 quorum

377 905 573 960 magno
608 888 749 957 apud
778 890 954 957 ipsmn
989 900 1135 944 coetu
1171 898 1531 959 congregato,
1561 889 1852 958 ipsumque
1877 878 1955 941 al;

379 985 656 1051 loquente,
692 995 816 1034 cum
858 979 949 1033 ille
997 981 1206 1034 nullum
1238 982 1373 1048 ipsis
1414 996 1733 1046 responsum
1772 981 1955 1034 redde-

377 1082 479 1133 ret,
505 1074 579 1125 illi
608 1088 730 1126 eum
769 1073 832 1125 ad
869 1072 1159 1140 patricium
1208 1071 1331 1125 urbi
1367 1073 1682 1141 praefectum
1736 1073 1955 1126 nomine

378 1167 726 1234 Antipatrum
758 1165 1128 1226 abduxerunt,
1152 1163 1248 1234 qtti
1281 1180 1404 1218 eum
1446 1165 1609 1217 etiam
1657 1164 1952 1229 allocutus,

379 1260 594 1327 ipsique
625 1258 865 1311 minatus
889 1265 996 1311 est.
1047 1257 1137 1311 Ille
1167 1268 1345 1310 tamen
1370 1256 1504 1310 nihil
1531 1257 1834 1327 respondit.
1861 1260 1958 1311 Ac-

377 1353 540 1404 cessit
594 1350 755 1403 etiam
815 1350 880 1402 ad
926 1350 1103 1418 ipsum
1158 1348 1378 1404 Marcus
1433 1349 1587 1403 urbis
1639 1351 1954 1419 episcopus,

379 1440 469 1507 qui
505 1440 682 1507 ipsum
713 1438 939 1502 affatus,
981 1453 1080 1492 nec
1111 1437 1276 1491 ullum
1318 1438 1443 1491 tulit
1482 1454 1829 1507 rcspoasum.
1867 1440 1957 1492 Ille

377 1545 530 1598 ergo,
565 1546 674 1598 quo
720 1530 895 1598 ipsum
948 1537 1199 1593 terreret,
1238 1528 1374 1594 Nisi,
1420 1530 1619 1598 inquit,
1671 1546 1770 1584 nos
1820 1531 1957 1583 allu-

378 1623 589 1692 quaris,
642 1636 705 1674 ac
765 1621 909 1676 unde
944 1621 1041 1674 tibi
1078 1622 1244 1675 fuerit
1290 1638 1548 1676 nummus
1598 1623 1702 1676 iste
1749 1623 1956 1686 cdicas,

382 1728 560 1769 morte
592 1724 645 1767 te
693 1715 1074 1767 innltahimus.
1136 1712 1380 1774 Necdum
1413 1722 1597 1769 tamen
1653 1716 1957 1784 respondit,

380 1809 529 1877 loqui
558 1809 774 1863 scilicet
838 1807 1092 1861 abnuens
1156 1815 1303 1860 tnetn
1362 1805 1518 1860 Dacii
1584 1807 1955 1877 imperatoris,

381 1900 540 1969 quasi
571 1900 687 1967 ipse
720 1899 899 1953 adhuc
929 1899 1135 1950 viveret
1171 1898 1372 1964 (adhuc
1403 1898 1548 1952 enim
1586 1900 1759 1967 ipsum
1793 1900 1845 1955 in
1881 1902 1960 1953 vi-

383 1992 466 2044 vis
514 2004 806 2057 superesse
861 1988 1132 2055 putabat).
1178 1985 1358 2057 Plagis
1391 2002 1520 2057 ergo
1553 1991 1728 2058 ipsum
1760 1989 1959 2044 aliecc-

382 2091 529 2145 runt,
566 2095 799 2149 quarum
858 2080 1101 2133 dolorem
1137 2080 1227 2133 ubi
1259 2081 1452 2146 sensit,
1487 2079 1610 2146 Ubi,
1642 2084 1839 2150 inquit,
1876 2089 1961 2135 est

385 2175 581 2227 Dacius
615 2172 752 2226 rex?
787 2171 1261 2241 Respondentibus
1309 2173 1418 2227 illis
1471 2171 1693 2228 Dacium
1725 2175 1961 2243 impera-

384 2277 555 2320 torem
594 2275 872 2318 mortuum
925 2278 1068 2329 esse,
1103 2267 1417 2335 multosque
1456 2275 1580 2335 post
1624 2265 1801 2335 ipsum
1859 2268 1962 2320 im-

383 2360 534 2429 perio
565 2361 769 2428 potitos
797 2373 977 2427 reges,
1005 2358 1319 2428 Christique
1351 2359 1510 2415 iidem
1541 2360 1874 2424 obtinuisse,
1907 2371 1961 2415 et

383 2453 608 2522 quijam
644 2453 940 2523 imperaret
974 2449 1344 2506 Theodosium
1394 2450 1645 2520 Magnum
1672 2468 1812 2514 eSs'e.
1846 2461 1958 2507 tum

384 2547 602 2598 sublato
633 2554 778 2598 metu
816 2544 1001 2598 omnia
1032 2560 1154 2612 qua:
1188 2544 1292 2597 sibi
1326 2544 1664 2599 accidissent
1692 2546 1957 2599 narravit.

384 2639 539 2692 Illum
572 2651 702 2705 ergo
731 2636 798 2691 ad
829 2638 1147 2706 speluncam
1181 2638 1430 2692 comitati
1467 2638 1540 2690 ibi
1574 2640 1755 2695 soeios
1787 2640 1960 2708 ipsius

384 2738 812 2798 conspexerunt,
865 2742 967 2782 IICC
1018 2743 1122 2780 non
1167 2743 1349 2782 arcam
1389 2743 1595 2783 aeneam
1636 2740 1961 2798 repererunt

383 2822 545 2889 eique
612 2823 877 2873 inclusam
941 2820 1197 2873 laminam
1257 2818 1563 2888 plumbeam
1621 2820 1671 2872 in
1706 2835 1811 2890 qua
1860 2823 1960 2876 de-

384 2920 586 2980 Scripta
622 2918 741 2964 erat
800 2910 1044 2979 ipsorum
1092 2910 1346 2973 historia,
1382 2923 1434 2964 et
1490 2912 1623 2980 quid
1666 2912 1799 2981 ipsis
1836 2928 1959 2967 cum

388 3003 719 3073 imperatore
765 3001 1118 3073 533-535
1174 3001 1338 3057 Dacio
1370 3003 1720 3073 contigisset,
1767 3004 1963 3059 litteris

392 3094 687 3148 mandante
719 3091 978 3148 Tadduso
1012 3094 1161 3147 Daeii
1198 3095 1550 3163 imperatoris
1586 3095 1840 3163 patricio.
1869 3093 1963 3149 His

392 3186 443 3239 in
489 3202 759 3240 snnnnant
800 3186 1220 3239 admirationem
1291 3189 1428 3254 rapti
1490 3186 1552 3240 ad
1588 3185 1958 3240 Theodosium
1990 3223 2031 3278 Ο

389 3294 569 3347 regem
627 3279 838 3332 litteras
872 3279 1206 3348 scripserunt
1239 3278 1440 3345 quibus
1491 3294 1612 3331 eum
1653 3281 1842 3331 barum
1877 3293 1961 3330 re—

391 3386 510 3423 rmn
538 3371 829 3424 certiorem
855 3369 1233 3424 reddiderunt.
1264 3368 1365 3435 Qui
1389 3385 1519 3439 ergo
1544 3384 1853 3423 conscenso
1876 3384 1965 3423 ve-

392 3462 523 3515 redo
566 3463 757 3515 urbem
797 3461 1067 3530 Ephesum
1126 3469 1314 3530 petens
1352 3462 1425 3514 ibi
1476 3460 1599 3515 illos
1633 3469 1687 3515 et
1729 3461 1863 3515 vidit
1912 3472 1966 3516 et

390 3554 702 3607 collocutus
747 3567 852 3607 εει.
921 3555 991 3605 At
1023 3554 1198 3607 tribus
1236 3560 1357 3622 post
1387 3552 1599 3615 diebus,
1630 3569 1752 3608 cum
1782 3554 1848 3608 ad
1885 3555 1967 3624 ip-

392 3659 486 3699 sos
518 3645 573 3698 in
604 3645 922 3713 speluncam
971 3646 1249 3710 introiret,
1285 3645 1436 3714 ipsos
1465 3645 1577 3713 jam
1611 3656 1857 3701 mortuos
1884 3647 1968 3700 in-

392 3736 564 3791 venit.
599 3734 772 3790 Jussit
802 3750 931 3806 ergo
980 3750 1051 3789 ne
1116 3736 1242 3789 inde
1298 3739 1691 3805 educerentur,
1756 3740 1850 3794 sed
1910 3742 1963 3794 in

396 3829 516 3898 ipsa
570 3828 830 3897 spelunca
886 3828 1127 3897 sepeliri,
1162 3839 1216 3882 et
1253 3845 1419 3900 super
1471 3831 1623 3899 ipsos
1674 3833 1964 3887 ecclesiam

392 3918 593 3972 struxit
620 3933 742 3987 quae
778 3920 1021 3989 ipsorum
1070 3919 1291 3974 nomine
1331 3921 1589 3991 insignita
1615 3931 1720 3987 est,
1776 3937 1840 3977 ac
1888 3921 1964 3977 fe-

395 4023 539 4064 stum
579 4011 632 4063 in
679 4011 918 4079 ipsorum
946 4010 1177 4082 gratiam
1199 4012 1507 4067 institutum
1532 4028 1596 4066 eo
1622 4014 1705 4068 die
1735 4022 1968 4084 quotan-

393 4102 481 4156 nis
531 4102 886 4155 celebratur:
922 4103 1047 4157 dein
1106 4102 1649 4173 Constantinopolim
1711 4119 1969 4160 reversus

393 4203 475 4246 est
502 4190 841 4248 Theodosius
866 4210 982 4248 rex.

460 4284 579 4339 Jam
612 4300 642 4338 a
679 4294 947 4354 tempore,
993 4302 1101 4355 quo
1137 4302 1166 4338 a
1200 4284 1367 4341 Dacio
1422 4288 1753 4358 imperatore
1815 4288 1970 4359 fuge-

393 4388 521 4431 runt
556 4379 705 4446 pueri
742 4377 831 4431 isti
864 4378 917 4431 in
950 4378 1266 4445 speluncam
1313 4386 1477 4447 atque
1525 4378 1578 4432 in
1612 4393 1677 4434 ea
1718 4379 1970 4436 dormie-

395 4477 545 4534 runt,
575 4469 642 4521 ad
670 4479 884 4537 tempus
907 4484 1014 4536 quo
1046 4483 1262 4523 rursum
1281 4479 1654 4538 apparuerunt
1679 4485 1742 4524 ac
1768 4471 1969 4525 mortui

2053 612 2155 669 dit.
2191 612 2315 666 dein
2346 620 2597 665 mortuus
2624 620 2725 663 est.
2753 610 2910 662 Anno
2942 609 3152 677 imperii
3171 606 3415 674 ejusdem
3434 614 3624 659 octavo

2055 703 2393 756 constitutus
2429 714 2513 757 est
2561 701 2808 756 Joannes
2841 700 3150 770 patriarcha
3178 696 3626 766 Hierosolymita-

2058 812 2182 855 nus.
2218 796 2310 850 ubi
2345 812 2520 849 annos
2556 795 2834 849 sexdecim
2864 793 3028 855 sedit,
3071 792 3197 845 dein
3232 800 3487 844 mortuus
3516 799 3620 843 est.

2058 888 2331 956 Tempore
2368 889 2494 941 item
2530 886 2822 941 Theodosii
2877 885 3025 953 regis
3070 882 3256 937 floruit
3291 881 3626 951 Epiphanius

2058 984 2221 1054 Cypri
2273 982 2593 1052 episcopus.
2650 980 2863 1034 Struxit
2920 978 3086 1033 etiam
3144 976 3496 1031 Theodosius
3533 990 3625 1029 rex

2060 1072 2458 1144 Hierosolymis
2494 1072 2781 1137 ecclesiam
2833 1069 3153 1125 Jesmaniah
3197 1070 3251 1123 in
3306 1084 3415 1137 qna
3449 1070 3628 1137 Sepul-

2059 1181 2212 1220 crum
2247 1176 2367 1219 erat
2420 1176 2628 1219 sanctae
2673 1163 2874 1228 Mariae,
2917 1177 3081 1231 quam
3118 1161 3405 1214 diruerunt
3453 1161 3628 1215 Persa:

2060 1270 2168 1324 quo
2206 1265 2447 1323 tempore
2482 1252 2860 1322 Hierosolyma
2888 1265 3061 1319 usque
3106 1248 3332 1316 profecti
3375 1249 3627 1305 eet-.lcsias

2060 1347 2591 1416 Hierosolymitanas
2650 1345 3077 1405 destruxerunt,
3124 1343 3260 1397 adeo
3295 1350 3353 1396 ut
3403 1344 3456 1395 in
3488 1343 3627 1397 hunc

2063 1454 2234 1508 usque
2264 1439 2406 1492 diem
2432 1448 2655 1493 vastata:
2687 1444 2963 1491 maneant.

2133 1529 2303 1584 Porro
2328 1545 2472 1583 anno
2500 1529 2713 1598 imperii
2753 1527 3040 1582 Theodosii
3079 1529 3223 1593 regis
3244 1526 3456 1581 decimo
3487 1540 3625 1579 mor-

2062 1632 2187 1677 tuus
2211 1630 2295 1676 est
2335 1621 2514 1675 Sabur
2555 1620 2752 1675 Saburi
2793 1620 2940 1675 filius
2970 1636 3062 1674 rex
3113 1619 3448 1683 Persarum;
3504 1629 3625 1687 post

2059 1728 2219 1781 quem
2252 1712 2498 1781 regnavit
2525 1711 2759 1766 Bahram
2799 1710 2999 1767 Saburi
3033 1711 3176 1766 filius
3206 1726 3300 1766 rex
3341 1710 3625 1766 Persarum

2062 1817 2236 1857 annos
2271 1804 2550 1867 undecim,
2596 1818 2625 1855 a
2652 1819 2763 1872 quo
2793 1813 3036 1873 tempore
3068 1803 3354 1859 fruebatur
3384 1804 3629 1859 Theodo-

1994 1872 2035 1926 Β
2063 1896 2127 1949 sii
2157 1912 2383 1966 regnum
2438 1898 2841 1968 tranquillitate
2884 1907 2939 1952 et
2978 1913 3115 1968 pace
3143 1938 3159 1965 ,
3207 1899 3335 1953 dein
3386 1907 3629 1952 mortuus

2062 1998 2165 2041 est.
2195 1986 2442 2040 Mortuus
2464 1994 2549 2042 est
2577 1988 2742 2041 etiam
2783 1986 3131 2044 Theodosius
3165 2003 3257 2043 rex
3295 1988 3633 2044 succedenti-

2063 2078 2165 2130 bus
2198 2077 2299 2147 ipsi
2331 2078 2560 2147 imperio
2589 2077 2718 2132 filiis
2763 2078 2936 2155 ipsius
2985 2080 3218 2135 Arcadio
3269 2090 3322 2134 et
3370 2077 3631 2135 Honorio.

2061 2167 2352 2239 Imperavit
2379 2180 2562 2225 autem
2578 2172 2847 2228 Arcadius
2871 2171 3135 2229 Romanis
3158 2174 3630 2243 CunSIantinopoli

2066 2276 2240 2315 annos
2269 2260 2535 2315 tredecim
2570 2280 2585 2327 ;
2627 2262 2797 2316 frater
2825 2278 2954 2317 vero
2999 2264 3172 2333 ipsius
3209 2263 3485 2319 Honorius
3513 2264 3631 2318 urbi

2068 2354 2249 2405 Romae
2283 2370 2461 2408 annos
2486 2355 2739 2408 undecim
2773 2372 2787 2420 ;
2834 2356 2992 2426 idque
3021 2371 3165 2413 anno
3197 2358 3349 2427 regni
3378 2357 3634 2413 Bahrami

2064 2448 2161 2501 lilii
2231 2448 2459 2518 Saporis
2505 2448 2799 2505 Persarum
2854 2451 3001 2521 regis
3048 2453 3304 2522 septimo.
3365 2456 3636 2508 Arcadius

2063 2552 2241 2595 autem
2277 2558 2369 2594 rex
2394 2553 2788 2612 praeceptorem
2811 2542 3167 2615 537-539
3187 2561 3346 2601 suum
3372 2548 3636 2601 Arsanem

2063 2633 2129 2687 ad
2159 2649 2346 2689 necem
2386 2635 2639 2703 quazsivit
2667 2650 2777 2705 prae
2803 2651 2869 2689 eo
2894 2636 3039 2706 quod
3071 2653 3198 2708 erga
3239 2640 3413 2708 ipsum
3443 2640 3497 2693 in
3521 2640 3640 2693 ani—

2066 2741 2154 2779 mo
2190 2726 2415 2795 gerebat
2451 2728 2599 2781 odio.
2629 2728 2807 2797 Cujus
2838 2729 2914 2783 rei
2951 2730 3151 2785 certior
3185 2729 3361 2785 factus
3396 2732 3637 2786 Arsanes

2063 2815 2454 2872 Alexandriam
2486 2817 2699 2888 fugiens
2727 2820 3119 2876 monachatmn
3156 2822 3440 2892 professus
3471 2833 3556 2879 est
3583 2825 3638 2879 in

2067 2909 2401 2962 moaasterio
2436 2909 2680 2977 quodam
2746 2911 2886 2980 quod
2933 2911 2986 2965 in
3040 2912 3175 2966 valle
3225 2912 3456 2977 llobaib,
3487 2913 3641 2981 juxta

2067 2996 2301 3062 Tarnut,
2335 3000 2501 3055 situm
2532 3010 2637 3062 est,
2672 3010 2726 3056 et
2776 3001 2934 3056 Askit
2975 3004 3328 3073 appellatum.
3369 3006 3640 3059 Arcadius

2068 3089 2268 3145 deinde
2308 3103 2436 3148 nato
2484 3094 2586 3148 sibi
2634 3094 2766 3161 filio,
2825 3096 2910 3149 cui
2939 3095 3232 3152 Theodosii
3269 3113 3465 3151 nomen
3500 3098 3644 3152 indi-

2068 3184 2168 3249 dit,
2236 3187 2497 3240 Arsanem
2560 3198 2952 3258 praeceptorem
2990 3206 3151 3246 suum
3216 3196 3428 3259 rogavit
3489 3200 3640 3246 utet

2070 3276 2237 3329 ﬁlium
2267 3290 2426 3330 suum
2460 3275 2719 3344 doceret;
2751 3293 2984 3350 cumque
3018 3280 3120 3350 ipsi
3148 3283 3457 3336 nuntiatum
3496 3297 3641 3338 esset

2067 3366 2242 3435 ipsum
2267 3367 2323 3421 in
2349 3364 2641 3439 Egyptum
2671 3369 2796 3440 fuga
2818 3372 3059 3442 elapsum
3084 3374 3251 3427 vitam
3282 3379 3636 3431 monasticam

2067 3459 2138 3512 ibi
2175 3460 2230 3513 in
2278 3464 2624 3515 monasterio
2653 3461 2809 3517 Askit
2837 3465 3104 3534 proﬁteri,
3129 3466 3280 3520 misit
3311 3480 3430 3536 post
3461 3470 3635 3537 ipsum

2069 3552 2162 3621 qui
2193 3560 2248 3605 et
2284 3552 2406 3607 vita
2455 3567 2710 3608 securum
2738 3570 2862 3611 esse
2890 3556 3132 3623 juberet.
3161 3557 3422 3613 ltenueus
3458 3568 3635 3614 autem

2072 3644 2313 3697 Arsanes
2357 3640 2593 3715 [venire]
2641 3647 2837 3702 nuntio
2884 3648 3168 3705 blanditus
3193 3658 3275 3705 est
3310 3654 3445 3705 adeo
3478 3662 3534 3703 ut
3568 3652 3637 3703 ab

2071 3735 2188 3802 ipso
2219 3734 2541 3791 discederet.
2576 3737 2782 3793 Deinde
2833 3751 3082 3794 metuens
3122 3757 3189 3796 ne
3218 3744 3459 3796 mitteret
3491 3742 3633 3813 [rex]

2069 3830 2162 3894 qui
2196 3829 2243 3878 vi
2281 3826 2459 3896 ipsum
2495 3828 2858 3896 abducerent,
2913 3829 3141 3886 Saidum
3193 3831 3410 3904 Egypti
3457 3835 3641 3902 profe-

2069 3927 2189 3971 ctus
2239 3919 2312 3972 ibi
2382 3920 2434 3971 in
2473 3928 2656 3974 monte
2712 3918 3005 3976 Mokattam
3041 3937 3072 3978 e
3101 3923 3321 3994 regione
3374 3924 3477 3979 vici
3508 3925 3641 3978 dicti

2070 4008 2210 4062 'l'ora
2247 4009 2526 4074 habitavit,
2553 4011 2640 4065 ubi
2666 4021 2952 4082 postquam
2982 4023 3093 4070 tres
3111 4030 3284 4071 annos
3307 4016 3641 4071 substitisset

2072 4110 2320 4155 mortuus
2356 4109 2467 4156 est.
2502 4100 2640 4156 Tum
2676 4119 2806 4157 vero
2831 4105 3004 4160 alium
3054 4108 3308 4162 nuntium
3349 4106 3498 4163 misit
3542 4113 3644 4162 Ar~

2070 4192 2262 4247 cadius
2294 4208 2386 4247 rex
2417 4193 2510 4264 qui
2548 4210 2672 4251 eum
2702 4196 2751 4251 vi
2785 4197 3102 4263 adduceret,
3130 4200 3219 4253 cui
3251 4214 3376 4253 cum
3417 4205 3485 4255 ad
3519 4216 3639 4257 mo-

2073 4286 2378 4339 nasterium
2428 4285 2587 4342 Askit
2619 4293 2958 4358 pervenisset
2988 4292 3298 4346 nuntiatum
3326 4302 3430 4357 est,
3462 4296 3633 4348 Arsa-

2073 4392 2196 4432 nem
2250 4377 2364 4447 jam
2404 4380 2457 4433 in
2493 4388 2678 4435 monte
2731 4380 3024 4436 Mokattam
3055 4398 3086 4438 e
3114 4384 3253 4438 vivis
3314 4386 3637 4441 excessissi‘.

2075 4468 2360 4525 Reversus
2388 4486 2517 4541 ergo
2547 4475 2772 4529 nuntius
2802 4475 2934 4529 illud
2972 4477 3084 4546 regi
3114 4479 3373 4533 narravit.
3409 4478 3521 4533 Rex
3545 4479 3646 4548 igi-

393 4568 549 4622 sunt,
572 4557 729 4626 juxta
773 4557 905 4611 illud
935 4557 1081 4626 quod
1108 4558 1160 4611 in
1200 4559 1424 4612 historia
1455 4561 1699 4629 martyrii
1727 4561 1971 4628 ipsorum
2006 4566 2050 4622 υ
2081 4572 2169 4616 tur
2209 4564 2381 4619 misso
2409 4567 2678 4619 monacho
2710 4567 2797 4621 cui
2828 4582 3025 4622 nomen
3057 4566 3302 4634 Trasius,
3331 4584 3503 4640 eoque
3525 4572 3646 4638 opi-

396 4650 652 4718 legimus,
707 4649 834 4700 anni
890 4657 1017 4701 sunt
1064 4656 1367 4703 tercentum
1435 4652 1777 4722 septuaginta
1832 4653 1960 4707 duo.

394 4737 566 4793 l’orro
598 4751 741 4790 anno
771 4737 981 4806 imperii
1025 4737 1315 4794 Theodosii
1349 4739 1527 4812 Magni
1564 4740 1778 4796 decimo
1805 4744 1964 4796 tertio

397 4831 737 4885 constitutus
789 4840 875 4883 cst
911 4829 1139 4885 Siricius
1189 4832 1498 4900 patriarcha
1535 4830 1836 4897 Romanus,
1872 4835 1966 4903 qui

395 4923 686 4980 duodecim
722 4937 899 4977 annos
933 4923 1093 4987 sedit,
1128 4926 1255 4977 dein
1283 4935 1534 4981 mortuus
1570 4935 1672 4980 est.
1708 4926 1964 4995 Ejusdem

397 5016 608 5085 itnpcrii
641 5029 787 5067 anno
815 5015 1031 5068 decimo
1065 5020 1299 5084 septimo
1345 5029 1595 5072 mortuus
1646 5028 1726 5072 est
1760 5016 1966 5071 Nekta-

397 5109 516 5161 rius
559 5107 868 5176 patriarcha
912 5106 1580 5176 Constantinopolitanns,
1615 5110 1707 5178 qui
1767 5110 1963 5162 ibidem

400 5214 620 5251 munere
636 5199 990 5267 patriarchali
1015 5199 1236 5251 functus
1267 5200 1443 5252 fuerat
1468 5215 1638 5253 annos
1662 5201 1964 5254 sexdecim.

400 5291 527 5344 l’ost
561 5306 721 5359 quem
758 5292 1066 5359 patriarcha
1091 5290 1727 5359 Constantinupolitantts
1763 5292 1970 5346 consti-

401 5390 550 5435 tutus
575 5390 660 5435 est
684 5380 924 5435 Joannes
956 5383 1403 5451 Chrysostomus,
1436 5383 1530 5449 qui
1559 5396 1684 5435 cum
1711 5383 1784 5437 ibi
1806 5386 1971 5453 quin-

403 5487 510 5537 que
543 5486 717 5525 annos
746 5479 797 5525 et
826 5470 1015 5526 decem
1064 5487 1286 5527 menses
1310 5470 1474 5542 536
1525 5475 1866 5531 substitisset
1914 5477 1970 5531 in

402 5558 648 5611 exsilium
674 5562 864 5627 pulsus
895 5564 944 5613 in
974 5561 1163 5615 eodem
1212 5572 1459 5617 mortuus
1488 5571 1592 5616 est.
1626 5566 1784 5618 Anno
1806 5568 1976 5635 impe-

405 5649 470 5700 rii
501 5646 738 5712 ejusdem
769 5663 923 5705 sexto
957 5664 1175 5707 creatus
1201 5662 1286 5707 est
1316 5652 1610 5709 Flavianus
1659 5658 1969 5725 patriarcha

403 5736 801 5805 Antiochenus,
831 5742 926 5809 qui
963 5759 1088 5798 cum
1122 5759 1213 5799 sex
1246 5759 1423 5803 annos
1460 5746 1690 5803 sedisset
1724 5762 1974 5808 mortuus

410 5836 516 5880 est.
551 5828 711 5885 Anno
768 5831 1017 5897 ejusdem
1051 5836 1381 5892 duodecimo
1429 5836 1605 5894 factus
1653 5852 1733 5898 cst
1765 5842 1973 5901 Barbu-

2074 4662 2174 4710 bus
2226 4657 2519 4724 instructo,
2553 4656 2701 4713 Vade
2730 4659 2953 4731 (inquit)
2988 4672 3043 4716 et
3093 4677 3260 4733 super
3302 4664 3528 4721 Arsanis
3556 4675 3641 4718 tu-

2070 4748 2219 4799 mulo
2280 4750 2676 4803 monasterium
2729 4761 2949 4807 exstrue
2994 4755 3137 4822 quod
3194 4755 3368 4822 ipsius
3426 4756 3645 4811 nomine

2072 4840 2393 4908 appelletur.
2428 4839 2710 4897 Profectus
2746 4860 2876 4914 ergo
2898 4845 3123 4901 Trasius
3154 4846 3449 4919 Egyptum
3480 4864 3645 4917 super

2080 4930 2308 4982 Arsanis
2364 4928 2526 5001 550
2576 4935 2828 5003 sepulcro
2891 4939 3280 4991 monasterium
3334 4939 3642 4997 exsuuxit,

2073 5023 2217 5088 quod
2252 5022 2304 5073 in
2348 5030 2530 5076 rnonte
2558 5024 2849 5078 Mukattaut
2884 5030 3052 5082 situm
3084 5036 3170 5083 est
3205 5038 3258 5083 et
3296 5030 3391 5085 Die
3424 5031 3644 5086 Alkasir

2078 5126 2248 5179 usque
2275 5113 2339 5165 ad
2366 5113 2509 5167 hunc
2547 5115 2689 5168 diem
2720 5120 3042 5186 appellatur.

2148 5201 2317 5256 Porru
2347 5206 2397 5257 in
2430 5204 2669 5275 Aigypto
2701 5211 2991 5279 episcopus
3021 5212 3241 5281 quidam
3269 5215 3509 5268 moriens
3537 5224 3646 5267 tres

2083 5294 2221 5349 filios
2255 5298 2473 5365 reliquit
2504 5300 2595 5367 qui
2634 5300 2799 5353 vitam
2827 5305 3179 5358 monasticam
3214 5304 3444 5374 professi
3468 5306 3644 5360 Askiti

2079 5387 2360 5450 sederunt,
2394 5405 2625 5457 quorum
2660 5407 2828 5445 unum
2864 5393 3131 5448 adscitum
3174 5393 3507 5465 TheOphilns
3549 5413 3646 5466 pa-

2081 5479 2318 5531 triarcaa
2336 5481 2743 5535 Alexandrinus
2768 5484 3087 5554 episcopum
3117 5487 3172 5540 in
3199 5487 3405 5557 aliquot
3425 5487 3647 5559 ,Ἐπιιιὶ

2083 5571 2245 5623 urbes
2280 5572 2586 5635 constituit,
2646 5573 2886 5643 reliquos
2932 5578 3069 5631 duos
3115 5578 3379 5633 diaconos
3430 5582 3647 5649 sibique

2083 5661 2413 5730 discipulos;
2448 5666 2542 5734 qui
2574 5680 2703 5734 ergo
2726 5666 3033 5736 Theophila
3058 5669 3380 5737 patriarcha:
3414 5670 3648 5724 Alexan-

2085 5753 2245 5808 drino
2278 5754 2650 5811 inservierunt
2693 5775 2709 5815 ;
2742 5768 2797 5813 at
2820 5760 3007 5829 elapso
3038 5761 3274 5820 triennio
3308 5763 3504 5817 iterum
3536 5765 3646 5818 As-

2085 5846 2260 5901 kitum
2297 5851 2498 5905 reverti
2527 5850 2826 5921 cupientes,
2860 5867 2983 5907 cum
3019 5852 3168 5924 ipsos
3195 5854 3263 5909 id-
3287 5855 3468 5911 facere
3500 5864 3647 5911 veta-

2252 5935 2378 5942 m._..
2386 5938 2427 5943 .-
