4034 6214
355 283 492 348 1029

1763 285 2143 348 ANNALES.

3488 299 3626 364 10.“.0

350 411 435 456 ret
486 399 858 471 Theophilus,
914 399 1035 454 sine
1067 399 1244 471 ipsius
1296 402 1570 472 permissu
1630 401 1888 456 abierunt
1919 417 1932 464 ;
1967 406 2006 459 Α
2043 408 2149 453 tem
2185 401 2606 473 Chrysostonms
2655 402 2722 456 ad
2772 402 3140 474 Epiphanium
3193 405 3356 477 Cypri
3408 411 3625 481 (μρῑςι-ο-

351 506 515 561 quam
543 492 614 546 oh
645 505 868 547 causam
901 490 1037 561 ipsis
1097 490 1442 546 Eucharistia
1487 495 1552 546 ad
1603 501 1716 547 tres
1760 505 1935 544 annos

353 579 659 638 interdixit.
752 582 832 636 llli
912 597 1044 652 ergo
1120 581 1388 638 Joannem
1475 581 1932 654 Chrysostomum

354 674 615 730 adeuntes
669 674 848 744 ipsum
907 682 1168 745 rogarunt
1202 684 1260 727 ιιι
1316 674 1383 730 ad
1417 673 1784 743 Theophilum
1840 689 1937 743 pa-

349 769 652 824 triarcham
689 768 1123 821 Alexandrinum
1175 768 1386 822 litteras
1433 769 1700 823 scriberet
1733 767 1933 836 quibus

355 862 424 916 ab
457 860 548 914 illo
576 870 785 931 peteret
820 869 877 914 ιιι
907 861 1037 930 ipsis
1067 859 1424 914 Eucharistim
1457 863 1672 930 copiam
1709 860 1933 915 faceret.

350 956 594 1012 Joannes
620 971 748 1023 ergo
783 955 1217 1027 Chrysostmnus
1254 954 1438 1011 missis
1476 971 1571 1025 per
1604 958 1754 1023 ipsos
1790 957 1933 1010 litte-

357 1053 434 1106 ris
470 1050 536 1104 atl
574 1049 936 1119 Theophilum
975 1048 1342 1119 patriarcham
1374 1047 1812 1103 Alexandrinum
1841 1063 1931 1101 ro-

351 1143 496 1214 gavit
548 1129 722 1195 'illum
797 1150 855 1195 ιιι
915 1156 1038 1195 cum
1103 1140 1234 1210 ipsis
1289 1141 1338 1193 itt
1398 1141 1628 1211 gratiam
1701 1139 1928 1195 rediret.

351 1231 503 1299 Quod
557 1248 680 1286 cum
730 1232 820 1285 ille
852 1232 1030 1286 facere
1077 1234 1270 1298 nollet,
1312 1233 1515 1287 reversi
1564 1234 1758 1286 iterum
1805 1239 1932 1285 sunt

350 1331 416 1379 au
473 1325 740 1380 Joannem
801 1323 1285 1395 Chrysostoutum,
1338 1326 1429 1394 qui
1484 1324 1635 1394 ipsos
1684 1323 1751 1377 ad
1825 1322 1932 1377 Eu-

351 1419 673 1473 rltaristiant
729 1419 993 1474 accedere
1038 1418 1229 1488 jussit.
1286 1409 1434 1473 Orta"
1468 1429 1551 1472 est
1605 1431 1736 1486 ergo
1787 1415 1933 1469 inter

350 1513 713 1584 TlteOphilum
742 1513 1106 1583 patriarchatn
1134 1510 1564 1565 Alexandrinum
1587 1520 1641 1564 et
1662 1507 1929 1564 Joannem

350 1608 809 1677 Chrysostomttm
847 1604 1122 1669 simultas.
1169 1604 1346 1656 Porro
1388 1602 1490 1656 fuit
1533 1611 1779 1670 tempore
1827 1600 1931 1653 Ar-

350 1699 490 1752 cadii
530 1696 904 1752 Romanorum
935 1697 1306 1767 imperatoris,
1333 1695 1414 1749 vir
1439 1695 1661 1766 quidam
1708 1693 1931 1748 nomine

351 1791 768 1860 Theognostes,
834 1789 1032 1859 Opibus
1096 1789 1422 1853 abundans,
1474 1788 1563 1842 cui
1623 1787 1931 1842 invidentes

351 1881 704 1953 541-543
741 1881 984 1936 nonnulli
1011 1892 1196 1935 contra
1229 1883 1403 1949 ipsum
1441 1879 1583 1949 apud
1631 1894 1809 1949 regem
1849 1889 1930 1933 te-

350 1975 669 2028 stimonium
702 1973 876 2028 tulere
919 1974 1096 2043 ipsum
1140 1973 1296 2026 [idem
1328 1974 1655 2042 ahuegasse,
1708 1973 1932 2043 regique

351 2069 718 2122 conviciatum
788 2067 1009 2123 fuisse:
1067 2083 1230 2136 quam
1296 2066 1366 2123 ob
1405 2080 1629 2120 causam
1684 2081 1777 2119 rex
1813 2067 1931 2136 ipso

352 2160 406 2213 in
462 2160 717 2214 exsilium
768 2161 927 2230 pulso
981 2159 1123 2215 bona
1182 2159 1306 2231 ejus
1364 2160 1613 2229 diripuit.
1671 2158 1929 2230 Ejusdem

355 2253 507 2305 uxori
541 2253 696 2306 vinea
749 2251 851 2306 fuit
883 2268 980 2322 per
1012 2267 1175 2322 quam
1228 2255 1501 2308 transiens
1541 2252 1784 2308 Eudoxia
1842 2269 1931 2306 re-

353 2339 500 2408 gina,
538 2339 608 2393 ob
655 2340 826 2410 ipsius
877 2341 1346 2408 pulchritudinem
1385 2343 1729 2412 concupivit.
1762 2341 1932 2414 Cujus

351 2438 496 2483 esset
549 2445 680 2500 ergo
731 2445 854 2484 cum
907 2439 1175 2501 rogasset,
1208 2431 1416 2484 dictttm
1466 2440 1550 2485 est
1597 2433 1698 2501 ipsi
1742 2434 1932 2486 uxoris

351 2537 474 2575 esse
503 2521 786 2589 cujusdam
838 2538 868 2576 a
905 2538 1029 2592 rege
1058 2524 1112 2577 in
1142 2523 1395 2578 exsilium
1427 2523 1590 2592 pulsi.
1613 2522 1750 2578 Tum
1793 2526 1881 2578 illa
1916 2543 1931 2580 :

351 2616 522 2680 Quam
557 2617 744 2670 vellem
786 2614 1008 2686 (inquit)
1045 2624 1102 2668 ut
1133 2614 1266 2668 mihi
1300 2624 1466 2680 esset,
1498 2630 1608 2685 quo
1651 2616 1706 2670 in
1755 2618 1930 2686 ipsant

357 2723 442 2759 me
484 2708 867 2762 oblectationis
902 2721 1069 2761 causa
1102 2707 1404 2775 reciperem
1439 2708 1451 2761 l
1503 2708 1929 2778 Responderunt

350 2816 382 2854 e
409 2799 682 2869 pra-lectis
715 2799 988 2855 nonnulli:
1024 2800 1172 2866 [tegii
1201 2800 1340 2870 juris
1370 2809 1452 2856 est
1481 2811 1537 2854 ut
1566 2803 1934 2872 quodcunque

351 2893 651 2947 calcaverit
698 2909 791 2962 pes
838 2895 1043 2963 regius,
1083 2893 1223 2946 illud
1259 2895 1362 2962 ipsi
1390 2898 1478 2950 sit.
1519 2895 1732 2961 Quibus
1764 2897 1926 2950 audi-

350 2986 422 3040 tis
475 2987 691 3038 viueaut
752 2986 857 3040 sibi
905 2986 1199 3056 occupavit
1248 2988 1460 3056 regina.
1515 2988 1714 3044 Mulier
1744 2999 1927 3044 autem

352 3077 456 3131 ista
520 3093 550 3131 a
606 3076 819 3133 Joanne
857 3077 1254 3149 Chrysostomo
1307 3095 1463 3151 opem
1515 3082 1693 3164 petiit,
1739 3083 1832 3152 qui
1859 3085 1926 3137 ad
1957 3113 2002 3176 ο

350 3168 592 3238 reginam
619 3167 1030 3238 mittensjussit
1060 3177 1116 3223 ut
1138 3170 1352 3224 vineam
1384 3172 1617 3227 dominae
1645 3188 1760 3228 sua:
1801 3173 1929 3229 red-

349 3264 521 3326 deret,
557 3261 646 3316 illa
679 3277 811 3316 vero
845 3261 1022 3315 noluit
1051 3277 1066 3328 ;
1100 3279 1339 3332 cumque
1367 3263 1434 3318 dc
1465 3279 1528 3318 ea
1563 3281 1620 3319 re
1647 3267 1817 3336 ipsam
1851 3267 1928 3320 al-

351 3357 667 3423 loqueretur
723 3354 1146 3424 haudquaquam
1196 3357 1499 3425 respondit.
1548 3357 1690 3412 Tum
1737 3357 1829 3414 Dei
1865 3360 1931 3414 ti-

350 3463 557 3500 morem
617 3448 722 3516 ipsi
784 3448 1096 3502 incutiens:
1123 3449 1266 3504 Cave
1300 3450 1524 3519 (inquit)
1559 3467 1624 3506 ne
1652 3453 1746 3506 tibi
1780 3453 1928 3509 acci-

351 3541 441 3593 dat
469 3541 608 3609 quod
662 3541 859 3597 lzeheli
902 3542 1077 3596 Ahabi
1114 3544 1259 3613 regis
1290 3543 1508 3597 lsraclis
1542 3547 1698 3598 uxori
1751 3547 1928 3601 conti-

352 3634 468 3701 git;
510 3641 564 3685 at
607 3633 700 3686 illa
735 3633 878 3686 ttulla
918 3632 1112 3687 horum
1163 3635 1375 3688 ratione
1433 3637 1614 3690 habita
1662 3637 1924 3693 Joannem

354 3725 555 3793 palatio
581 3742 681 3779 suo
716 3725 838 3795 pelli
869 3726 1056 3790 jussit,
1089 3722 1331 3780 Joannes
1360 3742 1489 3794 ergo
1526 3728 1701 3782 tristis
1745 3745 1928 3783 rever-

351 3833 466 3875 sus.
500 3817 766 3872 diaconos
798 3817 985 3886 jussit,
1028 3831 1153 3870 cum
1192 3817 1482 3872 accederet
1523 3820 1708 3888 regina
1754 3820 1930 3874 cccle-

351 3915 487 3964 siam
525 3913 810 3962 iutt-oitut-a
837 3949 850 3972 ,
886 3917 1072 3980 portas
1117 3910 1217 3978 ipsi
1249 3909 1578 3975 oecludere;
1620 3910 1766 3980 quod
1801 3927 1924 3965 cum

353 4003 638 4067 fecissent,
671 4003 832 4056 rediit
859 4004 1044 4070 regina
1072 4003 1152 4056 ira
1195 4013 1486 4056 commota.
1523 4001 1624 4072 [E0
1657 4003 1929 4076 tempore]

350 4103 466 4148 erat
496 4095 858 4163 Epiphanius,
880 4093 1040 4165 Cypri
1089 4098 1403 4164 episcopus,
1429 4093 1925 4163 ConstantinOpoli,

351 4188 698 4256 negetiorum
731 4187 938 4254 aliquot
970 4189 1113 4255 apud
1147 4201 1328 4256 regem
1363 4183 1527 4257 544.
1562 4185 1930 4253 perﬁcienda-

354 4291 472 4330 runt
511 4277 704 4346 gratia.
734 4275 836 4346 Ipsi
865 4291 994 4348 ergo
1026 4280 1293 4332 accersito
1327 4278 1464 4331 dixit
1498 4278 1682 4348 regina
1714 4293 1727 4330 :
1762 4275 1932 4332 Joan-

352 4382 448 4422 nes
493 4369 919 4438 Cbrysostotnus
965 4369 1182 4422 veritati
1229 4371 1609 4438 contradicit,
1655 4371 1932 4438 rebusque

2049 509 2176 562 pum
2231 494 2476 552 scribens
2505 496 2648 555 :Tu.
2681 497 2902 569 (inquit)
2941 499 3236 571 Epiphani,
3268 503 3321 556 itt
3371 507 3624 560 exsilium

2045 600 2225 639 meum
2255 589 2589 644 consensisti
2625 605 2688 644 ac
2713 593 3048 646 contrariam
3088 594 3220 649 milii
3247 610 3469 664 operam
3514 615 3616 651 tta-

2043 677 2207 740 vasti,
2242 677 2433 733 dicens
2480 679 2548 735 de
2588 697 2671 737 me
2699 683 2845 752 quod
2868 684 3098 740 minime
3139 696 3189 742 te
3224 687 3432 742 decuit.
3471 691 3624 743 bei-.:s

2043 785 2173 842 ergo
2204 780 2257 827 te
2278 788 2625 843 nequaquam
2656 776 2722 829 ad
2760 778 3100 846 provinciam
3148 764 3296 835 tuam
3329 796 3626 850 perventu-

2042 878 2162 918 rum
2199 875 2490 935 antequam
2530 882 2560 921 e
2606 869 2810 922 mundo
2860 873 3179 928 excesseris.
3229 873 3327 928 Cui
3395 875 3498 928 hoc
3549 893 3634 927 re-

2048 971 2313 1025 8p0ttsum
2354 957 2591 1012 reddidit
2648 960 2996 1030 Epiphanius
3042 967 3132 1019 :0
3181 963 3446 1032 Joannes,
3491 967 3632 1020 nihil

2051 1049 2200 1104 aliud
2231 1066 2391 1120 qttatn
2424 1055 2604 1105 Omnia
2635 1055 2775 1109 bona
2817 1057 2884 1110 de
2923 1065 2975 1110 te
3002 1058 3139 1123 dixi,
3181 1075 3244 1114 ac
3280 1069 3447 1115 totam
3492 1077 3627 1129 ope-

2043 1158 2157 1195 ram
2189 1158 2385 1206 meam,
2423 1157 2691 1213 quantum
2742 1149 2895 1217 potui
2945 1150 3240 1203 maximam
3276 1151 3630 1223 545-547

2045 1235 2143 1288 tibi
2195 1235 2435 1305 impendi
2481 1247 2535 1291 et
2581 1238 2645 1292 ad
2696 1241 2897 1294 malum
2945 1256 2975 1295 a
3019 1252 3068 1297 te
3116 1246 3468 1298 avertendum
3509 1245 3633 1298 dili-

2043 1325 2282 1393 gentiam
2313 1327 2565 1390 adhibui,
2606 1346 2729 1399 quaa
2763 1339 2946 1386 tamen
2991 1331 3200 1387 frustra
3248 1335 3366 1387 fuit.
3392 1335 3494 1401 Qui
3534 1352 3629 1389 au-

2041 1424 2146 1472 tem
2179 1433 2418 1488 przescns
2441 1429 2525 1475 est
2550 1422 2694 1475 videt
2715 1438 2834 1492 qum
2875 1438 2984 1478 non
3005 1425 3152 1479 videt
3182 1426 3402 1481 absens.
3425 1427 3631 1493 Quem-

2041 1509 2333 1564 admodum
2391 1524 2571 1566 autem
2622 1523 2677 1566 ιιι
2733 1514 2864 1568 tttilti
2923 1516 3181 1586 itnpingis
3229 1533 3290 1573 ea
3347 1535 3469 1589 qua:
3528 1535 3632 1574 nec

2043 1603 2192 1668 novi,
2255 1619 2354 1658 nec
2403 1604 2542 1669 dixi,
2577 1606 2651 1660 ita
2689 1608 2833 1662 scias
2879 1617 2931 1663 te
2979 1624 3092 1663 non
3138 1619 3531 1677 perventurum
3561 1612 3630 1666 ad

2044 1696 2220 1750 locum
2249 1698 2424 1751 exsilii
2463 1699 2536 1752 ttti
2565 1713 2673 1767 quo
2693 1699 2968 1770 relegatus
3001 1715 3084 1766 es,
3110 1714 3400 1770 antequam
3429 1718 3458 1756 e
3478 1703 3632 1781 _vivis

1961 1773 2006 1829 Β
2040 1789 2380 1845 discesseris.
2403 1787 2521 1844 Jatn
2549 1806 2675 1846 vero
2699 1791 3034 1862 Epiphanius
3052 1793 3286 1863 Cyprum
3317 1773 3549 1850 tende-ns
3574 1797 3630 1849 in

2037 1883 2160 1936 navi
2185 1894 2433 1936 mortuus
2457 1883 2804 1950 esl,dimidio
2823 1884 2956 1950 diei,
2982 1893 3272 1955 antequam
3295 1901 3360 1940 eo
3379 1888 3634 1958 perveni-

2036 1982 2140 2039 ret,
2177 1977 2376 2042 Spatio.
2408 1974 2647 2031 Joannes
2673 1985 2854 2030 autem
2887 1977 3315 2049 Chrysostontus
3335 1987 3626 2050 antequam

2035 2079 2102 2121 eo
2137 2065 2228 2121 ubi
2267 2068 2518 2122 exsulare
2536 2069 2726 2138 jussus
2753 2079 2858 2137 est,
2887 2072 3256 2143 pertingeretj,
3288 2074 3452 2127 etiam
3483 2073 3629 2129 diem

2037 2158 2193 2214 obiit.
2238 2161 2408 2214 Porro
2465 2159 2564 2214 fuit
2612 2160 3086 2234 Constantinopoli
3146 2175 3302 2219 terra:
3344 2174 3520 2220 motus
3546 2165 3632 2220 in-

2038 2263 2193 2317 gens,
2229 2263 2328 2301 nec
2369 2263 2476 2302 non
2506 2248 2711 2302 tonitru
2745 2265 2910 2320 grave
2942 2265 3067 2303 cum
3106 2251 3347 2321 fulgure,
3383 2252 3624 2306 fulmini-

2036 2339 2162 2402 bus,
2205 2348 2260 2392 et
2295 2339 2498 2409 pluvia.
2551 2339 2698 2394 Dixit
2741 2357 2873 2411 ergo
2904 2357 2997 2395 rex
3036 2360 3050 2397 :
3102 2342 3230 2397 ldeo
3283 2343 3398 2398 haec
3447 2344 3632 2398 omnia

2035 2417 2296 2486 eveniunt
2326 2432 2471 2501 quod
2502 2431 2767 2488 Joannem
2804 2433 3258 2505 Chrysostomum
3295 2436 3631 2506 iu_exsilium

2038 2523 2313 2576 misimus.
2363 2520 2653 2593 Jussitque
2684 2539 2890 2594 corpus
2937 2525 3114 2596 ipsius
3164 2526 3633 2593 Constantinopo-

2038 2615 2128 2669 liut
2162 2614 2371 2681 aﬂ'erri,
2444 2616 2630 2684 ibique
2665 2617 2920 2686 sepeliri;
2964 2617 3127 2688 idque
3158 2634 3302 2674 anno
3354 2630 3510 2674 sexto
3541 2633 3631 2674 re-

2035 2706 2125 2778 gni
2161 2708 2404 2764 Arcadii.
2453 2709 2584 2764 ldeo
2625 2719 2809 2765 autem
2861 2711 3168 2782 appellatus
3213 2722 3299 2768 est
3341 2711 3632 2778 Joannes,

2035 2799 2485 2872 Cltrysostomus,
2529 2803 2677 2873 quod
2729 2803 2928 2858 mulier
2960 2808 3210 2875 quaedam
3270 2805 3450 2876 ipsum
3501 2820 3628 2861 cuin

2036 2902 2289 2949 mortuus
2335 2903 2482 2951 esset
2513 2893 2800 2964 plangens,
2833 2895 3036 2952 dixerit
3079 2912 3093 2950 :
3128 2895 3172 2951 Ο
3200 2894 3466 2962 Joannes,
3497 2909 3530 2950 0
3566 2908 3633 2950 os

2038 2999 2291 3051 aureum,
2318 2987 2447 3041 hinc
2487 2985 2614 3041 Oris
2647 2989 2801 3044 aurei
2843 3002 3148 3060 cognomen
3179 2988 3395 3041 habuit.

2117 3077 2246 3133 Post
2277 3077 2458 3147 ipsutu
2491 3081 2826 3134 constitutus
2854 3087 2937 3133 est
2961 3077 3105 3132 alius
3135 3079 3354 3147 quidam
3395 3075 3632 3132 Joannes

2038 3171 2347 3242 patriarcha
2384 3171 2673 3226 Constant.
2694 3174 2785 3241 qui
2837 3186 2960 3225 cum
3010 3185 3216 3224 annum
3265 3169 3337 3225 ibi
3399 3170 3632 3226 sedisset

2035 3271 2284 3318 mortuus
2304 3274 2402 3318 est.
2429 3265 2534 3334 Ipsi
2566 3265 2729 3318 etiam
2769 3263 3040 3318 successit
3075 3261 3392 3318 Gennadius
3432 3264 3485 3317 in
3530 3278 3628 3333 pa-

2035 3355 2286 3409 triarchae
2326 3354 2613 3410 Constant.
2655 3370 2882 3408 munere
2921 3353 3014 3424 qui
3066 3362 3177 3410 tres
3215 3370 3390 3409 annos
3449 3355 3617 3421 sedit,

2033 3451 2155 3505 dein
2199 3460 2449 3506 mortuus
2479 3459 2582 3506 est.
2626 3451 2756 3505 Post
2791 3451 2968 3520 ipsum
3021 3449 3202 3506 factus
3243 3457 3324 3502 est
3379 3447 3634 3502 Attii-bus

2033 3541 3000 3612 patriarchaConstantinopolitanus
3027 3541 3120 3611 qui
3169 3554 3346 3596 annos
3395 3539 3631 3609 quinde-

2032 3634 2136 3689 cim
2165 3635 2327 3701 sedit,
2351 3635 2473 3689 dein
2503 3645 2752 3691 mortuus
2779 3642 2882 3689 est.
2929 3631 3090 3705 548
3123 3632 3286 3704 quue
3309 3646 3454 3687 anno
3480 3613 3632 3702 regiti

2033 3725 2250 3778 Arcadii
2291 3727 2640 3780 duodecimo.
2684 3727 2844 3779 Anno
2900 3725 3114 3796 imperii
3148 3726 3390 3794 ejusdem
3421 3734 3627 3779 octavo

2033 3816 2366 3870 constitutos
2421 3825 2507 3870 est
2565 3817 2894 3869 Anastasius
2965 3817 3276 3882 patriarcha
3340 3815 3628 3869 Romanus

2033 3909 2124 3977 qui
2154 3907 2326 3961 tribus
2352 3909 2511 3961 annis
2543 3908 2703 3974 sctlil,
2737 3908 2860 3962 dein
2890 3918 3134 3960 mortuus
3161 3916 3269 3961 cst.
3298 3908 3452 3960 Anno
3475 3907 3618 3975 ejus-

2039 3999 2164 4053 dem
2200 3998 2495 4053 ttndecimo
2546 3999 2724 4052 fat-tus
2771 4009 2854 4053 est
2881 3999 3230 4052 innocentius
3261 3997 3408 4050 Patr.
3432 3995 3630 4052 Roma-

2035 4106 2161 4154 nus,
2203 4090 2294 4158 qui
2330 4105 2456 4144 cum
2491 4090 2803 4158 quindecim
2851 4104 3024 4144 annos
3069 4088 3330 4150 sedisset,
3379 4097 3630 4141 mortutts

2037 4194 2142 4241 cst.
2169 4186 2327 4237 Anno
2355 4184 2565 4253 imperii
2605 4184 2777 4250 ipsius
2812 4192 3004 4236 octavo
3037 4181 3373 4236 constitutus
3406 4191 3489 4235 est
3518 4179 3620 4234 Be-

2041 4278 2193 4332 rillus
2237 4277 2543 4346 patriarcha
2596 4272 3149 4346 liierosolymitauus,
3202 4288 3377 4326 annos
3413 4273 3626 4326 duode-

2037 4368 2141 4423 cim
2177 4369 2340 4434 sedit,
2372 4368 2497 4420 deitt
2534 4377 2782 4421 mortuus
2810 4375 2912 4421 est.
2959 4367 3118 4420 Anno
3150 4364 3392 4432 ejusdem
3437 4366 3630 4436 quinto

351 4461 484 4515 nihil
535 4460 601 4514 ad
643 4463 820 4531 ipsum
857 4461 1238 4530 spectantibus
1288 4478 1346 4517 se
1389 4464 1708 4528 immiscuit,
1738 4465 1807 4519 de
1833 4479 1928 4517 ca-
1966 4451 2008 4506 Β
2047 4460 2227 4517 factus
2276 4470 2359 4515 est
2401 4459 2666 4514 Paulinus
2715 4459 3024 4528 patriarcha
3079 4457 3478 4522 Autiochenus,
3535 4457 3629 4524 qui

348 4555 546 4608 thcdra
589 4569 723 4622 ergo
785 4556 966 4626 ipsum
1021 4556 1262 4626 dejicitc.
1315 4555 1619 4625 Respondit
1667 4557 1743 4611 illi
1797 4557 1925 4626 Epi-

342 4648 608 4715 phanius,
641 4648 697 4702 Si
725 4647 798 4701 ita
832 4656 888 4700 ut
922 4659 980 4702 tu
1017 4647 1158 4702 dicis
1192 4664 1252 4702 se
1284 4663 1372 4704 res
1407 4649 1627 4712 haheat,
1655 4649 1720 4702 ad
1758 4649 1930 4716 poeni-

349 4741 577 4793 tentiam
607 4739 788 4808 ipsunt
820 4739 1084 4792 hortabor
1111 4755 1124 4803 ;
1167 4738 1316 4808 quod
1344 4741 1388 4792 si
1421 4739 1666 4803 redierit,
1691 4736 1931 4809 [heneﬂ

348 4829 432 4884 sin
465 4831 664 4892 minus,
695 4830 869 4896 ipsum
902 4829 1166 4898 dignitate
1223 4843 1322 4882 sua
1356 4828 1752 4881 amovehiutus.
1785 4827 1929 4881 Dixit

349 4924 574 4992 regina:
609 4921 718 4977 Nisi
759 4939 932 4992 ipsum
964 4923 1348 4976 abtltcavet'itis
1379 4931 1628 4992 apertura
1661 4937 1780 4976 sum
1811 4922 1928 4975 ido-

350 5015 528 5068 lorum
573 5017 796 5083 tcntpla,
828 5013 1190 5081 hominesque
1223 5014 1287 5066 ad
1325 5029 1386 5067 ea
1415 5011 1645 5066 colenda
1688 5013 1924 5082 adigam.

350 5105 546 5174 Adcgit
592 5105 788 5158 t‘lt-inde
817 5121 877 5158 ex
912 5105 1186 5174 epiSCopis
1229 5114 1280 5156 et
1327 5103 1576 5155 diaconis
1636 5103 1931 5158 nonnullos

353 5206 412 5249 ut
440 5200 503 5250 ad
538 5212 717 5268 regem
752 5198 1098 5260 accedentes,
1150 5211 1333 5249 coram
1363 5195 1480 5266 ipso
1509 5205 1701 5249 contra
1765 5193 1929 5248 Joan-

351 5304 474 5342 nem
518 5292 889 5345 tesutnoniunt
951 5288 1321 5358 perhiberent,
1348 5291 1522 5358 ipsum
1568 5287 1668 5356 legi
1704 5297 1928 5341 contra-

349 5381 551 5448 dicere,
585 5384 872 5453 ipsuntque
901 5385 1132 5436 moleste
1163 5383 1306 5435 ferre
1327 5382 1477 5433 urbis
1504 5381 1732 5442 incolas,
1767 5390 1929 5450 atque

347 5477 475 5530 odio
503 5479 785 5547 prosequi.
818 5476 1077 5548 Episcopi
1106 5485 1313 5538 autem,
1338 5473 1536 5527 Joanni
1570 5475 1638 5526 ob
1677 5489 1925 5545 magnam

350 5573 526 5642 ipsius
586 5573 871 5626 scientiam
937 5571 1253 5623 inviderunt
1291 5606 1304 5629 ,
1365 5567 1723 5637 feceruntque
1783 5570 1926 5638 quod

351 5666 488 5734 ipsis
518 5663 697 5717 innuit
731 5665 937 5731 regina.
973 5661 1086 5716 Rex
1120 5675 1251 5730 ergo
1283 5660 1559 5716 Arcadius
1587 5658 1856 5714 Joannem
1890 5676 1920 5716 a

349 5757 612 5812 cathedra
649 5756 1004 5825 patriarchali
1051 5753 1294 5812 amoveri
1325 5753 1513 5826 jussit.
1557 5751 1798 5811 Joannes
1826 5770 1925 5810 au-

2031 4571 2206 4611 annos
2242 4563 2480 4625 quatuor
2502 4553 2667 4619 sedit,
2703 4553 2824 4608 dein
2867 4560 3117 4607 mortuus
3158 4565 3260 4605 est.
3284 4552 3441 4604 Anno
3475 4549 3628 4620 ejus-

2031 4649 2151 4702 dem
2213 4663 2360 4702 nono
2439 4647 2776 4702 consumtus
2831 4654 2916 4699 est
2975 4643 3239 4714 Evagt-ius
3314 4645 3622 4712 patriarcha

2033 4741 2431 4805 Antiochenus,
2451 4741 2610 4795 annis
2630 4741 2874 4809 quinque
2896 4737 3060 4804 sedit,
3083 4739 3203 4792 dein
3241 4749 3489 4792 mortuus
3519 4748 3625 4792 est.

2029 4834 2189 4890 Auno
2228 4832 2442 4899 imperii
2479 4829 2723 4901 ejusdem
2768 4841 2984 4901 quarto,
3021 4829 3236 4885 Arcadii
3291 4846 3484 4899 nemp'
3522 4827 3626 4880 Ro-

2034 4940 2317 4978 manorum
2345 4923 2716 4992 imperatoris,
2741 4937 2909 4992 regno
2937 4923 3141 4991 potitus
3171 4920 3627 4987 estYazdejet-dus

2032 5017 2285 5071 Bahratni
2322 5015 2485 5076 (ilius,
2508 5014 2571 5066 Al
2601 5012 2819 5068 Aitltam
2847 5015 3292 5083 cognominatus,
3324 5015 3376 5066 in
3399 5013 3618 5074 Persas,

2033 5123 2208 5162 annos
2240 5105 2449 5175 viginti.
2477 5104 2649 5158 Porro
2675 5105 3009 5170 Theophilus
3041 5105 3348 5175 patriarcha
3390 5101 3626 5155 Alexan-

2031 5203 2222 5256 drinus
2250 5201 2535 5254 eet-lesiam
2585 5214 2835 5270 magnam
2867 5197 3216 5254 Alexandria:
3260 5197 3484 5259 struxit,
3523 5197 3623 5247 Ar-

2033 5295 2172 5348 cadii
2235 5293 2604 5347 Romanorum
2671 5292 3021 5360 imperatoris
3081 5288 3290 5342 nomini
3356 5287 3620 5340 dicatam.

2032 5386 2284 5454 Oltiitque
2319 5384 2582 5438 Arcadius
2619 5383 2993 5436 Romanorum
3027 5396 3120 5434 rex
3145 5394 3269 5430 cum
3318 5378 3616 5446 imperium

2035 5494 2207 5533 annos
2239 5479 2497 5534 tredecim
2535 5487 2902 5547 occupasset;
2955 5481 3217 5533 regnante
3274 5482 3396 5541 post
3443 5473 3620 5540 ipsum

2035 5572 2144 5625 lilio
2174 5571 2346 5641 ipsius
2376 5569 2710 5634 Theodosio,
2744 5570 2836 5638 qtti
2860 5566 3405 5632 Theodosiusjtmior
3429 5569 3620 5634 appel-

2035 5665 2178 5719 latus
2209 5673 2314 5727 est,
2364 5663 2416 5716 iu
2464 5661 2767 5725 Romanos,
2829 5673 3001 5713 annos
3044 5657 3410 5728 quadraginta
3458 5657 3620 5723 duos,

2034 5757 2201 5825 idque
2236 5771 2379 5812 anno
2404 5753 2735 5821 Yazdejerdi
2779 5751 3035 5811 Bahratni
3059 5751 3157 5809 lilii
3197 5749 3487 5810 Persarum
3532 5763 3620 5804 re-
