4034 6214
478 356 608 420 1031

1503 353 1802 416 EUTYCII
1819 352 1872 409 ll
1923 343 2169 405 ALEXA
2184 344 2338 406 NDR
2353 346 2466 407 [Nl
2508 349 2728 408 PATR.

3596 337 3719 400 103?.

459 475 544 544 gis
585 472 897 526 undecimo.
941 471 1097 524 Anno
1135 469 1348 540 imperii
1380 469 1552 538 ipsius
1589 483 1734 521 nono
1763 463 2055 517 invadctrle
2083 462 2128 518 Α
2165 469 2340 524 πῖθι-οι,
2378 471 2542 530 atque
2572 472 2629 513 ut
2667 460 2730 512 ad
2768 460 3047 512 vt-iiiuteui
3079 455 3212 524 5-7
3252 453 3455 507 t'eilitcl
3487 453 3722 506 hortare-

460 566 636 634 ipsum
694 561 1029 631 Yazdejerdo
1070 563 1324 616 Balirami
1380 564 1488 615 filio
1536 561 1732 614 bellum
1784 558 2046 609 intereos

459 671 624 725 grave
669 657 1024 710 commissum
1073 664 1176 719 est,
1226 669 1544 724 magnaeque
1603 661 1818 718 strages
1863 647 2080 714 editae,-

459 748 594 803 adeo
638 757 696 802 ut
749 748 963 815 utrique
988 747 1215 814 tandem
1276 746 1408 799 alter
1448 746 1516 798 ab
1545 745 1719 797 altero
1759 742 1812 794 in
1863 739 2044 806 fugam

459 849 824 895 verterentur.
862 839 1021 892 Anno
1069 838 1281 906 intperii
1334 837 1578 905 ejusdem
1626 833 1842 887 decimo
1883 829 2046 883 tertio

847 933 1178 985 constitutus
1216 928 1569 984 est-Zosimus
1594 923 1906 996 patriarcha
1935 920 2046 972 Ro-

463 1041 678 1089 manus,
714 1028 804 1094 qui
838 1041 960 1077 cum
995 1039 1196 1076 annum
1227 1039 1390 1076 unum
1424 1020 1654 1076 sedisset
1677 1026 1920 1070 mortuus
1941 1023 2046 1075 est,

461 1118 526 1169 ad
579 1131 699 1169 eam
739 1116 1058 1183 dignitatem
1119 1123 1238 1182 post
1289 1115 1464 1182 ipsutn
1514 1120 1702 1165 evecto
1745 1106 2045 1165 Bonifacio,

461 1211 551 1278 qui
587 1221 698 1262 tres
745 1223 919 1261 annos
961 1207 1123 1270 sedit,
1161 1205 1287 1258 dein
1324 1212 1570 1258 mortuus
1609 1215 1713 1257 est.
1745 1199 2049 1266 Factusque

461 1313 542 1352 est
598 1308 716 1369 post
765 1301 940 1369 ipsum
987 1298 1295 1368 patriarcha
1344 1297 1540 1351 ibidem
1594 1293 1921 1357 CeleStiuus,
1955 1290 2047 1360 qui

463 1409 636 1446 annos
664 1393 854 1445 decem
904 1391 1067 1454 sedit,
1099 1391 1222 1443 dein
1261 1396 1512 1441 mortuus
1540 1393 1645 1440 est.
1693 1383 1826 1452 Ejus
1861 1379 2050 1450 prsete-

463 1496 633 1538 cturte
670 1498 813 1537 anno
856 1483 1048 1552 quinto
1088 1479 1190 1534 fuit
1243 1481 1537 1535 concilium
1587 1477 1806 1532 tertium
1857 1481 2048 1527 contra

462 1576 790 1638 Nestorium,
825 1573 1044 1643 Ephesi.
1069 1573 1226 1626 Auno
1250 1571 1460 1640 imperii
1493 1568 1758 1638 ejusdem,
1800 1565 2051 1619 videlicet

462 1665 756 1720 Theodosii
799 1665 1067 1730 Junioris,
1113 1664 1311 1733 primo,
1343 1661 1673 1715 constitutus
1703 1671 1784 1712 est
1814 1655 2049 1727 Cyrillus

462 1760 766 1830 patriarcha
828 1757 1257 1818 Alexandrinus;
1287 1767 1463 1806 annos
1491 1751 1713 1820 triginta
1747 1759 1858 1803 tres
1883 1750 2046 1812 sedit,

2157 563 2266 608 tur.
2305 553 2534 622 Scripsit
2569 568 2698 621 ergo
2728 550 2965 604 Joannes
3005 547 3310 616 patriarcha
3351 544 3716 598 Antiochenus

2154 646 2221 700 ad
2253 643 2590 712 Nestorium,
2626 659 2706 709 se,
2755 643 2860 697 nisi
2908 643 2974 695 ad
3018 641 3301 694 veritatem
3349 637 3576 705 rediret.
3609 650 3720 689 cou-

2155 746 2459 800 venturos,
2531 735 2744 806 ipsique
2811 733 3223 788 tnaledicturos.
3288 728 3717 784 lutercesserunt

2156 831 2323 885 etiam
2374 831 2518 884 inter
2565 846 2658 886 eos
2705 827 2949 899 epistola:
3004 840 3109 878 non
3166 837 3350 891 paucae
3388 839 3404 888 ;
3445 820 3720 876 Nestorius

2157 939 2284 978 vero
2313 938 2340 975 a
2375 922 2643 977 sententia
2670 937 2769 977 sua
2802 921 3221 991 haudquaquam
3269 917 3520 981 recessit,
3549 917 3639 971 sed
3675 918 3720 969 in

2157 1031 2344 1070 errore
2383 1030 2504 1079 suo,
2537 1018 2889 1084 cmcitateque
2920 1029 2983 1068 ac
3013 1014 3289 1082 Opinionis
3314 1012 3577 1082 pravitate
3611 1026 3719 1079 per-
3753 1029 3777 1052 ’-

2157 1109 2382 1162 mansit.
2416 1107 2656 1163 Joannes
2681 1123 2809 1177 ergo
2842 1106 3150 1178 patriarcha
3191 1104 3563 1159 Antiochenus
3597 1107 3720 1157 scri-

2159 1204 2264 1270 ptis
2298 1202 2364 1255 ad
2415 1201 2679 1272 Cyrillum
2736 1199 3170 1254 Alexandrinum
3210 1197 3411 1252 litteris
3444 1197 3716 1252 certiorem

2158 1295 2337 1363 ipsum
2373 1292 2503 1348 fecit
2546 1293 2854 1347 Nestorium
2884 1293 2938 1346 in
2985 1293 3272 1347 sententia:
3320 1307 3433 1346 sua:
3470 1292 3719 1360 pravitate

2159 1401 2530 1455 perseverare.
2569 1385 2802 1454 Scripsit
2829 1384 2991 1455 igitur
3017 1383 3254 1454 Cyrillus
3288 1383 3351 1436 ad
3379 1382 3718 1437 C(elestinutn
3765 1380 3770 1383 ’

2160 1479 2523 1547 patriarcham
2553 1477 2880 1541 Romanum,
2906 1486 2960 1533 et
2996 1477 3064 1530 ad
3099 1473 3459 1530 [iu-Flavium
3494 1475 3715 1544 patriar.

2160 1572 2320 1624 cham
2356 1569 2939 1641 llierosolyinitanmn,
2985 1584 3085 1624 nec
3119 1584 3225 1622 non
3263 1567 3528 1621 Joannem
3561 1566 3720 1636 patri-

2159 1663 2378 1718 archam
2410 1663 2832 1728 Antioclienum,
2859 1677 3064 1733 rogans
3091 1674 3149 1716 ut
3178 1663 3230 1716 in
3266 1663 3398 1717 urbe
3430 1660 3638 1730 Epheso
3659 1661 3719 1712 ad

2159 1757 2558 1828 dispiciendum
2591 1759 2658 1811 de
2693 1756 2960 1812 sentimtia
2997 1755 3237 1809 Nestorii
3275 1757 3652 1816 convenirent,
3681 1761 3721 1807 si

461 1853 586 1907 dein
649 1862 899 1904 mortuus
928 1858 1032 1902 est.
1108 1849 1266 1900 Anno
1307 1843 1641 1916 praifeclurie
1685 1843 1856 1912 ipsius“
1903 1843 2047 1895 viCC-
2085 1822 2125 1881 Β
2156 1849 2341 1903 forsan
2395 1848 2573 1904 redire
2601 1848 2796 1911 vellet;
2837 1849 2919 1900 sin
2961 1848 3165 1911 minus,
3213 1863 3269 1901 se
3313 1846 3380 1900 ab
3411 1863 3477 1901 eo
3523 1847 3719 1900 subdu-

459 1947 600 1998 simo
645 1946 845 2012 primo,
903 1942 1241 1994 celebratum
1301 1947 1384 1992 est
1428 1935 1742 2000 ,concilium
1799 1935 2045 1995 tentiuin,

461 2042 651 2089 contra
724 2031 1066 2086 Nestorium.
1126 2032 1285 2083 Anno
1354 2031 1516 2084 etiam
1585 2028 1762 2098 primo
1837 2024 2048 2094 imperii

461 2127 756 2181 Theodosii
797 2123 1043 2179 Junioris
1073 2123 1413 2177 constitutus
1455 2129 1539 2176 est
1591 2119 1898 2174 Alexander
1955 2134 2048 2187 pa-

460 2221 696 2275 triarclta
725 2219 1125 2281 Antiochenus,
1179 2219 1272 2286 qui
1305 2232 1438 2282 cum
1489 2215 1647 2269 annis
1680 2223 1915 2283 quatuor
1958 2229 2049 2264 se-

460 2315 654 2374 disset,
689 2321 937 2366 mortuus
980 2319 1084 2366 est.
1125 2309 1254 2365 Post
1309 2325 1469 2380 quem
1505 2311 1680 2364 factus
1717 2317 1800 2362 est
1849 2308 2045 2359 ibidem

461 2403 768 2472 patriarcha
824 2401 1127 2456 Barodotus
1181 2400 1542 2470 (Theodotus)
1596 2399 1686 2469 qui
1738 2415 1831 2452 sex
1876 2413 2048 2450 anuos

462 2500 624 2564 sedit,
659 2499 785 2552 dein
813 2507 1061 2550 mortuus
1097 2505 1200 2550 est.
1232 2495 1362 2549 Post
1390 2495 1568 2564 ipsum
1596 2494 1903 2562 patriarcha
1936 2494 2049 2544 Au-

459 2593 679 2647 tioehize
713 2591 1004 2662 praefectus
1027 2589 1292 2655 Joannes,
1325 2587 1718 2658 septemdecim
1761 2603 1934 2639 annos
1956 2602 2044 2639 sc-

459 2687 558 2752 dit,
592 2687 1000 2741 dcin'mortuus
1029 2676 1134 2738 est.
1168 2687 1326 2736 Anno
1355 2683 1707 2753 episcopatus
1730 2680 1850 2746 ejus
1879 2681 2046 2734 unde-

459 2781 602 2833 cimo
659 2779 761 2832 fuit
831 2778 1124 2834 concilium
1185 2776 1404 2829 tertium
1460 2787 1647 2829 contra
1711 2772 2042 2827 Nestorium.

457 2873 617 2924 Auno
644 2869 872 2939 septimo
899 2869 1111 2938 imperii
1150 2865 1444 2920 Theodosii
1482 2864 1728 2920 Junioris
1760 2866 2034 2920 constitu-

467 2973 551 3016 tus
583 2973 666 3015 est
708 2961 931 3014 Flavius
979 2961 1288 3030 patriarcha
1342 2958 1890 3028 Hierosolymitanus,
1946 2957 2038 3026 qui

463 3070 636 3108 annos
677 3055 906 3122 triginta
937 3062 1062 3107 octo
1086 3053 1244 3119 sedit,
1285 3052 1408 3107 dein
1457 3061 1707 3105 mortuus
1743 3061 1850 3106 est.
1889 3052 2045 3103 Anno

2152 1950 2358 2004 centes,
2402 1943 2504 2011 ipsi
2558 1941 2984 2002 maledicerent,
3041 1951 3205 2009 atque
3259 1939 3377 1994 loco
3428 1949 3716 1995 moverent.

2149 2032 2536 2087 Convenerunt
2566 2047 2694 2103 ergo
2717 2033 2771 2086 in
2805 2034 2939 2085 ttrhe
2967 2032 3182 2101 Epheso
3217 2032 3459 2101 episc0pi
3486 2031 3719 2086 ducenti.

2150 2124 2378 2178 Concilii
2411 2123 2668 2192 przesides
2691 2132 2850 2177 erant
2877 2121 3117 2192 Cyrillus
3149 2122 3461 2192 patriarcha
3499 2122 3722 2176 Alexan-

2149 2215 2364 2278 drinus,
2414 2213 2740 2270 C(elestinus
2801 2215 3107 2285 patriarcha
3167 2214 3480 2280 Romanus,
3530 2224 3584 2270 et
3637 2214 3728 2268 Bu-

2157 2307 2376 2364 Flavius
2401 2309 2715 2378 patriarcha
2747 2308 3295 2380 llterosolymitanus.
3321 2307 3578 2362 Promisit
3599 2309 3726 2378 ipsis

2149 2402 2387 2456 Joannes
2424 2417 2483 2457 se
2515 2400 2854 2468 adfuturum,
2891 2412 2946 2456 at
2977 2417 3101 2455 cum
3139 2416 3348 2456 moram
3379 2402 3601 2458 trahens
3626 2419 3724 2456 non

2153 2498 2403 2563 veniret,
2444 2490 2589 2551 haud
2632 2499 2859 2552 ulterius
2909 2499 3087 2567 ipsum
3123 2508 3449 2566 exspectans
3496 2496 3728 2568 Cyrillus

2150 2591 2466 2658 patriarcha
2515 2590 2940 2656 Alexandrinus,
2975 2591 3314 2655 convocatis,
3344 2590 3437 2661 qui
3485 2591 3729 2659 aderant,

2149 2680 2452 2753 episcopis,
2488 2681 2557 2736 ad
2604 2680 2915 2737 Nestorium
2968 2681 3116 2736 misit
3152 2691 3209 2735 ut
3251 2697 3311 2736 se
3345 2673 3448 2735 una
3489 2683 3729 2744 sisteret,

2148 2777 2242 2847 qui
2295 2775 2497 2846 Ephesi
2547 2783 2679 2828 tunc
2731 2782 2866 2826 erat.
2926 2774 3208 2829 Renuente
3257 2783 3439 2827 autem
3479 2771 3732 2829 Nestorio

2147 2871 2432 2935 accedere,
2453 2883 2577 2924 cum
2603 2878 2686 2924 ter
2713 2869 2778 2923 ad
2809 2871 2985 2938 ipsum
3017 2867 3075 2938 8
3103 2867 3367 2930 misisset,
3394 2883 3493 2921 nec
3519 2866 3612 2921 ille
3650 2876 3731 2921 ta-

2151 2978 2273 3016 men
2306 2961 2539 3027 veniret,
2574 2961 2906 3016 sententiatn
2949 2959 3119 3030 ipsius
3153 2960 3219 3014 ad
3251 2973 3477 3013 examen
3514 2973 3736 3012 revoca-

2152 3065 2302 3120 runt,
2350 3055 2641 3126 ipsnmqne
2695 3055 3078 3110 maledictione
3135 3055 3362 3126 dignum
3401 3055 3732 3124 judicantes,

459 3147 794 3219 przciecturte
821 3146 939 3215 ejus
974 3146 1188 3200 decimo
1223 3153 1422 3214 quarto
1467 3143 1567 3198 fuit
1591 3144 1883 3198 concilium
1927 3153 2040 3196 ter-
2073 3182 2118 3239 c
2156 3149 2501 3204 anathemate
2533 3149 2890 3213 devoverent,
2923 3164 2986 3203 ac
3011 3148 3129 3202 loco
3168 3157 3478 3214 moverunt,
3513 3159 3734 3204 statue~

461 3241 595 3293 tium
626 3250 813 3294 cootra
860 3237 1167 3293 Nestorium
1193 3256 1206 3296 :
1237 3252 1452 3291 necnon
1509 3249 1653 3288 anno
1701 3233 2039 3302 priefectura:

458 3333 703 3402 ejusdem
727 3332 1010 3386 tricesimo
1031 3310 1263 3400 s\eptimo
1286 3329 1577 3385 concilium
1603 3335 1857 3395 quartum
1880 3325 2043 3379 Chal-

460 3426 670 3481 cedone
699 3437 891 3479 contra
918 3425 1266 3478 Dioscorum.

533 3515 667 3588 1-4
701 3516 719 3535 ‘
762 3519 921 3568 Anno
973 3515 1268 3568 Theodosii
1321 3513 1570 3568 Juuioris
1599 3514 1820 3568 decimo
1849 3521 2046 3579 quarto

461 3609 801 3662 constitutus
830 3615 918 3661 est
952 3607 1193 3661 Sisinius
1226 3606 1538 3676 patriarcha
1573 3605 2042 3674 Constantinopo-

460 3703 687 3766 litanus,
735 3700 828 3768 qui
875 3709 986 3754 tres
1022 3715 1197 3754 annos
1240 3700 1402 3764 sedit,
1447 3699 1572 3754 dein
1615 3706 1864 3754 mortuus
1901 3708 1985 3752 est
2027 3716 2041 3752 :

465 3795 672 3863 fuitque
706 3802 832 3862 post
858 3793 1038 3862 ipsum
1078 3793 1390 3859 patriarcha
1419 3789 1898 3858 Constantinopoli
1935 3789 2040 3843 Ne-

463 3889 689 3951 storius,
721 3886 816 3957 qui
858 3903 984 3940 cuin
1027 3896 1264 3955 quatuor
1294 3879 1454 3939 annis
1489 3899 1552 3938 ac
1588 3883 1807 3938 duobus
1843 3882 2044 3936 mensi-

467 3980 567 4034 bus
602 3980 856 4040 sedisset,
889 3979 1238 4033 anathemate
1265 3977 1494 4032 devotus
1526 3991 1589 4029 ac
1622 3977 1740 4029 loco
1763 3976 2043 4029 abdicatus

463 4079 568 4126 est.
596 4073 893 4126 Asserebat
916 4071 1186 4140 siquidem
1212 4068 1496 4124 Nestorius
1518 4069 1746 4122 Mariam
1772 4069 2041 4138 virginem

464 4182 648 4220 revera
685 4165 968 4235 Deiparam
1000 4180 1109 4217 non
1144 4162 1315 4218 fuisse
1345 4180 1360 4228 ;
1386 4177 1509 4217 esse
1539 4163 1677 4217 duos
1708 4161 1871 4224 filios,
1904 4175 2044 4230 quo-

465 4274 584 4312 rum
616 4257 756 4311 alter
785 4257 857 4310 sit
887 4259 1053 4318 Deus,
1081 4270 1316 4324 eumque
1347 4271 1374 4307 a
1409 4255 1574 4310 Patre
1606 4255 1872 4325 genitum,
1907 4253 2042 4306 alter

461 4359 641 4404 autem
673 4352 862 4414 homo,
892 4350 982 4419 qui
1017 4365 1044 4402 a
1079 4350 1245 4404 Maria
1279 4357 1442 4403 natus
1478 4349 1577 4402 fuit
1615 4367 1629 4402 :
1661 4358 1829 4418 atque
1868 4347 2042 4400 Immi-

461 4458 583 4498 nem
612 4444 778 4497 istum
808 4443 900 4511 qui
937 4458 996 4496 se
1022 4441 1302 4495 Christum
1337 4441 1558 4505 dixerit,
1591 4456 1778 4494 amore
1821 4442 2038 4494 unitutn

459 4548 582 4588 esse
623 4547 749 4586 cum
797 4531 929 4596 filio,
980 4531 1261 4600 Deumque
1298 4531 1566 4600 appellari
1598 4542 1654 4587 et
1686 4530 1880 4584 Filium
1921 4529 2037 4596 Dei,

2157 3253 2393 3313 runtque
2439 3243 2660 3298 Mariam
2713 3244 2980 3314 virginem
3016 3245 3109 3300 Dei
3146 3243 3372 3298 Matrem
3405 3258 3545 3304 esse,
3578 3239 3737 3296 Chri—

2151 3341 2408 3402 stumque
2439 3334 2607 3388 Deum
2641 3351 2825 3390 verum
2856 3345 3021 3404 atque
3047 3335 3322 3389 hominem
3359 3334 3572 3388 duabus
3603 3347 3737 3387 con-

2149 3435 2386 3480 stantem
2441 3429 2693 3493 naturis,
2755 3439 2811 3482 at
2863 3444 3097 3499 persona
3163 3443 3332 3482 unum
3391 3444 3529 3490 esse,
3582 3426 3736 3496 quod

2148 3517 2425 3572 diversum
2459 3528 2540 3573 est
2571 3518 2640 3572 ab
2685 3535 2893 3576 amore.
2937 3520 3229 3576 Nestor-ius
3261 3520 3409 3575 enint
3450 3519 3738 3574 asserebat

2149 3608 2413 3664 unitatem
2471 3624 2592 3665 esse
2647 3611 2881 3665 duarum
2936 3627 3300 3682 personarum
3359 3626 3732 3677 consensum;

2147 3715 2270 3756 cum
2321 3701 2504 3758 unitas
2559 3717 2686 3759 vera
2743 3705 2812 3758 sit
2854 3717 2911 3759 ut
2965 3707 3036 3760 sit
3079 3721 3314 3776 persona
3359 3721 3467 3760 una
3518 3706 3736 3761 duabus

2147 3798 2363 3854 naturis
2412 3797 2750 3872 [constans].
2783 3802 2914 3856 Cum
2952 3813 3132 3858 autem
3174 3803 3288 3874 jam
3327 3803 3582 3860 Nestorio
3616 3819 3740 3858 ma-

2147 3889 2489 3955 ledixissent,
2537 3893 2770 3948 accessit
2799 3891 3040 3950 Joannes
3077 3896 3388 3966 patriarcha
3431 3897 3740 3952 Antioche-

2147 3999 2270 4044 nus,
2303 3986 2393 4054 qui
2425 3999 2548 4038 cum
2578 3985 2690 4054 jam
2723 3987 2843 4040 illos
2865 3994 2991 4043 ante
3023 3987 3314 4042 adventum
3350 4004 3508 4042 suum
3538 3987 3740 4042 Nesto-

2145 4075 2228 4128 rio
2295 4073 2643 4130 maledixisse
2714 4078 3108 4145 comperisset,
3178 4078 3262 4133 ira
3330 4090 3640 4135 commotus
3716 4098 3730 4134 :

2142 4164 2374 4236 Injuria,
2444 4167 2652 4235 inquit,
2721 4169 3038 4226 Nestorium
3097 4171 3390 4240 aﬂ‘eeistis,
3437 4175 3742 4244 ipsumque

2147 4256 2624 4315 maledictionibus
2665 4261 2942 4318 immerito
2992 4264 3314 4320 devovistis.
3364 4266 3740 4334 Nestorioqne

2143 4360 2205 4400 se
2234 4345 2559 4416 adjungeus,
2591 4353 2914 4408 convocatis
2949 4355 3041 4422 qui
3090 4370 3214 4410 eum
3251 4356 3370 4427 ipso
3409 4368 3566 4413 erant
3606 4361 3742 4430 epi-

2145 4436 2350 4505 scopis,
2403 4435 2666 4508 Cyrillum
2723 4443 3092 4510 patriarcham
3140 4446 3590 4514 Alexandrinum,
3626 4465 3743 4505 nec

2147 4541 2253 4580 non
2288 4527 2564 4583 Simonem
2596 4531 2914 4601 episcopum
2952 4535 3308 4605 Ephesinpm,
3345 4543 3732 4594 excommuni-

466 4639 572 4678 non
609 4639 820 4687 revera,
864 4622 958 4678 sed
1007 4637 1101 4692 per
1150 4627 1589 4688 concessionem,
1642 4631 1696 4676 et
1752 4622 2034 4677 nominum
2072 4633 2113 4686 υ
2152 4620 2319 4674 cavit.
2349 4620 2485 4677 Cum
2513 4637 2643 4693 ergo
2675 4623 2924 4680 viderent
2954 4628 3086 4683 socii
3116 4628 3305 4700 Cyrilli
3336 4631 3740 4687 absurditatcm

462 4716 925 4780 communionem,
975 4725 1031 4769 et
1077 4717 1303 4772 honoris
1353 4731 1542 4781 causa,
1604 4715 1748 4771 sicut
1797 4730 1938 4769 unus
1970 4729 2033 4769 ex

461 4806 764 4876 prophetis.
793 4805 925 4872 Quae
952 4806 1186 4863 Nestorii
1217 4810 1488 4864 sententia
1522 4824 1644 4862 cum
1677 4808 1743 4862 ad
1775 4807 2035 4876 Cyrillum

461 4899 824 4969 patriarcham
875 4899 1300 4955 Alexandrinum
1352 4901 1706 4970 pervenisset,
1763 4900 1876 4968 ipse
1915 4914 2034 4953 eam

463 4993 777 5060 improbans
824 4993 891 5048 ad
937 5010 1062 5069 eum
1109 4995 1325 5050 litteras
1355 4993 1598 5065 scripsit,
1631 4993 1682 5047 in
1721 4993 1921 5063 quibus
1958 4993 2040 5046 fa-

457 5095 604 5139 ctum
644 5083 761 5154 ejus
791 5093 848 5138 ut
894 5091 1053 5151 turpe
1088 5085 1384 5150 incusavit,
1420 5099 1484 5138 ac
1516 5084 1841 5140 sententiam
1871 5098 2032 5137 coar-

457 5183 574 5247 guit
625 5178 841 5246 ipsique
876 5178 974 5230 via:
1009 5192 1122 5232 sua:
1166 5177 1580 5247 perversitatem
1632 5176 1892 5241 ostendit,
1946 5192 2034 5231 ro-

455 5287 589 5337 gans
625 5281 681 5324 ut
717 5272 782 5325 ad
815 5272 1096 5324 veritatem
1141 5269 1364 5322 rediret.
1395 5269 1644 5334 Cumque
1675 5269 1856 5324 multa:
1891 5271 2033 5324 inter

455 5365 606 5434 ipsos
655 5365 848 5418 littera:
903 5365 1355 5425 intercesserant,
1405 5376 1503 5414 nec
1549 5377 1578 5413 a
1622 5361 1892 5416 sententia
1931 5377 2031 5416 sua

456 5465 822 5509 reverti-retur
854 5452 1159 5517 Nestorius,
1192 5453 1415 5521 scripsit
1447 5452 1689 5522 Cyrillus
1715 5454 2031 5522 patriarcha

455 5546 799 5599 Alexandria:
830 5546 895 5597 ad
922 5543 1186 5599 Joannem
1219 5545 1583 5612 patriarcham
1607 5545 2032 5610 Antiochenum,

457 5631 634 5699 ipsum
665 5639 829 5688 etiam
865 5650 1066 5703 rogans
1110 5643 1168 5688 ut
1201 5635 1398 5688 litteris
1432 5632 1498 5688 ad
1535 5633 1848 5687 Nestorium
1890 5634 2032 5688 datis

458 5722 611 5778 illum
645 5725 934 5780 sententia:
971 5741 1082 5782 sua:
1139 5725 1403 5782 finditatis
1433 5735 1487 5780 et
1535 5724 1894 5781 absurditatis
1922 5743 2035 5782 mo-

523 5842 596 5908 (α)
630 5840 719 5890 ilic
742 5841 793 5891 in
817 5840 1038 5894 editione
1063 5843 1338 5897 Oxoniensi
1361 5846 1534 5909 incipit
1558 5851 1720 5896 tomus
1747 5846 1892 5897 alter.

2144 4729 2333 4768 eorum
2353 4731 2472 4786 qua:
2492 4715 2997 4785 patravitiJaaunes,
3014 4728 3134 4775 orto
3165 4721 3317 4776 inter
3332 4723 3481 4793 ipsos
3499 4725 3744 4781 dissidio

2146 4803 2359 4876 Epheso
2393 4807 2784 4864 discesserunt.
2819 4810 3080 4882 Factique
3111 4823 3240 4868 sunt
3263 4815 3398 4869 socii
3434 4814 3650 4886 Cyrilli.
3680 4827 3746 4871 et

2143 4899 2448 4955 Orientales
2464 4911 2645 4970 partes
2659 4905 2801 4969 duae,
2825 4903 2966 4960 inter
2979 4921 3116 4976 quas
3135 4907 3559 4964 intercesserunt
3576 4910 3744 4966 rixae.

2218 4995 2283 5046 At
2317 5009 2425 5048 non
2460 4994 2672 5049 destitit
2713 4994 3058 5053 Theodosius
3091 5015 3185 5053 rex
3223 5000 3398 5055 donec
3430 5002 3573 5056 inter
3595 5002 3744 5057 illos

2145 5103 2331 5156 pacem
2365 5088 2705 5145 conciliaret.
2743 5089 3100 5158 Scripserunt
3123 5107 3254 5160 ergo
3285 5093 3596 5148 Orientales
3653 5095 3740 5150 li-

2141 5174 2338 5230 bellum
2368 5174 2420 5228 in
2458 5190 2567 5245 quo
2589 5176 2905 5231 asserebant
2936 5187 3184 5232 sanetam
3203 5178 3426 5234 Mariam
3447 5180 3746 5252 Virginem

2143 5269 2304 5323 Deum
2331 5278 2385 5322 et
2404 5267 2691 5323 Dominum
2721 5278 2969 5325 ttostrum
2993 5271 3177 5326 Jesum
3202 5272 3396 5343 9-11
3434 5274 3743 5329 Christum

2143 5360 2437 5430 peperisse,
2473 5362 2566 5430 qui
2603 5360 2847 5426 ejusdem
2888 5372 2973 5418 est
3005 5377 3128 5417 cum
3162 5363 3320 5419 Patre
3351 5380 3453 5419 suo
3489 5373 3743 5429 naturas,

2140 5453 2502 5522 ejusdemque
2556 5467 2681 5508 cmn
2735 5454 3050 5511 hominibus
3091 5456 3270 5524 quoad
3323 5457 3744 5512 humanitatem

2143 5552 2386 5604 naturae;
2419 5543 2558 5596 duas
2597 5543 2758 5598 etiam
2805 5553 3031 5597 naturas
3064 5543 3305 5599 confessi
3353 5552 3504 5610 sunt,
3537 5553 3591 5597 et
3621 5544 3752 5615 hy-

2144 5635 2385 5704 postasiu
2432 5649 2617 5700 uuam,
2657 5648 2930 5704 unamque
2977 5649 3293 5704 personam,
3341 5644 3396 5689 et
3429 5635 3751 5690 anathema

2143 5731 2198 5783 in
2244 5724 2564 5782 Nestorium
2617 5724 3034 5781 denuntiarunt.
3071 5725 3318 5797 Eumque
3347 5724 3589 5781 libellum
3625 5741 3755 5796 per
