4034 6214
372 294 508 350 ιυδό

1795 281 1891 339 AN
1902 277 1946 336 Ν
1953 276 2161 338 ALES.

3468 265 3606 332 1034

367 400 594 455 Paulum
626 398 1018 468 metropolitani
1050 395 1416 452 llamesanum
1444 394 1511 448 ad
1543 393 1804 465 Cyrillum
1836 405 1933 460 pa-
1968 398 2007 448 A
2042 398 2226 458 utpote
2259 403 2382 444 cum
2425 386 2605 448 Pater,
2649 385 2804 456 juxta
2838 385 3011 454 ipsos,
3040 384 3287 453 genuerit
3331 383 3523 448 Deum,
3555 399 3609 440 at
3631 409 3648 424 σ

371 490 666 545 triarcham
715 489 1144 543 Alexandrinum
1210 486 1478 542 miserunt
1531 501 1546 539 :
1591 483 1752 555 quem
1807 497 1931 536 cum

373 580 674 649 accepisset
704 579 1216 650 atque,perlegisset
1248 577 1502 650 Cyrillus,
1541 591 1664 630 cum
1699 575 1837 644 ipsis
1867 574 1935 628 de

370 672 536 727 rebus
567 671 620 724 in
639 684 710 726 eo
742 671 1015 726 contentis
1043 670 1395 726 consentiens
1419 668 1521 723 hoc
1551 667 1658 723 illis
1689 665 1835 737 quod
1869 666 1937 719 ad

371 779 495 818 eum
529 778 854 833 responsum
883 763 1120 818 reddidit
1151 781 1166 818 :

397 895 402 898 .
442 855 704 908 Eamdem
737 869 836 925 ego
865 870 1025 923 quam
1059 868 1157 911 vos
1192 853 1248 909 in
1297 854 1482 910 libello
1522 861 1704 908 vestro
1735 852 1942 906 descri-

369 947 560 1014 psistis
593 946 752 1002 tidem
781 949 1113 1016 amplector;
1147 956 1308 1016 atque
1347 947 1450 1002 hoc
1477 953 1636 1015 pacto
1665 943 1768 998 fuit
1801 943 1943 996 inter

376 1037 637 1108 Cyrillum
683 1047 738 1092 et
777 1036 1079 1093 Orientales
1099 1035 1421 1114 concordia;
1452 1034 1608 1101 Quod
1652 1042 1830 1087 autem
1862 1031 1943 1085 di-

376 1141 512 1184 cunt
557 1130 804 1184 nonnulli
835 1129 1096 1200 Cyrillum
1134 1144 1263 1184 cum
1296 1128 1538 1184 libellum
1576 1126 1941 1181 Orientalium

373 1223 683 1291 accepisset
705 1223 883 1292 ipsum
911 1223 1268 1292 improbasse,
1298 1236 1400 1276 nec
1426 1219 1630 1274 dixisse
1664 1219 1800 1272 duas
1840 1232 1944 1271 na-

380 1324 529 1366 turas
558 1321 610 1367 et
645 1311 980 1382 hypostasim
1013 1312 1275 1376 unam,in
1310 1325 1376 1365 eo
1404 1309 1524 1363 falsi
1561 1316 1709 1363 sunt.
1743 1305 1948 1360 Omnes

373 1406 522 1458 enim
570 1401 758 1472 Cyrilli
808 1403 931 1458 libri
1003 1403 1135 1458 illud
1187 1403 1394 1459 diserte
1448 1408 1722 1455 asserunt.
1780 1399 1949 1454 Porro

325 1517 328 1520 ’
375 1496 686 1564 transmisit
723 1495 966 1564 Cyrillus
993 1493 1270 1564 exemplar
1297 1492 1462 1547 libelli
1489 1492 1850 1547 Orientalium
1882 1488 1947 1543 ad

379 1587 663 1653 Hilarium,
689 1589 1007 1658 episcopum
1028 1585 1178 1641 urbis
1204 1584 1474 1651 Corinthi,
1500 1593 1552 1639 et
1573 1585 1638 1638 ad
1667 1583 1949 1645 Acacium,

2042 496 2149 535 non
2185 482 2457 535 hominem
2488 497 2502 544 ;
2530 478 2694 534 Maria
2716 493 2844 534 vero
2876 476 3148 533 hominem
3177 481 3469 547 pepererit,
3501 496 3609 534 non
3684 499 3686 501 ν

2041 583 2220 627 autem
2256 572 2442 628 Deum.
3005 577 3018 588 ‘

2117 665 2340 720 Dicetur
2387 680 2519 736 ergo
2567 667 2676 720 illis
2735 684 2748 719 :
2794 666 2849 720 Si
2881 665 2953 720 ita
2979 679 3067 719 res
3093 679 3154 720 se
3173 663 3376 719 habeat
3414 665 3490 719 uti
3522 682 3618 718 vos

2045 757 2248 821 dicitis,
2291 759 2396 813 erit
2439 758 2692 814 Christus
2760 758 2869 812 duo
2910 757 3148 821 Christi,
3202 755 3422 826 duoque
3470 755 3616 811 Filii.

2045 848 2162 903 Erit
2208 865 2338 918 ergo
2381 849 2634 904 Christus
2688 848 2832 904 Deus
2885 863 3067 912 verus,
3131 853 3184 901 et
3236 847 3410 901 Filius
3457 861 3620 901 vei-us

2050 939 2214 1006 Deus,
2265 947 2318 995 et
2364 939 2616 995 Christus
2673 955 2835 993 verus
2891 940 3077 1002 homo,
3131 949 3185 994 et
3235 939 3409 993 Filius
3457 953 3619 992 verus

2049 1030 2236 1096 homo,
2272 1046 2396 1086 cum
2449 1033 2762 1086 necessario
2797 1029 3091 1086 dicendum
3140 1031 3210 1086 sit
3263 1032 3345 1084 vel
3394 1029 3617 1084 Mariam

2051 1125 2328 1194 peperisse
2360 1123 2657 1190 Christum,
2686 1126 2768 1180 vel
2809 1141 2915 1179 non
2952 1125 3247 1194 peperisse.
3285 1122 3342 1177 Si
3389 1125 3621 1193 peperit,

2052 1219 2370 1274 necessario
2395 1219 2502 1272 erit
2529 1229 2719 1288 partus
2741 1219 2826 1274 vel
2859 1217 3161 1287 spiritualis
3187 1218 3271 1272 vel
3296 1220 3619 1286 corporalis;

2054 1311 2100 1366 si
2133 1310 2463 1380 corporalis,
2497 1311 2638 1365 alius
2663 1299 2775 1366 erit
2806 1309 2876 1363 ab
2915 1324 2981 1364 eo
3012 1324 3174 1376 quem
3215 1311 3404 1378 genuit
3441 1310 3622 1373 Pater,

2051 1403 2200 1460 unde
2229 1406 2544 1461 necessario
2571 1411 2831 1473 sequetur
2852 1404 2989 1457 duos
3019 1418 3139 1458 esse
3165 1401 3413 1458 Christos
3440 1420 3455 1468 ;
3481 1404 3626 1471 quod

2055 1496 2100 1551 si
2151 1497 2454 1567 spiritualis
2503 1495 2693 1563 fuerit,
2743 1497 2846 1552 erit
2889 1496 3144 1552 Christus
3189 1497 3362 1551 Filius
3399 1512 3540 1550 unus
3574 1508 3628 1552 et

2053 1587 2298 1643 Persona
2349 1602 2496 1654 una,
2556 1596 2610 1642 et
2661 1585 2918 1644 Christus
2981 1605 3144 1644 unus.
3209 1589 3477 1644 Prohatur
3527 1593 3630 1644 hoc

377 1682 696 1750 episcopum
739 1679 1112 1741 Malatensem,
1147 1685 1203 1734 et
1237 1677 1305 1731 ad
1339 1676 1478 1732 alios
1511 1675 1797 1745 episcopos
1825 1674 1948 1743 pluv
1985 1716 2028 1771 Β
2058 1677 2354 1750 [exemplo]
2401 1679 2617 1734 laminze
2651 1678 2840 1734 ferreae
2887 1680 2978 1734 cui
3014 1683 3202 1736 unitur
3245 1683 3406 1752 ignis,
3443 1692 3630 1752 utpote

379 1789 492 1837 res,
543 1774 806 1828 certiores
858 1772 982 1828 illos
1039 1771 1244 1827 faciens
1293 1769 1596 1825 Orientales
1654 1767 1722 1822 ad
1770 1781 1951 1820 veram

385 1864 541 1919 fidem
575 1863 828 1927 rediisse,
861 1878 1038 1934 neque
1068 1863 1327 1918 Nestorio
1361 1876 1648 1916 assensum
1691 1858 1953 1928 praebere,

386 1971 575 2011 verum
625 1954 957 2010 sententiam
991 1953 1247 2023 amplecti
1301 1952 1517 2007 concilii
1569 1948 1794 2004 secundi
1840 1948 1958 2018 cpi-

384 2061 678 2117 scoporum
712 2054 930 2101 centum
966 2045 1383 2114 quinquaginta,
1430 2043 1523 2113 qui
1555 2039 1959 2098 Constantino-

387 2139 498 2211 poli
529 2139 918 2194 convenientes
955 2136 1275 2192 Hacedonio
1319 2134 1743 2190 maledixerunt.
1776 2131 1895 2186 Jam
1928 2147 1958 2185 a

383 2231 623 2286 concilio
666 2229 930 2292 secundo,
973 2228 1119 2298 quod
1169 2227 1432 2291 diximus,
1479 2225 1547 2279 ad
1595 2226 1818 2280 tertium
1859 2224 1960 2279 hoc

389 2323 679 2376 concilium
742 2322 845 2390 12
899 2320 1282 2390 episcoporum
1335 2319 1702 2373 ducentorum
1755 2316 1846 2386 qui
1906 2316 1960 2368 in

388 2415 526 2469 urbe
557 2413 759 2482 Ephesi
793 2412 1105 2482 congregati
1144 2419 1274 2465 sunt
1302 2419 1356 2464 et
1381 2407 1694 2464 Nestorium
1737 2407 1962 2460 anathe-

395 2507 525 2560 tnati
585 2508 945 2569 tlevoverunt,
998 2502 1128 2556 anni
1168 2511 1297 2556 sunt
1343 2500 1740 2572 quinquaginta
1796 2512 1962 2563 unus,

396 2599 558 2667 idque
589 2611 733 2652 anno
772 2595 925 2666 regni
956 2593 1252 2649 Theodosii
1291 2590 1564 2657 Junioris,
1615 2590 1964 2661 imperatoris

395 2690 768 2744 Romanorum
801 2689 1065 2742 vicesimo
1100 2686 1301 2755 primo.
1337 2684 1626 2740 Nestorius
1658 2693 1841 2737 autem
1875 2682 1966 2737 ubi

391 2786 584 2853 pulsus
617 2783 794 2838 fuerat
836 2780 1131 2850 Egyptum
1166 2780 1418 2842 tendens,
1460 2777 1516 2832 in
1565 2791 1628 2831 ea
1658 2777 1778 2849 eius
1813 2784 1968 2846 parte

394 2892 519 2943 qua
554 2874 684 2930 Said
715 2874 943 2936 dicitur,
984 2873 1107 2928 loco
1141 2872 1390 2925 Echmim
1423 2871 1714 2940 appellato,
1760 2877 1966 2937 septem

393 2983 572 3022 annos
618 2966 878 3028 substitit,
921 2965 1046 3019 dein
1089 2971 1343 3018 mortuus
1390 2973 1495 3025 e5t,
1536 2977 1601 3014 ac
1633 2962 1881 3030 sepultus
1910 2959 1966 3013 in

2057 1782 2180 1837 quae
2225 1768 2296 1823 sit
2330 1767 2542 1839 gladius
2592 1785 2736 1824 unus
2777 1773 2871 1840 qui
2919 1780 2973 1825 et
3007 1782 3145 1837 urat,
3196 1783 3248 1828 et
3296 1775 3528 1839 scindat,
3578 1788 3631 1829 et

2059 1860 2258 1925 luceat,
2285 1870 2339 1916 et
2374 1871 2662 1928 coruscet;
2700 1878 2798 1918 nec
2824 1864 3051 1919 concedi
3087 1866 3191 1937 ιε
3217 1875 3394 1936 potest
3421 1876 3628 1936 partem

2061 1952 2296 2008 ferream
2337 1968 2455 2008 cam
2487 1969 2611 2009 esse
2654 1969 2772 2024 quae
2809 1955 2937 2019 urit,
2978 1965 3032 2011 et
3063 1957 3232 2020 lucet,
3264 1973 3388 2012 cum
3421 1959 3628 2013 ferrum

2061 2045 2148 2100 cui
2182 2061 2289 2100 non
2330 2045 2472 2100 inest
2517 2045 2660 2115 ignis
2705 2061 2815 2101 non
2863 2057 3024 2117 urat;
3057 2063 3233 2116 neque
3266 2057 3473 2117 partem
3502 2065 3631 2103 can-

2061 2140 2278 2192 dentem
2308 2153 2432 2208 quze
2465 2146 2617 2194 secat
2659 2139 2838 2208 ignem
2886 2155 3032 2206 cssv,
3082 2155 3208 2195 cum
3257 2142 3400 2210 ignis
3437 2152 3630 2195 natura

2063 2243 2163 2284 sua
2209 2228 2387 2283 luceat
2433 2237 2488 2283 et
2525 2235 2670 2283 urat.
2719 2231 2898 2299 Atque
2948 2230 3052 2283 hoc
3098 2228 3400 2302 {exemplo}
3441 2248 3632 2287 verum

2062 2337 2188 2375 esse
2237 2330 2456 2376 constat
2502 2328 2556 2374 et
2605 2320 2962 2375 confirmatur
3002 2322 3146 2392 quod
3187 2326 3504 2392 protitemur
3533 2340 3636 2380 nos

2068 2411 2358 2475 Melchitae,
2407 2410 2687 2466 Christum
2731 2425 2859 2465 esse
2899 2426 3058 2464 unam
3111 2426 3424 2479 personam,
3469 2413 3635 2468 Deum

2067 2501 2388 2572 perfectum,
2433 2502 2824 2572 hominemque
2873 2501 3200 2571 perfectum,
3239 2512 3293 2558 et
3325 2505 3640 2562 confutatur

2071 2595 2215 2665 quod
2251 2605 2502 2650 asserunt
2539 2595 2870 2660 Nestoriani,
2901 2610 3026 2650 esse
3068 2597 3346 2652 Christum
3376 2613 3640 2668 personas

2069 2691 2227 2743 duas.
2263 2688 2404 2753 Quin
2443 2688 2610 2742 etiam
2647 2688 2754 2742 dici
2789 2689 2894 2743 illis
2922 2689 3140 2759 poterit,
3182 2690 3350 2744 dicite
3383 2691 3541 2746 nobis
3573 2693 3641 2746 de

2071 2780 2409 2835 humanitate
2432 2781 2520 2834 cui
2551 2782 2702 2834 unita
2735 2789 2821 2836 est
2854 2782 3135 2847 divinitas,
3168 2790 3330 2852 atque
3358 2784 3640 2838 nominata

2070 2885 2153 2929 est
2195 2875 2454 2931 Christus
2497 2874 2627 2949 [An]
2679 2891 2785 2930 non
2835 2876 3063 2930 desierit
3109 2892 3228 2932 esse
3271 2879 3544 2934 Christum
3577 2897 3644 2934 cx

2071 2983 2182 3039 quo
2224 2968 2388 3024 fuerit
2415 2970 2468 3022 in
2511 2979 2666 3024 utero
2706 2969 2896 3022 matris
2930 2985 3044 3024 sua:
3084 2969 3266 3024 Mariae
3301 2987 3472 3040 usque
3515 2973 3643 3025 dum

398 3061 519 3114 vico
565 3058 766 3112 Saklan
814 3057 985 3121 dicto,
1019 3058 1072 3110 in
1117 3069 1226 3126 quo
1259 3064 1424 3109 aestus
1475 3054 1667 3124 ingens
1715 3052 1967 3122 contigit,

2079 3063 2259 3130 ipsum
2295 3069 2511 3130 pareret
2554 3067 2606 3114 et
2645 3060 2896 3125 iactaret,
2933 3071 2988 3115 et
3030 3061 3348 3128 adoleverit,
3388 3072 3440 3117 et
3470 3067 3650 3118 cruci—

396 3168 465 3206 ac
499 3151 771 3222 praecipue
804 3153 857 3204 in
893 3149 1030 3204 valle
1075 3149 1131 3203 in
1167 3163 1276 3217 qua
1319 3147 1435 3216 ipse
1470 3150 1716 3214 sepultus
1769 3145 1969 3211 fuerat,

398 3250 536 3300 adeo
569 3253 628 3297 ut
661 3257 820 3297 nemo
867 3241 921 3296 in
953 3257 1014 3296 ea
1052 3240 1309 3295 incedere
1341 3239 1421 3294 vel
1453 3255 1548 3308 per
1580 3254 1700 3293 eam
1737 3239 1972 3293 transire

317 3393 327 3412 ι
401 3347 648 3406 tempore
699 3335 890 3389 aestivo
935 3343 1140 3403 posset.
1177 3335 1356 3402 Atque
1414 3333 1486 3387 ita
1536 3331 1844 3386 oblitterata
1891 3341 1975 3385 est

408 3429 679 3483 sententia
727 3425 964 3480 Nestorii
1011 3425 1185 3480 donec
1233 3423 1382 3478 illam
1431 3425 1594 3494 longo
1640 3429 1762 3493 post
1795 3422 1972 3493 ipsum

404 3521 666 3593 temporis
699 3520 876 3592 Spatio
907 3519 1259 3574 resuscitaret
1313 3515 1590 3570 Barsuma
1627 3515 1976 3586 metropolita

404 3615 772 3673 Nisibinensis
811 3622 1058 3682 tempore
1089 3609 1290 3665 Justini
1321 3607 1694 3663 Romanorum
1739 3609 1978 3678 impera-

408 3709 543 3764 toris
570 3716 624 3763 et
654 3705 862 3761 Kobadi
884 3703 1107 3758 Phiruzi
1143 3701 1235 3757 filii
1269 3702 1417 3771 regis
1462 3699 1752 3756 Persarum
1785 3742 1799 3764 ,
1829 3714 1980 3754 eam-

410 3817 517 3872 que
539 3803 593 3856 in
617 3801 862 3861 Oriente,
891 3813 956 3852 ac
983 3797 1256 3867 praecipue
1281 3796 1421 3863 apud
1450 3794 1742 3849 Persarum
1774 3793 1982 3848 incolas

409 3897 681 3945 astrueret
710 3905 725 3954 ;
755 3887 898 3942 unde
931 3895 1015 3942 est
1045 3885 1194 3956 quod
1237 3886 1395 3939 multi
1429 3885 1542 3940 sint
1581 3881 1896 3939 Nastoriani
1929 3884 1982 3937 in

410 3982 657 4046 Oriente,
684 3978 892 4034 scilicet
921 3978 1094 4043 lraco,
1121 3977 1184 4032 Al
1217 3977 1424 4044 Musal,
1448 3976 1592 4031 circa
1627 3975 1981 4045 Euphratem,

417 4084 471 4128 et
517 4074 571 4126 in
603 4070 1017 4141 Mesopotamia,
1050 4068 1145 4139 qui
1191 4067 1504 4124 Nestoriani
1543 4066 1799 4136 appellati
1832 4074 1983 4130 sunt,

417 4163 579 4220 titulo
609 4179 638 4218 a
667 4163 905 4219 Nestorii
950 4160 1172 4216 nomine
1208 4161 1467 4216 deducto.
1514 4159 1644 4214 Post
1673 4158 1986 4215 Nestorium

369 4292 375 4299 κ
418 4259 758 4316 constitutus
805 4262 891 4309 est
921 4254 1198 4308 Maximus
1252 4252 1563 4323 patriarcha
1597 4249 1991 4308 Constantino-

420 4352 719 4421 politanus,
747 4347 840 4419 qui
873 4357 984 4402 tres
1025 4360 1200 4401 annos
1231 4345 1392 4410 sedit,
1421 4344 1547 4399 dein
1591 4350 1840 4398 mortuus
1871 4351 1988 4410 est;

419 4444 651 4513 ipsoque
677 4439 920 4495 nondum
953 4437 1170 4508 sepulto
1203 4435 1382 4493 factus
1407 4444 1492 4492 est
1521 4437 1757 4491 Proclus
1786 4435 1990 4490 ibidem

424 4533 759 4605 patriarcha,
800 4533 895 4601 qui
926 4545 1094 4601 super
1120 4528 1356 4584 Maximo
1388 4529 1590 4596 oravit,
1639 4544 1874 4598 eumque
1909 4545 1996 4584 se-

426 4627 650 4698 pelivit;
679 4640 917 4695 cumque
947 4631 1068 4692 post
1107 4623 1282 4692 ipsum
1327 4620 1589 4677 tredecim
1620 4634 1794 4676 annos
1823 4622 1999 4677 sedis-

423 4730 532 4783 set,
563 4718 810 4771 mortuus
841 4723 946 4770 est.

499 4807 682 4877 lnquit
721 4805 876 4870 Said,
924 4800 1138 4874 patricii
1193 4798 1434 4870 13-15
1483 4799 1651 4866 tilius,
1689 4799 1932 4855 medicus
1981 4817 1995 4854 :

429 4900 624 4956 Visum
657 4908 740 4953 est
773 4897 905 4951 mihi
942 4879 1046 4950 hoc
1077 4892 1200 4948 libri
1233 4893 1338 4946 mei
1372 4893 1531 4946 istius
1569 4891 1692 4946 loco
1723 4890 2002 4947 Nestoriu-

429 4993 516 5049 nis
549 5003 876 5060 responsum
901 4987 1151 5050 reddere,
1178 4992 1232 5038 et
1259 4985 1545 5061 sententiae
1576 4984 1817 5053 ipsorum
1847 4988 2002 5042 falsi-

357 5074 364 5083 ’
429 5092 602 5139 tatem
637 5091 800 5151 atque
830 5077 1224 5133 absurditatem
1265 5074 1661 5137 demonstrare,
1695 5090 1818 5129 cum
1849 5091 2004 5131 error

429 5177 524 5240 sit,
553 5174 768 5245 ipsique
805 5181 1045 5240 tempore
1087 5168 1192 5223 hoc
1236 5174 1428 5221 nostro
1461 5181 1491 5219 a
1521 5165 1757 5221 Nestorii
1790 5168 2003 5236 antiqui

431 5267 596 5322 dictis
621 5267 674 5320 in
705 5265 983 5319 diversum
1015 5260 1288 5323 abierunt,
1317 5267 1666 5312 autumantes
1691 5257 2003 5315 Nestorium

435 5359 742 5414 asseruisse
778 5355 1061 5411 Christum
1093 5353 1230 5406 duas
1251 5351 1590 5405 substantias
1621 5365 1685 5404 ac
1714 5351 1853 5408 duas
1884 5370 2006 5422 per-

435 5469 604 5507 sonas
632 5467 781 5516 esse,
807 5449 977 5505 Deum
1002 5446 1300 5516 perfectum
1329 5444 1383 5499 in
1418 5459 1652 5515 persona
1677 5457 1728 5500 et
1751 5449 2008 5502 substan-

435 5547 510 5599 tia
549 5561 670 5611 sua,
710 5553 875 5614 atque
919 5541 1196 5597 hominem
1246 5540 1547 5608 perfectum
1594 5541 1648 5593 in
1689 5556 1922 5610 persona
1955 5552 2008 5597 ct

433 5638 746 5694 substantia
778 5653 900 5700 sua,
941 5649 1005 5689 ac
1049 5631 1273 5688 Mariam
1309 5633 1586 5702 peperisse
1617 5633 1897 5689 Christum
1941 5652 2007 5691 ex

441 5743 596 5802 parte
628 5731 1012 5793 humanitatis,
1064 5741 1169 5783 non
1214 5742 1278 5782 ex
1321 5735 1480 5803 parte
1511 5727 1816 5789 divinitatis
1860 5748 2002 5804 suae;

800 5830 1068 5892 Parnoa.
1120 5829 1233 5888 Gn.
1283 5826 1435 5887 CXI.

2079 3152 2237 3214 fixus,
2279 3162 2334 3206 et
2388 3165 2582 3220 passus
2622 3152 2827 3205 fuerit?
2858 3153 2938 3205 An
2989 3153 3163 3207 donec
3207 3155 3429 3222 triginta
3475 3169 3647 3208 annos

2077 3245 2397 3313 compleret,
2437 3243 2600 3298 fuerit
2650 3259 2793 3298 unus
2843 3260 2907 3298 ex
2965 3261 3192 3298 numero
3245 3246 3549 3312 hominum,
3587 3263 3652 3301 ac

2081 3345 2193 3390 tum
2228 3336 2446 3390 demum
2479 3337 2667 3390 unitus
2700 3335 2864 3391 fuerit
2894 3337 3244 3402 humanitati,
3280 3352 3342 3392 ac
3373 3337 3551 3392 factus
3579 3341 3651 3395 sit

2080 3426 2352 3482 Messias?
2406 3425 2562 3492 Quod
2613 3427 2658 3482 si
2714 3425 2947 3482 dixerint
2997 3443 3104 3482 non
3155 3428 3324 3485 fuisse
3373 3430 3650 3484 Christum

2081 3516 2324 3588 quandiu
2363 3514 2462 3570 fuit
2516 3517 2570 3570 in
2608 3529 2766 3570 utero
2816 3516 3010 3572 matris
3051 3532 3164 3572 sua:
3213 3518 3415 3584 Marize,
3468 3535 3651 3572 vcrtttn

2081 3610 2305 3665 Mariam
2347 3611 2623 3678 peperisse
2669 3607 2969 3671 hominem,
3017 3624 3081 3662 ac
3123 3609 3302 3682 ipsum
3350 3611 3522 3664 donec
3555 3612 3656 3664 tri-

2083 3702 2231 3772 ginta
2265 3715 2438 3754 annos
2465 3699 2763 3768 compleret
2791 3713 2959 3752 unum
3003 3699 3177 3754 fuisse
3205 3715 3270 3753 ex
3311 3700 3650 3762 hominibus,

2085 3793 2283 3847 deinde
2317 3791 2524 3845 unitam
2559 3790 2727 3844 fuisse
2762 3791 3106 3844 divinitatem
3140 3807 3265 3845 cum
3296 3793 3656 3854 humanitate,

2087 3898 2151 3938 ac
2181 3882 2382 3936 factum
2423 3881 2590 3935 fuisse
2625 3881 2923 3946 Christum,
2960 3891 3105 3935 certe
3146 3885 3471 3938 sententiam
3503 3900 3658 3940 suam

2088 3983 2465 4038 astruxerunt,
2500 3982 2555 4027 at
2584 3972 2879 4043 Evangelio
2909 3973 3254 4028 mendacium
3292 3976 3656 4046 impegerunt.

2089 4084 2191 4125 nec
2236 4082 2343 4123 non
2385 4064 2586 4132 Paulo,
2643 4065 3010 4136 omnibusque
3055 4081 3194 4137 quos
3239 4066 3482 4123 Ecclesia
3525 4073 3656 4124 reci-

2090 4163 2172 4232 pit
2224 4160 2404 4220 libris.
2434 4169 2572 4214 et'a
2621 4159 2893 4212 sententia
2941 4158 3251 4213 Christiana
3295 4170 3662 4215 recesserunt.

2094 4254 2191 4308 Sin
2240 4252 2481 4308 dixerint
2525 4250 2868 4305 divinitatem
2922 4251 3246 4304 humanitati
3291 4252 3498 4305 unitam
3534 4254 3664 4323 17-

2101 4344 2206 4414 19
2236 4343 2404 4398 fuisse
2434 4342 2563 4396 dum
2600 4340 2781 4396 adhuc
2816 4341 2870 4395 in
2908 4349 3062 4398 utero
3096 4350 3428 4411 gestaretur,
3468 4345 3669 4414 ipsum-

2097 4451 2202 4507 que
2233 4433 2396 4507 [tum]
2437 4432 2716 4488 Christum
2770 4431 2963 4497 fuisse,
3011 4447 3075 4487 ac
3111 4433 3164 4487 in
3197 4441 3354 4488 utero
3395 4443 3665 4504 gestatum

2099 4530 2290 4598 fuisse;
2325 4546 2388 4584 ac
2419 4539 2604 4584 natum
2641 4537 2695 4584 et
2727 4529 3016 4584 educatum
3052 4528 3224 4582 donec
3259 4529 3670 4600 crucifigeretur

2099 4633 2154 4680 et
2185 4622 2603 4687 interficeretur,
2630 4631 2740 4676 tum
2773 4621 3102 4676 confitentur
3128 4621 3354 4676 Mariam
3391 4620 3668 4694 Virginem

2103 4719 2385 4790 peperisse
2448 4715 2641 4781 Deum,
2695 4713 2975 4769 Christum
3024 4728 3216 4779 unum,
3275 4720 3330 4766 et
3381 4729 3670 4784 personam

2102 4826 2291 4868 unam.

2175 4902 2394 4957 Dicetur
2415 4915 2608 4956 rursus
2641 4898 2750 4952 illis
2779 4916 2791 4952 :
2824 4897 3056 4963 Quando
3084 4899 3296 4954 unitum
3331 4909 3412 4955 cst
3441 4903 3669 4958 verbum

2104 4994 2358 5051 homini?
2389 5003 2516 5048 ante
2545 5001 2785 5062 partum,
2826 4999 2919 5044 aut
2944 5001 3236 5062 antequam
3268 4993 3671 5062 conciperetur,

2109 5102 2177 5140 an
2212 5094 2488 5140 momento
2538 5081 2955 5153 partusiQuod
2994 5083 3040 5137 si
3077 5085 3337 5150 dixerint,
3378 5097 3502 5139 ante
3548 5102 3675 5156 par-

2108 5187 2224 5234 tum
2255 5195 2270 5234 :
2306 5191 2635 5248 reponemus
2669 5175 2779 5230 illis
2812 5193 2825 5229 :
2855 5175 2993 5230 Num
3027 5186 3152 5231 ante
3193 5186 3432 5246 partum,
3463 5187 3518 5230 et
3551 5187 3675 5230 3.th

2109 5269 2562 5344 conceptionem?
2593 5277 2687 5323 aut
2733 5278 2861 5324 ante
2907 5277 3123 5339 partum
3156 5279 3440 5338 postquam
3476 5285 3674 5324 concc-

2110 5375 2231 5436 ptus
2259 5363 2387 5418 est?
2420 5362 2574 5428 Quod
2612 5363 2657 5416 si
2709 5363 2966 5424 dixerint,
3015 5369 3128 5413 tum
3169 5368 3294 5414 ante
3337 5361 3674 5416 nativitatem

2110 5473 2235 5513 cum
2290 5465 2416 5512 ante
2448 5457 2882 5524 conceptionem,
2928 5460 3213 5505 autumant
3261 5451 3472 5507 unitum
3507 5455 3678 5511 fuisse

2112 5551 2291 5622 ipsum
2330 5557 2623 5617 antequam
2661 5555 2807 5601 esset
2838 5545 3020 5606 homo,
3051 5553 3101 5597 et
3137 5552 3427 5612 antequam
3475 5543 3680 5601 forum—

2113 5653 2286 5710 retur,
2342 5654 2392 5697 et
2457 5649 2746 5708 antequam
2800 5648 3170 5704 nasceretur;
3222 5655 3344 5708 qua:
3399 5639 3444 5693 si
3493 5641 3569 5696 ita
3622 5657 3682 5695 se

2117 5738 2354 5794 habeant
2376 5732 2734 5790 absurditatis
2757 5730 3002 5801 arguitur
3035 5731 3307 5788 sententia
3330 5730 3696 5790 Nestorium.

3149 5827 3226 5890 33
