  <div class='ocr_page' id='page_1' title='image "/cluster/home/n/w/nwhite01/storage/ocr_20150623/111/hvd.32044073502288/555.png"; bbox 0 0 4034 6214; ppageno 0'>
   <div class='ocr_carea' id='block_1_1' title="bbox 436 273 577 339">
    <p class='ocr_par' dir='ltr' id='par_1_1' title="bbox 436 273 577 339">
     <span class='ocr_line' id='line_1_1' title="bbox 436 273 577 339; baseline -0.028 0"><span class='ocrx_word' id='word_1_1' title='bbox 436 273 577 339; x_wconf 82' lang='lat'><strong>1035</strong></span> 
     </span>
    </p>
   </div>
   <div class='ocr_carea' id='block_1_2' title="bbox 1449 231 2648 334">
    <p class='ocr_par' dir='ltr' id='par_1_2' title="bbox 1449 231 2648 334">
     <span class='ocr_line' id='line_1_2' title="bbox 1449 231 2648 334; baseline -0.001 -1"><span class='ocrx_word' id='word_1_2' title='bbox 1449 270 1823 334; x_wconf 81' lang='lat' dir='ltr'><strong>EUTYCHII</strong></span> <span class='ocrx_word' id='word_1_3' title='bbox 1849 269 2385 332; x_wconf 80' lang='lat' dir='ltr'><strong>ALEXANDRINI</strong></span> <span class='ocrx_word' id='word_1_4' title='bbox 2420 231 2648 332; x_wconf 72' lang='lat' dir='ltr'><strong>P‘ATR</strong></span> 
     </span>
    </p>
   </div>
   <div class='ocr_carea' id='block_1_3' title="bbox 3532 262 3670 327">
    <p class='ocr_par' dir='ltr' id='par_1_3' title="bbox 3532 262 3670 327">
     <span class='ocr_line' id='line_1_3' title="bbox 3532 262 3670 327; baseline -0.022 0"><span class='ocrx_word' id='word_1_5' title='bbox 3532 262 3670 327; x_wconf 72' lang='grc' dir='ltr'><strong>10ῗὸ</strong></span> 
     </span>
    </p>
   </div>
   <div class='ocr_carea' id='block_1_4' title="bbox 399 360 3672 461">
    <p class='ocr_par' dir='ltr' id='par_1_4' title="bbox 399 360 3672 461">
     <span class='ocr_line' id='line_1_4' title="bbox 399 360 3672 461; baseline -0.005 -17"><span class='ocrx_word' id='word_1_6' title='bbox 399 405 574 458; x_wconf 71' lang='grc' dir='ltr'>,[ιιιη,</span> <span class='ocrx_word' id='word_1_7' title='bbox 612 401 719 461; x_wconf 84' lang='lat' dir='ltr'><strong>quo</strong></span> <span class='ocrx_word' id='word_1_8' title='bbox 784 385 1047 443; x_wconf 64' lang='lat' dir='ltr'><strong>Eternus</strong></span> <span class='ocrx_word' id='word_1_9' title='bbox 1100 386 1289 443; x_wconf 83' lang='lat' dir='ltr'><strong>uuitus</strong></span> <span class='ocrx_word' id='word_1_10' title='bbox 1352 384 1521 440; x_wconf 85' lang='lat' dir='ltr'><strong>luerit</strong></span> <span class='ocrx_word' id='word_1_11' title='bbox 1570 384 1776 439; x_wconf 80' lang='lat' dir='ltr'><strong>homini</strong></span> <span class='ocrx_word' id='word_1_12' title='bbox 1829 398 1889 438; x_wconf 90' lang='lat' dir='ltr'><strong>se</strong></span> <span class='ocrx_word' id='word_1_13' title='bbox 1939 360 2005 437; x_wconf 66' lang='lat' dir='ltr'><strong>es</strong></span> <span class='ocrx_word' id='word_1_14' title='bbox 2035 389 2162 444; x_wconf 71' lang='lat' dir='ltr'><strong>Aet</strong></span> <span class='ocrx_word' id='word_1_15' title='bbox 2199 386 2521 442; x_wconf 83' lang='lat' dir='ltr'><strong>conﬁrmata</strong></span> <span class='ocrx_word' id='word_1_16' title='bbox 2574 384 2778 442; x_wconf 87' lang='lat' dir='ltr'><strong>veritas</strong></span> <span class='ocrx_word' id='word_1_17' title='bbox 2822 385 2943 455; x_wconf 83' lang='lat' dir='ltr'><strong>ejus</strong></span> <span class='ocrx_word' id='word_1_18' title='bbox 2985 364 3129 454; x_wconf 79' lang='lat' dir='ltr'><strong>quod</strong></span> <span class='ocrx_word' id='word_1_19' title='bbox 3176 378 3499 452; x_wconf 82' lang='lat' dir='ltr'><strong>proﬁtentur</strong></span> <span class='ocrx_word' id='word_1_20' title='bbox 3540 375 3672 430; x_wconf 75' lang='lat' dir='ltr'><strong>Met-</strong></span> 
     </span>
    </p>
   </div>
   <div class='ocr_carea' id='block_1_5' title="bbox 431 475 1999 550">
    <p class='ocr_par' dir='ltr' id='par_1_5' title="bbox 431 475 1999 550">
     <span class='ocr_line' id='line_1_5' title="bbox 431 475 1999 550; baseline -0.003 -17"><span class='ocrx_word' id='word_1_21' title='bbox 431 486 582 550; x_wconf 86' lang='lat' dir='ltr'><strong>parte</strong></span> <span class='ocrx_word' id='word_1_22' title='bbox 611 486 819 533; x_wconf 89' lang='lat' dir='ltr'><strong>tantum</strong></span> <span class='ocrx_word' id='word_1_23' title='bbox 872 478 946 533; x_wconf 89' lang='lat' dir='ltr'><strong>ita</strong></span> <span class='ocrx_word' id='word_1_24' title='bbox 1000 477 1243 533; x_wconf 88' lang='lat' dir='ltr'><strong>habenti.</strong></span> <span class='ocrx_word' id='word_1_25' title='bbox 1316 476 1502 531; x_wconf 80' lang='lat' dir='ltr'><strong>.llomo</strong></span> <span class='ocrx_word' id='word_1_26' title='bbox 1547 475 1692 531; x_wconf 82' lang='lat' dir='ltr'><strong>enim</strong></span> <span class='ocrx_word' id='word_1_27' title='bbox 1732 490 1797 530; x_wconf 82' lang='lat' dir='ltr'><strong>ex</strong></span> <span class='ocrx_word' id='word_1_28' title='bbox 1849 483 1999 543; x_wconf 90' lang='lat' dir='ltr'><strong>parte</strong></span> 
     </span>
    </p>
   </div>
   <div class='ocr_carea' id='block_1_6' title="bbox 429 553 2002 640">
    <p class='ocr_par' dir='ltr' id='par_1_6' title="bbox 429 553 2002 640">
     <span class='ocr_line' id='line_1_6' title="bbox 429 553 2002 640; baseline -0.006 -15"><span class='ocrx_word' id='word_1_29' title='bbox 429 570 508 625; x_wconf 90' lang='lat' dir='ltr'><strong>sic</strong></span> <span class='ocrx_word' id='word_1_30' title='bbox 537 584 597 625; x_wconf 87' lang='lat' dir='ltr'><strong>se</strong></span> <span class='ocrx_word' id='word_1_31' title='bbox 636 553 998 624; x_wconf 62' lang='lat' dir='ltr'><strong>habens&#39;talis</strong></span> <span class='ocrx_word' id='word_1_32' title='bbox 1027 568 1131 622; x_wconf 80' lang='lat' dir='ltr'><strong>fuit</strong></span> <span class='ocrx_word' id='word_1_33' title='bbox 1160 583 1284 621; x_wconf 88' lang='lat' dir='ltr'><strong>cum</strong></span> <span class='ocrx_word' id='word_1_34' title='bbox 1325 566 1496 621; x_wconf 81' lang='lat' dir='ltr'><strong>forma</strong></span> <span class='ocrx_word' id='word_1_35' title='bbox 1533 567 1771 619; x_wconf 87' lang='lat' dir='ltr'><strong>humana</strong></span> <span class='ocrx_word' id='word_1_36' title='bbox 1809 563 2002 640; x_wconf 83' lang='lat' dir='ltr'><strong>indue-</strong></span> 
     </span>
    </p>
   </div>
   <div class='ocr_carea' id='block_1_7' title="bbox 429 654 2000 726">
    <p class='ocr_par' dir='ltr' id='par_1_7' title="bbox 429 654 2000 726">
     <span class='ocr_line' id='line_1_7' title="bbox 429 654 2000 726; baseline -0.006 -12"><span class='ocrx_word' id='word_1_37' title='bbox 429 674 611 726; x_wconf 85' lang='lat' dir='ltr'><strong>retur;</strong></span> <span class='ocrx_word' id='word_1_38' title='bbox 647 662 790 716; x_wconf 88' lang='lat' dir='ltr'><strong>unde</strong></span> <span class='ocrx_word' id='word_1_39' title='bbox 822 674 1050 715; x_wconf 88' lang='lat' dir='ltr'><strong>necesse</strong></span> <span class='ocrx_word' id='word_1_40' title='bbox 1078 670 1161 714; x_wconf 90' lang='lat' dir='ltr'><strong>est</strong></span> <span class='ocrx_word' id='word_1_41' title='bbox 1185 658 1292 712; x_wconf 85' lang='lat' dir='ltr'><strong>illis</strong></span> <span class='ocrx_word' id='word_1_42' title='bbox 1324 667 1383 712; x_wconf 93' lang='lat' dir='ltr'><strong>ut</strong></span> <span class='ocrx_word' id='word_1_43' title='bbox 1413 663 1701 711; x_wconf 82' lang='lat' dir='ltr'><strong>autument</strong></span> <span class='ocrx_word' id='word_1_44' title='bbox 1740 654 2000 710; x_wconf 85' lang='lat' dir='ltr'><strong>divinita-</strong></span> 
     </span>
    </p>
   </div>
   <div class='ocr_carea' id='block_1_8' title="bbox 432 747 2001 816">
    <p class='ocr_par' dir='ltr' id='par_1_8' title="bbox 432 747 2001 816">
     <span class='ocr_line' id='line_1_8' title="bbox 432 747 2001 816; baseline -0.006 -9"><span class='ocrx_word' id='word_1_45' title='bbox 432 764 541 809; x_wconf 85' lang='lat' dir='ltr'><strong>tem</strong></span> <span class='ocrx_word' id='word_1_46' title='bbox 581 755 779 816; x_wconf 80' lang='lat' dir='ltr'><strong>solam,</strong></span> <span class='ocrx_word' id='word_1_47' title='bbox 821 767 944 804; x_wconf 90' lang='lat' dir='ltr'><strong>cum</strong></span> <span class='ocrx_word' id='word_1_48' title='bbox 975 749 1316 803; x_wconf 86' lang='lat' dir='ltr'><strong>humanitate</strong></span> <span class='ocrx_word' id='word_1_49' title='bbox 1342 747 1515 802; x_wconf 81' lang='lat' dir='ltr'><strong>fuisse</strong></span> <span class='ocrx_word' id='word_1_50' title='bbox 1546 761 1740 801; x_wconf 82' lang='lat' dir='ltr'><strong>novem</strong></span> <span class='ocrx_word' id='word_1_51' title='bbox 1783 758 2001 799; x_wconf 87' lang='lat' dir='ltr'><strong>menses</strong></span> 
     </span>
    </p>
   </div>
   <div class='ocr_carea' id='block_1_9' title="bbox 426 836 2000 910">
    <p class='ocr_par' dir='ltr' id='par_1_9' title="bbox 426 836 2000 910">
     <span class='ocr_line' id='line_1_9' title="bbox 426 836 2000 910; baseline -0.007 -11"><span class='ocrx_word' id='word_1_52' title='bbox 426 856 522 900; x_wconf 91' lang='lat' dir='ltr'><strong>aut</strong></span> <span class='ocrx_word' id='word_1_53' title='bbox 556 845 779 900; x_wconf 88' lang='lat' dir='ltr'><strong>circiter</strong></span> <span class='ocrx_word' id='word_1_54' title='bbox 800 843 880 897; x_wconf 86' lang='lat' dir='ltr'><strong>ab</strong></span> <span class='ocrx_word' id='word_1_55' title='bbox 906 843 1066 897; x_wconf 85' lang='lat' dir='ltr'><strong>initio</strong></span> <span class='ocrx_word' id='word_1_56' title='bbox 1094 840 1490 910; x_wconf 86' lang='lat' dir='ltr'><strong>conceptiouis,</strong></span> <span class='ocrx_word' id='word_1_57' title='bbox 1518 836 1623 894; x_wconf 82' lang='lat' dir='ltr'><strong>una</strong></span> <span class='ocrx_word' id='word_1_58' title='bbox 1652 853 1781 893; x_wconf 91' lang='lat' dir='ltr'><strong>cum</strong></span> <span class='ocrx_word' id='word_1_59' title='bbox 1808 837 2000 893; x_wconf 90' lang='lat' dir='ltr'><strong>eadem</strong></span> 
     </span>
    </p>
   </div>
   <div class='ocr_carea' id='block_1_10' title="bbox 426 925 2002 1003">
    <p class='ocr_par' dir='ltr' id='par_1_10' title="bbox 426 925 2002 1003">
     <span class='ocr_line' id='line_1_10' title="bbox 426 925 2002 1003; baseline -0.007 -12"><span class='ocrx_word' id='word_1_60' title='bbox 426 951 656 991; x_wconf 86' lang='lat' dir='ltr'><strong>manens</strong></span> <span class='ocrx_word' id='word_1_61' title='bbox 699 933 920 988; x_wconf 85' lang='lat' dir='ltr'><strong>inloco</strong></span> <span class='ocrx_word' id='word_1_62' title='bbox 953 947 1061 1003; x_wconf 89' lang='lat' dir='ltr'><strong>quo</strong></span> <span class='ocrx_word' id='word_1_63' title='bbox 1092 933 1297 1001; x_wconf 82' lang='lat' dir='ltr'><strong>gestari</strong></span> <span class='ocrx_word' id='word_1_64' title='bbox 1346 930 1488 984; x_wconf 87' lang='lat' dir='ltr'><strong>solet</strong></span> <span class='ocrx_word' id='word_1_65' title='bbox 1531 929 1763 993; x_wconf 81' lang='lat' dir='ltr'><strong>infans;</strong></span> <span class='ocrx_word' id='word_1_66' title='bbox 1803 925 2002 981; x_wconf 89' lang='lat' dir='ltr'><strong>deinde</strong></span> 
     </span>
    </p>
   </div>
   <div class='ocr_carea' id='block_1_11' title="bbox 425 1019 2004 1100">
    <p class='ocr_par' dir='ltr' id='par_1_11' title="bbox 425 1019 2004 1100">
     <span class='ocr_line' id='line_1_11' title="bbox 425 1019 2004 1100; baseline -0.011 -10"><span class='ocrx_word' id='word_1_67' title='bbox 425 1033 587 1090; x_wconf 86' lang='lat' dir='ltr'><strong>simul</strong></span> <span class='ocrx_word' id='word_1_68' title='bbox 624 1040 778 1085; x_wconf 87' lang='lat' dir='ltr'><strong>natas</strong></span> <span class='ocrx_word' id='word_1_69' title='bbox 814 1029 984 1100; x_wconf 58' lang='lat' dir='ltr'><strong>fuisse</strong></span> <span class='ocrx_word' id='word_1_70' title='bbox 1012 1044 1027 1094; x_wconf 89' lang='lat'><strong>;</strong></span> <span class='ocrx_word' id='word_1_71' title='bbox 1060 1026 1206 1095; x_wconf 89' lang='lat' dir='ltr'><strong>quod</strong></span> <span class='ocrx_word' id='word_1_72' title='bbox 1223 1022 1570 1078; x_wconf 85' lang='lat' dir='ltr'><strong>&#39;contradicit</strong></span> <span class='ocrx_word' id='word_1_73' title='bbox 1618 1021 1697 1075; x_wconf 83' lang='lat' dir='ltr'><strong>illi</strong></span> <span class='ocrx_word' id='word_1_74' title='bbox 1735 1020 1882 1091; x_wconf 92' lang='lat' dir='ltr'><strong>quod</strong></span> <span class='ocrx_word' id='word_1_75' title='bbox 1920 1019 2004 1073; x_wconf 91' lang='lat' dir='ltr'><strong>di-</strong></span> 
     </span>
    </p>
   </div>
   <div class='ocr_carea' id='block_1_12' title="bbox 424 1114 2005 1191">
    <p class='ocr_par' dir='ltr' id='par_1_12' title="bbox 424 1114 2005 1191">
     <span class='ocr_line' id='line_1_12' title="bbox 424 1114 2005 1191; baseline -0.009 -11"><span class='ocrx_word' id='word_1_76' title='bbox 424 1137 574 1189; x_wconf 89' lang='lat' dir='ltr'><strong>cunt,</strong></span> <span class='ocrx_word' id='word_1_77' title='bbox 620 1122 845 1177; x_wconf 84' lang='lat' dir='ltr'><strong>Mariam</strong></span> <span class='ocrx_word' id='word_1_78' title='bbox 875 1122 1154 1191; x_wconf 89' lang='lat' dir='ltr'><strong>peperisse</strong></span> <span class='ocrx_word' id='word_1_79' title='bbox 1183 1119 1470 1174; x_wconf 77' lang='lat' dir='ltr'><strong>Christum</strong></span> <span class='ocrx_word' id='word_1_80' title='bbox 1514 1132 1579 1171; x_wconf 80' lang='lat' dir='ltr'><strong>ex</strong></span> <span class='ocrx_word' id='word_1_81' title='bbox 1627 1124 1781 1183; x_wconf 89' lang='lat' dir='ltr'><strong>parte</strong></span> <span class='ocrx_word' id='word_1_82' title='bbox 1812 1114 2005 1167; x_wconf 89' lang='lat' dir='ltr'><strong>huma-</strong></span> 
     </span>
    </p>
   </div>
   <div class='ocr_carea' id='block_1_13' title="bbox 426 1203 2002 1280">
    <p class='ocr_par' dir='ltr' id='par_1_13' title="bbox 426 1203 2002 1280">
     <span class='ocr_line' id='line_1_13' title="bbox 426 1203 2002 1280; baseline -0.009 -10"><span class='ocrx_word' id='word_1_83' title='bbox 426 1217 613 1270; x_wconf 87' lang='lat' dir='ltr'><strong>nitatis</strong></span> <span class='ocrx_word' id='word_1_84' title='bbox 669 1229 803 1279; x_wconf 71' lang='lat' dir='ltr'><strong>sure,</strong></span> <span class='ocrx_word' id='word_1_85' title='bbox 865 1228 975 1266; x_wconf 88' lang='lat' dir='ltr'><strong>non</strong></span> <span class='ocrx_word' id='word_1_86' title='bbox 1034 1227 1101 1265; x_wconf 82' lang='lat' dir='ltr'><strong>ex</strong></span> <span class='ocrx_word' id='word_1_87' title='bbox 1150 1220 1305 1280; x_wconf 88' lang='lat' dir='ltr'><strong>parte</strong></span> <span class='ocrx_word' id='word_1_88' title='bbox 1360 1208 1664 1263; x_wconf 84' lang='lat' dir='ltr'><strong>divinitatis</strong></span> <span class='ocrx_word' id='word_1_89' title='bbox 1710 1220 1843 1260; x_wconf 69' lang='lat' dir='ltr'><strong>suae.</strong></span> <span class='ocrx_word' id='word_1_90' title='bbox 1907 1203 2002 1257; x_wconf 88' lang='lat' dir='ltr'><strong>Sin</strong></span> 
     </span>
    </p>
   </div>
   <div class='ocr_carea' id='block_1_14' title="bbox 424 1300 2005 1369">
    <p class='ocr_par' dir='ltr' id='par_1_14' title="bbox 424 1300 2005 1369">
     <span class='ocr_line' id='line_1_14' title="bbox 424 1300 2005 1369; baseline -0.007 -10"><span class='ocrx_word' id='word_1_91' title='bbox 424 1306 680 1369; x_wconf 79' lang='lat' dir='ltr'><strong>dixerint,</strong></span> <span class='ocrx_word' id='word_1_92' title='bbox 734 1303 943 1357; x_wconf 86' lang='lat' dir='ltr'><strong>uuitam</strong></span> <span class='ocrx_word' id='word_1_93' title='bbox 992 1300 1163 1355; x_wconf 80' lang='lat' dir='ltr'><strong>fuisse</strong></span> <span class='ocrx_word' id='word_1_94' title='bbox 1206 1314 1332 1355; x_wconf 90' lang='lat' dir='ltr'><strong>cum</strong></span> <span class='ocrx_word' id='word_1_95' title='bbox 1373 1313 1439 1354; x_wconf 88' lang='lat' dir='ltr'><strong>eo</strong></span> <span class='ocrx_word' id='word_1_96' title='bbox 1481 1307 1771 1367; x_wconf 79' lang='lat' dir='ltr'><strong>postquam</strong></span> <span class='ocrx_word' id='word_1_97' title='bbox 1808 1308 2005 1349; x_wconf 92' lang='lat' dir='ltr'><strong>conce-</strong></span> 
     </span>
    </p>
   </div>
   <div class='ocr_carea' id='block_1_15' title="bbox 424 1386 2005 1468">
    <p class='ocr_par' dir='ltr' id='par_1_15' title="bbox 424 1386 2005 1468">
     <span class='ocr_line' id='line_1_15' title="bbox 424 1386 2005 1468; baseline -0.008 -16"><span class='ocrx_word' id='word_1_98' title='bbox 424 1408 550 1468; x_wconf 88' lang='lat' dir='ltr'><strong>ptus</strong></span> <span class='ocrx_word' id='word_1_99' title='bbox 583 1405 726 1451; x_wconf 81' lang='lat' dir='ltr'><strong>esset</strong></span> <span class='ocrx_word' id='word_1_100' title='bbox 768 1411 831 1450; x_wconf 90' lang='lat' dir='ltr'><strong>ac</strong></span> <span class='ocrx_word' id='word_1_101' title='bbox 883 1394 1055 1449; x_wconf 87' lang='lat' dir='ltr'><strong>lorma</strong></span> <span class='ocrx_word' id='word_1_102' title='bbox 1101 1393 1210 1462; x_wconf 78' lang='lat'><strong>20</strong></span> <span class='ocrx_word' id='word_1_103' title='bbox 1258 1389 1500 1462; x_wconf 85' lang='lat' dir='ltr'><strong>perlecta</strong></span> <span class='ocrx_word' id='word_1_104' title='bbox 1542 1386 1807 1452; x_wconf 81' lang='lat' dir='ltr'><strong>indutus;</strong></span> <span class='ocrx_word' id='word_1_105' title='bbox 1846 1401 2005 1453; x_wconf 82' lang='lat' dir='ltr'><strong>rege-</strong></span> 
     </span>
    </p>
   </div>
   <div class='ocr_carea' id='block_1_16' title="bbox 425 1487 2005 1561">
    <p class='ocr_par' dir='ltr' id='par_1_16' title="bbox 425 1487 2005 1561">
     <span class='ocr_line' id='line_1_16' title="bbox 425 1487 2005 1561; baseline -0.008 -17"><span class='ocrx_word' id='word_1_106' title='bbox 425 1507 613 1545; x_wconf 89' lang='lat' dir='ltr'><strong>rcmus</strong></span> <span class='ocrx_word' id='word_1_107' title='bbox 640 1491 775 1561; x_wconf 86' lang='lat' dir='ltr'><strong>ipsis</strong></span> <span class='ocrx_word' id='word_1_108' title='bbox 807 1509 820 1543; x_wconf 91' lang='lat'><strong>:</strong></span> <span class='ocrx_word' id='word_1_109' title='bbox 856 1487 995 1541; x_wconf 90' lang='lat' dir='ltr'><strong>Tum</strong></span> <span class='ocrx_word' id='word_1_110' title='bbox 1028 1489 1168 1541; x_wconf 89' lang='lat' dir='ltr'><strong>Deus</strong></span> <span class='ocrx_word' id='word_1_111' title='bbox 1200 1488 1251 1539; x_wconf 88' lang='lat' dir='ltr'><strong>in</strong></span> <span class='ocrx_word' id='word_1_112' title='bbox 1293 1494 1451 1540; x_wconf 85' lang='lat' dir='ltr'><strong>utero</strong></span> <span class='ocrx_word' id='word_1_113' title='bbox 1486 1491 1733 1556; x_wconf 87' lang='lat' dir='ltr'><strong>gestatus</strong></span> <span class='ocrx_word' id='word_1_114' title='bbox 1763 1488 1846 1534; x_wconf 90' lang='lat' dir='ltr'><strong>est</strong></span> <span class='ocrx_word' id='word_1_115' title='bbox 1879 1490 2005 1532; x_wconf 86' lang='lat' dir='ltr'><strong>ante</strong></span> 
     </span>
    </p>
   </div>
   <div class='ocr_carea' id='block_1_17' title="bbox 427 1577 2005 1653">
    <p class='ocr_par' dir='ltr' id='par_1_17' title="bbox 427 1577 2005 1653">
     <span class='ocr_line' id='line_1_17' title="bbox 427 1577 2005 1653; baseline -0.008 -20"><span class='ocrx_word' id='word_1_116' title='bbox 427 1594 689 1653; x_wconf 79' lang='lat' dir='ltr'><strong>partum;</strong></span> <span class='ocrx_word' id='word_1_117' title='bbox 732 1580 878 1652; x_wconf 86' lang='lat' dir='ltr'><strong>quod</strong></span> <span class='ocrx_word' id='word_1_118' title='bbox 931 1581 978 1635; x_wconf 92' lang='lat' dir='ltr'><strong>si</strong></span> <span class='ocrx_word' id='word_1_119' title='bbox 1034 1577 1277 1653; x_wconf 56' lang='lat' dir='ltr'><strong>concedi</strong></span> <span class='ocrx_word' id='word_1_120' title='bbox 1311 1577 1486 1646; x_wconf 85' lang='lat' dir='ltr'><strong>possit</strong></span> <span class='ocrx_word' id='word_1_121' title='bbox 1532 1582 1686 1629; x_wconf 88' lang='lat' dir='ltr'><strong>utero</strong></span> <span class='ocrx_word' id='word_1_122' title='bbox 1731 1580 2005 1642; x_wconf 83' lang='lat' dir='ltr'><strong>gestatum</strong></span> 
     </span>
    </p>
   </div>
   <div class='ocr_carea' id='block_1_18' title="bbox 427 1661 2006 1740">
    <p class='ocr_par' dir='ltr' id='par_1_18' title="bbox 427 1661 2006 1740">
     <span class='ocr_line' id='line_1_18' title="bbox 427 1661 2006 1740; baseline -0.008 -13"><span class='ocrx_word' id='word_1_123' title='bbox 427 1677 625 1740; x_wconf 85' lang='lat' dir='ltr'><strong>tuisse,</strong></span> <span class='ocrx_word' id='word_1_124' title='bbox 684 1674 913 1729; x_wconf 83' lang='lat' dir='ltr'><strong>concedi</strong></span> <span class='ocrx_word' id='word_1_125' title='bbox 963 1672 1126 1727; x_wconf 84' lang='lat' dir='ltr'><strong>etiam</strong></span> <span class='ocrx_word' id='word_1_126' title='bbox 1179 1679 1383 1740; x_wconf 82' lang='lat' dir='ltr'><strong>potest,</strong></span> <span class='ocrx_word' id='word_1_127' title='bbox 1432 1668 1583 1722; x_wconf 85' lang='lat' dir='ltr'><strong>nasci</strong></span> <span class='ocrx_word' id='word_1_128' title='bbox 1638 1666 1900 1734; x_wconf 74' lang='lat' dir='ltr'><strong>potuisse.</strong></span> <span class='ocrx_word' id='word_1_129' title='bbox 1949 1661 2006 1716; x_wconf 88' lang='lat' dir='ltr'><strong>Si</strong></span> 
     </span>
    </p>
   </div>
   <div class='ocr_carea' id='block_1_19' title="bbox 425 1754 2076 1829">
    <p class='ocr_par' dir='ltr' id='par_1_19' title="bbox 425 1754 2076 1829">
     <span class='ocr_line' id='line_1_19' title="bbox 425 1754 2076 1829; baseline -0.005 -11"><span class='ocrx_word' id='word_1_130' title='bbox 425 1768 666 1822; x_wconf 76' lang='lat' dir='ltr'><strong>dixerint</strong></span> <span class='ocrx_word' id='word_1_131' title='bbox 715 1767 971 1819; x_wconf 85' lang='lat' dir='ltr'><strong>unionem</strong></span> <span class='ocrx_word' id='word_1_132' title='bbox 1021 1763 1221 1817; x_wconf 80' lang='lat' dir='ltr'><strong>factam</strong></span> <span class='ocrx_word' id='word_1_133' title='bbox 1270 1769 1514 1829; x_wconf 88' lang='lat' dir='ltr'><strong>tempore</strong></span> <span class='ocrx_word' id='word_1_134' title='bbox 1559 1757 1885 1819; x_wconf 78' lang='lat' dir='ltr'><strong>nativitatis,</strong></span> <span class='ocrx_word' id='word_1_135' title='bbox 1917 1756 1999 1809; x_wconf 90' lang='lat' dir='ltr'><strong>di-</strong></span> <span class='ocrx_word' id='word_1_136' title='bbox 2038 1754 2076 1809; x_wconf 84' lang='grc' dir='ltr'><strong>Β</strong></span> 
     </span>
    </p>
   </div>
   <div class='ocr_carea' id='block_1_20' title="bbox 426 1846 2003 1922">
    <p class='ocr_par' dir='ltr' id='par_1_20' title="bbox 426 1846 2003 1922">
     <span class='ocr_line' id='line_1_20' title="bbox 426 1846 2003 1922; baseline -0.01 -9"><span class='ocrx_word' id='word_1_137' title='bbox 426 1860 602 1913; x_wconf 86' lang='lat' dir='ltr'><strong>cimus</strong></span> <span class='ocrx_word' id='word_1_138' title='bbox 634 1874 646 1910; x_wconf 90' lang='lat'><strong>:</strong></span> <span class='ocrx_word' id='word_1_139' title='bbox 691 1855 827 1909; x_wconf 86' lang='lat' dir='ltr'><strong>Tum</strong></span> <span class='ocrx_word' id='word_1_140' title='bbox 865 1846 993 1922; x_wconf 74' lang='lat' dir='ltr'><strong>ergo</strong></span> <span class='ocrx_word' id='word_1_141' title='bbox 1020 1853 1231 1922; x_wconf 82' lang='lat' dir='ltr'><strong>peperit</strong></span> <span class='ocrx_word' id='word_1_142' title='bbox 1270 1851 1437 1904; x_wconf 80' lang='lat' dir='ltr'><strong>Maria</strong></span> <span class='ocrx_word' id='word_1_143' title='bbox 1469 1849 1704 1905; x_wconf 85' lang='lat' dir='ltr'><strong>Verbum</strong></span> <span class='ocrx_word' id='word_1_144' title='bbox 1739 1862 1847 1900; x_wconf 89' lang='lat' dir='ltr'><strong>uua</strong></span> <span class='ocrx_word' id='word_1_145' title='bbox 1879 1861 2003 1899; x_wconf 89' lang='lat' dir='ltr'><strong>cum</strong></span> 
     </span>
    </p>
   </div>
   <div class='ocr_carea' id='block_1_21' title="bbox 428 1934 2005 2021">
    <p class='ocr_par' dir='ltr' id='par_1_21' title="bbox 428 1934 2005 2021">
     <span class='ocr_line' id='line_1_21' title="bbox 428 1934 2005 2021; baseline -0.008 -21"><span class='ocrx_word' id='word_1_146' title='bbox 428 1948 686 2021; x_wconf 83' lang='lat' dir='ltr'><strong>homine;</strong></span> <span class='ocrx_word' id='word_1_147' title='bbox 723 1944 957 1999; x_wconf 82' lang='lat' dir='ltr'><strong>Verbum</strong></span> <span class='ocrx_word' id='word_1_148' title='bbox 1005 1952 1186 1996; x_wconf 86' lang='lat' dir='ltr'><strong>autem</strong></span> <span class='ocrx_word' id='word_1_149' title='bbox 1231 1949 1343 1994; x_wconf 91' lang='lat' dir='ltr'><strong>tum</strong></span> <span class='ocrx_word' id='word_1_150' title='bbox 1380 1940 1523 2009; x_wconf 87' lang='lat' dir='ltr'><strong>apud</strong></span> <span class='ocrx_word' id='word_1_151' title='bbox 1575 1955 1675 1994; x_wconf 90' lang='lat' dir='ltr'><strong>nos</strong></span> <span class='ocrx_word' id='word_1_152' title='bbox 1707 1948 1821 1992; x_wconf 92' lang='lat' dir='ltr'><strong>tum</strong></span> <span class='ocrx_word' id='word_1_153' title='bbox 1862 1934 2005 2004; x_wconf 88' lang='lat' dir='ltr'><strong>apud</strong></span> 
     </span>
    </p>
   </div>
   <div class='ocr_carea' id='block_1_22' title="bbox 429 2030 2006 2103">
    <p class='ocr_par' dir='ltr' id='par_1_22' title="bbox 429 2030 2006 2103">
     <span class='ocr_line' id='line_1_22' title="bbox 429 2030 2006 2103; baseline -0.005 -12"><span class='ocrx_word' id='word_1_154' title='bbox 429 2054 525 2093; x_wconf 83' lang='lat' dir='ltr'><strong>vos</strong></span> <span class='ocrx_word' id='word_1_155' title='bbox 558 2038 699 2091; x_wconf 87' lang='lat' dir='ltr'><strong>Deus</strong></span> <span class='ocrx_word' id='word_1_156' title='bbox 735 2045 839 2090; x_wconf 88' lang='lat' dir='ltr'><strong>est.</strong></span> <span class='ocrx_word' id='word_1_157' title='bbox 881 2034 1095 2103; x_wconf 79' lang='lat' dir='ltr'><strong>Peperit</strong></span> <span class='ocrx_word' id='word_1_158' title='bbox 1129 2049 1257 2103; x_wconf 80' lang='lat' dir='ltr'><strong>ergo</strong></span> <span class='ocrx_word' id='word_1_159' title='bbox 1294 2033 1461 2087; x_wconf 81' lang='lat' dir='ltr'><strong>Maria</strong></span> <span class='ocrx_word' id='word_1_160' title='bbox 1517 2032 1706 2086; x_wconf 91' lang='lat' dir='ltr'><strong>Deum.</strong></span> <span class='ocrx_word' id='word_1_161' title='bbox 1756 2030 1812 2083; x_wconf 88' lang='lat' dir='ltr'><strong>Si</strong></span> <span class='ocrx_word' id='word_1_162' title='bbox 1852 2030 2006 2083; x_wconf 82' lang='lat' dir='ltr'><strong>dixe-</strong></span> 
     </span>
    </p>
   </div>
   <div class='ocr_carea' id='block_1_23' title="bbox 426 2119 2007 2195">
    <p class='ocr_par' dir='ltr' id='par_1_23' title="bbox 426 2119 2007 2195">
     <span class='ocr_line' id='line_1_23' title="bbox 426 2119 2007 2195; baseline -0.007 -11"><span class='ocrx_word' id='word_1_163' title='bbox 426 2134 557 2193; x_wconf 85' lang='lat' dir='ltr'><strong>rint,</strong></span> <span class='ocrx_word' id='word_1_164' title='bbox 613 2130 689 2182; x_wconf 88' lang='lat' dir='ltr'><strong>lta</strong></span> <span class='ocrx_word' id='word_1_165' title='bbox 747 2139 873 2192; x_wconf 83' lang='lat' dir='ltr'><strong>est;</strong></span> <span class='ocrx_word' id='word_1_166' title='bbox 925 2132 1251 2195; x_wconf 70' lang='lat' dir='ltr'><strong>reponemus</strong></span> <span class='ocrx_word' id='word_1_167' title='bbox 1308 2142 1320 2178; x_wconf 93' lang='lat'>:</span> <span class='ocrx_word' id='word_1_168' title='bbox 1370 2125 1506 2179; x_wconf 90' lang='lat' dir='ltr'><strong>Cum</strong></span> <span class='ocrx_word' id='word_1_169' title='bbox 1561 2122 1786 2176; x_wconf 84' lang='lat' dir='ltr'><strong>concedi</strong></span> <span class='ocrx_word' id='word_1_170' title='bbox 1838 2119 2007 2190; x_wconf 83' lang='lat' dir='ltr'><strong>possit</strong></span> 
     </span>
    </p>
   </div>
   <div class='ocr_carea' id='block_1_24' title="bbox 427 2212 2005 2307">
    <p class='ocr_par' dir='ltr' id='par_1_24' title="bbox 427 2212 2005 2307">
     <span class='ocr_line' id='line_1_24' title="bbox 427 2212 2005 2307; baseline -0.008 -30"><span class='ocrx_word' id='word_1_171' title='bbox 427 2223 579 2277; x_wconf 88' lang='lat' dir='ltr'><strong>nasci</strong></span> <span class='ocrx_word' id='word_1_172' title='bbox 611 2221 879 2292; x_wconf 86' lang='lat' dir='ltr'><strong>potuisse,</strong></span> <span class='ocrx_word' id='word_1_173' title='bbox 900 2235 997 2273; x_wconf 89' lang='lat' dir='ltr'><strong>cur</strong></span> <span class='ocrx_word' id='word_1_174' title='bbox 1022 2233 1132 2307; x_wconf 66' lang='lat' dir='ltr'><strong>npn</strong></span> <span class='ocrx_word' id='word_1_175' title='bbox 1156 2219 1511 2280; x_wconf 79' lang='lat' dir='ltr'><strong>concedatur,</strong></span> <span class='ocrx_word' id='word_1_176' title='bbox 1540 2215 1591 2267; x_wconf 89' lang='lat' dir='ltr'><strong>in</strong></span> <span class='ocrx_word' id='word_1_177' title='bbox 1620 2223 1774 2268; x_wconf 88' lang='lat' dir='ltr'><strong>utero</strong></span> <span class='ocrx_word' id='word_1_178' title='bbox 1802 2212 2005 2282; x_wconf 76' lang='lat' dir='ltr'><strong>gestari</strong></span> 
     </span>
    </p>
   </div>
   <div class='ocr_carea' id='block_1_25' title="bbox 431 2304 2008 2378">
    <p class='ocr_par' dir='ltr' id='par_1_25' title="bbox 431 2304 2008 2378">
     <span class='ocr_line' id='line_1_25' title="bbox 431 2304 2008 2378; baseline -0.012 -6"><span class='ocrx_word' id='word_1_179' title='bbox 431 2316 674 2372; x_wconf 69' lang='lat' dir='ltr'><strong>potuisse</strong></span> <span class='ocrx_word' id='word_1_180' title='bbox 705 2314 727 2366; x_wconf 86' lang='lat'><strong>?</strong></span> <span class='ocrx_word' id='word_1_181' title='bbox 754 2313 908 2378; x_wconf 86' lang='lat' dir='ltr'><strong>Quod</strong></span> <span class='ocrx_word' id='word_1_182' title='bbox 943 2310 987 2364; x_wconf 90' lang='lat' dir='ltr'><strong>si</strong></span> <span class='ocrx_word' id='word_1_183' title='bbox 1015 2304 1408 2371; x_wconf 82' lang='lat' dir='ltr'><strong>concesserint,</strong></span> <span class='ocrx_word' id='word_1_184' title='bbox 1436 2304 1549 2373; x_wconf 77' lang='lat' dir='ltr'><strong>jam</strong></span> <span class='ocrx_word' id='word_1_185' title='bbox 1580 2304 1867 2359; x_wconf 65' lang='lat' dir='ltr'><strong>sententia:</strong></span> <span class='ocrx_word' id='word_1_186' title='bbox 1896 2314 2008 2354; x_wconf 63' lang='lat' dir='ltr'><strong>sua:</strong></span> 
     </span>
    </p>
   </div>
   <div class='ocr_carea' id='block_1_26' title="bbox 427 2396 2005 2470">
    <p class='ocr_par' dir='ltr' id='par_1_26' title="bbox 427 2396 2005 2470">
     <span class='ocr_line' id='line_1_26' title="bbox 427 2396 2005 2470; baseline -0.01 -7"><span class='ocrx_word' id='word_1_187' title='bbox 427 2409 844 2470; x_wconf 71' lang='lat' dir='ltr'><strong>Valedixerunt,</strong></span> <span class='ocrx_word' id='word_1_188' title='bbox 908 2405 991 2456; x_wconf 87' lang='lat' dir='ltr'><strong>sin</strong></span> <span class='ocrx_word' id='word_1_189' title='bbox 1048 2402 1192 2455; x_wconf 89' lang='lat' dir='ltr'><strong>haud</strong></span> <span class='ocrx_word' id='word_1_190' title='bbox 1254 2399 1650 2461; x_wconf 88' lang='lat' dir='ltr'><strong>concesserint,</strong></span> <span class='ocrx_word' id='word_1_191' title='bbox 1706 2396 1943 2450; x_wconf 84' lang='lat' dir='ltr'><strong>dicimus</strong></span> <span class='ocrx_word' id='word_1_192' title='bbox 1990 2411 2005 2447; x_wconf 89' lang='lat'><strong>:</strong></span> 
     </span>
    </p>
   </div>
   <div class='ocr_carea' id='block_1_27' title="bbox 428 2486 2007 2565">
    <p class='ocr_par' dir='ltr' id='par_1_27' title="bbox 428 2486 2007 2565">
     <span class='ocr_line' id='line_1_27' title="bbox 428 2486 2007 2565; baseline -0.011 -11"><span class='ocrx_word' id='word_1_193' title='bbox 428 2498 686 2565; x_wconf 68' lang='lat' dir='ltr'><strong>Quatnaxn</strong></span> <span class='ocrx_word' id='word_1_194' title='bbox 737 2508 819 2551; x_wconf 79' lang='lat' dir='ltr'><strong>est</strong></span> <span class='ocrx_word' id='word_1_195' title='bbox 868 2496 1009 2548; x_wconf 83' lang='lat' dir='ltr'><strong>inter</strong></span> <span class='ocrx_word' id='word_1_196' title='bbox 1054 2492 1170 2546; x_wconf 76' lang='lat' dir='ltr'><strong>haec</strong></span> <span class='ocrx_word' id='word_1_197' title='bbox 1202 2488 1594 2555; x_wconf 76' lang='lat' dir='ltr'><strong>discrepantia,</strong></span> <span class='ocrx_word' id='word_1_198' title='bbox 1658 2498 1713 2540; x_wconf 89' lang='lat' dir='ltr'><strong>ut</strong></span> <span class='ocrx_word' id='word_1_199' title='bbox 1762 2486 1817 2539; x_wconf 87' lang='lat' dir='ltr'><strong>in</strong></span> <span class='ocrx_word' id='word_1_200' title='bbox 1854 2494 2007 2539; x_wconf 90' lang='lat' dir='ltr'><strong>utero</strong></span> 
     </span>
    </p>
   </div>
   <div class='ocr_carea' id='block_1_28' title="bbox 427 2578 2005 2660">
    <p class='ocr_par' dir='ltr' id='par_1_28' title="bbox 427 2578 2005 2660">
     <span class='ocr_line' id='line_1_28' title="bbox 427 2578 2005 2660; baseline -0.01 -16"><span class='ocrx_word' id='word_1_201' title='bbox 427 2600 690 2660; x_wconf 61' lang='lat' dir='ltr'><strong>gestetur,</strong></span> <span class='ocrx_word' id='word_1_202' title='bbox 723 2597 776 2642; x_wconf 90' lang='lat' dir='ltr'><strong>et</strong></span> <span class='ocrx_word' id='word_1_203' title='bbox 812 2582 885 2639; x_wconf 89' lang='lat' dir='ltr'><strong>ut</strong></span> <span class='ocrx_word' id='word_1_204' title='bbox 910 2584 1218 2638; x_wconf 74' lang='lat' dir='ltr'><strong>nascatur?</strong></span> <span class='ocrx_word' id='word_1_205' title='bbox 1258 2583 1313 2636; x_wconf 91' lang='lat' dir='ltr'><strong>Si</strong></span> <span class='ocrx_word' id='word_1_206' title='bbox 1348 2582 1588 2637; x_wconf 81' lang='lat' dir='ltr'><strong>dixerint</strong></span> <span class='ocrx_word' id='word_1_207' title='bbox 1617 2578 1783 2633; x_wconf 83' lang='lat' dir='ltr'><strong>Deum</strong></span> <span class='ocrx_word' id='word_1_208' title='bbox 1817 2590 2005 2631; x_wconf 72' lang='lat' dir='ltr'><strong>natum</strong></span> 
     </span>
    </p>
   </div>
   <div class='ocr_carea' id='block_1_29' title="bbox 427 2672 2007 2747">
    <p class='ocr_par' dir='ltr' id='par_1_29' title="bbox 427 2672 2007 2747">
     <span class='ocr_line' id='line_1_29' title="bbox 427 2672 2007 2747; baseline -0.011 -9"><span class='ocrx_word' id='word_1_209' title='bbox 427 2701 532 2739; x_wconf 89' lang='lat' dir='ltr'><strong>non</strong></span> <span class='ocrx_word' id='word_1_210' title='bbox 562 2699 705 2747; x_wconf 90' lang='lat' dir='ltr'><strong>esse,</strong></span> <span class='ocrx_word' id='word_1_211' title='bbox 740 2697 838 2734; x_wconf 89' lang='lat' dir='ltr'><strong>nec</strong></span> <span class='ocrx_word' id='word_1_212' title='bbox 866 2679 1036 2733; x_wconf 76' lang='lat' dir='ltr'><strong>fuisse</strong></span> <span class='ocrx_word' id='word_1_213' title='bbox 1064 2678 1318 2731; x_wconf 87' lang='lat' dir='ltr'><strong>unionem</strong></span> <span class='ocrx_word' id='word_1_214' title='bbox 1352 2683 1476 2728; x_wconf 86' lang='lat' dir='ltr'><strong>ante</strong></span> <span class='ocrx_word' id='word_1_215' title='bbox 1506 2672 1876 2735; x_wconf 80' lang='lat' dir='ltr'><strong>nativitatem,</strong></span> <span class='ocrx_word' id='word_1_216' title='bbox 1907 2682 2007 2722; x_wconf 90' lang='lat' dir='ltr'><strong>nec</strong></span> 
     </span>
    </p>
   </div>
   <div class='ocr_carea' id='block_1_30' title="bbox 428 2760 2002 2835">
    <p class='ocr_par' dir='ltr' id='par_1_30' title="bbox 428 2760 2002 2835">
     <span class='ocr_line' id='line_1_30' title="bbox 428 2760 2002 2835; baseline -0.012 -5"><span class='ocrx_word' id='word_1_217' title='bbox 428 2786 576 2831; x_wconf 88' lang='lat' dir='ltr'><strong>statu</strong></span> <span class='ocrx_word' id='word_1_218' title='bbox 614 2774 722 2828; x_wconf 91' lang='lat' dir='ltr'><strong>isto</strong></span> <span class='ocrx_word' id='word_1_219' title='bbox 761 2772 1015 2835; x_wconf 80' lang='lat' dir='ltr'><strong>durante,</strong></span> <span class='ocrx_word' id='word_1_220' title='bbox 1052 2768 1147 2824; x_wconf 82' lang='lat' dir='ltr'><strong>sed</strong></span> <span class='ocrx_word' id='word_1_221' title='bbox 1191 2768 1363 2821; x_wconf 83' lang='lat' dir='ltr'><strong>fuisse</strong></span> <span class='ocrx_word' id='word_1_222' title='bbox 1394 2775 1640 2834; x_wconf 90' lang='lat' dir='ltr'><strong>tempore</strong></span> <span class='ocrx_word' id='word_1_223' title='bbox 1680 2760 2002 2824; x_wconf 86' lang='lat' dir='ltr'><strong>nativitatis,</strong></span> 
     </span>
    </p>
   </div>
   <div class='ocr_carea' id='block_1_31' title="bbox 427 2850 2005 2928">
    <p class='ocr_par' dir='ltr' id='par_1_31' title="bbox 427 2850 2005 2928">
     <span class='ocr_line' id='line_1_31' title="bbox 427 2850 2005 2928; baseline -0.011 -8"><span class='ocrx_word' id='word_1_224' title='bbox 427 2852 666 2920; x_wconf 78' lang='lat' dir='ltr'><strong>dicimus</strong></span> <span class='ocrx_word' id='word_1_225' title='bbox 695 2863 931 2918; x_wconf 88' lang='lat' dir='ltr'><strong>destruit</strong></span> <span class='ocrx_word' id='word_1_226' title='bbox 966 2861 1068 2914; x_wconf 84' lang='lat' dir='ltr'><strong>hoc</strong></span> <span class='ocrx_word' id='word_1_227' title='bbox 1110 2859 1242 2913; x_wconf 91' lang='lat' dir='ltr'><strong>illud</strong></span> <span class='ocrx_word' id='word_1_228' title='bbox 1290 2858 1430 2928; x_wconf 82' lang='lat' dir='ltr'><strong>quod</strong></span> <span class='ocrx_word' id='word_1_229' title='bbox 1464 2854 1736 2917; x_wconf 78' lang='lat' dir='ltr'><strong>asseritis,</strong></span> <span class='ocrx_word' id='word_1_230' title='bbox 1780 2850 2005 2905; x_wconf 82' lang='lat' dir='ltr'><strong>Mariam</strong></span> 
     </span>
    </p>
   </div>
   <div class='ocr_carea' id='block_1_32' title="bbox 426 2941 2001 3030">
    <p class='ocr_par' dir='ltr' id='par_1_32' title="bbox 426 2941 2001 3030">
     <span class='ocr_line' id='line_1_32' title="bbox 426 2941 2001 3030; baseline -0.014 -14"><span class='ocrx_word' id='word_1_231' title='bbox 426 2959 704 3030; x_wconf 84' lang='lat' dir='ltr'><strong>peperisse</strong></span> <span class='ocrx_word' id='word_1_232' title='bbox 733 2954 1032 3008; x_wconf 85' lang='lat' dir='ltr'><strong>Christum.</strong></span> <span class='ocrx_word' id='word_1_233' title='bbox 1081 2951 1356 3020; x_wconf 79' lang='lat' dir='ltr'><strong>Siquidem</strong></span> <span class='ocrx_word' id='word_1_234' title='bbox 1394 2963 1502 3002; x_wconf 89' lang='lat' dir='ltr'><strong>non</strong></span> <span class='ocrx_word' id='word_1_235' title='bbox 1539 2954 1623 3003; x_wconf 85' lang='lat' dir='ltr'><strong>est</strong></span> <span class='ocrx_word' id='word_1_236' title='bbox 1652 2945 1809 3000; x_wconf 77' lang='lat' dir='ltr'><strong>vobis</strong></span> <span class='ocrx_word' id='word_1_237' title='bbox 1840 2941 2001 2998; x_wconf 88' lang='lat' dir='ltr'><strong>Chri-</strong></span> 
     </span>
    </p>
   </div>
   <div class='ocr_carea' id='block_1_33' title="bbox 425 3035 2006 3114">
    <p class='ocr_par' dir='ltr' id='par_1_33' title="bbox 425 3035 2006 3114">
     <span class='ocr_line' id='line_1_33' title="bbox 425 3035 2006 3114; baseline -0.011 -6"><span class='ocrx_word' id='word_1_238' title='bbox 425 3066 543 3108; x_wconf 84' lang='lat' dir='ltr'><strong>stus</strong></span> <span class='ocrx_word' id='word_1_239' title='bbox 570 3052 730 3104; x_wconf 76' lang='lat' dir='ltr'><strong>homo</strong></span> <span class='ocrx_word' id='word_1_240' title='bbox 766 3047 936 3100; x_wconf 76' lang='lat' dir='ltr'><strong>Solus.</strong></span> <span class='ocrx_word' id='word_1_241' title='bbox 972 3043 1106 3099; x_wconf 77' lang='lat' dir='ltr'><strong>Cum</strong></span> <span class='ocrx_word' id='word_1_242' title='bbox 1141 3060 1273 3114; x_wconf 82' lang='lat' dir='ltr'><strong>ergo</strong></span> <span class='ocrx_word' id='word_1_243' title='bbox 1309 3042 1565 3097; x_wconf 85' lang='lat' dir='ltr'><strong>Christus</strong></span> <span class='ocrx_word' id='word_1_244' title='bbox 1602 3054 1706 3093; x_wconf 89' lang='lat' dir='ltr'><strong>non</strong></span> <span class='ocrx_word' id='word_1_245' title='bbox 1741 3039 1814 3092; x_wconf 90' lang='lat' dir='ltr'><strong>sit</strong></span> <span class='ocrx_word' id='word_1_246' title='bbox 1842 3035 2006 3090; x_wconf 89' lang='lat' dir='ltr'><strong>homo</strong></span> 
     </span>
    </p>
   </div>
   <div class='ocr_carea' id='block_1_34' title="bbox 427 3135 2002 3208">
    <p class='ocr_par' dir='ltr' id='par_1_34' title="bbox 427 3135 2002 3208">
     <span class='ocr_line' id='line_1_34' title="bbox 427 3135 2002 3208; baseline -0.008 -7"><span class='ocrx_word' id='word_1_247' title='bbox 427 3147 600 3208; x_wconf 88' lang='lat' dir='ltr'><strong>solus,</strong></span> <span class='ocrx_word' id='word_1_248' title='bbox 637 3143 804 3198; x_wconf 81' lang='lat' dir='ltr'><strong>Maria</strong></span> <span class='ocrx_word' id='word_1_249' title='bbox 851 3152 1036 3196; x_wconf 90' lang='lat' dir='ltr'><strong>autem</strong></span> <span class='ocrx_word' id='word_1_250' title='bbox 1083 3155 1147 3194; x_wconf 83' lang='lat' dir='ltr'><strong>ex</strong></span> <span class='ocrx_word' id='word_1_251' title='bbox 1193 3137 1466 3193; x_wconf 80' lang='lat' dir='ltr'><strong>sententia</strong></span> <span class='ocrx_word' id='word_1_252' title='bbox 1502 3144 1684 3191; x_wconf 88' lang='lat' dir='ltr'><strong>vestra</strong></span> <span class='ocrx_word' id='word_1_253' title='bbox 1728 3135 2002 3189; x_wconf 84' lang='lat' dir='ltr'><strong>hominem</strong></span> 
     </span>
    </p>
   </div>
   <div class='ocr_carea' id='block_1_35' title="bbox 431 3227 2002 3309">
    <p class='ocr_par' dir='ltr' id='par_1_35' title="bbox 431 3227 2002 3309">
     <span class='ocr_line' id='line_1_35' title="bbox 431 3227 2002 3309; baseline -0.007 -17"><span class='ocrx_word' id='word_1_254' title='bbox 431 3240 637 3293; x_wconf 87' lang='lat' dir='ltr'><strong>nudum</strong></span> <span class='ocrx_word' id='word_1_255' title='bbox 694 3237 965 3306; x_wconf 85' lang='lat' dir='ltr'><strong>pepererit</strong></span> <span class='ocrx_word' id='word_1_256' title='bbox 1019 3241 1146 3286; x_wconf 88' lang='lat' dir='ltr'><strong>ante</strong></span> <span class='ocrx_word' id='word_1_257' title='bbox 1198 3230 1496 3309; x_wconf 84' lang='lat' dir='ltr'><strong>unionem,</strong></span> <span class='ocrx_word' id='word_1_258' title='bbox 1538 3227 1789 3297; x_wconf 81' lang='lat' dir='ltr'><strong>sequitur</strong></span> <span class='ocrx_word' id='word_1_259' title='bbox 1831 3227 2002 3297; x_wconf 86' lang='lat' dir='ltr'><strong>ipsam</strong></span> 
     </span>
    </p>
   </div>
   <div class='ocr_carea' id='block_1_36' title="bbox 429 3322 2002 3403">
    <p class='ocr_par' dir='ltr' id='par_1_36' title="bbox 429 3322 2002 3403">
     <span class='ocr_line' id='line_1_36' title="bbox 429 3322 2002 3403; baseline -0.01 -17"><span class='ocrx_word' id='word_1_260' title='bbox 429 3332 707 3403; x_wconf 87' lang='lat' dir='ltr'><strong>peperisse</strong></span> <span class='ocrx_word' id='word_1_261' title='bbox 743 3329 885 3383; x_wconf 33' lang='lat' dir='ltr'><strong>illud.</strong></span> <span class='ocrx_word' id='word_1_262' title='bbox 912 3326 1058 3396; x_wconf 89' lang='lat' dir='ltr'><strong>quod</strong></span> <span class='ocrx_word' id='word_1_263' title='bbox 1100 3340 1207 3378; x_wconf 90' lang='lat' dir='ltr'><strong>non</strong></span> <span class='ocrx_word' id='word_1_264' title='bbox 1242 3332 1359 3377; x_wconf 86' lang='lat' dir='ltr'><strong>erat</strong></span> <span class='ocrx_word' id='word_1_265' title='bbox 1391 3322 1671 3388; x_wconf 88' lang='lat' dir='ltr'><strong>Christus,</strong></span> <span class='ocrx_word' id='word_1_266' title='bbox 1713 3322 2002 3390; x_wconf 78' lang='lat' dir='ltr'><strong>postquam</strong></span> 
     </span>
    </p>
   </div>
   <div class='ocr_carea' id='block_1_37' title="bbox 428 3410 2002 3483">
    <p class='ocr_par' dir='ltr' id='par_1_37' title="bbox 428 3410 2002 3483">
     <span class='ocr_line' id='line_1_37' title="bbox 428 3410 2002 3483; baseline -0.009 -9"><span class='ocrx_word' id='word_1_267' title='bbox 428 3434 613 3477; x_wconf 86' lang='lat' dir='ltr'><strong>autem</strong></span> <span class='ocrx_word' id='word_1_268' title='bbox 652 3420 829 3483; x_wconf 77' lang='lat' dir='ltr'><strong>fuerit,</strong></span> <span class='ocrx_word' id='word_1_269' title='bbox 868 3418 1067 3471; x_wconf 83' lang='lat' dir='ltr'><strong>factum</strong></span> <span class='ocrx_word' id='word_1_270' title='bbox 1110 3430 1233 3469; x_wconf 90' lang='lat' dir='ltr'><strong>esse</strong></span> <span class='ocrx_word' id='word_1_271' title='bbox 1270 3414 1548 3467; x_wconf 88' lang='lat' dir='ltr'><strong>Christum</strong></span> <span class='ocrx_word' id='word_1_272' title='bbox 1590 3426 1687 3481; x_wconf 90' lang='lat' dir='ltr'><strong>per</strong></span> <span class='ocrx_word' id='word_1_273' title='bbox 1725 3410 2002 3471; x_wconf 88' lang='lat' dir='ltr'><strong>unionem,</strong></span> 
     </span>
    </p>
   </div>
   <div class='ocr_carea' id='block_1_38' title="bbox 428 3500 2005 3577">
    <p class='ocr_par' dir='ltr' id='par_1_38' title="bbox 428 3500 2005 3577">
     <span class='ocr_line' id='line_1_38' title="bbox 428 3500 2005 3577; baseline -0.006 -12"><span class='ocrx_word' id='word_1_274' title='bbox 428 3531 492 3568; x_wconf 87' lang='lat' dir='ltr'><strong>ac</strong></span> <span class='ocrx_word' id='word_1_275' title='bbox 541 3514 712 3568; x_wconf 78' lang='lat' dir='ltr'><strong>fuisse</strong></span> <span class='ocrx_word' id='word_1_276' title='bbox 750 3513 1006 3565; x_wconf 89' lang='lat' dir='ltr'><strong>unionem</strong></span> <span class='ocrx_word' id='word_1_277' title='bbox 1061 3512 1183 3577; x_wconf 90' lang='lat' dir='ltr'><strong>post</strong></span> <span class='ocrx_word' id='word_1_278' title='bbox 1237 3504 1602 3566; x_wconf 84' lang='lat' dir='ltr'><strong>nativitatem,</strong></span> <span class='ocrx_word' id='word_1_279' title='bbox 1653 3516 1719 3555; x_wconf 90' lang='lat' dir='ltr'><strong>ae</strong></span> <span class='ocrx_word' id='word_1_280' title='bbox 1768 3500 2005 3571; x_wconf 86' lang='lat' dir='ltr'><strong>proinde</strong></span> 
     </span>
    </p>
   </div>
   <div class='ocr_carea' id='block_1_39' title="bbox 431 3588 2002 3665">
    <p class='ocr_par' dir='ltr' id='par_1_39' title="bbox 431 3588 2002 3665">
     <span class='ocr_line' id='line_1_39' title="bbox 431 3588 2002 3665; baseline -0.008 -9"><span class='ocrx_word' id='word_1_281' title='bbox 431 3604 714 3658; x_wconf 80' lang='lat' dir='ltr'><strong>Christum</strong></span> <span class='ocrx_word' id='word_1_282' title='bbox 745 3600 992 3654; x_wconf 88' lang='lat' dir='ltr'><strong>evasisse</strong></span> <span class='ocrx_word' id='word_1_283' title='bbox 1041 3605 1164 3665; x_wconf 89' lang='lat' dir='ltr'><strong>post</strong></span> <span class='ocrx_word' id='word_1_284' title='bbox 1198 3594 1564 3648; x_wconf 84' lang='lat' dir='ltr'><strong>nativitatem.</strong></span> <span class='ocrx_word' id='word_1_285' title='bbox 1610 3591 1768 3657; x_wconf 80' lang='lat' dir='ltr'><strong>Quod</strong></span> <span class='ocrx_word' id='word_1_286' title='bbox 1811 3589 1858 3644; x_wconf 91' lang='lat' dir='ltr'><strong>si</strong></span> <span class='ocrx_word' id='word_1_287' title='bbox 1903 3588 2002 3643; x_wconf 85' lang='lat' dir='ltr'><strong>hoc</strong></span> 
     </span>
    </p>
   </div>
   <div class='ocr_carea' id='block_1_40' title="bbox 434 3682 2007 3750">
    <p class='ocr_par' dir='ltr' id='par_1_40' title="bbox 434 3682 2007 3750">
     <span class='ocr_line' id='line_1_40' title="bbox 434 3682 2007 3750; baseline -0.007 -5"><span class='ocrx_word' id='word_1_288' title='bbox 434 3695 589 3747; x_wconf 69' lang='lat' dir='ltr'><strong>vobis</strong></span> <span class='ocrx_word' id='word_1_289' title='bbox 629 3688 929 3746; x_wconf 83' lang='lat' dir='ltr'><strong>absurdum</strong></span> <span class='ocrx_word' id='word_1_290' title='bbox 974 3686 1247 3749; x_wconf 88' lang='lat' dir='ltr'><strong>videatur,</strong></span> <span class='ocrx_word' id='word_1_291' title='bbox 1282 3699 1346 3738; x_wconf 89' lang='lat' dir='ltr'><strong>ac</strong></span> <span class='ocrx_word' id='word_1_292' title='bbox 1380 3682 1549 3737; x_wconf 75' lang='lat' dir='ltr'><strong>Maria</strong></span> <span class='ocrx_word' id='word_1_293' title='bbox 1580 3682 1862 3739; x_wconf 89' lang='lat' dir='ltr'><strong>Christum</strong></span> <span class='ocrx_word' id='word_1_294' title='bbox 1908 3696 2007 3750; x_wconf 88' lang='lat' dir='ltr'><strong>pe-</strong></span> 
     </span>
    </p>
   </div>
   <div class='ocr_carea' id='block_1_41' title="bbox 429 3776 2008 3856">
    <p class='ocr_par' dir='ltr' id='par_1_41' title="bbox 429 3776 2008 3856">
     <span class='ocr_line' id='line_1_41' title="bbox 429 3776 2008 3856; baseline -0.008 -16"><span class='ocrx_word' id='word_1_295' title='bbox 429 3786 649 3856; x_wconf 82' lang='lat' dir='ltr'><strong>pererit,</strong></span> <span class='ocrx_word' id='word_1_296' title='bbox 687 3784 802 3852; x_wconf 90' lang='lat' dir='ltr'><strong>ipsa</strong></span> <span class='ocrx_word' id='word_1_297' title='bbox 826 3780 1079 3851; x_wconf 63' lang='lat' dir='ltr'><strong>ergofuou</strong></span> <span class='ocrx_word' id='word_1_298' title='bbox 1100 3778 1306 3849; x_wconf 89' lang='lat' dir='ltr'><strong>peperit</strong></span> <span class='ocrx_word' id='word_1_299' title='bbox 1334 3777 1605 3831; x_wconf 89' lang='lat' dir='ltr'><strong>hominem</strong></span> <span class='ocrx_word' id='word_1_300' title='bbox 1637 3776 1838 3840; x_wconf 87' lang='lat' dir='ltr'><strong>solum,</strong></span> <span class='ocrx_word' id='word_1_301' title='bbox 1871 3776 2008 3844; x_wconf 79' lang='lat'><strong>21-</strong></span> 
     </span>
    </p>
   </div>
   <div class='ocr_carea' id='block_1_42' title="bbox 429 3869 2004 3948">
    <p class='ocr_par' dir='ltr' id='par_1_42' title="bbox 429 3869 2004 3948">
     <span class='ocr_line' id='line_1_42' title="bbox 429 3869 2004 3948; baseline -0.004 -19"><span class='ocrx_word' id='word_1_302' title='bbox 429 3878 535 3948; x_wconf 80' lang='lat'><strong>23</strong></span> <span class='ocrx_word' id='word_1_303' title='bbox 586 3884 751 3946; x_wconf 87' lang='lat' dir='ltr'><strong>atque</strong></span> <span class='ocrx_word' id='word_1_304' title='bbox 798 3874 903 3928; x_wconf 84' lang='lat' dir='ltr'><strong>hoc</strong></span> <span class='ocrx_word' id='word_1_305' title='bbox 939 3873 1257 3928; x_wconf 89' lang='lat' dir='ltr'><strong>necessario</strong></span> <span class='ocrx_word' id='word_1_306' title='bbox 1302 3870 1470 3925; x_wconf 80' lang='lat' dir='ltr'><strong>infert</strong></span> <span class='ocrx_word' id='word_1_307' title='bbox 1505 3869 1782 3941; x_wconf 88' lang='lat' dir='ltr'><strong>peperisse</strong></span> <span class='ocrx_word' id='word_1_308' title='bbox 1831 3869 2004 3938; x_wconf 85' lang='lat' dir='ltr'><strong>ipsam</strong></span> 
     </span>
    </p>
   </div>
   <div class='ocr_carea' id='block_1_43' title="bbox 428 3960 2007 4028">
    <p class='ocr_par' dir='ltr' id='par_1_43' title="bbox 428 3960 2007 4028">
     <span class='ocr_line' id='line_1_43' title="bbox 428 3960 2007 4028; baseline -0.003 -10"><span class='ocrx_word' id='word_1_309' title='bbox 428 3967 596 4019; x_wconf 83' lang='lat' dir='ltr'><strong>Deum</strong></span> <span class='ocrx_word' id='word_1_310' title='bbox 628 3979 752 4018; x_wconf 89' lang='lat' dir='ltr'><strong>cum</strong></span> <span class='ocrx_word' id='word_1_311' title='bbox 798 3963 1039 4028; x_wconf 90' lang='lat' dir='ltr'><strong>homine,</strong></span> <span class='ocrx_word' id='word_1_312' title='bbox 1078 3976 1182 4017; x_wconf 91' lang='lat' dir='ltr'><strong>nec</strong></span> <span class='ocrx_word' id='word_1_313' title='bbox 1223 3976 1334 4016; x_wconf 91' lang='lat' dir='ltr'><strong>non</strong></span> <span class='ocrx_word' id='word_1_314' title='bbox 1380 3961 1551 4017; x_wconf 77' lang='lat' dir='ltr'><strong>fuisse</strong></span> <span class='ocrx_word' id='word_1_315' title='bbox 1584 3960 1840 4016; x_wconf 90' lang='lat' dir='ltr'><strong>unionem</strong></span> <span class='ocrx_word' id='word_1_316' title='bbox 1880 3968 2007 4014; x_wconf 90' lang='lat' dir='ltr'><strong>ante</strong></span> 
     </span>
    </p>
   </div>
   <div class='ocr_carea' id='block_1_44' title="bbox 428 4052 2010 4126">
    <p class='ocr_par' dir='ltr' id='par_1_44' title="bbox 428 4052 2010 4126">
     <span class='ocr_line' id='line_1_44' title="bbox 428 4052 2010 4126; baseline -0.004 -14"><span class='ocrx_word' id='word_1_317' title='bbox 428 4058 766 4112; x_wconf 87' lang='lat' dir='ltr'><strong>nativitatem</strong></span> <span class='ocrx_word' id='word_1_318' title='bbox 803 4073 820 4113; x_wconf 88' lang='lat'><strong>:</strong></span> <span class='ocrx_word' id='word_1_319' title='bbox 853 4064 1016 4126; x_wconf 88' lang='lat' dir='ltr'><strong>atque</strong></span> <span class='ocrx_word' id='word_1_320' title='bbox 1051 4054 1123 4109; x_wconf 88' lang='lat' dir='ltr'><strong>ita</strong></span> <span class='ocrx_word' id='word_1_321' title='bbox 1153 4053 1440 4109; x_wconf 82' lang='lat' dir='ltr'><strong>manifesta</strong></span> <span class='ocrx_word' id='word_1_322' title='bbox 1472 4052 1614 4108; x_wconf 79' lang='lat' dir='ltr'><strong>facta</strong></span> <span class='ocrx_word' id='word_1_323' title='bbox 1639 4065 1725 4107; x_wconf 90' lang='lat' dir='ltr'><strong>est</strong></span> <span class='ocrx_word' id='word_1_324' title='bbox 1756 4052 2010 4106; x_wconf 87' lang='lat' dir='ltr'><strong>absurdi-</strong></span> 
     </span>
    </p>
   </div>
   <div class='ocr_carea' id='block_1_45' title="bbox 428 4145 2005 4221">
    <p class='ocr_par' dir='ltr' id='par_1_45' title="bbox 428 4145 2005 4221">
     <span class='ocr_line' id='line_1_45' title="bbox 428 4145 2005 4221; baseline -0.003 -17"><span class='ocrx_word' id='word_1_325' title='bbox 428 4163 513 4206; x_wconf 87' lang='lat' dir='ltr'><strong>tas</strong></span> <span class='ocrx_word' id='word_1_326' title='bbox 540 4152 661 4221; x_wconf 87' lang='lat' dir='ltr'><strong>ejus</strong></span> <span class='ocrx_word' id='word_1_327' title='bbox 694 4150 837 4219; x_wconf 90' lang='lat' dir='ltr'><strong>quod</strong></span> <span class='ocrx_word' id='word_1_328' title='bbox 872 4158 1125 4205; x_wconf 84' lang='lat' dir='ltr'><strong>asserunt</strong></span> <span class='ocrx_word' id='word_1_329' title='bbox 1163 4147 1501 4211; x_wconf 84' lang='lat' dir='ltr'><strong>Nestoriani,</strong></span> <span class='ocrx_word' id='word_1_330' title='bbox 1530 4146 1739 4203; x_wconf 87' lang='lat' dir='ltr'><strong>scilicet</strong></span> <span class='ocrx_word' id='word_1_331' title='bbox 1778 4145 2005 4200; x_wconf 88' lang='lat' dir='ltr'><strong>Mariam</strong></span> 
     </span>
    </p>
   </div>
   <div class='ocr_carea' id='block_1_46' title="bbox 431 4235 2004 4313">
    <p class='ocr_par' dir='ltr' id='par_1_46' title="bbox 431 4235 2004 4313">
     <span class='ocr_line' id='line_1_46' title="bbox 431 4235 2004 4313; baseline -0.007 -14"><span class='ocrx_word' id='word_1_332' title='bbox 431 4244 708 4313; x_wconf 85' lang='lat' dir='ltr'><strong>peperisse</strong></span> <span class='ocrx_word' id='word_1_333' title='bbox 742 4240 1022 4296; x_wconf 85' lang='lat' dir='ltr'><strong>Christum</strong></span> <span class='ocrx_word' id='word_1_334' title='bbox 1053 4254 1119 4294; x_wconf 84' lang='lat' dir='ltr'><strong>ex</strong></span> <span class='ocrx_word' id='word_1_335' title='bbox 1152 4245 1304 4308; x_wconf 87' lang='lat' dir='ltr'><strong>parte</strong></span> <span class='ocrx_word' id='word_1_336' title='bbox 1336 4235 1696 4290; x_wconf 89' lang='lat' dir='ltr'><strong>humanitatis</strong></span> <span class='ocrx_word' id='word_1_337' title='bbox 1728 4249 1862 4299; x_wconf 60' lang='lat' dir='ltr'><strong>suas,</strong></span> <span class='ocrx_word' id='word_1_338' title='bbox 1894 4250 2004 4290; x_wconf 88' lang='lat' dir='ltr'><strong>nou</strong></span> 
     </span>
    </p>
   </div>
   <div class='ocr_carea' id='block_1_47' title="bbox 428 4327 2005 4405">
    <p class='ocr_par' dir='ltr' id='par_1_47' title="bbox 428 4327 2005 4405">
     <span class='ocr_line' id='line_1_47' title="bbox 428 4327 2005 4405; baseline -0.005 -16"><span class='ocrx_word' id='word_1_339' title='bbox 428 4351 495 4388; x_wconf 80' lang='lat' dir='ltr'><strong>ex</strong></span> <span class='ocrx_word' id='word_1_340' title='bbox 532 4344 684 4405; x_wconf 86' lang='lat' dir='ltr'><strong>parte</strong></span> <span class='ocrx_word' id='word_1_341' title='bbox 713 4333 1050 4398; x_wconf 80' lang='lat' dir='ltr'><strong>divinitatis;</strong></span> <span class='ocrx_word' id='word_1_342' title='bbox 1086 4338 1141 4385; x_wconf 88' lang='lat' dir='ltr'><strong>et</strong></span> <span class='ocrx_word' id='word_1_343' title='bbox 1180 4327 1379 4384; x_wconf 79' lang='lat' dir='ltr'><strong>veritas</strong></span> <span class='ocrx_word' id='word_1_344' title='bbox 1411 4329 1531 4398; x_wconf 80' lang='lat' dir='ltr'><strong>ejus</strong></span> <span class='ocrx_word' id='word_1_345' title='bbox 1560 4328 1702 4398; x_wconf 90' lang='lat' dir='ltr'><strong>quod</strong></span> <span class='ocrx_word' id='word_1_346' title='bbox 1736 4327 2005 4382; x_wconf 83' lang='lat' dir='ltr'><strong>conﬁten-</strong></span> 
     </span>
    </p>
   </div>
   <div class='ocr_carea' id='block_1_48' title="bbox 2103 470 3667 547">
    <p class='ocr_par' dir='ltr' id='par_1_48' title="bbox 2103 470 3667 547">
     <span class='ocr_line' id='line_1_48' title="bbox 2103 470 3667 547; baseline -0.003 -17"><span class='ocrx_word' id='word_1_347' title='bbox 2103 476 2285 539; x_wconf 74' lang='lat' dir='ltr'><strong>chitae,</strong></span> <span class='ocrx_word' id='word_1_348' title='bbox 2314 478 2523 532; x_wconf 81' lang='lat' dir='ltr'><strong>scilicet</strong></span> <span class='ocrx_word' id='word_1_349' title='bbox 2543 477 2766 531; x_wconf 85' lang='lat' dir='ltr'><strong>Mariam</strong></span> <span class='ocrx_word' id='word_1_350' title='bbox 2798 477 3073 547; x_wconf 84' lang='lat' dir='ltr'><strong>peperisse</strong></span> <span class='ocrx_word' id='word_1_351' title='bbox 3099 475 3368 538; x_wconf 78' lang='lat' dir='ltr'><strong>Deum,et</strong></span> <span class='ocrx_word' id='word_1_352' title='bbox 3394 470 3667 526; x_wconf 85' lang='lat' dir='ltr'><strong>Christum</strong></span> 
     </span>
    </p>
   </div>
   <div class='ocr_carea' id='block_1_49' title="bbox 2104 563 3671 638">
    <p class='ocr_par' dir='ltr' id='par_1_49' title="bbox 2104 563 3671 638">
     <span class='ocr_line' id='line_1_49' title="bbox 2104 563 3671 638; baseline -0.006 -12"><span class='ocrx_word' id='word_1_353' title='bbox 2104 585 2296 635; x_wconf 89' lang='lat' dir='ltr'><strong>unum,</strong></span> <span class='ocrx_word' id='word_1_354' title='bbox 2329 580 2385 625; x_wconf 88' lang='lat' dir='ltr'><strong>et</strong></span> <span class='ocrx_word' id='word_1_355' title='bbox 2423 572 2595 626; x_wconf 85' lang='lat' dir='ltr'><strong>lilium</strong></span> <span class='ocrx_word' id='word_1_356' title='bbox 2627 584 2825 635; x_wconf 89' lang='lat' dir='ltr'><strong>unum,</strong></span> <span class='ocrx_word' id='word_1_357' title='bbox 2852 582 2904 624; x_wconf 85' lang='lat' dir='ltr'><strong>et</strong></span> <span class='ocrx_word' id='word_1_358' title='bbox 2940 582 3231 638; x_wconf 81' lang='lat' dir='ltr'><strong>personam</strong></span> <span class='ocrx_word' id='word_1_359' title='bbox 3259 579 3444 620; x_wconf 84' lang='lat' dir='ltr'><strong>unam.</strong></span> <span class='ocrx_word' id='word_1_360' title='bbox 3491 563 3671 629; x_wconf 82' lang='lat' dir='ltr'><strong>lnquit</strong></span> 
     </span>
    </p>
   </div>
   <div class='ocr_carea' id='block_1_50' title="bbox 2104 656 3671 726">
    <p class='ocr_par' dir='ltr' id='par_1_50' title="bbox 2104 656 3671 726">
     <span class='ocr_line' id='line_1_50' title="bbox 2104 656 3671 726; baseline -0.004 -9"><span class='ocrx_word' id='word_1_361' title='bbox 2104 662 2234 718; x_wconf 87' lang='lat' dir='ltr'><strong>Said</strong></span> <span class='ocrx_word' id='word_1_362' title='bbox 2270 662 2492 717; x_wconf 86' lang='lat' dir='ltr'><strong>Patricii</strong></span> <span class='ocrx_word' id='word_1_363' title='bbox 2524 662 2690 726; x_wconf 79' lang='lat' dir='ltr'><strong>Illius,</strong></span> <span class='ocrx_word' id='word_1_364' title='bbox 2722 661 3002 716; x_wconf 86' lang='lat' dir='ltr'><strong>medicinae</strong></span> <span class='ocrx_word' id='word_1_365' title='bbox 3031 660 3311 714; x_wconf 87' lang='lat' dir='ltr'><strong>studiosus</strong></span> <span class='ocrx_word' id='word_1_366' title='bbox 3339 675 3354 711; x_wconf 90' lang='lat'><strong>:</strong></span> <span class='ocrx_word' id='word_1_367' title='bbox 3384 656 3671 711; x_wconf 81' lang='lat' dir='ltr'><strong>Autistites</strong></span> 
     </span>
    </p>
   </div>
   <div class='ocr_carea' id='block_1_51' title="bbox 2103 746 3674 825">
    <p class='ocr_par' dir='ltr' id='par_1_51' title="bbox 2103 746 3674 825">
     <span class='ocr_line' id='line_1_51' title="bbox 2103 746 3674 825; baseline -0.006 -19"><span class='ocrx_word' id='word_1_368' title='bbox 2103 751 2331 818; x_wconf 90' lang='lat' dir='ltr'><strong>erroris,</strong></span> <span class='ocrx_word' id='word_1_369' title='bbox 2363 752 2617 806; x_wconf 84' lang='lat' dir='ltr'><strong>videlicet</strong></span> <span class='ocrx_word' id='word_1_370' title='bbox 2645 750 2955 825; x_wconf 77' lang='lat' dir='ltr'><strong>Nestorius,</strong></span> <span class='ocrx_word' id='word_1_371' title='bbox 2999 748 3318 819; x_wconf 77' lang='lat' dir='ltr'><strong>Eutychius,</strong></span> <span class='ocrx_word' id='word_1_372' title='bbox 3350 746 3674 807; x_wconf 81' lang='lat' dir='ltr'><strong>Dioscorus,-</strong></span> 
     </span>
    </p>
   </div>
   <div class='ocr_carea' id='block_1_52' title="bbox 2107 838 3667 912">
    <p class='ocr_par' dir='ltr' id='par_1_52' title="bbox 2107 838 3667 912">
     <span class='ocr_line' id='line_1_52' title="bbox 2107 838 3667 912; baseline -0.006 -12"><span class='ocrx_word' id='word_1_373' title='bbox 2107 846 2363 911; x_wconf 86' lang='lat' dir='ltr'><strong>Severus,</strong></span> <span class='ocrx_word' id='word_1_374' title='bbox 2397 852 2451 900; x_wconf 91' lang='lat' dir='ltr'><strong>et</strong></span> <span class='ocrx_word' id='word_1_375' title='bbox 2479 843 2718 900; x_wconf 81' lang='lat' dir='ltr'><strong>Jacobus</strong></span> <span class='ocrx_word' id='word_1_376' title='bbox 2749 842 3119 908; x_wconf 82' lang='lat' dir='ltr'><strong>Baradiensis,</strong></span> <span class='ocrx_word' id='word_1_377' title='bbox 3146 839 3257 912; x_wconf 58' lang='lat'><strong>2!;</strong></span> <span class='ocrx_word' id='word_1_378' title='bbox 3276 854 3398 893; x_wconf 88' lang='lat' dir='ltr'><strong>cum</strong></span> <span class='ocrx_word' id='word_1_379' title='bbox 3426 838 3667 907; x_wconf 87' lang='lat' dir='ltr'><strong>ipsorum</strong></span> 
     </span>
    </p>
   </div>
   <div class='ocr_carea' id='block_1_53' title="bbox 2104 933 3670 1007">
    <p class='ocr_par' dir='ltr' id='par_1_53' title="bbox 2104 933 3670 1007">
     <span class='ocr_line' id='line_1_53' title="bbox 2104 933 3670 1007; baseline -0.006 -14"><span class='ocrx_word' id='word_1_380' title='bbox 2104 937 2435 1006; x_wconf 81' lang='lat' dir='ltr'><strong>sequacibus</strong></span> <span class='ocrx_word' id='word_1_381' title='bbox 2469 938 2703 1007; x_wconf 84' lang='lat' dir='ltr'><strong>aliisque</strong></span> <span class='ocrx_word' id='word_1_382' title='bbox 2743 933 3118 1001; x_wconf 82' lang='lat' dir='ltr'><strong>heterodoxis,</strong></span> <span class='ocrx_word' id='word_1_383' title='bbox 3147 936 3241 1002; x_wconf 89' lang='lat' dir='ltr'><strong>qui</strong></span> <span class='ocrx_word' id='word_1_384' title='bbox 3305 940 3551 985; x_wconf 87' lang='lat' dir='ltr'><strong>astruere</strong></span> <span class='ocrx_word' id='word_1_385' title='bbox 3578 944 3670 983; x_wconf 80' lang='lat' dir='ltr'><strong>vo-</strong></span> 
     </span>
    </p>
   </div>
   <div class='ocr_carea' id='block_1_54' title="bbox 2106 1019 3672 1095">
    <p class='ocr_par' dir='ltr' id='par_1_54' title="bbox 2106 1019 3672 1095">
     <span class='ocr_line' id='line_1_54' title="bbox 2106 1019 3672 1095; baseline -0.004 -16"><span class='ocrx_word' id='word_1_386' title='bbox 2106 1025 2325 1081; x_wconf 89' lang='lat' dir='ltr'><strong>luerunt</strong></span> <span class='ocrx_word' id='word_1_387' title='bbox 2377 1025 2801 1095; x_wconf 76' lang='lat' dir='ltr'><strong>imaginationes</strong></span> <span class='ocrx_word' id='word_1_388' title='bbox 2831 1039 2962 1079; x_wconf 89' lang='lat' dir='ltr'><strong>suas</strong></span> <span class='ocrx_word' id='word_1_389' title='bbox 2992 1038 3023 1077; x_wconf 91' lang='lat' dir='ltr'><strong>a</strong></span> <span class='ocrx_word' id='word_1_390' title='bbox 3056 1025 3251 1077; x_wconf 85' lang='lat' dir='ltr'><strong>timore</strong></span> <span class='ocrx_word' id='word_1_391' title='bbox 3300 1019 3395 1076; x_wconf 86' lang='lat' dir='ltr'><strong>Dei</strong></span> <span class='ocrx_word' id='word_1_392' title='bbox 3445 1020 3672 1082; x_wconf 65' lang='lat' dir='ltr'><strong>alienas,</strong></span> 
     </span>
    </p>
   </div>
   <div class='ocr_carea' id='block_1_55' title="bbox 2107 1114 3671 1190">
    <p class='ocr_par' dir='ltr' id='par_1_55' title="bbox 2107 1114 3671 1190">
     <span class='ocr_line' id='line_1_55' title="bbox 2107 1114 3671 1190; baseline -0.005 -15"><span class='ocrx_word' id='word_1_393' title='bbox 2107 1130 2271 1190; x_wconf 84' lang='lat' dir='ltr'><strong>atque</strong></span> <span class='ocrx_word' id='word_1_394' title='bbox 2321 1136 2352 1174; x_wconf 88' lang='lat' dir='ltr'><strong>a</strong></span> <span class='ocrx_word' id='word_1_395' title='bbox 2410 1120 2494 1174; x_wconf 92' lang='lat' dir='ltr'><strong>via</strong></span> <span class='ocrx_word' id='word_1_396' title='bbox 2532 1119 2623 1174; x_wconf 91' lang='lat' dir='ltr'><strong>Dei</strong></span> <span class='ocrx_word' id='word_1_397' title='bbox 2667 1118 3009 1174; x_wconf 87' lang='lat' dir='ltr'><strong>declinarunt</strong></span> <span class='ocrx_word' id='word_1_398' title='bbox 3047 1116 3201 1186; x_wconf 90' lang='lat' dir='ltr'><strong>juxta</strong></span> <span class='ocrx_word' id='word_1_399' title='bbox 3246 1114 3528 1169; x_wconf 71' lang='lat' dir='ltr'><strong>sententiae</strong></span> <span class='ocrx_word' id='word_1_400' title='bbox 3563 1127 3671 1168; x_wconf 78' lang='lat' dir='ltr'><strong>sua:</strong></span> 
     </span>
    </p>
   </div>
   <div class='ocr_carea' id='block_1_56' title="bbox 2068 1206 3673 1284">
    <p class='ocr_par' dir='ltr' id='par_1_56' title="bbox 2068 1206 3673 1284">
     <span class='ocr_line' id='line_1_56' title="bbox 2068 1206 3673 1284; baseline -0.005 -17"><span class='ocrx_word' id='word_1_401' title='bbox 2068 1268 2074 1274; x_wconf 70' lang='grc'>,</span> <span class='ocrx_word' id='word_1_402' title='bbox 2107 1214 2452 1284; x_wconf 82' lang='lat' dir='ltr'><strong>pravitatem,</strong></span> <span class='ocrx_word' id='word_1_403' title='bbox 2486 1212 2540 1266; x_wconf 90' lang='lat' dir='ltr'><strong>in</strong></span> <span class='ocrx_word' id='word_1_404' title='bbox 2569 1212 2741 1266; x_wconf 89' lang='lat' dir='ltr'><strong>Deum</strong></span> <span class='ocrx_word' id='word_1_405' title='bbox 2766 1210 3023 1274; x_wconf 80' lang='lat' dir='ltr'><strong>audaces,</strong></span> <span class='ocrx_word' id='word_1_406' title='bbox 3045 1222 3292 1278; x_wconf 88' lang='lat' dir='ltr'><strong>quosque</strong></span> <span class='ocrx_word' id='word_1_407' title='bbox 3322 1208 3477 1261; x_wconf 66' lang='lat' dir='ltr'><strong>mala:</strong></span> <span class='ocrx_word' id='word_1_408' title='bbox 3506 1206 3673 1260; x_wconf 86' lang='lat' dir='ltr'><strong>inten-</strong></span> 
     </span>
    </p>
   </div>
   <div class='ocr_carea' id='block_1_57' title="bbox 2108 1292 3669 1372">
    <p class='ocr_par' dir='ltr' id='par_1_57' title="bbox 2108 1292 3669 1372">
     <span class='ocr_line' id='line_1_57' title="bbox 2108 1292 3669 1372; baseline -0.006 -13"><span class='ocrx_word' id='word_1_409' title='bbox 2108 1306 2287 1359; x_wconf 85' lang='lat' dir='ltr'><strong>tiones</strong></span> <span class='ocrx_word' id='word_1_410' title='bbox 2315 1318 2428 1358; x_wconf 68' lang='lat' dir='ltr'><strong>sua:</strong></span> <span class='ocrx_word' id='word_1_411' title='bbox 2462 1310 2517 1359; x_wconf 90' lang='lat' dir='ltr'><strong>et</strong></span> <span class='ocrx_word' id='word_1_412' title='bbox 2560 1310 2833 1372; x_wconf 63' lang='lat' dir='ltr'><strong>corruptae</strong></span> <span class='ocrx_word' id='word_1_413' title='bbox 2875 1292 3238 1371; x_wconf 82' lang='lat' dir='ltr'><strong>cogitationes</strong></span> <span class='ocrx_word' id='word_1_414' title='bbox 3284 1298 3422 1352; x_wconf 80' lang='lat' dir='ltr'><strong>mari</strong></span> <span class='ocrx_word' id='word_1_415' title='bbox 3470 1296 3669 1352; x_wconf 88' lang='lat' dir='ltr'><strong>erroris</strong></span> 
     </span>
    </p>
   </div>
   <div class='ocr_carea' id='block_1_58' title="bbox 2109 1391 3667 1466">
    <p class='ocr_par' dir='ltr' id='par_1_58' title="bbox 2109 1391 3667 1466">
     <span class='ocr_line' id='line_1_58' title="bbox 2109 1391 3667 1466; baseline -0.006 -14"><span class='ocrx_word' id='word_1_416' title='bbox 2109 1395 2541 1466; x_wconf 81' lang='lat' dir='ltr'><strong>ingurgitarunt,</strong></span> <span class='ocrx_word' id='word_1_417' title='bbox 2574 1395 2649 1450; x_wconf 88' lang='lat' dir='ltr'><strong>illi</strong></span> <span class='ocrx_word' id='word_1_418' title='bbox 2684 1395 2954 1465; x_wconf 88' lang='lat' dir='ltr'><strong>(inquam)</strong></span> <span class='ocrx_word' id='word_1_419' title='bbox 3000 1407 3193 1448; x_wconf 88' lang='lat' dir='ltr'><strong>omnes</strong></span> <span class='ocrx_word' id='word_1_420' title='bbox 3222 1392 3351 1446; x_wconf 83' lang='lat' dir='ltr'><strong>illos</strong></span> <span class='ocrx_word' id='word_1_421' title='bbox 3380 1391 3581 1461; x_wconf 81' lang='lat' dir='ltr'><strong>quibus</strong></span> <span class='ocrx_word' id='word_1_422' title='bbox 3610 1404 3667 1444; x_wconf 88' lang='lat' dir='ltr'><strong>se</strong></span> 
     </span>
    </p>
   </div>
   <div class='ocr_carea' id='block_1_59' title="bbox 2107 1485 3669 1549">
    <p class='ocr_par' dir='ltr' id='par_1_59' title="bbox 2107 1485 3669 1549">
     <span class='ocr_line' id='line_1_59' title="bbox 2107 1485 3669 1549; baseline -0.005 -6"><span class='ocrx_word' id='word_1_423' title='bbox 2107 1490 2525 1544; x_wconf 85' lang='lat' dir='ltr'><strong>immiscuerunt</strong></span> <span class='ocrx_word' id='word_1_424' title='bbox 2571 1502 2788 1543; x_wconf 89' lang='lat' dir='ltr'><strong>errores</strong></span> <span class='ocrx_word' id='word_1_425' title='bbox 2842 1485 3120 1541; x_wconf 87' lang='lat' dir='ltr'><strong>mordicus</strong></span> <span class='ocrx_word' id='word_1_426' title='bbox 3169 1486 3553 1549; x_wconf 88' lang='lat' dir='ltr'><strong>retinuerunt,</strong></span> <span class='ocrx_word' id='word_1_427' title='bbox 3605 1495 3669 1536; x_wconf 85' lang='lat' dir='ltr'><strong>eo</strong></span> 
     </span>
    </p>
   </div>
   <div class='ocr_carea' id='block_1_60' title="bbox 2109 1573 3666 1650">
    <p class='ocr_par' dir='ltr' id='par_1_60' title="bbox 2109 1573 3666 1650">
     <span class='ocr_line' id='line_1_60' title="bbox 2109 1573 3666 1650; baseline -0.006 -17"><span class='ocrx_word' id='word_1_428' title='bbox 2109 1579 2252 1648; x_wconf 83' lang='lat' dir='ltr'><strong>quod</strong></span> <span class='ocrx_word' id='word_1_429' title='bbox 2288 1580 2602 1650; x_wconf 77' lang='lat' dir='ltr'><strong>ignorarent</strong></span> <span class='ocrx_word' id='word_1_430' title='bbox 2626 1578 2882 1632; x_wconf 89' lang='lat' dir='ltr'><strong>unionem</strong></span> <span class='ocrx_word' id='word_1_431' title='bbox 2915 1575 3219 1632; x_wconf 80' lang='lat' dir='ltr'><strong>divinitatis</strong></span> <span class='ocrx_word' id='word_1_432' title='bbox 3250 1573 3467 1630; x_wconf 89' lang='lat' dir='ltr'><strong>Domini</strong></span> <span class='ocrx_word' id='word_1_433' title='bbox 3504 1574 3666 1628; x_wconf 78' lang='lat' dir='ltr'><strong>nostri</strong></span> 
     </span>
    </p>
   </div>
   <div class='ocr_carea' id='block_1_61' title="bbox 2109 1666 3672 1739">
    <p class='ocr_par' dir='ltr' id='par_1_61' title="bbox 2109 1666 3672 1739">
     <span class='ocr_line' id='line_1_61' title="bbox 2109 1666 3672 1739; baseline -0.003 -15"><span class='ocrx_word' id='word_1_434' title='bbox 2109 1672 2309 1726; x_wconf 79' lang='lat' dir='ltr'><strong>Christi</strong></span> <span class='ocrx_word' id='word_1_435' title='bbox 2338 1671 2479 1726; x_wconf 83' lang='lat' dir='ltr'><strong>cum‘</strong></span> <span class='ocrx_word' id='word_1_436' title='bbox 2501 1671 2843 1726; x_wconf 88' lang='lat' dir='ltr'><strong>humanitate</strong></span> <span class='ocrx_word' id='word_1_437' title='bbox 2890 1669 3063 1739; x_wconf 89' lang='lat' dir='ltr'><strong>ipsius</strong></span> <span class='ocrx_word' id='word_1_438' title='bbox 3092 1708 3106 1733; x_wconf 88' lang='lat'><strong>,</strong></span> <span class='ocrx_word' id='word_1_439' title='bbox 3141 1669 3268 1723; x_wconf 90' lang='lat' dir='ltr'><strong>dum</strong></span> <span class='ocrx_word' id='word_1_440' title='bbox 3302 1666 3672 1736; x_wconf 89' lang='lat' dir='ltr'><strong>unusquisque</strong></span> 
     </span>
    </p>
   </div>
   <div class='ocr_carea' id='block_1_62' title="bbox 2110 1758 3672 1833">
    <p class='ocr_par' dir='ltr' id='par_1_62' title="bbox 2110 1758 3672 1833">
     <span class='ocr_line' id='line_1_62' title="bbox 2110 1758 3672 1833; baseline -0.005 -14"><span class='ocrx_word' id='word_1_441' title='bbox 2110 1765 2353 1832; x_wconf 88' lang='lat' dir='ltr'><strong>ipsorum</strong></span> <span class='ocrx_word' id='word_1_442' title='bbox 2382 1764 2435 1818; x_wconf 93' lang='lat' dir='ltr'><strong>in</strong></span> <span class='ocrx_word' id='word_1_443' title='bbox 2469 1764 2705 1833; x_wconf 89' lang='lat' dir='ltr'><strong>aliquem</strong></span> <span class='ocrx_word' id='word_1_444' title='bbox 2736 1778 2767 1818; x_wconf 90' lang='lat' dir='ltr'><strong>e</strong></span> <span class='ocrx_word' id='word_1_445' title='bbox 2802 1762 3035 1817; x_wconf 78' lang='lat' dir='ltr'><strong>diversis</strong></span> <span class='ocrx_word' id='word_1_446' title='bbox 3068 1760 3339 1815; x_wconf 89' lang='lat' dir='ltr'><strong>mistionis</strong></span> <span class='ocrx_word' id='word_1_447' title='bbox 3372 1758 3548 1814; x_wconf 84' lang='lat' dir='ltr'><strong>modis</strong></span> <span class='ocrx_word' id='word_1_448' title='bbox 3575 1759 3672 1812; x_wconf 55' lang='lat' dir='ltr'><strong>inte</strong></span> 
     </span>
    </p>
   </div>
   <div class='ocr_carea' id='block_1_63' title="bbox 2111 1850 3675 1924">
    <p class='ocr_par' dir='ltr' id='par_1_63' title="bbox 2111 1850 3675 1924">
     <span class='ocr_line' id='line_1_63' title="bbox 2111 1850 3675 1924; baseline -0.004 -18"><span class='ocrx_word' id='word_1_449' title='bbox 2111 1855 2339 1924; x_wconf 79' lang='lat' dir='ltr'><strong>pingens</strong></span> <span class='ocrx_word' id='word_1_450' title='bbox 2366 1856 2414 1909; x_wconf 91' lang='lat' dir='ltr'><strong>ei</strong></span> <span class='ocrx_word' id='word_1_451' title='bbox 2445 1853 2764 1910; x_wconf 79' lang='lat' dir='ltr'><strong>adhaeserit.</strong></span> <span class='ocrx_word' id='word_1_452' title='bbox 2790 1853 2976 1909; x_wconf 85' lang='lat' dir='ltr'><strong>Visum</strong></span> <span class='ocrx_word' id='word_1_453' title='bbox 2999 1861 3083 1908; x_wconf 90' lang='lat' dir='ltr'><strong>est</strong></span> <span class='ocrx_word' id='word_1_454' title='bbox 3113 1860 3292 1905; x_wconf 89' lang='lat' dir='ltr'><strong>autem</strong></span> <span class='ocrx_word' id='word_1_455' title='bbox 3328 1850 3461 1904; x_wconf 90' lang='lat' dir='ltr'><strong>mihi</strong></span> <span class='ocrx_word' id='word_1_456' title='bbox 3495 1858 3675 1904; x_wconf 84' lang='lat' dir='ltr'><strong>osten-</strong></span> 
     </span>
    </p>
   </div>
   <div class='ocr_carea' id='block_1_64' title="bbox 2109 1942 3672 2020">
    <p class='ocr_par' dir='ltr' id='par_1_64' title="bbox 2109 1942 3672 2020">
     <span class='ocr_line' id='line_1_64' title="bbox 2109 1942 3672 2020; baseline -0.003 -20"><span class='ocrx_word' id='word_1_457' title='bbox 2109 1947 2237 2001; x_wconf 85' lang='lat' dir='ltr'><strong>dere</strong></span> <span class='ocrx_word' id='word_1_458' title='bbox 2273 1946 2569 2020; x_wconf 83' lang='lat' dir='ltr'><strong>[diversos]</strong></span> <span class='ocrx_word' id='word_1_459' title='bbox 2603 1946 2869 2001; x_wconf 79' lang='lat' dir='ltr'><strong>inistionis</strong></span> <span class='ocrx_word' id='word_1_460' title='bbox 2902 1946 3117 2007; x_wconf 87' lang='lat' dir='ltr'><strong>modos,</strong></span> <span class='ocrx_word' id='word_1_461' title='bbox 3151 1958 3354 2013; x_wconf 86' lang='lat' dir='ltr'><strong>eosque</strong></span> <span class='ocrx_word' id='word_1_462' title='bbox 3382 1942 3672 2011; x_wconf 83' lang='lat' dir='ltr'><strong>explicare,</strong></span> 
     </span>
    </p>
   </div>
   <div class='ocr_carea' id='block_1_65' title="bbox 2114 2033 3672 2108">
    <p class='ocr_par' dir='ltr' id='par_1_65' title="bbox 2114 2033 3672 2108">
     <span class='ocr_line' id='line_1_65' title="bbox 2114 2033 3672 2108; baseline -0.004 -14"><span class='ocrx_word' id='word_1_463' title='bbox 2114 2050 2169 2095; x_wconf 90' lang='lat' dir='ltr'><strong>ut</strong></span> <span class='ocrx_word' id='word_1_464' title='bbox 2210 2041 2282 2094; x_wconf 89' lang='lat' dir='ltr'><strong>ita</strong></span> <span class='ocrx_word' id='word_1_465' title='bbox 2315 2041 2707 2096; x_wconf 85' lang='lat' dir='ltr'><strong>absurditatem</strong></span> <span class='ocrx_word' id='word_1_466' title='bbox 2759 2054 2947 2095; x_wconf 89' lang='lat' dir='ltr'><strong>eorum</strong></span> <span class='ocrx_word' id='word_1_467' title='bbox 2996 2053 3118 2108; x_wconf 73' lang='lat' dir='ltr'><strong>qua:</strong></span> <span class='ocrx_word' id='word_1_468' title='bbox 3157 2038 3342 2091; x_wconf 84' lang='lat' dir='ltr'><strong>dicunt</strong></span> <span class='ocrx_word' id='word_1_469' title='bbox 3387 2033 3672 2106; x_wconf 79' lang='lat' dir='ltr'><strong>percipias.</strong></span> 
     </span>
    </p>
   </div>
   <div class='ocr_carea' id='block_1_66' title="bbox 2110 2123 3670 2200">
    <p class='ocr_par' dir='ltr' id='par_1_66' title="bbox 2110 2123 3670 2200">
     <span class='ocr_line' id='line_1_66' title="bbox 2110 2123 3670 2200; baseline -0.005 -15"><span class='ocrx_word' id='word_1_470' title='bbox 2110 2131 2221 2187; x_wconf 87' lang='lat' dir='ltr'><strong>Deo</strong></span> <span class='ocrx_word' id='word_1_471' title='bbox 2241 2143 2419 2186; x_wconf 87' lang='lat' dir='ltr'><strong>autem</strong></span> <span class='ocrx_word' id='word_1_472' title='bbox 2436 2130 2687 2200; x_wconf 84' lang='lat' dir='ltr'><strong>putentia</strong></span> <span class='ocrx_word' id='word_1_473' title='bbox 2711 2139 2814 2184; x_wconf 90' lang='lat' dir='ltr'><strong>est.</strong></span> <span class='ocrx_word' id='word_1_474' title='bbox 2839 2127 2945 2183; x_wconf 82' lang='lat' dir='ltr'><strong>Pro</strong></span> <span class='ocrx_word' id='word_1_475' title='bbox 2973 2142 3166 2197; x_wconf 83' lang='lat' dir='ltr'><strong>magna</strong></span> <span class='ocrx_word' id='word_1_476' title='bbox 3192 2125 3283 2180; x_wconf 86' lang='lat' dir='ltr'><strong>Dei</strong></span> <span class='ocrx_word' id='word_1_477' title='bbox 3309 2123 3670 2195; x_wconf 76' lang='lat' dir='ltr'><strong>providentia,</strong></span> 
     </span>
    </p>
   </div>
   <div class='ocr_carea' id='block_1_67' title="bbox 2106 2218 3675 2294">
    <p class='ocr_par' dir='ltr' id='par_1_67' title="bbox 2106 2218 3675 2294">
     <span class='ocr_line' id='line_1_67' title="bbox 2106 2218 3675 2294; baseline -0.007 -12"><span class='ocrx_word' id='word_1_478' title='bbox 2106 2228 2321 2293; x_wconf 87' lang='lat' dir='ltr'><strong>justitia</strong></span> <span class='ocrx_word' id='word_1_479' title='bbox 2351 2226 2615 2294; x_wconf 84' lang='lat' dir='ltr'><strong>perlecta,</strong></span> <span class='ocrx_word' id='word_1_480' title='bbox 2650 2234 2705 2278; x_wconf 90' lang='lat' dir='ltr'><strong>ct</strong></span> <span class='ocrx_word' id='word_1_481' title='bbox 2737 2222 3113 2278; x_wconf 87' lang='lat' dir='ltr'><strong>misericordia</strong></span> <span class='ocrx_word' id='word_1_482' title='bbox 3145 2219 3367 2286; x_wconf 80' lang='lat' dir='ltr'><strong>eximia,</strong></span> <span class='ocrx_word' id='word_1_483' title='bbox 3388 2218 3538 2274; x_wconf 86' lang='lat' dir='ltr'><strong>misit</strong></span> <span class='ocrx_word' id='word_1_484' title='bbox 3562 2219 3675 2287; x_wconf 86' lang='lat' dir='ltr'><strong>ipse</strong></span> 
     </span>
    </p>
   </div>
   <div class='ocr_carea' id='block_1_68' title="bbox 2116 2302 3676 2383">
    <p class='ocr_par' dir='ltr' id='par_1_68' title="bbox 2116 2302 3676 2383">
     <span class='ocr_line' id='line_1_68' title="bbox 2116 2302 3676 2383; baseline -0.006 -9"><span class='ocrx_word' id='word_1_485' title='bbox 2116 2319 2349 2374; x_wconf 84' lang='lat' dir='ltr'><strong>Verbum</strong></span> <span class='ocrx_word' id='word_1_486' title='bbox 2384 2332 2543 2374; x_wconf 92' lang='lat' dir='ltr'><strong>suum</strong></span> <span class='ocrx_word' id='word_1_487' title='bbox 2580 2331 2800 2377; x_wconf 88' lang='lat' dir='ltr'><strong>creaus,</strong></span> <span class='ocrx_word' id='word_1_488' title='bbox 2855 2330 2964 2383; x_wconf 90' lang='lat' dir='ltr'><strong>quo</strong></span> <span class='ocrx_word' id='word_1_489' title='bbox 3010 2313 3191 2367; x_wconf 89' lang='lat' dir='ltr'><strong>omnia</strong></span> <span class='ocrx_word' id='word_1_490' title='bbox 3246 2310 3454 2365; x_wconf 87' lang='lat' dir='ltr'><strong>creavit</strong></span> <span class='ocrx_word' id='word_1_491' title='bbox 3505 2302 3676 2380; x_wconf 80' lang='lat' dir='ltr'><strong>iisque</strong></span> 
     </span>
    </p>
   </div>
   <div class='ocr_carea' id='block_1_69' title="bbox 2114 2401 3676 2476">
    <p class='ocr_par' dir='ltr' id='par_1_69' title="bbox 2114 2401 3676 2476">
     <span class='ocr_line' id='line_1_69' title="bbox 2114 2401 3676 2476; baseline -0.009 -11"><span class='ocrx_word' id='word_1_492' title='bbox 2114 2425 2235 2465; x_wconf 91' lang='lat' dir='ltr'><strong>esse</strong></span> <span class='ocrx_word' id='word_1_493' title='bbox 2273 2407 2448 2471; x_wconf 86' lang='lat' dir='ltr'><strong>dedit,</strong></span> <span class='ocrx_word' id='word_1_494' title='bbox 2479 2405 2625 2476; x_wconf 90' lang='lat' dir='ltr'><strong>quod</strong></span> <span class='ocrx_word' id='word_1_495' title='bbox 2653 2421 2684 2460; x_wconf 93' lang='lat' dir='ltr'><strong>e</strong></span> <span class='ocrx_word' id='word_1_496' title='bbox 2725 2404 3033 2460; x_wconf 84' lang='lat' dir='ltr'><strong>substantia</strong></span> <span class='ocrx_word' id='word_1_497' title='bbox 3067 2412 3151 2458; x_wconf 91' lang='lat' dir='ltr'><strong>est</strong></span> <span class='ocrx_word' id='word_1_498' title='bbox 3183 2401 3424 2457; x_wconf 86' lang='lat' dir='ltr'><strong>increata</strong></span> <span class='ocrx_word' id='word_1_499' title='bbox 3448 2440 3465 2467; x_wconf 91' lang='lat'><strong>,</strong></span> <span class='ocrx_word' id='word_1_500' title='bbox 3491 2414 3676 2463; x_wconf 79' lang='lat' dir='ltr'><strong>verum</strong></span> 
     </span>
    </p>
   </div>
   <div class='ocr_carea' id='block_1_70' title="bbox 2112 2493 3680 2563">
    <p class='ocr_par' dir='ltr' id='par_1_70' title="bbox 2112 2493 3680 2563">
     <span class='ocr_line' id='line_1_70' title="bbox 2112 2493 3680 2563; baseline -0.005 -13"><span class='ocrx_word' id='word_1_501' title='bbox 2112 2514 2139 2550; x_wconf 84' lang='lat' dir='ltr'><strong>a</strong></span> <span class='ocrx_word' id='word_1_502' title='bbox 2169 2496 2330 2551; x_wconf 85' lang='lat' dir='ltr'><strong>Patre</strong></span> <span class='ocrx_word' id='word_1_503' title='bbox 2362 2504 2487 2550; x_wconf 82' lang='lat' dir='ltr'><strong>ante</strong></span> <span class='ocrx_word' id='word_1_504' title='bbox 2517 2494 2699 2549; x_wconf 87' lang='lat' dir='ltr'><strong>omnia</strong></span> <span class='ocrx_word' id='word_1_505' title='bbox 2727 2495 2927 2551; x_wconf 70' lang='lat' dir='ltr'><strong>saecula</strong></span> <span class='ocrx_word' id='word_1_506' title='bbox 2957 2493 3223 2563; x_wconf 86' lang='lat' dir='ltr'><strong>genitum,</strong></span> <span class='ocrx_word' id='word_1_507' title='bbox 3247 2507 3372 2547; x_wconf 88' lang='lat' dir='ltr'><strong>cum</strong></span> <span class='ocrx_word' id='word_1_508' title='bbox 3402 2506 3509 2545; x_wconf 89' lang='lat' dir='ltr'><strong>non</strong></span> <span class='ocrx_word' id='word_1_509' title='bbox 3536 2498 3680 2546; x_wconf 86' lang='lat' dir='ltr'><strong>esset</strong></span> 
     </span>
    </p>
   </div>
   <div class='ocr_carea' id='block_1_71' title="bbox 2110 2581 3678 2655">
    <p class='ocr_par' dir='ltr' id='par_1_71' title="bbox 2110 2581 3678 2655">
     <span class='ocr_line' id='line_1_71' title="bbox 2110 2581 3678 2655; baseline -0.005 -14"><span class='ocrx_word' id='word_1_510' title='bbox 2110 2600 2350 2655; x_wconf 84' lang='lat' dir='ltr'><strong>unquam</strong></span> <span class='ocrx_word' id='word_1_511' title='bbox 2384 2585 2528 2640; x_wconf 87' lang='lat' dir='ltr'><strong>Deus</strong></span> <span class='ocrx_word' id='word_1_512' title='bbox 2563 2586 2683 2640; x_wconf 88' lang='lat' dir='ltr'><strong>sine</strong></span> <span class='ocrx_word' id='word_1_513' title='bbox 2714 2585 2891 2642; x_wconf 85' lang='lat' dir='ltr'><strong>Verbo</strong></span> <span class='ocrx_word' id='word_1_514' title='bbox 2919 2594 2974 2640; x_wconf 92' lang='lat' dir='ltr'><strong>et</strong></span> <span class='ocrx_word' id='word_1_515' title='bbox 3002 2584 3230 2651; x_wconf 87' lang='lat' dir='ltr'><strong>Spiritu,</strong></span> <span class='ocrx_word' id='word_1_516' title='bbox 3262 2581 3678 2651; x_wconf 78' lang='lat' dir='ltr'><strong>nequeVerbum</strong></span> 
     </span>
    </p>
   </div>
   <div class='ocr_carea' id='block_1_72' title="bbox 2111 2675 3681 2748">
    <p class='ocr_par' dir='ltr' id='par_1_72' title="bbox 2111 2675 3681 2748">
     <span class='ocr_line' id='line_1_72' title="bbox 2111 2675 3681 2748; baseline -0.001 -17"><span class='ocrx_word' id='word_1_517' title='bbox 2111 2694 2350 2748; x_wconf 88' lang='lat' dir='ltr'><strong>unquam</strong></span> <span class='ocrx_word' id='word_1_518' title='bbox 2383 2679 2451 2733; x_wconf 86' lang='lat' dir='ltr'><strong>ab</strong></span> <span class='ocrx_word' id='word_1_519' title='bbox 2483 2678 2601 2748; x_wconf 88' lang='lat' dir='ltr'><strong>ipso</strong></span> <span class='ocrx_word' id='word_1_520' title='bbox 2628 2688 2962 2746; x_wconf 81' lang='lat' dir='ltr'><strong>separatum,</strong></span> <span class='ocrx_word' id='word_1_521' title='bbox 2988 2691 3165 2747; x_wconf 89' lang='lat' dir='ltr'><strong>neque</strong></span> <span class='ocrx_word' id='word_1_522' title='bbox 3201 2690 3230 2729; x_wconf 91' lang='lat' dir='ltr'><strong>a</strong></span> <span class='ocrx_word' id='word_1_523' title='bbox 3260 2675 3469 2745; x_wconf 88' lang='lat' dir='ltr'><strong>Spiritu</strong></span> <span class='ocrx_word' id='word_1_524' title='bbox 3488 2677 3681 2745; x_wconf 66' lang='lat' dir='ltr'><strong>&quot;ipsius</strong></span> 
     </span>
    </p>
   </div>
   <div class='ocr_carea' id='block_1_73' title="bbox 2110 2766 3682 2838">
    <p class='ocr_par' dir='ltr' id='par_1_73' title="bbox 2110 2766 3682 2838">
     <span class='ocr_line' id='line_1_73' title="bbox 2110 2766 3682 2838; baseline -0.003 -14"><span class='ocrx_word' id='word_1_525' title='bbox 2110 2778 2356 2834; x_wconf 89' lang='lat' dir='ltr'><strong>creante,</strong></span> <span class='ocrx_word' id='word_1_526' title='bbox 2387 2779 2483 2825; x_wconf 90' lang='lat' dir='ltr'><strong>aut</strong></span> <span class='ocrx_word' id='word_1_527' title='bbox 2510 2785 2541 2822; x_wconf 90' lang='lat' dir='ltr'><strong>a</strong></span> <span class='ocrx_word' id='word_1_528' title='bbox 2568 2769 2876 2824; x_wconf 82' lang='lat' dir='ltr'><strong>substantia</strong></span> <span class='ocrx_word' id='word_1_529' title='bbox 2905 2770 3097 2838; x_wconf 88' lang='lat' dir='ltr'><strong>ipsius;</strong></span> <span class='ocrx_word' id='word_1_530' title='bbox 3126 2783 3189 2822; x_wconf 91' lang='lat' dir='ltr'><strong>ac</strong></span> <span class='ocrx_word' id='word_1_531' title='bbox 3222 2768 3510 2824; x_wconf 87' lang='lat' dir='ltr'><strong>descendit</strong></span> <span class='ocrx_word' id='word_1_532' title='bbox 3540 2766 3682 2820; x_wconf 70' lang='lat' dir='ltr'><strong>Ver-</strong></span> 
     </span>
    </p>
   </div>
   <div class='ocr_carea' id='block_1_74' title="bbox 2110 2864 3681 2932">
    <p class='ocr_par' dir='ltr' id='par_1_74' title="bbox 2110 2864 3681 2932">
     <span class='ocr_line' id='line_1_74' title="bbox 2110 2864 3681 2932; baseline -0.005 -11"><span class='ocrx_word' id='word_1_533' title='bbox 2110 2866 2238 2921; x_wconf 90' lang='lat' dir='ltr'><strong>bum</strong></span> <span class='ocrx_word' id='word_1_534' title='bbox 2274 2865 2366 2919; x_wconf 90' lang='lat' dir='ltr'><strong>Dei</strong></span> <span class='ocrx_word' id='word_1_535' title='bbox 2407 2880 2602 2920; x_wconf 87' lang='lat' dir='ltr'><strong>creans</strong></span> <span class='ocrx_word' id='word_1_536' title='bbox 2633 2880 2756 2919; x_wconf 91' lang='lat' dir='ltr'><strong>cum</strong></span> <span class='ocrx_word' id='word_1_537' title='bbox 2786 2864 3145 2919; x_wconf 85' lang='lat' dir='ltr'><strong>subsistentia</strong></span> <span class='ocrx_word' id='word_1_538' title='bbox 3170 2877 3267 2918; x_wconf 85' lang='lat' dir='ltr'><strong>sua</strong></span> <span class='ocrx_word' id='word_1_539' title='bbox 3306 2872 3681 2932; x_wconf 67' lang='lat' dir='ltr'><strong>permanente,</strong></span> 
     </span>
    </p>
   </div>
   <div class='ocr_carea' id='block_1_75' title="bbox 2110 2953 3687 3028">
    <p class='ocr_par' dir='ltr' id='par_1_75' title="bbox 2110 2953 3687 3028">
     <span class='ocr_line' id='line_1_75' title="bbox 2110 2953 3687 3028; baseline -0.001 -18"><span class='ocrx_word' id='word_1_540' title='bbox 2110 2965 2369 3026; x_wconf 88' lang='lat' dir='ltr'><strong>perpetua</strong></span> <span class='ocrx_word' id='word_1_541' title='bbox 2391 2994 2406 3019; x_wconf 95' lang='lat'><strong>,</strong></span> <span class='ocrx_word' id='word_1_542' title='bbox 2436 2954 2716 3028; x_wconf 83' lang='lat' dir='ltr'><strong>durabili,</strong></span> <span class='ocrx_word' id='word_1_543' title='bbox 2751 2969 2870 3023; x_wconf 83' lang='lat' dir='ltr'><strong>quae</strong></span> <span class='ocrx_word' id='word_1_544' title='bbox 2904 2964 3182 3022; x_wconf 81' lang='lat' dir='ltr'><strong>nunquam</strong></span> <span class='ocrx_word' id='word_1_545' title='bbox 3235 2969 3343 3009; x_wconf 90' lang='lat' dir='ltr'><strong>non</strong></span> <span class='ocrx_word' id='word_1_546' title='bbox 3388 2953 3529 3018; x_wconf 70' lang='lat' dir='ltr'><strong>fuit,</strong></span> <span class='ocrx_word' id='word_1_547' title='bbox 3582 2968 3687 3008; x_wconf 87' lang='lat' dir='ltr'><strong>nec</strong></span> 
     </span>
    </p>
   </div>
   <div class='ocr_carea' id='block_1_76' title="bbox 2110 3045 3681 3117">
    <p class='ocr_par' dir='ltr' id='par_1_76' title="bbox 2110 3045 3681 3117">
     <span class='ocr_line' id='line_1_76' title="bbox 2110 3045 3681 3117; baseline -0.002 -14"><span class='ocrx_word' id='word_1_548' title='bbox 2110 3063 2234 3104; x_wconf 89' lang='lat' dir='ltr'><strong>esse</strong></span> <span class='ocrx_word' id='word_1_549' title='bbox 2266 3047 2492 3110; x_wconf 88' lang='lat' dir='ltr'><strong>desinit,</strong></span> <span class='ocrx_word' id='word_1_550' title='bbox 2524 3055 2580 3102; x_wconf 91' lang='lat' dir='ltr'><strong>et</strong></span> <span class='ocrx_word' id='word_1_551' title='bbox 2627 3048 2973 3100; x_wconf 83' lang='lat' dir='ltr'><strong>incarnatum</strong></span> <span class='ocrx_word' id='word_1_552' title='bbox 3015 3059 3096 3101; x_wconf 88' lang='lat' dir='ltr'><strong>est</strong></span> <span class='ocrx_word' id='word_1_553' title='bbox 3145 3061 3174 3098; x_wconf 87' lang='lat' dir='ltr'><strong>a</strong></span> <span class='ocrx_word' id='word_1_554' title='bbox 3219 3045 3385 3100; x_wconf 84' lang='lat' dir='ltr'><strong>Maria</strong></span> <span class='ocrx_word' id='word_1_555' title='bbox 3434 3045 3681 3117; x_wconf 77' lang='lat' dir='ltr'><strong>Virgine,</strong></span> 
     </span>
    </p>
   </div>
   <div class='ocr_carea' id='block_1_77' title="bbox 2110 3132 3685 3212">
    <p class='ocr_par' dir='ltr' id='par_1_77' title="bbox 2110 3132 3685 3212">
     <span class='ocr_line' id='line_1_77' title="bbox 2110 3132 3685 3212; baseline 0.001 -20"><span class='ocrx_word' id='word_1_556' title='bbox 2110 3140 2288 3212; x_wconf 87' lang='lat' dir='ltr'><strong>puella</strong></span> <span class='ocrx_word' id='word_1_557' title='bbox 2322 3151 2531 3206; x_wconf 87' lang='lat' dir='ltr'><strong>saneta,</strong></span> <span class='ocrx_word' id='word_1_558' title='bbox 2559 3132 2802 3210; x_wconf 73' lang='lat'><strong>25-27</strong></span> <span class='ocrx_word' id='word_1_559' title='bbox 2832 3140 3006 3195; x_wconf 89' lang='lat' dir='ltr'><strong>electa</strong></span> <span class='ocrx_word' id='word_1_560' title='bbox 3035 3180 3049 3206; x_wconf 90' lang='lat'><strong>,</strong></span> <span class='ocrx_word' id='word_1_561' title='bbox 3082 3155 3113 3195; x_wconf 89' lang='lat' dir='ltr'><strong>e</strong></span> <span class='ocrx_word' id='word_1_562' title='bbox 3143 3144 3313 3211; x_wconf 89' lang='lat' dir='ltr'><strong>stirpe</strong></span> <span class='ocrx_word' id='word_1_563' title='bbox 3359 3139 3642 3196; x_wconf 81' lang='lat' dir='ltr'><strong>benedicta</strong></span> <span class='ocrx_word' id='word_1_564' title='bbox 3668 3179 3685 3205; x_wconf 90' lang='lat'><strong>,</strong></span> 
     </span>
    </p>
   </div>
   <div class='ocr_carea' id='block_1_78' title="bbox 2098 3232 3682 3304">
    <p class='ocr_par' dir='ltr' id='par_1_78' title="bbox 2098 3232 3682 3304">
     <span class='ocr_line' id='line_1_78' title="bbox 2098 3232 3682 3304; baseline -0.001 -15"><span class='ocrx_word' id='word_1_565' title='bbox 2098 3237 2137 3289; x_wconf 76' lang='lat' dir='ltr'><strong>&#39;e</strong></span> <span class='ocrx_word' id='word_1_566' title='bbox 2177 3235 2440 3304; x_wconf 80' lang='lat' dir='ltr'><strong>progenie</strong></span> <span class='ocrx_word' id='word_1_567' title='bbox 2485 3235 2819 3300; x_wconf 80' lang='lat' dir='ltr'><strong>Abrahanii;</strong></span> <span class='ocrx_word' id='word_1_568' title='bbox 2857 3235 3008 3303; x_wconf 88' lang='lat' dir='ltr'><strong>prole</strong></span> <span class='ocrx_word' id='word_1_569' title='bbox 3040 3234 3281 3298; x_wconf 76' lang='lat' dir='ltr'><strong>lsraelis,</strong></span> <span class='ocrx_word' id='word_1_570' title='bbox 3315 3234 3455 3288; x_wconf 91' lang='lat' dir='ltr'><strong>tribu</strong></span> <span class='ocrx_word' id='word_1_571' title='bbox 3488 3232 3641 3288; x_wconf 67' lang='lat' dir='ltr'><strong>luds:</strong></span> <span class='ocrx_word' id='word_1_572' title='bbox 3664 3272 3682 3298; x_wconf 84' lang='lat'><strong>,</strong></span> 
     </span>
    </p>
   </div>
   <div class='ocr_carea' id='block_1_79' title="bbox 2109 3322 3686 3394">
    <p class='ocr_par' dir='ltr' id='par_1_79' title="bbox 2109 3322 3686 3394">
     <span class='ocr_line' id='line_1_79' title="bbox 2109 3322 3686 3394; baseline -0.001 -17"><span class='ocrx_word' id='word_1_573' title='bbox 2109 3324 2311 3377; x_wconf 82' lang='lat' dir='ltr'><strong>lauiilia</strong></span> <span class='ocrx_word' id='word_1_574' title='bbox 2349 3323 2594 3386; x_wconf 75' lang='lat' dir='ltr'><strong>Davidis,</strong></span> <span class='ocrx_word' id='word_1_575' title='bbox 2628 3340 2794 3394; x_wconf 91' lang='lat' dir='ltr'><strong>quam</strong></span> <span class='ocrx_word' id='word_1_576' title='bbox 2829 3324 2897 3380; x_wconf 91' lang='lat' dir='ltr'><strong>ad</strong></span> <span class='ocrx_word' id='word_1_577' title='bbox 2932 3325 3070 3379; x_wconf 81' lang='lat' dir='ltr'><strong>hanc</strong></span> <span class='ocrx_word' id='word_1_578' title='bbox 3121 3324 3485 3380; x_wconf 73' lang='lat' dir='ltr'><strong>oeconomiam</strong></span> <span class='ocrx_word' id='word_1_579' title='bbox 3518 3322 3686 3392; x_wconf 82' lang='lat' dir='ltr'><strong>elegit</strong></span> 
     </span>
    </p>
   </div>
   <div class='ocr_carea' id='block_1_80' title="bbox 2106 3415 3679 3486">
    <p class='ocr_par' dir='ltr' id='par_1_80' title="bbox 2106 3415 3679 3486">
     <span class='ocr_line' id='line_1_80' title="bbox 2106 3415 3679 3486; baseline 0.002 -18"><span class='ocrx_word' id='word_1_580' title='bbox 2106 3415 2370 3473; x_wconf 83' lang='lat' dir='ltr'><strong>Dominus</strong></span> <span class='ocrx_word' id='word_1_581' title='bbox 2416 3432 2484 3472; x_wconf 86' lang='lat' dir='ltr'><strong>ex</strong></span> <span class='ocrx_word' id='word_1_582' title='bbox 2539 3417 2796 3472; x_wconf 89' lang='lat' dir='ltr'><strong>omnibus</strong></span> <span class='ocrx_word' id='word_1_583' title='bbox 2836 3416 3023 3472; x_wconf 90' lang='lat' dir='ltr'><strong>mundi</strong></span> <span class='ocrx_word' id='word_1_584' title='bbox 3073 3416 3333 3481; x_wconf 81' lang='lat' dir='ltr'><strong>leuiinis,</strong></span> <span class='ocrx_word' id='word_1_585' title='bbox 3390 3418 3679 3486; x_wconf 85' lang='lat' dir='ltr'><strong>ipsamque</strong></span> 
     </span>
    </p>
   </div>
   <div class='ocr_carea' id='block_1_81' title="bbox 2109 3507 3683 3581">
    <p class='ocr_par' dir='ltr' id='par_1_81' title="bbox 2109 3507 3683 3581">
     <span class='ocr_line' id='line_1_81' title="bbox 2109 3507 3683 3581; baseline 0 -18"><span class='ocrx_word' id='word_1_586' title='bbox 2109 3507 2314 3578; x_wconf 91' lang='lat' dir='ltr'><strong>Spiritu</strong></span> <span class='ocrx_word' id='word_1_587' title='bbox 2347 3519 2539 3565; x_wconf 85' lang='lat' dir='ltr'><strong>sancto</strong></span> <span class='ocrx_word' id='word_1_588' title='bbox 2568 3510 2870 3576; x_wconf 88' lang='lat' dir='ltr'><strong>nmndavit,</strong></span> <span class='ocrx_word' id='word_1_589' title='bbox 2896 3508 3101 3581; x_wconf 91' lang='lat' dir='ltr'><strong>Spiritu</strong></span> <span class='ocrx_word' id='word_1_590' title='bbox 3118 3507 3392 3581; x_wconf 67' lang='lat' dir='ltr'><strong>[inquam]</strong></span> <span class='ocrx_word' id='word_1_591' title='bbox 3420 3523 3519 3564; x_wconf 87' lang='lat' dir='ltr'><strong>suo</strong></span> <span class='ocrx_word' id='word_1_592' title='bbox 3547 3507 3683 3563; x_wconf 86' lang='lat' dir='ltr'><strong>sub-</strong></span> 
     </span>
    </p>
   </div>
   <div class='ocr_carea' id='block_1_82' title="bbox 2105 3601 3677 3672">
    <p class='ocr_par' dir='ltr' id='par_1_82' title="bbox 2105 3601 3677 3672">
     <span class='ocr_line' id='line_1_82' title="bbox 2105 3601 3677 3672; baseline 0 -16"><span class='ocrx_word' id='word_1_593' title='bbox 2105 3601 2370 3663; x_wconf 88' lang='lat' dir='ltr'><strong>stantiali,</strong></span> <span class='ocrx_word' id='word_1_594' title='bbox 2397 3601 2534 3657; x_wconf 88' lang='lat' dir='ltr'><strong>adeo</strong></span> <span class='ocrx_word' id='word_1_595' title='bbox 2569 3612 2627 3655; x_wconf 93' lang='lat' dir='ltr'><strong>ut</strong></span> <span class='ocrx_word' id='word_1_596' title='bbox 2654 3604 2824 3672; x_wconf 90' lang='lat' dir='ltr'><strong>ipsam</strong></span> <span class='ocrx_word' id='word_1_597' title='bbox 2857 3602 3108 3659; x_wconf 86' lang='lat' dir='ltr'><strong>idoneam</strong></span> <span class='ocrx_word' id='word_1_598' title='bbox 3151 3602 3404 3657; x_wconf 89' lang='lat' dir='ltr'><strong>redderet</strong></span> <span class='ocrx_word' id='word_1_599' title='bbox 3430 3603 3483 3656; x_wconf 92' lang='lat' dir='ltr'><strong>iu</strong></span> <span class='ocrx_word' id='word_1_600' title='bbox 3512 3615 3677 3672; x_wconf 88' lang='lat' dir='ltr'><strong>quam</strong></span> 
     </span>
    </p>
   </div>
   <div class='ocr_carea' id='block_1_83' title="bbox 2106 3693 3681 3766">
    <p class='ocr_par' dir='ltr' id='par_1_83' title="bbox 2106 3693 3681 3766">
     <span class='ocr_line' id='line_1_83' title="bbox 2106 3693 3681 3766; baseline 0.001 -18"><span class='ocrx_word' id='word_1_601' title='bbox 2106 3693 2469 3749; x_wconf 86' lang='lat' dir='ltr'><strong>descenderet</strong></span> <span class='ocrx_word' id='word_1_602' title='bbox 2529 3695 2769 3750; x_wconf 81' lang='lat' dir='ltr'><strong>Verbum</strong></span> <span class='ocrx_word' id='word_1_603' title='bbox 2828 3693 2923 3749; x_wconf 88' lang='lat' dir='ltr'><strong>Dei</strong></span> <span class='ocrx_word' id='word_1_604' title='bbox 2974 3696 3360 3762; x_wconf 86' lang='lat' dir='ltr'><strong>substantiale,</strong></span> <span class='ocrx_word' id='word_1_605' title='bbox 3407 3705 3569 3766; x_wconf 90' lang='lat' dir='ltr'><strong>atque</strong></span> <span class='ocrx_word' id='word_1_606' title='bbox 3605 3696 3681 3750; x_wconf 85' lang='lat' dir='ltr'><strong>ita</strong></span> 
     </span>
    </p>
   </div>
   <div class='ocr_carea' id='block_1_84' title="bbox 2105 3783 3681 3857">
    <p class='ocr_par' dir='ltr' id='par_1_84' title="bbox 2105 3783 3681 3857">
     <span class='ocr_line' id='line_1_84' title="bbox 2105 3783 3681 3857; baseline 0.002 -20"><span class='ocrx_word' id='word_1_607' title='bbox 2105 3783 2415 3838; x_wconf 87' lang='lat' dir='ltr'><strong>obvelatum</strong></span> <span class='ocrx_word' id='word_1_608' title='bbox 2438 3793 2521 3840; x_wconf 89' lang='lat' dir='ltr'><strong>est</strong></span> <span class='ocrx_word' id='word_1_609' title='bbox 2547 3783 2786 3840; x_wconf 86' lang='lat' dir='ltr'><strong>Verbum</strong></span> <span class='ocrx_word' id='word_1_610' title='bbox 2815 3800 3009 3841; x_wconf 88' lang='lat' dir='ltr'><strong>creans</strong></span> <span class='ocrx_word' id='word_1_611' title='bbox 3043 3787 3262 3842; x_wconf 82' lang='lat' dir='ltr'><strong>homine</strong></span> <span class='ocrx_word' id='word_1_612' title='bbox 3290 3795 3493 3852; x_wconf 87' lang='lat' dir='ltr'><strong>creato,</strong></span> <span class='ocrx_word' id='word_1_613' title='bbox 3519 3801 3681 3857; x_wconf 90' lang='lat' dir='ltr'><strong>quem</strong></span> 
     </span>
    </p>
   </div>
   <div class='ocr_carea' id='block_1_85' title="bbox 2074 3876 3681 3950">
    <p class='ocr_par' dir='ltr' id='par_1_85' title="bbox 2074 3876 3681 3950">
     <span class='ocr_line' id='line_1_85' title="bbox 2074 3876 3681 3950; baseline 0.002 -18"><span class='ocrx_word' id='word_1_614' title='bbox 2074 3919 2079 3924; x_wconf 72' lang='lat'><strong>.</strong></span> <span class='ocrx_word' id='word_1_615' title='bbox 2105 3876 2209 3932; x_wconf 91' lang='lat' dir='ltr'><strong>sibi</strong></span> <span class='ocrx_word' id='word_1_616' title='bbox 2244 3877 2522 3945; x_wconf 76' lang='lat' dir='ltr'><strong>voluntate</strong></span> <span class='ocrx_word' id='word_1_617' title='bbox 2555 3876 2647 3932; x_wconf 89' lang='lat' dir='ltr'><strong>Dei</strong></span> <span class='ocrx_word' id='word_1_618' title='bbox 2674 3877 2873 3943; x_wconf 86' lang='lat' dir='ltr'><strong>Patris,</strong></span> <span class='ocrx_word' id='word_1_619' title='bbox 2897 3887 2953 3934; x_wconf 87' lang='lat' dir='ltr'><strong>et</strong></span> <span class='ocrx_word' id='word_1_620' title='bbox 2980 3878 3211 3934; x_wconf 87' lang='lat' dir='ltr'><strong>consilio</strong></span> <span class='ocrx_word' id='word_1_621' title='bbox 3234 3879 3475 3950; x_wconf 81' lang='lat' dir='ltr'><strong>Spiritus</strong></span> <span class='ocrx_word' id='word_1_622' title='bbox 3496 3880 3681 3935; x_wconf 82' lang='lat' dir='ltr'><strong>sancti</strong></span> 
     </span>
    </p>
   </div>
   <div class='ocr_carea' id='block_1_86' title="bbox 2106 3971 3684 4041">
    <p class='ocr_par' dir='ltr' id='par_1_86' title="bbox 2106 3971 3684 4041">
     <span class='ocr_line' id='line_1_86' title="bbox 2106 3971 3684 4041; baseline 0.001 -18"><span class='ocrx_word' id='word_1_623' title='bbox 2106 3979 2334 4035; x_wconf 83' lang='lat' dir='ltr'><strong>creavit,</strong></span> <span class='ocrx_word' id='word_1_624' title='bbox 2368 3978 2676 4025; x_wconf 87' lang='lat' dir='ltr'><strong>creaturam</strong></span> <span class='ocrx_word' id='word_1_625' title='bbox 2707 3985 2901 4025; x_wconf 84' lang='lat' dir='ltr'><strong>novam</strong></span> <span class='ocrx_word' id='word_1_626' title='bbox 2935 3972 3144 4041; x_wconf 88' lang='lat' dir='ltr'><strong>absque</strong></span> <span class='ocrx_word' id='word_1_627' title='bbox 3172 3971 3381 4026; x_wconf 87' lang='lat' dir='ltr'><strong>semine</strong></span> <span class='ocrx_word' id='word_1_628' title='bbox 3427 3972 3593 4038; x_wconf 80' lang='lat' dir='ltr'><strong>virili,</strong></span> <span class='ocrx_word' id='word_1_629' title='bbox 3619 3981 3684 4025; x_wconf 89' lang='lat' dir='ltr'><strong>ut</strong></span> 
     </span>
    </p>
   </div>
   <div class='ocr_carea' id='block_1_87' title="bbox 2106 4059 3677 4131">
    <p class='ocr_par' dir='ltr' id='par_1_87' title="bbox 2106 4059 3677 4131">
     <span class='ocr_line' id='line_1_87' title="bbox 2106 4059 3677 4131; baseline 0.003 -18"><span class='ocrx_word' id='word_1_630' title='bbox 2106 4074 2207 4114; x_wconf 90' lang='lat' dir='ltr'><strong>nec</strong></span> <span class='ocrx_word' id='word_1_631' title='bbox 2241 4059 2293 4112; x_wconf 90' lang='lat' dir='ltr'><strong>in</strong></span> <span class='ocrx_word' id='word_1_632' title='bbox 2325 4059 2495 4130; x_wconf 85' lang='lat' dir='ltr'><strong>ipsam</strong></span> <span class='ocrx_word' id='word_1_633' title='bbox 2527 4060 2747 4115; x_wconf 90' lang='lat' dir='ltr'><strong>caderet</strong></span> <span class='ocrx_word' id='word_1_634' title='bbox 2781 4069 3061 4131; x_wconf 77' lang='lat' dir='ltr'><strong>peccaturo</strong></span> <span class='ocrx_word' id='word_1_635' title='bbox 3091 4101 3107 4127; x_wconf 88' lang='lat'><strong>,</strong></span> <span class='ocrx_word' id='word_1_636' title='bbox 3137 4077 3237 4117; x_wconf 90' lang='lat' dir='ltr'><strong>nec</strong></span> <span class='ocrx_word' id='word_1_637' title='bbox 3268 4076 3393 4116; x_wconf 90' lang='lat' dir='ltr'><strong>cum</strong></span> <span class='ocrx_word' id='word_1_638' title='bbox 3451 4061 3677 4119; x_wconf 83' lang='lat' dir='ltr'><strong>homine</strong></span> 
     </span>
    </p>
   </div>
   <div class='ocr_carea' id='block_1_88' title="bbox 2107 4153 3687 4225">
    <p class='ocr_par' dir='ltr' id='par_1_88' title="bbox 2107 4153 3687 4225">
     <span class='ocr_line' id='line_1_88' title="bbox 2107 4153 3687 4225; baseline 0.003 -20"><span class='ocrx_word' id='word_1_639' title='bbox 2107 4153 2571 4219; x_wconf 86' lang='lat' dir='ltr'><strong>consuetudinem</strong></span> <span class='ocrx_word' id='word_1_640' title='bbox 2595 4154 2819 4208; x_wconf 86' lang='lat' dir='ltr'><strong>haberet</strong></span> <span class='ocrx_word' id='word_1_641' title='bbox 2847 4162 2940 4208; x_wconf 89' lang='lat' dir='ltr'><strong>aut</strong></span> <span class='ocrx_word' id='word_1_642' title='bbox 2961 4169 3316 4225; x_wconf 88' lang='lat' dir='ltr'><strong>congressum</strong></span> <span class='ocrx_word' id='word_1_643' title='bbox 3341 4194 3355 4218; x_wconf 90' lang='lat'><strong>,</strong></span> <span class='ocrx_word' id='word_1_644' title='bbox 3391 4163 3483 4210; x_wconf 88' lang='lat' dir='ltr'><strong>aut</strong></span> <span class='ocrx_word' id='word_1_645' title='bbox 3508 4155 3687 4211; x_wconf 83' lang='lat' dir='ltr'><strong>viola-</strong></span> 
     </span>
    </p>
   </div>
   <div class='ocr_carea' id='block_1_89' title="bbox 2110 4242 3684 4316">
    <p class='ocr_par' dir='ltr' id='par_1_89' title="bbox 2110 4242 3684 4316">
     <span class='ocr_line' id='line_1_89' title="bbox 2110 4242 3684 4316; baseline 0.003 -21"><span class='ocrx_word' id='word_1_646' title='bbox 2110 4249 2260 4295; x_wconf 91' lang='lat' dir='ltr'><strong>retur</strong></span> <span class='ocrx_word' id='word_1_647' title='bbox 2290 4242 2482 4312; x_wconf 71' lang='lat' dir='ltr'><strong>puellze</strong></span> <span class='ocrx_word' id='word_1_648' title='bbox 2507 4243 2871 4298; x_wconf 80' lang='lat' dir='ltr'><strong>sanctissimae</strong></span> <span class='ocrx_word' id='word_1_649' title='bbox 2897 4244 3180 4315; x_wconf 78' lang='lat' dir='ltr'><strong>virginitas</strong></span> <span class='ocrx_word' id='word_1_650' title='bbox 3202 4285 3216 4311; x_wconf 90' lang='lat'><strong>,</strong></span> <span class='ocrx_word' id='word_1_651' title='bbox 3247 4244 3517 4300; x_wconf 87' lang='lat' dir='ltr'><strong>hominem</strong></span> <span class='ocrx_word' id='word_1_652' title='bbox 3556 4260 3684 4316; x_wconf 88' lang='lat' dir='ltr'><strong>per-</strong></span> 
     </span>
    </p>
   </div>
   <div class='ocr_carea' id='block_1_90' title="bbox 2108 4331 3687 4407">
    <p class='ocr_par' dir='ltr' id='par_1_90' title="bbox 2108 4331 3687 4407">
     <span class='ocr_line' id='line_1_90' title="bbox 2108 4331 3687 4407; baseline 0.006 -22"><span class='ocrx_word' id='word_1_653' title='bbox 2108 4331 2307 4389; x_wconf 82' lang='lat' dir='ltr'><strong>fectum</strong></span> <span class='ocrx_word' id='word_1_654' title='bbox 2345 4349 2469 4388; x_wconf 90' lang='lat' dir='ltr'><strong>cum</strong></span> <span class='ocrx_word' id='word_1_655' title='bbox 2515 4349 2745 4406; x_wconf 80' lang='lat' dir='ltr'><strong>carpere</strong></span> <span class='ocrx_word' id='word_1_656' title='bbox 2775 4350 2877 4391; x_wconf 91' lang='lat' dir='ltr'><strong>suo</strong></span> <span class='ocrx_word' id='word_1_657' title='bbox 2909 4344 2965 4391; x_wconf 91' lang='lat' dir='ltr'><strong>et</strong></span> <span class='ocrx_word' id='word_1_658' title='bbox 2995 4337 3177 4391; x_wconf 88' lang='lat' dir='ltr'><strong>anima</strong></span> <span class='ocrx_word' id='word_1_659' title='bbox 3226 4337 3575 4407; x_wconf 90' lang='lat' dir='ltr'><strong>sanguinali,</strong></span> <span class='ocrx_word' id='word_1_660' title='bbox 3622 4346 3687 4394; x_wconf 72' lang='lat' dir='ltr'><strong>et</strong></span> 
     </span>
    </p>
   </div>
   <div class='ocr_carea' id='block_1_91' title="bbox 432 4421 3682 4498">
    <p class='ocr_par' dir='ltr' id='par_1_91' title="bbox 432 4421 3682 4498">
     <span class='ocr_line' id='line_1_91' title="bbox 432 4421 3682 4498; baseline -0.001 -13"><span class='ocrx_word' id='word_1_661' title='bbox 432 4442 518 4486; x_wconf 89' lang='lat' dir='ltr'><strong>tur</strong></span> <span class='ocrx_word' id='word_1_662' title='bbox 560 4428 852 4493; x_wconf 71' lang='lat' dir='ltr'><strong>Melchitze,</strong></span> <span class='ocrx_word' id='word_1_663' title='bbox 891 4426 1117 4480; x_wconf 81' lang='lat' dir='ltr'><strong>Mariam</strong></span> <span class='ocrx_word' id='word_1_664' title='bbox 1153 4424 1430 4496; x_wconf 85' lang='lat' dir='ltr'><strong>peperisse</strong></span> <span class='ocrx_word' id='word_1_665' title='bbox 1480 4422 1676 4488; x_wconf 91' lang='lat' dir='ltr'><strong>Deum,</strong></span> <span class='ocrx_word' id='word_1_666' title='bbox 1726 4421 2005 4478; x_wconf 84' lang='lat' dir='ltr'><strong>Christum</strong></span> <span class='ocrx_word' id='word_1_667' title='bbox 2039 4437 2083 4493; x_wconf 79' lang='grc' dir='ltr'>υ</span> <span class='ocrx_word' id='word_1_668' title='bbox 2115 4424 2311 4495; x_wconf 91' lang='lat' dir='ltr'><strong>spiritu</strong></span> <span class='ocrx_word' id='word_1_669' title='bbox 2342 4424 2694 4495; x_wconf 9' lang='lat' dir='ltr'><strong>inrtellectivo,</strong></span> <span class='ocrx_word' id='word_1_670' title='bbox 2727 4426 3020 4491; x_wconf 90' lang='lat' dir='ltr'><strong>rationali,</strong></span> <span class='ocrx_word' id='word_1_671' title='bbox 3051 4429 3145 4496; x_wconf 88' lang='lat' dir='ltr'><strong>qui</strong></span> <span class='ocrx_word' id='word_1_672' title='bbox 3176 4435 3261 4482; x_wconf 90' lang='lat' dir='ltr'><strong>est</strong></span> <span class='ocrx_word' id='word_1_673' title='bbox 3290 4428 3469 4498; x_wconf 86' lang='lat' dir='ltr'><strong>imago</strong></span> <span class='ocrx_word' id='word_1_674' title='bbox 3497 4427 3591 4482; x_wconf 89' lang='lat' dir='ltr'><strong>Dei</strong></span> <span class='ocrx_word' id='word_1_675' title='bbox 3619 4426 3682 4483; x_wconf 88' lang='lat' dir='ltr'><strong>in</strong></span> 
     </span>
    </p>
   </div>
   <div class='ocr_carea' id='block_1_92' title="bbox 433 4515 2004 4588">
    <p class='ocr_par' dir='ltr' id='par_1_92' title="bbox 433 4515 2004 4588">
     <span class='ocr_line' id='line_1_92' title="bbox 433 4515 2004 4588; baseline -0.003 -15"><span class='ocrx_word' id='word_1_676' title='bbox 433 4537 621 4586; x_wconf 70' lang='lat' dir='ltr'><strong>unum,</strong></span> <span class='ocrx_word' id='word_1_677' title='bbox 669 4528 723 4575; x_wconf 92' lang='lat' dir='ltr'><strong>et</strong></span> <span class='ocrx_word' id='word_1_678' title='bbox 768 4532 1057 4588; x_wconf 88' lang='lat' dir='ltr'><strong>personam</strong></span> <span class='ocrx_word' id='word_1_679' title='bbox 1104 4531 1291 4581; x_wconf 89' lang='lat' dir='ltr'><strong>unam,</strong></span> <span class='ocrx_word' id='word_1_680' title='bbox 1332 4525 1387 4570; x_wconf 90' lang='lat' dir='ltr'><strong>et</strong></span> <span class='ocrx_word' id='word_1_681' title='bbox 1431 4515 1796 4570; x_wconf 87' lang='lat' dir='ltr'><strong>substantiam</strong></span> <span class='ocrx_word' id='word_1_682' title='bbox 1845 4523 2004 4570; x_wconf 66' lang='lat' dir='ltr'><strong>aeter-</strong></span> 
     </span>
    </p>
   </div>
   <div class='ocr_carea' id='block_1_93' title="bbox 430 4606 1999 4682">
    <p class='ocr_par' dir='ltr' id='par_1_93' title="bbox 430 4606 1999 4682">
     <span class='ocr_line' id='line_1_93' title="bbox 430 4606 1999 4682; baseline -0.006 -14"><span class='ocrx_word' id='word_1_683' title='bbox 430 4622 666 4676; x_wconf 87' lang='lat' dir='ltr'><strong>nam,_et</strong></span> <span class='ocrx_word' id='word_1_684' title='bbox 694 4610 1056 4666; x_wconf 87' lang='lat' dir='ltr'><strong>substantiam</strong></span> <span class='ocrx_word' id='word_1_685' title='bbox 1091 4607 1158 4664; x_wconf 91' lang='lat' dir='ltr'><strong>de</strong></span> <span class='ocrx_word' id='word_1_686' title='bbox 1191 4622 1333 4662; x_wconf 88' lang='lat' dir='ltr'><strong>novo</strong></span> <span class='ocrx_word' id='word_1_687' title='bbox 1367 4606 1715 4677; x_wconf 91' lang='lat' dir='ltr'><strong>productam.</strong></span> <span class='ocrx_word' id='word_1_688' title='bbox 1994 4676 1999 4682; x_wconf 84' lang='lat'><strong><em>_</em></strong></span> 
     </span>
    </p>
   </div>
   <div class='ocr_carea' id='block_1_94' title="bbox 504 4696 2000 4759">
    <p class='ocr_par' dir='ltr' id='par_1_94' title="bbox 504 4696 2000 4759">
     <span class='ocr_line' id='line_1_94' title="bbox 504 4696 2000 4759; baseline -0.004 -1"><span class='ocrx_word' id='word_1_689' title='bbox 504 4705 725 4758; x_wconf 86' lang='lat' dir='ltr'><strong>Dicetur</strong></span> <span class='ocrx_word' id='word_1_690' title='bbox 763 4703 927 4759; x_wconf 87' lang='lat' dir='ltr'><strong>etiam</strong></span> <span class='ocrx_word' id='word_1_691' title='bbox 974 4700 1118 4756; x_wconf 86' lang='lat' dir='ltr'><strong>illis:</strong></span> <span class='ocrx_word' id='word_1_692' title='bbox 1154 4700 1212 4753; x_wconf 86' lang='lat' dir='ltr'><strong>Si</strong></span> <span class='ocrx_word' id='word_1_693' title='bbox 1258 4700 1522 4755; x_wconf 86' lang='lat' dir='ltr'><strong>asseratis</strong></span> <span class='ocrx_word' id='word_1_694' title='bbox 1553 4696 1832 4754; x_wconf 89' lang='lat' dir='ltr'><strong>Christum</strong></span> <span class='ocrx_word' id='word_1_695' title='bbox 1863 4698 2000 4752; x_wconf 88' lang='lat' dir='ltr'><strong>duas</strong></span> 
     </span>
    </p>
   </div>
   <div class='ocr_carea' id='block_1_95' title="bbox 428 4791 2001 4859">
    <p class='ocr_par' dir='ltr' id='par_1_95' title="bbox 428 4791 2001 4859">
     <span class='ocr_line' id='line_1_95' title="bbox 428 4791 2001 4859; baseline -0.007 -6"><span class='ocrx_word' id='word_1_696' title='bbox 428 4813 552 4855; x_wconf 85' lang='lat' dir='ltr'><strong>esse</strong></span> <span class='ocrx_word' id='word_1_697' title='bbox 583 4795 941 4859; x_wconf 79' lang='lat' dir='ltr'><strong>suhsrautias,</strong></span> <span class='ocrx_word' id='word_1_698' title='bbox 971 4807 1136 4848; x_wconf 88' lang='lat' dir='ltr'><strong>unam</strong></span> <span class='ocrx_word' id='word_1_699' title='bbox 1171 4801 1454 4853; x_wconf 73' lang='lat' dir='ltr'><strong>aeternam.</strong></span> <span class='ocrx_word' id='word_1_700' title='bbox 1493 4792 1718 4847; x_wconf 88' lang='lat' dir='ltr'><strong>alteram</strong></span> <span class='ocrx_word' id='word_1_701' title='bbox 1753 4791 1819 4846; x_wconf 88' lang='lat' dir='ltr'><strong>de</strong></span> <span class='ocrx_word' id='word_1_702' title='bbox 1857 4806 2001 4845; x_wconf 78' lang='lat' dir='ltr'><strong>novo</strong></span> 
     </span>
    </p>
   </div>
   <div class='ocr_carea' id='block_1_96' title="bbox 428 4872 1999 4961">
    <p class='ocr_par' dir='ltr' id='par_1_96' title="bbox 428 4872 1999 4961">
     <span class='ocr_line' id='line_1_96' title="bbox 428 4872 1999 4961; baseline -0.007 -18"><span class='ocrx_word' id='word_1_703' title='bbox 428 4887 771 4961; x_wconf 87' lang='lat' dir='ltr'><strong>productam,</strong></span> <span class='ocrx_word' id='word_1_704' title='bbox 800 4885 924 4940; x_wconf 89' lang='lat' dir='ltr'><strong>dein</strong></span> <span class='ocrx_word' id='word_1_705' title='bbox 957 4883 1182 4938; x_wconf 78' lang='lat' dir='ltr'><strong>Mariam</strong></span> <span class='ocrx_word' id='word_1_706' title='bbox 1225 4884 1503 4953; x_wconf 87' lang='lat' dir='ltr'><strong>peperisse</strong></span> <span class='ocrx_word' id='word_1_707' title='bbox 1535 4872 1855 4951; x_wconf 57' lang='lat' dir='ltr'><strong>Christum,</strong></span> <span class='ocrx_word' id='word_1_708' title='bbox 1886 4879 1999 4948; x_wconf 90' lang='lat' dir='ltr'><strong>jam</strong></span> 
     </span>
    </p>
   </div>
   <div class='ocr_carea' id='block_1_97' title="bbox 428 4973 2003 5041">
    <p class='ocr_par' dir='ltr' id='par_1_97' title="bbox 428 4973 2003 5041">
     <span class='ocr_line' id='line_1_97' title="bbox 428 4973 2003 5041; baseline -0.007 -4"><span class='ocrx_word' id='word_1_709' title='bbox 428 4979 767 5038; x_wconf 74' lang='lat' dir='ltr'><strong>confitemini</strong></span> <span class='ocrx_word' id='word_1_710' title='bbox 820 4976 1045 5034; x_wconf 81' lang='lat' dir='ltr'><strong>Mariam</strong></span> <span class='ocrx_word' id='word_1_711' title='bbox 1098 4977 1234 5032; x_wconf 91' lang='lat' dir='ltr'><strong>duas</strong></span> <span class='ocrx_word' id='word_1_712' title='bbox 1300 4976 1399 5030; x_wconf 81' lang='lat' dir='ltr'><strong>has</strong></span> <span class='ocrx_word' id='word_1_713' title='bbox 1459 4973 1821 5035; x_wconf 86' lang='lat' dir='ltr'><strong>substantias,</strong></span> <span class='ocrx_word' id='word_1_714' title='bbox 1880 4987 2003 5041; x_wconf 81' lang='lat' dir='ltr'><strong>quae</strong></span> 
     </span>
    </p>
   </div>
   <div class='ocr_carea' id='block_1_98' title="bbox 428 5065 2002 5140">
    <p class='ocr_par' dir='ltr' id='par_1_98' title="bbox 428 5065 2002 5140">
     <span class='ocr_line' id='line_1_98' title="bbox 428 5065 2002 5140; baseline -0.011 -8"><span class='ocrx_word' id='word_1_715' title='bbox 428 5070 558 5133; x_wconf 83' lang='lat' dir='ltr'><strong>sunt</strong></span> <span class='ocrx_word' id='word_1_716' title='bbox 603 5073 881 5137; x_wconf 87' lang='lat' dir='ltr'><strong>Christus,</strong></span> <span class='ocrx_word' id='word_1_717' title='bbox 948 5070 1260 5140; x_wconf 81' lang='lat' dir='ltr'><strong>peperisse;</strong></span> <span class='ocrx_word' id='word_1_718' title='bbox 1308 5065 1559 5125; x_wconf 89' lang='lat' dir='ltr'><strong>Christus</strong></span> <span class='ocrx_word' id='word_1_719' title='bbox 1611 5080 1743 5135; x_wconf 80' lang='lat' dir='ltr'><strong>ergo</strong></span> <span class='ocrx_word' id='word_1_720' title='bbox 1788 5070 2002 5118; x_wconf 90' lang='lat' dir='ltr'><strong>constat</strong></span> 
     </span>
    </p>
   </div>
   <div class='ocr_carea' id='block_1_99' title="bbox 427 5152 2001 5232">
    <p class='ocr_par' dir='ltr' id='par_1_99' title="bbox 427 5152 2001 5232">
     <span class='ocr_line' id='line_1_99' title="bbox 427 5152 2001 5232; baseline -0.01 -9"><span class='ocrx_word' id='word_1_721' title='bbox 427 5171 640 5223; x_wconf 86' lang='lat' dir='ltr'><strong>duabus</strong></span> <span class='ocrx_word' id='word_1_722' title='bbox 662 5164 897 5228; x_wconf 87' lang='lat' dir='ltr'><strong>naturis,</strong></span> <span class='ocrx_word' id='word_1_723' title='bbox 922 5176 1061 5232; x_wconf 88' lang='lat' dir='ltr'><strong>quas</strong></span> <span class='ocrx_word' id='word_1_724' title='bbox 1085 5175 1208 5215; x_wconf 91' lang='lat' dir='ltr'><strong>cum</strong></span> <span class='ocrx_word' id='word_1_725' title='bbox 1239 5159 1471 5230; x_wconf 88' lang='lat' dir='ltr'><strong>peperit,</strong></span> <span class='ocrx_word' id='word_1_726' title='bbox 1501 5172 1609 5211; x_wconf 89' lang='lat' dir='ltr'><strong>una</strong></span> <span class='ocrx_word' id='word_1_727' title='bbox 1640 5171 1826 5209; x_wconf 86' lang='lat' dir='ltr'><strong>earum</strong></span> <span class='ocrx_word' id='word_1_728' title='bbox 1856 5152 2001 5207; x_wconf 87' lang='lat' dir='ltr'><strong>Deus</strong></span> 
     </span>
    </p>
   </div>
   <div class='ocr_carea' id='block_1_100' title="bbox 425 5245 2001 5329">
    <p class='ocr_par' dir='ltr' id='par_1_100' title="bbox 425 5245 2001 5329">
     <span class='ocr_line' id='line_1_100' title="bbox 425 5245 2001 5329; baseline -0.009 -16"><span class='ocrx_word' id='word_1_729' title='bbox 425 5267 531 5321; x_wconf 89' lang='lat' dir='ltr'><strong>est,</strong></span> <span class='ocrx_word' id='word_1_730' title='bbox 563 5256 776 5329; x_wconf 85' lang='lat' dir='ltr'><strong>peperit</strong></span> <span class='ocrx_word' id='word_1_731' title='bbox 812 5270 941 5323; x_wconf 75' lang='lat' dir='ltr'><strong>ergo</strong></span> <span class='ocrx_word' id='word_1_732' title='bbox 978 5253 1149 5306; x_wconf 91' lang='lat' dir='ltr'><strong>Deum</strong></span> <span class='ocrx_word' id='word_1_733' title='bbox 1183 5260 1470 5304; x_wconf 68' lang='lat' dir='ltr'><strong>teternum.</strong></span> <span class='ocrx_word' id='word_1_734' title='bbox 1504 5245 1727 5309; x_wconf 83' lang='lat' dir='ltr'><strong>Deinde,</strong></span> <span class='ocrx_word' id='word_1_735' title='bbox 1767 5259 1873 5299; x_wconf 90' lang='lat' dir='ltr'><strong>non</strong></span> <span class='ocrx_word' id='word_1_736' title='bbox 1905 5260 2001 5314; x_wconf 86' lang='lat' dir='ltr'><strong>po-</strong></span> 
     </span>
    </p>
   </div>
   <div class='ocr_carea' id='block_1_101' title="bbox 428 5330 1995 5419">
    <p class='ocr_par' dir='ltr' id='par_1_101' title="bbox 428 5330 1995 5419">
     <span class='ocr_line' id='line_1_101' title="bbox 428 5330 1995 5419; baseline -0.01 -13"><span class='ocrx_word' id='word_1_737' title='bbox 428 5359 531 5406; x_wconf 88' lang='lat' dir='ltr'><strong>test</strong></span> <span class='ocrx_word' id='word_1_738' title='bbox 559 5349 786 5407; x_wconf 90' lang='lat' dir='ltr'><strong>coucedi</strong></span> <span class='ocrx_word' id='word_1_739' title='bbox 817 5347 1090 5419; x_wconf 81' lang='lat' dir='ltr'><strong>peperisse</strong></span> <span class='ocrx_word' id='word_1_740' title='bbox 1121 5343 1223 5397; x_wconf 90' lang='lat' dir='ltr'><strong>nisi</strong></span> <span class='ocrx_word' id='word_1_741' title='bbox 1265 5341 1411 5412; x_wconf 90' lang='lat' dir='ltr'><strong>quod</strong></span> <span class='ocrx_word' id='word_1_742' title='bbox 1441 5330 1495 5394; x_wconf 90' lang='lat' dir='ltr'><strong>in</strong></span> <span class='ocrx_word' id='word_1_743' title='bbox 1530 5348 1687 5394; x_wconf 89' lang='lat' dir='ltr'><strong>utero</strong></span> <span class='ocrx_word' id='word_1_744' title='bbox 1725 5346 1995 5409; x_wconf 76' lang='lat' dir='ltr'><strong>gestatum</strong></span> 
     </span>
    </p>
   </div>
   <div class='ocr_carea' id='block_1_102' title="bbox 430 5431 1990 5510">
    <p class='ocr_par' dir='ltr' id='par_1_102' title="bbox 430 5431 1990 5510">
     <span class='ocr_line' id='line_1_102' title="bbox 430 5431 1990 5510; baseline -0.009 -14"><span class='ocrx_word' id='word_1_745' title='bbox 430 5443 627 5510; x_wconf 81' lang='lat' dir='ltr'><strong>fuerat,</strong></span> <span class='ocrx_word' id='word_1_746' title='bbox 656 5443 785 5497; x_wconf 91' lang='lat' dir='ltr'><strong>hinc</strong></span> <span class='ocrx_word' id='word_1_747' title='bbox 810 5456 940 5510; x_wconf 90' lang='lat' dir='ltr'><strong>ergo</strong></span> <span class='ocrx_word' id='word_1_748' title='bbox 970 5434 1279 5492; x_wconf 86' lang='lat' dir='ltr'><strong>necessario</strong></span> <span class='ocrx_word' id='word_1_749' title='bbox 1325 5434 1576 5502; x_wconf 90' lang='lat' dir='ltr'><strong>sequitur</strong></span> <span class='ocrx_word' id='word_1_750' title='bbox 1608 5431 1780 5501; x_wconf 88' lang='lat' dir='ltr'><strong>ipsam</strong></span> <span class='ocrx_word' id='word_1_751' title='bbox 1822 5431 1990 5484; x_wconf 88' lang='lat' dir='ltr'><strong>Deum</strong></span> 
     </span>
    </p>
   </div>
   <div class='ocr_carea' id='block_1_103' title="bbox 426 5514 1997 5602">
    <p class='ocr_par' dir='ltr' id='par_1_103' title="bbox 426 5514 1997 5602">
     <span class='ocr_line' id='line_1_103' title="bbox 426 5514 1997 5602; baseline -0.008 -14"><span class='ocrx_word' id='word_1_752' title='bbox 426 5534 577 5588; x_wconf 91' lang='lat' dir='ltr'><strong>illum</strong></span> <span class='ocrx_word' id='word_1_753' title='bbox 605 5514 843 5589; x_wconf 60' lang='lat' dir='ltr'><strong>in°utero</strong></span> <span class='ocrx_word' id='word_1_754' title='bbox 875 5540 1137 5602; x_wconf 81' lang='lat' dir='ltr'><strong>gestasse.</strong></span> <span class='ocrx_word' id='word_1_755' title='bbox 1165 5530 1341 5599; x_wconf 89' lang='lat' dir='ltr'><strong>Atque</strong></span> <span class='ocrx_word' id='word_1_756' title='bbox 1376 5527 1449 5581; x_wconf 82' lang='lat' dir='ltr'><strong>ita</strong></span> <span class='ocrx_word' id='word_1_757' title='bbox 1478 5534 1697 5581; x_wconf 84' lang='lat' dir='ltr'><strong>ostensa</strong></span> <span class='ocrx_word' id='word_1_758' title='bbox 1723 5534 1807 5579; x_wconf 89' lang='lat' dir='ltr'><strong>est</strong></span> <span class='ocrx_word' id='word_1_759' title='bbox 1834 5529 1997 5578; x_wconf 89' lang='lat' dir='ltr'><strong>etiam</strong></span> 
     </span>
    </p>
   </div>
   <div class='ocr_carea' id='block_1_104' title="bbox 428 5616 1995 5696">
    <p class='ocr_par' dir='ltr' id='par_1_104' title="bbox 428 5616 1995 5696">
     <span class='ocr_line' id='line_1_104' title="bbox 428 5616 1995 5696; baseline -0.006 -19"><span class='ocrx_word' id='word_1_760' title='bbox 428 5625 736 5680; x_wconf 81' lang='lat' dir='ltr'><strong>absurditas</strong></span> <span class='ocrx_word' id='word_1_761' title='bbox 769 5627 1051 5696; x_wconf 76' lang='lat' dir='ltr'><strong>sententiae</strong></span> <span class='ocrx_word' id='word_1_762' title='bbox 1100 5623 1549 5679; x_wconf 83' lang='lat' dir='ltr'><strong>Nestoriauorum</strong></span> <span class='ocrx_word' id='word_1_763' title='bbox 1604 5616 1995 5683; x_wconf 86' lang='lat' dir='ltr'><strong>asserentium,</strong></span> 
     </span>
    </p>
   </div>
   <div class='ocr_carea' id='block_1_105' title="bbox 424 5711 2009 5787">
    <p class='ocr_par' dir='ltr' id='par_1_105' title="bbox 424 5711 2009 5787">
     <span class='ocr_line' id='line_1_105' title="bbox 424 5711 2009 5787; baseline 0.001 -16"><span class='ocrx_word' id='word_1_764' title='bbox 424 5712 648 5771; x_wconf 66' lang='lat' dir='ltr'><strong>Mariam</strong></span> <span class='ocrx_word' id='word_1_765' title='bbox 680 5730 776 5772; x_wconf 88' lang='lat' dir='ltr'><strong>nec</strong></span> <span class='ocrx_word' id='word_1_766' title='bbox 812 5717 865 5770; x_wconf 90' lang='lat' dir='ltr'><strong>in</strong></span> <span class='ocrx_word' id='word_1_767' title='bbox 893 5711 1054 5775; x_wconf 61' lang='lat' dir='ltr'><strong>utero‘</strong></span> <span class='ocrx_word' id='word_1_768' title='bbox 1085 5716 1297 5784; x_wconf 80' lang='lat' dir='ltr'><strong>tulisse,</strong></span> <span class='ocrx_word' id='word_1_769' title='bbox 1332 5730 1429 5773; x_wconf 88' lang='lat' dir='ltr'><strong>nec</strong></span> <span class='ocrx_word' id='word_1_770' title='bbox 1472 5714 1748 5787; x_wconf 80' lang='lat' dir='ltr'><strong>peperisse</strong></span> <span class='ocrx_word' id='word_1_771' title='bbox 1782 5711 1947 5769; x_wconf 90' lang='lat' dir='ltr'><strong>Deum</strong></span> <span class='ocrx_word' id='word_1_772' title='bbox 1982 5752 2009 5778; x_wconf 87' lang='lat'><strong>,.</strong></span> 
     </span>
    </p>
   </div>
   <div class='ocr_carea' id='block_1_106' title="bbox 2107 4518 3687 4590">
    <p class='ocr_par' dir='ltr' id='par_1_106' title="bbox 2107 4518 3687 4590">
     <span class='ocr_line' id='line_1_106' title="bbox 2107 4518 3687 4590; baseline 0.002 -18"><span class='ocrx_word' id='word_1_773' title='bbox 2107 4519 2352 4585; x_wconf 81' lang='lat' dir='ltr'><strong>homine,</strong></span> <span class='ocrx_word' id='word_1_774' title='bbox 2387 4528 2443 4574; x_wconf 90' lang='lat' dir='ltr'><strong>et</strong></span> <span class='ocrx_word' id='word_1_775' title='bbox 2480 4519 2787 4573; x_wconf 89' lang='lat' dir='ltr'><strong>similitudo</strong></span> <span class='ocrx_word' id='word_1_776' title='bbox 2818 4519 3012 4590; x_wconf 86' lang='lat' dir='ltr'><strong>ipsius.</strong></span> <span class='ocrx_word' id='word_1_777' title='bbox 3045 4520 3184 4575; x_wconf 86' lang='lat' dir='ltr'><strong>Cum</strong></span> <span class='ocrx_word' id='word_1_778' title='bbox 3216 4518 3379 4577; x_wconf 79' lang='lat' dir='ltr'><strong>fuerit</strong></span> <span class='ocrx_word' id='word_1_779' title='bbox 3405 4520 3518 4590; x_wconf 85' lang='lat' dir='ltr'><strong>ipse</strong></span> <span class='ocrx_word' id='word_1_780' title='bbox 3537 4518 3687 4575; x_wconf 80' lang='lat' dir='ltr'><strong>inter</strong></span> 
     </span>
    </p>
   </div>
   <div class='ocr_carea' id='block_1_107' title="bbox 2104 4609 3684 4684">
    <p class='ocr_par' dir='ltr' id='par_1_107' title="bbox 2104 4609 3684 4684">
     <span class='ocr_line' id='line_1_107' title="bbox 2104 4609 3684 4684; baseline 0.004 -22"><span class='ocrx_word' id='word_1_781' title='bbox 2104 4619 2384 4665; x_wconf 89' lang='lat' dir='ltr'><strong>creaturas</strong></span> <span class='ocrx_word' id='word_1_782' title='bbox 2423 4609 2515 4663; x_wconf 83' lang='lat' dir='ltr'><strong>Dei</strong></span> <span class='ocrx_word' id='word_1_783' title='bbox 2569 4610 2802 4665; x_wconf 78' lang='lat' dir='ltr'><strong>maxime</strong></span> <span class='ocrx_word' id='word_1_784' title='bbox 2848 4612 3081 4668; x_wconf 87' lang='lat' dir='ltr'><strong>idoneus</strong></span> <span class='ocrx_word' id='word_1_785' title='bbox 3134 4612 3190 4667; x_wconf 90' lang='lat' dir='ltr'><strong>in</strong></span> <span class='ocrx_word' id='word_1_786' title='bbox 3240 4628 3349 4684; x_wconf 91' lang='lat' dir='ltr'><strong>quo</strong></span> <span class='ocrx_word' id='word_1_787' title='bbox 3410 4613 3684 4669; x_wconf 86' lang='lat' dir='ltr'><strong>habitaret</strong></span> 
     </span>
    </p>
   </div>
   <div class='ocr_carea' id='block_1_108' title="bbox 2114 4699 3680 4773">
    <p class='ocr_par' dir='ltr' id='par_1_108' title="bbox 2114 4699 3680 4773">
     <span class='ocr_line' id='line_1_108' title="bbox 2114 4699 3680 4773; baseline 0.002 -20"><span class='ocrx_word' id='word_1_788' title='bbox 2114 4699 2281 4767; x_wconf 89' lang='lat' dir='ltr'><strong>Deus,</strong></span> <span class='ocrx_word' id='word_1_789' title='bbox 2320 4716 2388 4757; x_wconf 91' lang='lat' dir='ltr'><strong>ac</strong></span> <span class='ocrx_word' id='word_1_790' title='bbox 2416 4701 2810 4770; x_wconf 89' lang='lat' dir='ltr'><strong>descenderet,</strong></span> <span class='ocrx_word' id='word_1_791' title='bbox 2857 4703 3073 4773; x_wconf 87' lang='lat' dir='ltr'><strong>sibique</strong></span> <span class='ocrx_word' id='word_1_792' title='bbox 3107 4703 3160 4758; x_wconf 91' lang='lat' dir='ltr'><strong>in</strong></span> <span class='ocrx_word' id='word_1_793' title='bbox 3198 4705 3378 4760; x_wconf 91' lang='lat' dir='ltr'><strong>velum</strong></span> <span class='ocrx_word' id='word_1_794' title='bbox 3410 4714 3680 4772; x_wconf 85' lang='lat' dir='ltr'><strong>sumeret,</strong></span> 
     </span>
    </p>
   </div>
   <div class='ocr_carea' id='block_1_109' title="bbox 2104 4799 3687 4877">
    <p class='ocr_par' dir='ltr' id='par_1_109' title="bbox 2104 4799 3687 4877">
     <span class='ocr_line' id='line_1_109' title="bbox 2104 4799 3687 4877; baseline 0.003 -31"><span class='ocrx_word' id='word_1_795' title='bbox 2104 4808 2203 4864; x_wconf 88' lang='lat' dir='ltr'><strong>pro</strong></span> <span class='ocrx_word' id='word_1_796' title='bbox 2231 4808 2293 4848; x_wconf 89' lang='lat' dir='ltr'><strong>ea</strong></span> <span class='ocrx_word' id='word_1_797' title='bbox 2323 4809 2429 4864; x_wconf 90' lang='lat' dir='ltr'><strong>qua</strong></span> <span class='ocrx_word' id='word_1_798' title='bbox 2456 4804 2683 4851; x_wconf 79' lang='lat' dir='ltr'><strong>caeteras</strong></span> <span class='ocrx_word' id='word_1_799' title='bbox 2704 4804 2968 4877; x_wconf 87' lang='lat' dir='ltr'><strong>quotquot</strong></span> <span class='ocrx_word' id='word_1_800' title='bbox 2993 4804 3122 4853; x_wconf 89' lang='lat' dir='ltr'><strong>sunt</strong></span> <span class='ocrx_word' id='word_1_801' title='bbox 3139 4807 3417 4854; x_wconf 84' lang='lat' dir='ltr'><strong>creaturas</strong></span> <span class='ocrx_word' id='word_1_802' title='bbox 3434 4799 3687 4853; x_wconf 79' lang='lat' dir='ltr'><strong>antecel-</strong></span> 
     </span>
    </p>
   </div>
   <div class='ocr_carea' id='block_1_110' title="bbox 2107 4880 3686 4957">
    <p class='ocr_par' dir='ltr' id='par_1_110' title="bbox 2107 4880 3686 4957">
     <span class='ocr_line' id='line_1_110' title="bbox 2107 4880 3686 4957; baseline 0.003 -20"><span class='ocrx_word' id='word_1_803' title='bbox 2107 4884 2166 4937; x_wconf 89' lang='lat' dir='ltr'><strong>lit</strong></span> <span class='ocrx_word' id='word_1_804' title='bbox 2203 4880 2464 4954; x_wconf 86' lang='lat' dir='ltr'><strong>puritate.</strong></span> <span class='ocrx_word' id='word_1_805' title='bbox 2508 4884 2666 4940; x_wconf 89' lang='lat' dir='ltr'><strong>Scias</strong></span> <span class='ocrx_word' id='word_1_806' title='bbox 2715 4885 2858 4940; x_wconf 89' lang='lat' dir='ltr'><strong>enim</strong></span> <span class='ocrx_word' id='word_1_807' title='bbox 2897 4900 3008 4940; x_wconf 88' lang='lat' dir='ltr'><strong>rem</strong></span> <span class='ocrx_word' id='word_1_808' title='bbox 3063 4897 3274 4941; x_wconf 79' lang='lat' dir='ltr'><strong>natura:</strong></span> <span class='ocrx_word' id='word_1_809' title='bbox 3327 4903 3475 4957; x_wconf 77' lang='lat' dir='ltr'><strong>purae</strong></span> <span class='ocrx_word' id='word_1_810' title='bbox 3532 4886 3686 4942; x_wconf 81' lang='lat' dir='ltr'><strong>haud</strong></span> 
     </span>
    </p>
   </div>
   <div class='ocr_carea' id='block_1_111' title="bbox 2104 4976 3688 5048">
    <p class='ocr_par' dir='ltr' id='par_1_111' title="bbox 2104 4976 3688 5048">
     <span class='ocr_line' id='line_1_111' title="bbox 2104 4976 3688 5048; baseline 0.004 -19"><span class='ocrx_word' id='word_1_811' title='bbox 2104 4976 2277 5042; x_wconf 89' lang='lat' dir='ltr'><strong>cerni,</strong></span> <span class='ocrx_word' id='word_1_812' title='bbox 2309 4976 2502 5032; x_wconf 82' lang='lat' dir='ltr'><strong>nisi&#39;in</strong></span> <span class='ocrx_word' id='word_1_813' title='bbox 2532 4993 2597 5033; x_wconf 90' lang='lat' dir='ltr'><strong>eo</strong></span> <span class='ocrx_word' id='word_1_814' title='bbox 2630 4978 2775 5048; x_wconf 91' lang='lat' dir='ltr'><strong>quod</strong></span> <span class='ocrx_word' id='word_1_815' title='bbox 2804 4978 2876 5034; x_wconf 83' lang='lat' dir='ltr'><strong>sit</strong></span> <span class='ocrx_word' id='word_1_816' title='bbox 2909 4989 3120 5035; x_wconf 71' lang='lat' dir='ltr'><strong>natura:</strong></span> <span class='ocrx_word' id='word_1_817' title='bbox 3151 4980 3464 5045; x_wconf 84' lang='lat' dir='ltr'><strong>crassioris;</strong></span> <span class='ocrx_word' id='word_1_818' title='bbox 3502 4995 3688 5047; x_wconf 85' lang='lat' dir='ltr'><strong>neque</strong></span> 
     </span>
    </p>
   </div>
   <div class='ocr_carea' id='block_1_112' title="bbox 2106 5068 3687 5143">
    <p class='ocr_par' dir='ltr' id='par_1_112' title="bbox 2106 5068 3687 5143">
     <span class='ocr_line' id='line_1_112' title="bbox 2106 5068 3687 5143; baseline 0.002 -22"><span class='ocrx_word' id='word_1_819' title='bbox 2106 5068 2258 5123; x_wconf 89' lang='lat' dir='ltr'><strong>cerni</strong></span> <span class='ocrx_word' id='word_1_820' title='bbox 2296 5083 2458 5138; x_wconf 88' lang='lat' dir='ltr'><strong>posse</strong></span> <span class='ocrx_word' id='word_1_821' title='bbox 2489 5070 2636 5138; x_wconf 87' lang='lat' dir='ltr'><strong>quod</strong></span> <span class='ocrx_word' id='word_1_822' title='bbox 2671 5070 2918 5125; x_wconf 89' lang='lat' dir='ltr'><strong>omnium</strong></span> <span class='ocrx_word' id='word_1_823' title='bbox 2947 5072 3184 5126; x_wconf 82' lang='lat' dir='ltr'><strong>maxime</strong></span> <span class='ocrx_word' id='word_1_824' title='bbox 3213 5087 3411 5143; x_wconf 91' lang='lat' dir='ltr'><strong>purum</strong></span> <span class='ocrx_word' id='word_1_825' title='bbox 3440 5081 3544 5137; x_wconf 88' lang='lat' dir='ltr'><strong>est,</strong></span> <span class='ocrx_word' id='word_1_826' title='bbox 3574 5070 3687 5124; x_wconf 66' lang='lat' dir='ltr'><strong>nisi</strong></span> 
     </span>
    </p>
   </div>
   <div class='ocr_carea' id='block_1_113' title="bbox 2105 5158 3687 5233">
    <p class='ocr_par' dir='ltr' id='par_1_113' title="bbox 2105 5158 3687 5233">
     <span class='ocr_line' id='line_1_113' title="bbox 2105 5158 3687 5233; baseline 0.001 -21"><span class='ocrx_word' id='word_1_827' title='bbox 2105 5174 2228 5212; x_wconf 91' lang='lat' dir='ltr'><strong>cum</strong></span> <span class='ocrx_word' id='word_1_828' title='bbox 2257 5173 2323 5213; x_wconf 89' lang='lat' dir='ltr'><strong>eo</strong></span> <span class='ocrx_word' id='word_1_829' title='bbox 2352 5158 2508 5228; x_wconf 81' lang='lat' dir='ltr'><strong>quod</strong></span> <span class='ocrx_word' id='word_1_830' title='bbox 2544 5159 2663 5230; x_wconf 88' lang='lat' dir='ltr'><strong>ipso</strong></span> <span class='ocrx_word' id='word_1_831' title='bbox 2699 5160 2946 5216; x_wconf 89' lang='lat' dir='ltr'><strong>crassius</strong></span> <span class='ocrx_word' id='word_1_832' title='bbox 2977 5161 3048 5216; x_wconf 91' lang='lat' dir='ltr'><strong>sit</strong></span> <span class='ocrx_word' id='word_1_833' title='bbox 3077 5159 3478 5233; x_wconf 84' lang='lat' dir='ltr'><strong>[conjunctum]</strong></span> <span class='ocrx_word' id='word_1_834' title='bbox 3507 5161 3560 5214; x_wconf 92' lang='lat' dir='ltr'><strong>in</strong></span> <span class='ocrx_word' id='word_1_835' title='bbox 3589 5174 3687 5222; x_wconf 86' lang='lat' dir='ltr'><strong>eo.</strong></span> 
     </span>
    </p>
   </div>
   <div class='ocr_carea' id='block_1_114' title="bbox 2105 5238 3687 5321">
    <p class='ocr_par' dir='ltr' id='par_1_114' title="bbox 2105 5238 3687 5321">
     <span class='ocr_line' id='line_1_114' title="bbox 2105 5238 3687 5321; baseline 0.001 -19"><span class='ocrx_word' id='word_1_836' title='bbox 2105 5253 2249 5321; x_wconf 89' lang='lat' dir='ltr'><strong>quod</strong></span> <span class='ocrx_word' id='word_1_837' title='bbox 2280 5258 2541 5321; x_wconf 84' lang='lat' dir='ltr'><strong>appareat</strong></span> <span class='ocrx_word' id='word_1_838' title='bbox 2558 5267 2589 5307; x_wconf 90' lang='lat' dir='ltr'><strong>e</strong></span> <span class='ocrx_word' id='word_1_839' title='bbox 2613 5238 2838 5307; x_wconf 84' lang='lat' dir='ltr'><strong>materia</strong></span> <span class='ocrx_word' id='word_1_840' title='bbox 2860 5253 3266 5319; x_wconf 87' lang='lat' dir='ltr'><strong>constantibus,</strong></span> <span class='ocrx_word' id='word_1_841' title='bbox 3289 5260 3497 5306; x_wconf 72' lang='lat' dir='ltr'><strong>natum</strong></span> <span class='ocrx_word' id='word_1_842' title='bbox 3524 5263 3687 5305; x_wconf 76' lang='lat' dir='ltr'><strong>cras-</strong></span> 
     </span>
    </p>
   </div>
   <div class='ocr_carea' id='block_1_115' title="bbox 2104 5342 3689 5416">
    <p class='ocr_par' dir='ltr' id='par_1_115' title="bbox 2104 5342 3689 5416">
     <span class='ocr_line' id='line_1_115' title="bbox 2104 5342 3689 5416; baseline -0.001 -17"><span class='ocrx_word' id='word_1_843' title='bbox 2104 5344 2287 5399; x_wconf 89' lang='lat' dir='ltr'><strong>sioris.</strong></span> <span class='ocrx_word' id='word_1_844' title='bbox 2320 5342 2631 5398; x_wconf 87' lang='lat' dir='ltr'><strong>Invenimus</strong></span> <span class='ocrx_word' id='word_1_845' title='bbox 2685 5353 2866 5399; x_wconf 79' lang='lat' dir='ltr'><strong>autem</strong></span> <span class='ocrx_word' id='word_1_846' title='bbox 2915 5346 3166 5416; x_wconf 89' lang='lat' dir='ltr'><strong>spiritum</strong></span> <span class='ocrx_word' id='word_1_847' title='bbox 3202 5342 3436 5399; x_wconf 90' lang='lat' dir='ltr'><strong>hominis</strong></span> <span class='ocrx_word' id='word_1_848' title='bbox 3471 5344 3689 5397; x_wconf 83' lang='lat' dir='ltr'><strong>intelle-</strong></span> 
     </span>
    </p>
   </div>
   <div class='ocr_carea' id='block_1_116' title="bbox 2106 5420 3682 5505">
    <p class='ocr_par' dir='ltr' id='par_1_116' title="bbox 2106 5420 3682 5505">
     <span class='ocr_line' id='line_1_116' title="bbox 2106 5420 3682 5505; baseline -0.002 -19"><span class='ocrx_word' id='word_1_849' title='bbox 2106 5435 2329 5498; x_wconf 89' lang='lat' dir='ltr'><strong>ctivum,</strong></span> <span class='ocrx_word' id='word_1_850' title='bbox 2362 5434 2682 5491; x_wconf 83' lang='lat' dir='ltr'><strong>rationalem</strong></span> <span class='ocrx_word' id='word_1_851' title='bbox 2705 5435 2816 5505; x_wconf 71' lang='lat'><strong>28</strong></span> <span class='ocrx_word' id='word_1_852' title='bbox 2847 5435 3120 5505; x_wconf 88' lang='lat' dir='ltr'><strong>puriorem</strong></span> <span class='ocrx_word' id='word_1_853' title='bbox 3158 5449 3279 5489; x_wconf 89' lang='lat' dir='ltr'><strong>esse</strong></span> <span class='ocrx_word' id='word_1_854' title='bbox 3308 5420 3373 5488; x_wconf 89' lang='lat' dir='ltr'><strong>eo</strong></span> <span class='ocrx_word' id='word_1_855' title='bbox 3402 5430 3547 5502; x_wconf 86' lang='lat' dir='ltr'><strong>quod</strong></span> <span class='ocrx_word' id='word_1_856' title='bbox 3578 5446 3682 5499; x_wconf 86' lang='lat' dir='ltr'><strong>pu-</strong></span> 
     </span>
    </p>
   </div>
   <div class='ocr_carea' id='block_1_117' title="bbox 2106 5524 3686 5592">
    <p class='ocr_par' dir='ltr' id='par_1_117' title="bbox 2106 5524 3686 5592">
     <span class='ocr_line' id='line_1_117' title="bbox 2106 5524 3686 5592; baseline -0.003 -11"><span class='ocrx_word' id='word_1_857' title='bbox 2106 5525 2388 5581; x_wconf 77' lang='lat' dir='ltr'><strong>rissimum</strong></span> <span class='ocrx_word' id='word_1_858' title='bbox 2414 5533 2497 5582; x_wconf 91' lang='lat' dir='ltr'><strong>est</strong></span> <span class='ocrx_word' id='word_1_859' title='bbox 2531 5526 2587 5580; x_wconf 90' lang='lat' dir='ltr'><strong>in</strong></span> <span class='ocrx_word' id='word_1_860' title='bbox 2625 5528 2840 5581; x_wconf 65' lang='lat' dir='ltr'><strong>caeteris</strong></span> <span class='ocrx_word' id='word_1_861' title='bbox 2870 5526 3161 5590; x_wconf 87' lang='lat' dir='ltr'><strong>creaturis,</strong></span> <span class='ocrx_word' id='word_1_862' title='bbox 3200 5524 3430 5592; x_wconf 85' lang='lat' dir='ltr'><strong>ideoque</strong></span> <span class='ocrx_word' id='word_1_863' title='bbox 3464 5536 3529 5576; x_wconf 86' lang='lat' dir='ltr'><strong>ex</strong></span> <span class='ocrx_word' id='word_1_864' title='bbox 3558 5537 3686 5577; x_wconf 79' lang='lat' dir='ltr'><strong>oin—</strong></span> 
     </span>
    </p>
   </div>
   <div class='ocr_carea' id='block_1_118' title="bbox 2106 5612 3691 5687">
    <p class='ocr_par' dir='ltr' id='par_1_118' title="bbox 2106 5612 3691 5687">
     <span class='ocr_line' id='line_1_118' title="bbox 2106 5612 3691 5687; baseline -0.003 -14"><span class='ocrx_word' id='word_1_865' title='bbox 2106 5619 2268 5675; x_wconf 88' lang='lat' dir='ltr'><strong>nibus</strong></span> <span class='ocrx_word' id='word_1_866' title='bbox 2299 5618 2389 5674; x_wconf 91' lang='lat' dir='ltr'><strong>Dei</strong></span> <span class='ocrx_word' id='word_1_867' title='bbox 2433 5618 2705 5674; x_wconf 86' lang='lat' dir='ltr'><strong>creaturis</strong></span> <span class='ocrx_word' id='word_1_868' title='bbox 2749 5618 2984 5672; x_wconf 84' lang='lat' dir='ltr'><strong>tuaxime</strong></span> <span class='ocrx_word' id='word_1_869' title='bbox 3032 5618 3265 5673; x_wconf 85' lang='lat' dir='ltr'><strong>idoneus</strong></span> <span class='ocrx_word' id='word_1_870' title='bbox 3301 5616 3401 5671; x_wconf 76' lang='lat' dir='ltr'><strong>fuit</strong></span> <span class='ocrx_word' id='word_1_871' title='bbox 3430 5614 3521 5687; x_wconf 88' lang='lat' dir='ltr'><strong>qui</strong></span> <span class='ocrx_word' id='word_1_872' title='bbox 3566 5612 3691 5669; x_wconf 89' lang='lat' dir='ltr'><strong>Deo</strong></span> 
     </span>
    </p>
   </div>
   <div class='ocr_carea' id='block_1_119' title="bbox 2106 5703 3690 5782">
    <p class='ocr_par' dir='ltr' id='par_1_119' title="bbox 2106 5703 3690 5782">
     <span class='ocr_line' id='line_1_119' title="bbox 2106 5703 3690 5782; baseline -0.005 -14"><span class='ocrx_word' id='word_1_873' title='bbox 2106 5711 2283 5768; x_wconf 76' lang='lat' dir='ltr'><strong>\‘clum</strong></span> <span class='ocrx_word' id='word_1_874' title='bbox 2320 5719 2485 5781; x_wconf 85' lang='lat' dir='ltr'><strong>esset,</strong></span> <span class='ocrx_word' id='word_1_875' title='bbox 2521 5710 2752 5782; x_wconf 82' lang='lat' dir='ltr'><strong>ideoque</strong></span> <span class='ocrx_word' id='word_1_876' title='bbox 2780 5708 2989 5768; x_wconf 77' lang='lat' dir='ltr'><strong>factum</strong></span> <span class='ocrx_word' id='word_1_877' title='bbox 3014 5717 3098 5768; x_wconf 90' lang='lat' dir='ltr'><strong>est</strong></span> <span class='ocrx_word' id='word_1_878' title='bbox 3127 5708 3204 5765; x_wconf 90' lang='lat' dir='ltr'><strong>illi</strong></span> <span class='ocrx_word' id='word_1_879' title='bbox 3240 5708 3441 5776; x_wconf 81' lang='lat' dir='ltr'><strong>velam;</strong></span> <span class='ocrx_word' id='word_1_880' title='bbox 3465 5703 3690 5777; x_wconf 79' lang='lat' dir='ltr'><strong>ipsique</strong></span> 
     </span>
    </p>
   </div>
  </div>
