4034 6214
367 299 503 365 1037

1811 296 2174 358 ANNALES.

3489 295 3625 362 1038

365 416 585 473 interim
614 414 817 480 anima,
851 413 904 469 in
940 414 1206 487 sanguine
1240 412 1422 470 sedem
1461 411 1688 475 habens,
1721 407 1898 463 velum
1920 413 2014 474 ;·Α
2044 407 2119 459 tia
2155 406 2514 463 humanitatis
2547 407 2862 478 coniunctio
2893 449 2906 471 ,
2950 407 3032 461 vel
3061 408 3352 464 translatio
3381 408 3464 463 vel
3502 411 3646 464 alter

366 519 424 564 ttt
452 519 504 563 et
532 522 730 576 corpus
782 520 1032 560 crassum
1063 545 1078 572 ,
1120 507 1298 561 velum
1333 500 1382 559 ei
1413 503 1556 574 quod
1597 502 1713 571 ipso
1748 499 1942 570 purius

367 603 437 656 sit
483 619 497 655 :
548 607 712 668 atque
765 599 869 652 hac
927 598 1140 651 ratione
1196 596 1493 666 assumpsit
1549 591 1786 646 Verbmn
1849 587 1940 643 Dei

367 706 563 747 creans
592 690 953 744 substantiam
987 688 1226 743 hominis
1261 687 1529 756 integram
1553 700 1675 739 cum
1713 695 1943 752 corpore

367 784 542 853 ipsius
572 791 624 836 et
658 782 948 849 sanguine,
971 781 1275 850 spirituque
1309 777 1642 833 intellectivo
1665 772 1942 843 rationali,

369 878 579 945 fuitque
615 873 851 929 Verbum
883 874 979 928 Dei
1013 888 1134 926 cum
1167 871 1526 926 subsistentia
1559 884 1693 932 sua,
1763 863 1946 920 subsi-

365 967 936 1025 stentiahumanitatis
967 965 1147 1027 istius,
1181 963 1338 1031 cujus
1364 961 1672 1016 substantia
1707 957 1945 1028 perfecta

367 1061 490 1120 fuit,
521 1075 586 1114 eo
624 1058 767 1126 quod
796 1057 1156 1112 subsistentia
1184 1053 1348 1110 Verbi
1395 1053 1489 1107 Dei
1525 1053 1696 1122 ipsam
1765 1047 1948 1103 subsi-

374 1165 518 1208 stere
544 1153 693 1206 fecit.
727 1149 911 1220 Neque
938 1149 1081 1203 enim
1117 1149 1232 1219 ipsa
1254 1154 1435 1202 creata
1459 1146 1581 1209 fuit,
1613 1143 1695 1197 vel
1723 1141 1948 1196 omnino

365 1244 668 1315 quidquam
711 1243 832 1307 fuit,
865 1242 970 1295 nisi
1017 1257 1112 1311 per
1163 1238 1575 1295 subsistentiam
1613 1233 1776 1289 Verbi
1807 1232 1944 1296 Dei,

368 1337 514 1406 quod
551 1338 722 1406 ipsam
768 1335 1009 1400 creavit,
1044 1343 1098 1387 et
1138 1332 1441 1386 subsistere
1493 1329 1619 1384 fecit
1658 1330 1724 1382 de
1775 1326 1947 1381 nihilo

370 1430 515 1499 quod
547 1429 600 1481 in
635 1436 787 1482 utero
817 1426 1064 1498 Virginis
1111 1435 1271 1480 antea
1320 1424 1682 1485 subsisteret,
1742 1429 1795 1475 et
1830 1421 1969 1488 sine.

376 1537 540 1576 causa
577 1519 758 1590 aliqua
799 1538 827 1573 a
857 1536 961 1590 qua
997 1521 1108 1589 ipsa
1145 1519 1475 1588 principium
1501 1523 1667 1580 esset,
1710 1515 1824 1567 sive
1864 1527 1949 1566 sc—

370 1613 516 1666 mine
547 1612 710 1677 virili,
740 1612 854 1666 sive
885 1611 1067 1680 aliquo
1101 1611 1356 1680 quopiam
1387 1651 1400 1674 ,
1436 1615 1660 1676 excepta
1693 1606 1948 1661 substan-

371 1706 445 1758 tia
477 1703 640 1757 Verbi
672 1703 911 1757 creantis
947 1719 1067 1772 qua:
1111 1718 1217 1755 una
1249 1709 1332 1756 est
1362 1717 1390 1755 e
1423 1700 1695 1754 Trinitatc
1726 1697 1945 1761 divina;

369 1810 532 1866 atque
561 1797 649 1850 illa
684 1795 1044 1850 subsistentia
1079 1810 1202 1848 cum
1248 1794 1567 1848 hominibus
1619 1799 1903 1844 numerata
1932 1832 1946 1857 ,

370 1901 424 1946 et
471 1902 595 1945 nota
637 1898 719 1944 est
756 1891 825 1944 ob
881 1905 999 1944 eam
1051 1889 1139 1943 cui
1182 1888 1472 1955 conjuncta
1523 1893 1627 1949 est,
1676 1898 1950 1954 quamque

370 1985 576 2036 ereavit
606 1985 765 2051 eique
800 1983 1052 2051 copulata
1091 1992 1196 2041 est,
1230 1979 1594 2035 substantiam
1627 1979 1947 2040 humanam,

372 2085 534 2143 atque
569 2075 682 2142 ipse
721 2073 933 2125 unitate
979 2071 1348 2125 subsistentia:
1385 2071 1549 2122 istius
1591 2068 1777 2132 unius,
1814 2069 1946 2120 sub-

373 2170 636 2222 sistentiae
665 2167 930 2238 (inquam)
963 2166 1120 2220 Verbi
1153 2166 1241 2217 Dei
1269 2164 1556 2224 creatoris,
1591 2179 1734 2216 untts
1767 2151 1852 2215 est
1893 2163 1947 2215 in

375 2261 643 2315 Trinitate
675 2261 978 2316 substantia
1011 2258 1315 2312 divinitatis
1348 2271 1494 2320 sure,
1534 2265 1587 2310 et
1624 2270 1766 2309 unus
1801 2255 1947 2307 inter

377 2356 624 2410 homines
660 2354 965 2409 substantia
1005 2351 1368 2406 humanitatis
1400 2365 1532 2412 sum,
1566 2365 1670 2402 non
1706 2345 1944 2416 29-31

373 2447 504 2514 duo,
537 2465 723 2503 verum
755 2464 896 2501 unus
923 2459 1045 2499 eum
1087 2443 1244 2496 Patre
1275 2452 1327 2495 et
1365 2441 1594 2509 Spiritu,
1635 2449 1796 2507 atque
1831 2439 1945 2506 ipse

374 2542 518 2597 idem
552 2557 693 2595 unus
737 2539 898 2594 simul
928 2552 1050 2592 cum
1103 2535 1440 2599 hominibus,
1477 2534 1953 2601 eomprehendens

376 2634 510 2687 duas
545 2631 883 2688 substantias
921 2630 1168 2683 diversas
1196 2669 1211 2693 ,
1261 2642 1289 2680 o
1345 2625 1647 2680 substantia
1707 2623 1953 2694 [nempe]

375 2726 680 2779 divinitatis
707 2733 951 2786 creante,
987 2729 1045 2774 et-
1071 2717 1376 2772 substantia
1415 2717 1772 2771 humanitatis
1803 2730 1957 2768 crea-

376 2825 454 2879 ta,
497 2817 549 2870 in
586 2816 792 2868 unitate
828 2814 1200 2868 subsistentia:
1223 2813 1404 2870 unius,
1441 2808 1812 2864 subsistentia:
1841 2806 1953 2877 [in-

376 2906 565 2978 quam]
604 2906 791 2969 Verbi,
823 2905 966 2974 quod
1001 2912 1084 2957 est
1110 2901 1282 2956 Filius
1313 2903 1530 2972 genitus
1573 2915 1600 2952 a
1634 2898 1792 2952 Patre
1830 2908 1958 2953 ante

377 3009 624 3068 tempora
653 3008 706 3051 et
740 2998 935 3051 szecula
978 2997 1180 3062 omnia,
1220 2996 1472 3062 idemque
1505 3000 1666 3046 natus
1698 3009 1761 3045 ex
1787 2991 1955 3044 Maria

2050 500 2212 560 ratio,
2243 498 2325 553 vel
2361 499 2592 555 mutatio
2626 501 2788 556 unius
2815 517 2845 555 e
2873 500 3088 555 duabus
3118 501 3443 556 substantiis
3473 518 3502 556 a
3531 518 3629 556 na-

2052 599 2173 644 tura
2203 605 2325 646 sua.
2362 589 2481 660 l‘g‘on
2504 600 2584 648 est
2609 602 2814 647 mutata
2861 602 3051 647 natura
3090 593 3299 657 divina,
3333 602 3389 647 ut
3415 594 3629 666 [cessa-

2054 692 2138 737 ret
2165 682 2311 755 esse]
2346 683 2554 749 divina,
2585 685 2825 739 creatrix
2850 723 2864 748 ,
2905 701 3077 755 neque
3109 685 3350 738 humana
3392 697 3450 738 ut
3484 688 3628 740 haud

2051 775 2286 844 amplius
2328 777 2400 831 sit
2449 775 2688 830 humana
2714 786 2898 830 creata
2935 793 2948 830 :
2983 786 3146 846 atque
3186 777 3287 831 hoc
3321 777 3630 832 istiusmodi

2051 875 2134 921 est
2174 866 2317 936 quod
2352 883 2460 922 non
2495 869 2789 922 absurdum
2832 869 3087 923 videatur
3129 869 3472 935 intelligenti.
3503 869 3625 924 Jam

2051 959 2304 1012 alteratio
2335 971 2388 1013 et
2417 963 2647 1014 mtttatio
2684 962 2994 1017 necessario
3028 961 3259 1030 requirit
3295 963 3628 1028 mistioaem,

2051 1063 2174 1103 cum
2207 1049 2371 1105 fuerit
2414 1067 2445 1107 e
2483 1051 2697 1108 duabus
2747 1057 2962 1110 naturis
2993 1071 3021 1109 e
3052 1059 3275 1112 materia
3314 1058 3630 1112 constanti-

2053 1144 2174 1207 bus,
2202 1147 2426 1208 crassis,
2459 1147 2635 1201 instar'
2669 1163 2824 1216 aqua:
2853 1158 2906 1203 et
2939 1151 3048 1205 vini
3080 1191 3095 1214 ,
3145 1151 3324 1206 mellis
3361 1160 3416 1205 et
3448 1152 3630 1216 aceti,

2052 1237 2168 1289 auri
2201 1246 2256 1290 et
2286 1240 2529 1307 argenti,
2561 1241 2686 1294 teris
2717 1249 2770 1295 et
2807 1242 3039 1311 plumbi,
3069 1252 3163 1297 aut
3204 1245 3290 1298 his
3321 1245 3582 1299 similium
3614 1265 3629 1311 ;

2053 1342 2173 1393 quae
2203 1329 2383 1381 omnia
2412 1333 2680 1386 emateria
2710 1343 2967 1388 constant
2990 1341 3042 1388 et
3067 1349 3253 1390 crassa
3284 1344 3431 1390 sunt.
3457 1335 3634 1391 Omne

2055 1429 2234 1473 autem
2272 1423 2551 1476 materiale
2578 1426 2719 1493 quod
2754 1441 2876 1479 cum
2903 1427 3011 1480 alio
3045 1429 3311 1483 materiali
3342 1430 3630 1494 miscetur,

2056 1512 2369 1567 necessario
2404 1513 2566 1568 infert
2589 1518 2939 1572 mutationem
2963 1534 3067 1588 qua
3087 1519 3231 1573 aliud
3253 1521 3445 1575 evadat
3470 1537 3634 1591 quam

2056 1612 2287 1672 utraque
2324 1606 2423 1660 ista
2463 1621 2494 1661 e
2533 1610 2763 1663 materia
2807 1612 3118 1665 censtantia
3173 1612 3324 1680 prius
3375 1612 3633 1678 fuerant,

2056 1709 2233 1762 neque
2258 1696 2517 1770 [maneat]
2547 1701 2730 1755 vinum
2758 1703 2969 1768 vinum,
3001 1719 3098 1758 nec
3123 1719 3262 1774 aqua
3291 1722 3455 1775 aqua,
3485 1715 3636 1776 post-

2055 1805 2214 1858 quam
2251 1793 2535 1847 commista
2578 1794 2798 1860 fuerint,
2830 1796 3077 1866 33-35
3103 1814 3278 1867 neque
3308 1815 3500 1852 aurum
3538 1815 3637 1852 an-

2055 1900 2198 1948 t'um,
2256 1900 2355 1939 nec
2404 1895 2686 1957 argentum
2738 1897 3062 1957 argentum,
3100 1906 3203 1945 nec
3260 1907 3333 1945 tes
3383 1907 3479 1956 ars,
3535 1907 3637 1945 nec

2056 1979 2336 2046 plumbum
2403 1979 2686 2046 plumbum
2717 2022 2730 2046 ,
2767 1992 2889 2050 post
2930 1982 3127 2036 factam
3171 1983 3506 2050 mistionem,
3541 1986 3636 2039 sed

2059 2078 2286 2141 utraque
2322 2072 2550 2126 alterata
2589 2073 2701 2128 sint
2741 2089 2769 2127 a
2807 2076 3116 2130 substantia
3149 2092 3246 2132 sua
3295 2087 3350 2131 et
3398 2093 3487 2133 res
3529 2078 3635 2131 alia

2054 2164 2269 2218 diversa
2311 2165 2587 2219 evaserint
2613 2205 2628 2229 ,
2657 2182 2776 2235 qum
2809 2176 2999 2222 neutra
3053 2172 3272 2237 penitus
3304 2185 3490 2223 earum
3523 2172 3593 2224 sit
3620 2213 3635 2234 ,

2055 2274 2157 2312 nec
2192 2259 2398 2313 utravis
2433 2261 2669 2327 ipsarum
2724 2260 2980 2314 immunis
3015 2255 3086 2315 sit
3119 2276 3148 2314 a
3181 2263 3552 2330 corruptione,
3583 2277 3641 2316 et

2058 2351 2386 2403 alteratione
2417 2350 2486 2403 ab
2537 2366 2602 2404 eo
2651 2365 2759 2418 quo
2791 2349 2964 2403 fuerat
3005 2361 3167 2404 statu.
3202 2351 3356 2417 Quod
3394 2356 3439 2406 si
3475 2355 3640 2408 fuerit

2059 2442 2241 2494 mistio
2279 2459 2308 2494 e
2338 2451 2527 2494 natura
2557 2442 2766 2504 subtili,
2807 2449 2861 2493 et
2894 2453 3086 2495 natura
3130 2458 3316 2497 crassa
3349 2485 3363 2509 ,
3396 2461 3506 2498 non
3555 2447 3637 2499 itt-

2059 2532 2161 2587 fert
2193 2534 2376 2586 mistio
2401 2523 2894 2588 istaalterationem
2927 2542 3023 2588 aut
3060 2539 3502 2599 conversionem,
3541 2554 3640 2592 ex-

2058 2623 2220 2690 empli
2268 2624 2439 2693 gratia
2477 2642 2490 2677 :
2525 2625 2581 2677 lu
2641 2625 2898 2680 mistione
2940 2627 3137 2680 anima:
3183 2637 3235 2680 et
3279 2629 3522 2698 corporis
3551 2627 3642 2700 [ex

2058 2715 2256 2783 quibus
2285 2715 2519 2788 constat]
2555 2720 2893 2784 homounus,
2924 2722 3108 2772 unitur
3139 2720 3366 2774 alterum
3402 2724 3556 2776 alteri
3583 2732 3641 2774 nt

2060 2821 2160 2859 nec
2193 2814 2426 2859 tnutetur
2455 2809 2535 2861 vel
2566 2809 2826 2863 alteretur
2860 2811 3042 2863 anima
3110 2826 3139 2864 a
3187 2813 3490 2866 substantia
3543 2829 3641 2866 sua

2062 2915 2126 2953 ne
2196 2900 2267 2953 sit
2348 2901 2529 2954 anima
2613 2917 2731 2970 qua:
2790 2903 3093 2958 actionibus
3165 2905 3309 2959 suis
3351 2905 3645 2974 dignosca-

2063 3001 2168 3054 tur,
2207 3007 2379 3062 neque
2409 3009 2608 3064 corpus
2643 3010 2672 3048 a
2703 3005 2846 3049 statu
2883 3007 2936 3051 ct
2972 2975 3283 3052 actionibus
3319 3000 3432 3054 suis
3466 3009 3642 3055 mnte-

379 3085 604 3154 Virgine
635 3087 688 3140 in
724 3086 829 3140 fine
861 3085 1140 3154 temporis,
1175 3084 1244 3138 ita
1274 3093 1331 3137 ut
1369 3100 1474 3138 non
1504 3093 1847 3152 separaretur
1874 3082 1954 3136 vel
1984 3119 2026 3177 Ο
2066 3095 2149 3138 tttr
2174 3095 2226 3140 et
2250 3086 2528 3152 alteretur;
2559 3097 2652 3140 aut
2681 3074 3142 3156 quemadmodum
3174 3091 3260 3144 ubi
3292 3092 3476 3145 unitur
3498 3093 3641 3162 ignis

377 3195 412 3234 a
436 3178 617 3242 Patre,
650 3177 734 3231 vel
771 3194 825 3230 a~
844 3177 1047 3246 Spiritu
1085 3185 1296 3230 sancto.

449 3274 649 3329 Verum
682 3273 822 3328 sicut
846 3274 1028 3326 radius
1049 3271 1246 3326 solaris
1270 3270 1359 3340 qui
1394 3270 1610 3340 genitus
1641 3279 1718 3323 est
1745 3269 1812 3323 ab
1837 3270 1956 3338 ipso

381 3370 517 3434 sole,
549 3369 709 3438 cujus
745 3368 834 3422 lux
869 3376 1038 3421 totout
1082 3363 1217 3420 illttd
1251 3366 1394 3418 ittter
1428 3364 1628 3418 uelum
1669 3372 1722 3417 et
1751 3373 1950 3417 terram

380 3462 663 3538 [spatium]
689 3461 904 3515 lumine
947 3460 1175 3529 implet,
1208 3456 1545 3525 conspicitur
1578 3457 1630 3509 in
1659 3455 1822 3510 domo
1858 3455 1958 3509 ali-

385 3572 514 3625 qua,
547 3563 708 3624 atque
740 3555 797 3606 in
841 3553 959 3621 ipsa
989 3566 1116 3606 vere
1143 3557 1228 3604 est
1259 3551 1381 3603 luce
1414 3555 1468 3601 et
1497 3549 1676 3601 calore
1719 3561 1843 3609 suo,
1880 3547 1956 3599 ita

382 3657 562 3701 tamen
605 3657 662 3698 ut
692 3659 882 3698 revera
919 3643 1138 3696 minime
1171 3647 1454 3710 separetur
1486 3653 1515 3691 a
1549 3639 1697 3692 fonte
1735 3653 1841 3706 quo
1867 3653 1959 3704 ge-

385 3742 531 3794 nitus
560 3747 662 3803 est,
695 3752 818 3790 cum
851 3750 951 3790 nec
986 3735 1054 3788 ab
1085 3734 1257 3803 ipsius
1283 3746 1512 3798 corpore
1544 3746 1644 3785 nec
1689 3731 1809 3784 luce
1857 3731 1955 3785 ab-

382 3832 681 3891 scindatur,
720 3829 793 3882 ita
834 3827 999 3881 etiam
1032 3824 1294 3878 habitavit
1325 3821 1494 3877 Filius
1532 3821 1628 3874 Dei
1672 3820 1725 3873 in
1761 3821 1956 3873 huma-

382 3925 572 3986 nitate,
604 3923 675 3975 ita
717 3930 774 3976 ut
816 3920 1038 3973 minime
1072 3933 1101 3972 a
1131 3918 1295 3969 Patre
1324 3925 1674 3984 separaretur
1698 3953 1713 3975 ,
1747 3911 1959 3981 fuitque

385 4017 438 4069 in
473 4014 815 4068 humanitate
855 4027 1000 4078 vere,
1055 4009 1309 4077 idemque
1354 4021 1481 4060 vere
1528 4022 1649 4060 cum
1693 4005 1854 4059 Patre
1907 4012 1962 4058 et

386 4107 590 4175 Spiritu
642 4116 855 4158 sancto.
901 4103 979 4156 Ac
1036 4102 1180 4154 sicut
1225 4097 1448 4152 verbum
1487 4096 1728 4150 hominis
1762 4096 1854 4166 qui
1892 4095 1958 4147 ab

387 4198 666 4252 intellectu
701 4196 873 4264 ipsius
905 4192 1146 4263 gignitur
1179 4191 1386 4245 chartae
1418 4189 1762 4252 inscribitur,
1795 4188 1962 4240 adeo-

387 4305 492 4358 que
524 4299 700 4343 totum
734 4303 859 4340 vere
898 4295 981 4339 est
1008 4285 1061 4338 in
1101 4284 1292 4338 charta
1322 4283 1397 4335 ita
1428 4290 1486 4335 ttt
1521 4281 1738 4334 interim
1768 4280 1836 4333 ab
1879 4280 1962 4332 in-

388 4382 608 4434 tellectu
635 4395 662 4431 a
689 4396 795 4450 quo
819 4379 1058 4448 genitum
1085 4386 1169 4431 est
1199 4375 1620 4446 haudquaquam
1655 4381 1961 4445 separetur,

2069 3194 2187 3232 cum
2219 3179 2362 3234 ferro
2395 3179 2676 3249 ipsamque
2703 3181 3004 3236 subtilitate
3027 3198 3121 3236 sua
3153 3195 3415 3253 penetrat.
3450 3187 3645 3239 simul-

2067 3285 2171 3338 que
2208 3270 2503 3339 conjuncta
2538 3287 2642 3324 una
2674 3271 2809 3326 fiunt
2838 3288 3032 3340 pruna,
3061 3275 3132 3326 ita
3167 3283 3222 3327 ut
3257 3289 3354 3328 nec
3381 3276 3644 3331 alteretur

2068 3361 2207 3430 ignis
2245 3364 2326 3416 vel
2365 3373 2601 3417 mutetur
2630 3379 2660 3417 a
2693 3364 3000 3418 substantia
3036 3381 3136 3419 sua
3178 3383 3251 3421 ne
3269 3368 3340 3421 sit
3389 3367 3530 3438 ignis
3563 3369 3647 3422 Iu-

2067 3470 2216 3518 cens,
2256 3469 2458 3519 urens;
2497 3471 2670 3524 neque
2699 3456 2960 3510 alteretur
3006 3457 3211 3511 ferrmn
3243 3469 3338 3512 aut
3373 3470 3640 3523 tnutetur,

2069 3563 2137 3600 ne
2171 3547 2244 3602 sit
2277 3547 2476 3600 ferrum
2525 3547 2875 3600 materiatum
2927 3549 3074 3618 quod
3122 3551 3369 3605 vulneret
3406 3561 3460 3607 et
3492 3555 3644 3608 scin-

2069 3641 2162 3693 dat
2199 3656 2212 3692 :
2252 3640 2441 3694 eodem
2475 3639 2634 3694 modo
2683 3639 2743 3692 fit
2789 3641 2841 3694 in
2875 3642 3025 3695 omni
3077 3643 3304 3697 mistura
3335 3659 3453 3714 quae
3487 3660 3647 3700 corn-

2070 3733 2246 3802 posita
2279 3742 2362 3785 est
2399 3747 2430 3786 e
2459 3731 2624 3786 rebus
2652 3733 2861 3788 duabus
2896 3734 3150 3799 diversis,
3187 3751 3420 3804 quarum
3477 3741 3647 3793 altera

2072 3827 2139 3879 sit
2169 3823 2469 3893 spiritualis
2495 3860 2510 3885 ,
2540 3823 2778 3884 subtilis,
2808 3825 2978 3877 altera
3007 3827 3309 3882 materialis
3340 3841 3394 3883 et
3421 3845 3604 3884 crassa
3629 3848 3644 3896 ;

2072 3915 2238 3969 veluti
2275 3915 2455 3968 anima
2509 3923 2562 3967 et
2609 3929 2840 3983 corpus;
2880 3915 3020 3983 ignis
3073 3927 3127 3969 et
3173 3917 3416 3986 ferrum;
3465 3922 3547 3976 vel
3593 3933 3651 3976 ut

2071 4011 2174 4072 sol,
2206 4008 2297 4077 qui
2327 4023 2384 4062 se
2417 4006 2689 4060 immiscet
2721 4022 2895 4075 aquaa,
2929 4009 3063 4072 luto,
3111 4010 3373 4079 omnique
3402 4015 3650 4068 materia:

2072 4101 2342 4163 humidae,
2380 4108 2434 4152 et
2465 4099 2663 4169 putida:
2688 4137 2702 4163 ,
2738 4115 2910 4169 neque
2952 4110 3192 4155 mutatur
3215 4105 3298 4157 vel
3328 4105 3589 4160 alteratur
3618 4121 3650 4160 a

2072 4195 2193 4248 luce
2228 4192 2493 4246 munditie
2524 4201 2578 4245 et
2610 4191 2843 4261 puritate
2885 4207 2980 4245 sua
3004 4232 3018 4257 ,
3061 4192 3190 4247 licet
3218 4211 3341 4248 eum
3391 4197 3538 4250 omni
3593 4214 3652 4253 re

2074 4287 2250 4355 nigra,
2286 4296 2338 4339 et
2378 4283 2599 4339 sordida
2631 4283 2741 4354 36
2773 4284 2979 4352 [ηιῑὶάει.
3011 4294 3065 4338 et
3099 4286 3379 4340 immunda
3412 4290 3650 4344 miscea-

2079 4389 2202 4440 tttr;
2235 4375 2359 4444 quia
2397 4390 2502 4429 non
2535 4375 2593 4428 fit
2633 4390 2870 4443 unquam
2909 4375 3135 4431 mistura
3172 4371 3275 4432 nisi
3322 4381 3497 4435 tribus
3529 4398 3652 4436 mo-

393 4488 566 4542 neque
605 4473 674 4527 ab
702 4487 767 4525 eo
817 4479 1102 4540 separetur
1153 4469 1464 4524 intellectus
1505 4483 1534 4521 a
1567 4483 1675 4537 quo
1723 4467 1965 4538 genitum
2006 4480 2050 4534 ι)
2079 4469 2184 4534 dis,
2226 4484 2456 4538 quorum
2493 4483 2632 4523 unus
2663 4477 2750 4523 est
2787 4483 2907 4523 cum
2958 4468 3258 4523 miscentur
3289 4472 3408 4526 dure
3445 4483 3653 4530 natura:

395 4571 500 4624 est,
531 4564 789 4631 quoniam
842 4563 1150 4615 intellectus
1186 4577 1280 4630 per
1326 4561 1549 4615 verbum
1604 4559 1967 4630 dignoSeitur,

392 4663 522 4707 cum‘
551 4655 598 4707 ei
631 4654 785 4719 insit,
818 4665 983 4722 atque
1015 4652 1238 4706 verbum
1275 4660 1449 4705 totum
1489 4651 1558 4704 sit
1596 4651 1650 4704 in
1683 4651 1965 4705 intellectu

395 4745 486 4812 qui
517 4745 689 4813 ipsum
723 4745 930 4812 genuit,
967 4751 1248 4810 totumque
1280 4741 1333 4795 in
1369 4742 1573 4810 διείρεο,
1603 4756 1664 4793 ac
1694 4750 1864 4795 totum
1915 4741 1968 4793 in

392 4834 585 4886 c‘harta
616 4836 704 4887 etii
742 4831 850 4901 32
880 4831 1094 4885 unitum
1129 4840 1213 4885 est
1250 4847 1263 4882 :
1312 4831 1564 4884 similiter
1594 4826 1832 4883 Verbum
1874 4827 1967 4882 Dei

395 4936 564 4980 totum
595 4935 680 4980 est
713 4926 766 4978 in
793 4925 952 4979 Patre
983 4941 1012 4976 :t
1037 4939 1144 4992 quo
1175 4925 1417 4992 genitum
1451 4930 1529 4975 est
1561 4964 1575 4988 ,
1609 4930 1663 4975 et
1704 4930 1878 4976 totum
1917 4923 1971 4976 in

394 5019 596 5085 seipso,
627 5024 910 5086 totumque
943 5017 996 5069 in
1030 5016 1234 5084 Spiritu
1265 5054 1278 5078 ,
1304 5029 1369 5069 ac
1413 5022 1593 5068 totum
1624 5013 1674 5066 in
1714 5013 1971 5067 humani-

395 5122 532 5176 tate,
565 5110 619 5163 in
659 5126 766 5179 qua
818 5109 1059 5170 resedit,
1091 5109 1290 5175 cuique
1323 5107 1531 5159 unitum
1567 5113 1671 5160 est.
1707 5105 1973 5169 Quamvis

393 5191 746 5256 enim'omnis
781 5200 1084 5255 similitudo
1116 5207 1299 5251 creata
1341 5199 1498 5266 longe
1545 5197 1688 5251 absit
1725 5198 1792 5251 ab
1823 5212 1887 5251 eo
1918 5211 1976 5252 ut

394 5300 701 5348 creatorem
733 5291 956 5352 referat.
987 5305 1094 5344 non
1123 5291 1285 5344 desiit
1309 5298 1494 5342 tamen
1533 5289 1674 5344 Deus
1715 5289 1975 5343 similitu-

392 5388 548 5441 dllleS
600 5385 774 5440 servis
801 5387 912 5438 suis
940 5385 992 5437 in
1029 5384 1284 5436 omnibus
1310 5382 1464 5435 libris
1493 5383 1608 5436 suis
1641 5395 1970 5452 proponere,

398 5480 550 5532 ut'ea
581 5494 703 5546 qua:
735 5492 840 5531 non
875 5489 1105 5530 cernunt
1151 5491 1217 5529 ex
1253 5476 1320 5528 iis
1355 5491 1477 5542 qua:
1512 5485 1746 5530 cernunt
1776 5475 1976 5529 intelli-

394 5581 607 5638 gerent,
645 5585 822 5638 eaque
849 5585 969 5639 qua:
1001 5569 1132 5636 ipsis
1165 5583 1274 5620 non
1308 5576 1434 5620 sunt
1467 5567 1778 5630 manifesta,
1813 5582 1876 5619 ex
1907 5567 1974 5620 iis

395 5677 515 5730 (tua;
553 5661 840 5714 manifesta
876 5670 1000 5715 sunt
1043 5661 1449 5731 dignoscerent.
1502 5650 1620 5713 Non
1664 5669 1750 5714 est
1794 5671 1974 5713 autem

394 5755 659 5811 habitatio
688 5753 850 5811 Verbi
882 5754 973 5812 Dei
1003 5755 1288 5823 creatoris,
1317 5755 1546 5826 ejusque
1569 5769 1690 5810 cum
1719 5754 1975 5811 substan-

2076 4563 2418 4624 materiales,
2449 4577 2572 4632 quae
2614 4570 2891 4615 mut-antur
2920 4570 2973 4615 et
3000 4575 3468 4632 corrumpuntur;
3501 4576 3558 4620 ιιι
3595 4569 3648 4621 in

2078 4657 2302 4706 mistura
2328 4668 2483 4721 aqua:
2516 4664 2569 4707 et
2601 4654 2711 4706 vini
2743 4694 2757 4716 ,
2788 4654 2927 4707 aceti
2965 4665 3019 4708 et
3071 4655 3248 4710 mellis
3273 4659 3437 4719 ;.auri
3477 4669 3532 4711 et
3565 4675 3656 4711 ar-

2074 4744 2260 4811 genti;
2292 4743 2416 4797 aeris
2446 4752 2497 4797 et
2530 4743 2770 4813 plumbi;
2813 4743 2895 4797 lite
2953 4743 3098 4798 enim
3157 4761 3371 4804 omnes.
3423 4763 3547 4802 cum
3602 4753 3652 4802 id

2078 4848 2250 4901 genus
2291 4834 2437 4897 aliis,
2471 4834 2723 4888 alteratio
2762 4843 2890 4888 sunt
2918 4847 2972 4888 et
2997 4837 3310 4905 corruptio;
3347 4840 3471 4907 quia
3511 4847 3653 4908 quod

2077 4943 2142 4982 ex
2184 4926 2310 4979 vino
2339 4934 2393 4980 et
2427 4941 2564 4994 aqua
2614 4931 2837 4980 mistum
2889 4939 2996 4988 ρει,
3053 4943 3149 4982 nec
3203 4932 3387 4982 vinum
3437 4941 3520 4984 est
3557 4948 3656 4984 nec

2079 5034 2241 5088 aqua,
2269 5019 2414 5088 quod
2448 5027 2734 5086 utrumque
2758 5033 2948 5073 eorum
2982 5035 3011 5073 a
3042 5031 3236 5075 natura
3259 5039 3354 5075 sua
3389 5031 3652 5075 mutatum

2083 5110 2175 5174 sit,
2204 5125 2266 5163 ac
2294 5109 2607 5163 commistio
2635 5108 2880 5176 ipsorum
2915 5108 3059 5164 facta
3091 5112 3162 5165 sit
3187 5127 3312 5165 ettm
3344 5099 3651 5178 corruptio-

2080 5217 2148 5255 ne
2187 5201 2428 5270 ipsorum
2465 5209 2518 5252 et
2565 5202 2865 5255 mutatione
2909 5218 2937 5254 a
2987 5212 3132 5256 statu
3183 5218 3327 5256 suo:
3363 5211 3524 5271 atque
3580 5203 3654 5256 ita

2084 5296 2223 5362 quod
2250 5293 2472 5346 mistutn
2502 5299 2589 5348 est
2617 5308 2684 5346 ex
2717 5302 2870 5348 aceto
2905 5304 2956 5347 et
2989 5295 3168 5356 melle,
3207 5295 3406 5346 factum
3439 5305 3520 5348 est
3558 5310 3652 5350 ne-

2080 5400 2184 5452 que
2215 5393 2428 5437 acetum
2459 5421 2474 5446 ,
2502 5398 2682 5451 neque
2713 5385 2839 5454 mel,
2883 5384 3025 5450 quod
3067 5395 3357 5450 utrumque
3393 5401 3580 5438 eorum
3622 5404 3651 5441 a

2080 5484 2224 5530 stato
2262 5490 2362 5528 suo
2402 5483 2666 5528 mutatum
2709 5476 2780 5528 sit
2817 5494 2828 5528 :
2864 5477 2935 5527 ita
2983 5481 3036 5528 et
3088 5476 3141 5528 in
3177 5477 3406 5530 mistura
3438 5480 3555 5532 auri
3601 5491 3653 5534 et

2081 5568 2335 5637 argenti,
2385 5567 2589 5637 plutnbi
2645 5576 2698 5620 et
2756 5567 2913 5630 teris,
2983 5569 3124 5620 haud
3202 5584 3396 5637 purum
3473 5581 3654 5627 manet

2083 5659 2400 5715 utrumlibet
2426 5675 2637 5712 eorum.
2675 5661 2848 5726 Atque
2885 5660 2970 5714 hic
3008 5677 3149 5716 unus
3176 5674 3310 5718 este
3345 5665 3518 5718 tribus
3550 5665 3654 5719 mi-

2081 5752 2286 5810 stionis
2319 5750 2516 5818 modis.
2545 5749 2831 5809 Secundus
2860 5761 2944 5809 est
2976 5755 3158 5812 utistio
3189 5773 3308 5828 qua:
3339 5757 3396 5812 fit
3422 5755 3652 5814 seorsitn
