4034 6214
423 241 582 308 ῖ1ϋ3.)

1460 249 1843 311 ἘΠἸῪΟΗΙΙ
1874 245 2414 309 ALEXANDRINI
2450 249 2674 315 PATR.

3571 251 3703 313 1040

441 354 788 412 tumentibus
822 356 1035 413 duabus
1069 360 1278 415 naturis
1312 361 1701 425 materialibus,
1735 361 1898 431 itaut
1922 376 2015 414 ea-
2042 358 2089 419 Α
2119 356 2407 421 Christus,
2453 362 2563 414 duo
2608 358 2853 423 Christi,
2901 356 3189 431 [quorum]
3239 374 3382 414 unus
3425 371 3621 415 natura
3653 375 3699 415 et

412 462 554 501 Irum
609 448 965 504 subsistentia
1005 450 1381 521 dignoscatur.
1435 450 1492 505 lu
1551 451 1859 507 istiusmodi
1908 452 2014 504 mi-

436 549 585 593 stura
619 550 849 609 utraque
889 540 1121 596 duarum
1151 553 1471 600 naturarum
1506 544 1577 597 ab
1605 545 1777 599 altera
1814 544 2013 598 distin-

434 635 622 698 gnitur
648 635 1006 691 subsistentia
1051 652 1171 702 sua,
1205 648 1258 691 et
1307 637 1521 691 ratione
1564 652 1698 703 sua;
1729 647 1894 706 atque
1941 638 2013 691 ita

432 742 490 778 se
534 726 697 780 habet
724 737 779 780 ut
825 730 1006 783 oleum
1034 738 1090 783 et
1122 744 1261 799 aqua
1297 730 1349 783 in
1382 730 1573 784 eadem
1606 732 1877 801 lampade,
1919 741 2015 785 aut

430 818 600 893 liut'ttn
633 826 685 872 et
723 820 960 874 sericum
990 820 1042 874 in
1070 823 1255 876 eadem
1282 831 1452 885 veste,
1485 830 1669 890 utpote
1699 838 1819 894 qum
1844 838 1875 876 e
1901 822 2013 877 lino

430 922 707 979 contexta,
743 917 923 968 serico
958 915 1146 970 striata
1177 918 1286 979 sit;
1322 925 1414 969 aut
1444 917 1619 970 instar
1640 925 1831 970 statum
1850 932 2013 969 antea:

430 1004 517 1057 cui
555 1017 720 1076 eaput
758 1009 831 1063 sit
865 1025 1114 1075 aureum,
1145 1011 1485 1080 aliorumque
1510 1009 1817 1078 ejusmodi;
1844 1025 2009 1080 quam

432 1117 537 1153 non
574 1103 727 1155 decet
756 1102 1033 1170 appellare
1061 1106 1345 1157 misturam
1374 1144 1389 1167 ,
1425 1117 1548 1156 cum
1583 1102 1859 1156 distinctae
1895 1118 2011 1155 ma-

428 1200 599 1243 neant
631 1194 750 1245 duae
799 1200 1004 1247 naturae
1048 1202 1101 1248 et
1154 1194 1547 1259 consistentiaa,
1580 1193 1824 1264 37-39
1868 1194 2011 1248 sicut

428 1300 539 1337 non
573 1294 788 1354 oportet
822 1295 878 1339 ut
909 1288 981 1340 sit
1029 1286 1170 1341 inter
1221 1301 1419 1356 aquam
1478 1297 1532 1341 et
1576 1292 1898 1356 amphoram
1956 1286 2007 1338 in

428 1391 538 1445 qua
574 1388 677 1439 est,
710 1379 930 1442 mistio;
963 1394 1088 1433 cum
1122 1387 1320 1433 natura
1350 1378 1497 1433 vasis
1530 1379 1677 1432 illius
1706 1380 1801 1440 sit,
1834 1388 2004 1443 testa;

428 1469 770 1535 constitutio,
826 1468 994 1541 [quod
1039 1469 1132 1541 sit]
1166 1470 1464 1539 amphora;
1513 1469 1648 1523 adeo
1701 1478 1757 1522 ut
1796 1484 1901 1522 non
1936 1469 2009 1522 sit

429 1562 571 1615 inter
608 1577 723 1615 eam
760 1573 813 1617 et
843 1578 1039 1633 aquam
1074 1564 1257 1617 mistio
1282 1603 1295 1627 ,
1322 1564 1415 1619 sed
1444 1569 1647 1631 quanta
1682 1560 1794 1613 fieri
1828 1566 2007 1630 potest

428 1657 666 1710 maxima
697 1656 1092 1728 discrepantia.
1132 1660 1210 1713 Ita
1251 1668 1305 1713 et
1341 1672 1481 1727 aqua
1514 1637 1574 1711 et.
1618 1658 1798 1712 oleum
1827 1697 1841 1721 ,
1896 1657 2001 1712 nisi

2118 451 2481 506 subsistentia
2511 467 2611 507 sua
2651 451 2869 507 divinus
2905 461 3073 518 esset,
3119 453 3301 506 instar
3341 452 3413 507 fili
3456 455 3607 508 aurei
3651 457 3699 507 io

2118 552 2313 615 torque
2372 544 2643 615 plicatili,
2707 557 2802 599 aut
2847 547 3021 616 partis
3067 546 3357 601 exterioris
3410 547 3603 601 serica:
3649 547 3697 600 itt

2116 647 2265 692 veste
2310 638 2554 707 duplici;
2593 641 2730 695 alter
2769 642 3078 705 humanus,
3126 642 3300 695 instar
3345 639 3419 694 fili
3460 642 3596 694 aenei
3648 641 3696 693 in

2116 719 2473 796 torque,‘vel
2520 734 2692 799 partis
2738 730 2982 803 41-43
3029 730 3310 786 interioris
3357 747 3386 786 e
3444 732 3699 801 gossypio

2115 821 2169 873 in
2216 831 2390 875 veste.
2442 821 2805 893 Summopere
2854 834 3038 879 autem
3088 824 3398 878 mirandum
3424 804 3516 878 est
3559 838 3694 893 quo-

2116 912 2281 966 modo
2336 928 2446 967 non
2506 916 2811 986 percipiant
2860 916 3151 986 utriusque
3212 918 3430 987 generis
3478 916 3689 971 dissen-

2116 999 2317 1055 tientes
2346 1016 2410 1057 ac
2441 1002 2844 1074 discrepantes,
2876 1021 3059 1075 neque
3098 1007 3405 1076 intelligant
3437 1021 3562 1061 esse
3588 1009 3690 1061 duo

2113 1092 2217 1145 ista
2242 1093 2514 1150 mistionis
2538 1094 2786 1169 [genera]
2826 1098 3087 1153 misturas
3120 1100 3364 1153 materia:
3393 1116 3684 1170 corporeae.

2112 1199 2354 1253 crassae;
2388 1189 2476 1242 cui
2509 1190 2648 1243 nihil
2679 1192 2841 1246 inest-
2857 1192 3150 1261 spiritalis,
3183 1193 3426 1261 subtilis,
3488 1197 3684 1260 tenuis;

2111 1281 2358 1350 adeoque
2392 1298 2500 1336 non
2532 1299 2694 1352 posse
2727 1287 3013 1341 materiam
3048 1302 3295 1342 crassam
3322 1328 3339 1355 ,
3374 1290 3509 1343 duos
3558 1291 3686 1345 istos

2111 1374 2385 1428 mistionis
2434 1375 2628 1431 modos
2662 1378 2874 1433 vitare:
2928 1379 2977 1434 si
3013 1379 3157 1433 enim
3197 1380 3357 1434 mista
3390 1379 3552 1434 fuerit
3592 1382 3687 1433 mi-

2111 1455 2289 1519 stione
2322 1460 2828 1534 quae'coalitionem
2864 1484 2929 1525 ac
2978 1470 3439 1538 compositionem
3477 1466 3682 1541 [infert]

2109 1557 2175 1611 ad
2210 1560 2567 1614 mutationem
2596 1568 2649 1615 et
2676 1561 3088 1631 corruptionem
3118 1562 3320 1633 vergit;
3366 1561 3451 1616 sin
3502 1566 3681 1617 eodem

2109 1664 2217 1718 quo
2246 1650 2583 1706 fueratstatu
2612 1662 2954 1723 permaneat,
2986 1655 3479 1723 neque-coalescit,
3512 1670 3682 1723 neque

424 1764 522 1803 vas,
555 1751 820 1819 lampadis
848 1751 901 1804 in
937 1768 1046 1822 (ιυο
1092 1762 1221 1807 sum,
1267 1768 1329 1807 ea
1364 1750 1759 1823 conjungeret,
1802 1768 2005 1823 nequa-
2036 1723 2078 1777 Β
2108 1750 2599 1814 contemperantur
2647 1756 2832 1816 partes
2884 1746 3095 1815 ipsius,
3149 1745 3391 1815 adeoque
3436 1762 3543 1800 non
3583 1748 3682 1799 alia

424 1857 590 1909 quam
642 1844 967 1912 unirentur;
1006 1856 1062 1898 at
1105 1862 1212 1900 non
1265 1854 1348 1901 est
1393 1844 1808 1917 [communitas]
1858 1848 2005 1903 vasis

426 1933 568 1985 inter
604 1949 665 1986 ea
699 1934 885 1988 mistio
921 1934 1269 2008 [censenda.]
1320 1936 1586 1992 Similiter
1624 1953 1725 1993 nec
1764 1938 1907 1994 inter
1938 1940 2004 1993 li-

423 2037 549 2075 nunt
596 2033 648 2077 et
690 2026 925 2078 sericum
958 2027 1181 2080 mistura
1211 2036 1315 2094 est,
1348 2043 1471 2081 cum
1504 2045 1607 2083 non
1643 2031 1874 2085 invicem
1909 2031 2004 2085 ad-

420 2116 686 2179 haereant,
716 2118 931 2171 etiamsi
961 2118 1014 2171 in
1042 2119 1234 2173 eadem
1270 2121 1379 2175 sint
1405 2128 1596 2187 veste;
1628 2138 1726 2177 nec
1756 2125 1897 2178 inter
1925 2138 2001 2179 res

424 2216 481 2261 et
522 2221 721 2261 aurum
776 2210 865 2263 ubi
917 2210 1152 2265 conflata
1206 2227 1312 2266 non
1369 2212 1591 2276 fuerint,
1646 2214 1997 2280 commistio,

420 2302 634 2355 etiamsi
666 2316 727 2355 ea
764 2302 1061 2383 conjungat
1121 2321 1227 2359 una
1277 2314 1478 2362 Statua.
1527 2306 1620 2361 lla:
1654 2315 1834 2363 autem
1893 2309 1999 2361 nti-

418 2407 585 2450 stura:
647 2413 928 2466 nunquam
1000 2406 1133 2452 sunt
1202 2397 1302 2451 nisi
1352 2414 1383 2453 e
1436 2401 1664 2455 materia
1733 2415 1995 2471 corporea

415 2502 604 2542 crassa
641 2503 654 2540 :
687 2489 847 2558 cujus
883 2489 932 2543 si
966 2505 1094 2559 pars
1132 2490 1275 2560 parti
1324 2480 1685 2559 conju'ngatur
1711 2531 1725 2555 ,
1760 2493 1995 2560 exempli

416 2581 587 2648 gratia
619 2582 663 2637 si
693 2582 983 2653 liquefacta
1014 2599 1090 2637 aes
1117 2593 1169 2636 ct
1197 2600 1390 2638 aurum
1418 2586 1584 2641 simul
1617 2586 1991 2648 eﬂ‘undantur,

414 2673 627 2725 eveniet
660 2675 867 2728 ratione
903 2675 1179 2730 mistionis
1219 2676 1445 2731 mutatio
1474 2686 1527 2731 et
1562 2678 1866 2748 corruptio;
1900 2694 1996 2732 ne-

413 2780 518 2834 que
547 2766 692 2819 enim
723 2777 806 2823 est
838 2769 1082 2823 massula
1125 2769 1228 2823 ista
1269 2770 1354 2823 vel
1405 2783 1594 2823 aurum
1631 2785 1826 2839 purum
1856 2811 1871 2835 ,
1906 2772 1993 2825 vel

412 2874 486 2912 tes
517 2872 714 2926 purum
750 2874 764 2909 :
809 2874 874 2913 ac
919 2859 1024 2913 nisi
1071 2859 1462 2927 copularentur
1499 2875 1561 2914 ac
1612 2876 1781 2913 uumn
1829 2861 1991 2915 alteri

415 2949 825 3018 adjungeretur,
863 2963 919 3003 ut
945 2965 1064 3004 cum
1099 2951 1311 3021 torquis
1338 2966 1400 3005 ex
1433 2965 1540 3005 aere
1580 2965 1824 3021 auroque
1851 2964 1989 3005 con-

2110 1838 2318 1893 rationc
2354 1838 2653 1893 miscentur
2687 1855 2850 1909 quam
2905 1854 2967 1893 ea
3002 1855 3123 1907 qua:
3170 1838 3331 1892 facile
3366 1848 3684 1908 separantur

2104 1934 2271 1994 atque
2310 1927 2684 1992 divelluntur,
2738 1928 2951 1982 etiamsi
2997 1944 3059 1983 ea
3113 1931 3460 1999 conjunxerit
3512 1940 3681 1984 statua

2110 2036 2238 2084 una,
2287 2022 2455 2077 vestis
2501 2037 2638 2089 una,
2678 2024 2761 2076 vel
2804 2038 2900 2078 vas
2948 2039 3140 2077 unum.
3186 2023 3375 2093 Neque
3425 2026 3684 2095 reperitur

2111 2117 2433 2185 unquatnin
2468 2131 2527 2170 re
2563 2118 2745 2185 aliqua
2781 2116 3053 2172 tnateriali
3085 2131 3353 2187 corporea
3390 2116 3527 2170 alius
3562 2117 3681 2185 quis

2107 2211 2350 2265 misturae
2386 2210 2581 2264 modus
2622 2218 2815 2279 praeter
2849 2211 2983 2265 istos
3014 2210 3176 2276 duos,
3246 2210 3330 2265 vel
3361 2211 3454 2280 qui
3494 2226 3683 2265 corru-

2114 2304 2355 2373 ptionem
2390 2302 2606 2375 [infert]
2630 2302 2708 2356 vel
2752 2303 3175 2372 separationem,
3213 2302 3317 2357 nisi
3338 2286 3462 2357 cum
3502 2302 3681 2357 ttiistio

2107 2398 2346 2451 duorum
2383 2396 2458 2450 sit
2489 2412 2723 2465 quorum
2764 2396 2994 2450 alterum
3028 2395 3307 2450 materiale
3336 2377 3679 2465 corporeum,

2105 2491 2339 2544 alterum
2391 2499 2555 2545 tenue
2594 2490 2664 2545 sit
2711 2499 2766 2544 et
2803 2490 3077 2561 spiritale.
3131 2488 3228 2543 Hic
3264 2497 3448 2542 autem
3489 2488 3683 2542 tertius

2101 2591 2185 2636 est
2234 2582 2508 2636 mistionis
2543 2578 2775 2645 modus,
2819 2574 2953 2651 qute
2983 2590 3037 2636 et
3081 2597 3205 2635 vore
3256 2582 3438 2636 mistio
3487 2592 3569 2636 ρει
3602 2579 3681 2651 [ἱη

2098 2676 2204 2730 alio
2254 2675 2551 2744 exemplari
2604 2684 2709 2741 est,
2743 2677 2926 2730 mistio
2966 2676 3197 2747 natura]
3247 2676 3452 2744 absque.
3485 2677 3681 2730 confu-

2097 2771 2274 2831 sione,
2311 2769 2711 2834 conversione,
2762 2769 3150 2838 corruptione,
3198 2776 3291 2821 aut
3338 2770 3683 2837 separation:

2097 2863 2451 2931 partitionis;
2482 2878 2667 2916 vcrtun
2695 2870 2780 2916 cst
2808 2863 3033 2915 mistura
3067 2877 3174 2932 qua
3204 2869 3453 2931 penetrat
3484 2870 3679 2916 natura

2096 2956 2388 3024 spiritalis,
2413 2954 2653 3019 subtilis,
2686 2963 2937 3008 naturam
2964 2953 3301 3007 materialem
3332 2968 3678 3023 corpoream,

415 3043 634 3106 ficitur,
675 3050 820 3097 esset
876 3042 1147 3097 mistionis
1205 3043 1400 3098 modus
1440 3044 1773 3114 separationi
1814 3044 2058 3119 obno-C
2093 3048 2270 3103 donec
2308 3063 2407 3117 per
2446 3046 2619 3117 ipsam
2660 3055 2826 3100 totam
2875 3045 3235 3110 din‘undatur,
3265 3052 3493 3115 totaque
3523 3061 3678 3100 com-

412 3138 557 3201 xius,
596 3136 686 3206 qui
716 3137 936 3192 nomine
962 3137 1237 3192 mistionis
1270 3138 1527 3209 indignus
1556 3148 1663 3195 est.

479 3232 659 3301 Atque
694 3234 747 3285 in
785 3232 886 3288 hos
916 3234 1057 3288 dttos
1093 3234 1286 3290 modos
1322 3235 1665 3305 itnpegerunt
1693 3235 1990 3293 Nestorius

408 3324 636 3395 ejusque
685 3328 930 3390 asseclae,
974 3338 1025 3381 et
1054 3326 1293 3382 Jacohus
1332 3336 1385 3382 et
1416 3328 1649 3384 Severus
1683 3340 1736 3383 et
1765 3330 1990 3385 Diosco—

411 3430 540 3482 rus,
590 3425 643 3471 et
692 3416 998 3488 Eutyt-hius
1052 3434 1357 3487 eorumque
1407 3435 1693 3488 sequaces.
1748 3419 1988 3477 Jacohus

409 3513 630 3579 quidem
658 3553 671 3576 ,
710 3527 856 3579 nque
890 3526 1127 3580 quorum
1169 3512 1389 3565 nomina
1438 3514 1693 3568 recensui
1718 3554 1732 3579 ,
1768 3516 1985 3571 mistio-

352 3632 371 3651 κ
413 3619 536 3657 nem
575 3604 893 3657 mutationis
926 3611 978 3657 et
1012 3603 1387 3672 corruptionis
1418 3604 1693 3675 amplexi,
1730 3623 1984 3666 asserue~

406 3703 535 3747 rttnt
581 3703 833 3749 naturam
870 3694 1110 3747 divinam
1158 3704 1211 3749 et
1248 3706 1500 3751 naturam
1542 3698 1837 3756 humanam
1874 3701 1984 3774 40

405 3788 461 3839 in
521 3801 629 3839 uno
680 3785 902 3841 Christo
942 3787 1263 3841 comitiistas
1310 3786 1514 3854 fuisse,
1565 3791 1849 3863 ipsumque
1882 3787 1983 3849 ha?-

404 3880 593 3934 buisse
638 3878 1053 3934 subsistentiam
1088 3894 1253 3933 unam
1290 3880 1342 3933 itt
1380 3890 1573 3935 natura
1613 3900 1718 3941 una
1755 3901 1979 3956 compo-

402 3975 562 4028 sitam
610 3988 673 4028 ex
719 3973 934 4027 duabus
982 3973 1194 4027 naturis
1237 3973 1508 4039 diversis,
1545 3974 1733 4030 divina
1766 3979 1981 4035 scilicet

400 4077 453 4121 et
484 4068 761 4135 humana;
810 4065 1045 4136 professi
1087 4082 1217 4135 ergo
1254 4074 1383 4123 sunt
1428 4083 1523 4123 eas
1560 4077 1806 4127 mutatas
1834 4088 1976 4128 esse:

401 4161 638 4216 mutatio
692 4167 876 4213 autem
930 4160 1216 4228 corruptio
1271 4169 1375 4216 est.
1435 4160 1614 4230 Atque
1671 4161 1779 4218 hoc
1833 4164 1980 4219 dicto

400 4256 569 4323 impio
597 4253 691 4308 Dei
720 4261 969 4309 naturam
994 4253 1372 4308 accidentibus
1396 4261 1447 4308 et
1472 4254 1635 4309 morti
1661 4258 1979 4313 necessario

2094 3141 2419 3204 misceatur,
2450 3154 2624 3208 neque
2658 3150 2936 3195 remaneat
2967 3143 3122 3195 locus
3154 3139 3265 3210 Μ
3289 3140 3432 3193 ullus
3462 3150 3680 3194 natum.

2099 3231 2401 3287 materialis
2428 3246 2637 3285 vacuus
2686 3240 2879 3287 natura
2917 3232 3183 3302 spiritali,
3220 3232 3339 3288 sine
3373 3228 3677 3286 mutatione

2100 3340 2209 3395 qua
2256 3333 2499 3378 mutetur
2546 3324 2633 3379 vel
2680 3325 2945 3393 spiritalis
2985 3339 3014 3378 a
3055 3334 3249 3379 natura
3289 3340 3389 3380 sua
3438 3324 3673 3394 spiritali

2097 3418 2307 3482 subtili,
2330 3417 2415 3473 vel
2441 3432 2705 3490 corporea
2731 3418 3031 3473 materialis
3055 3432 3085 3472 a
3113 3427 3313 3473 natura
3338 3433 3437 3473 sua
3458 3432 3674 3480 crassa,

2097 3508 2402 3575 materiali,
2475 3524 2540 3563 ac
2607 3510 2726 3564 sine
2784 3510 3107 3565 alteratione
3165 3519 3257 3565 aut
3323 3511 3674 3580 corruptione

2097 3603 2403 3667 utriusvis,
2445 3602 2622 3657 instar
2658 3603 2932 3658 mistionis
2976 3604 3171 3658 anima:
3204 3614 3257 3659 et
3296 3606 3541 3674 corporis
3576 3613 3670 3657 aut

2092 3698 2235 3767 ignis
2269 3707 2320 3751 et
2356 3696 2488 3755 ferri
2525 3696 2578 3751 in
2613 3696 2802 3750 eadem
2838 3711 3035 3765 pruna,
3075 3712 3194 3766 quae
3230 3712 3333 3750 una
3363 3706 3447 3750 est
3485 3697 3669 3751 subsi-

2091 3788 2312 3854 Stentia,
2349 3804 2379 3843 e
2409 3797 2604 3843 natura
2640 3788 2786 3857 ignis
2814 3786 3101 3854 conjuncta
3133 3803 3196 3841 ac
3235 3788 3513 3841 commista
3542 3803 3666 3841 Cum

2092 3892 2286 3936 natura
2319 3882 2446 3936 ferri
2479 3883 2597 3937 sine
2631 3881 2979 3951 separatione
3008 3890 3103 3936 aut
3130 3881 3421 3946 divisione,
3458 3897 3519 3933 ac
3549 3882 3670 3935 sine

2092 3973 2437 4040 confusione,
2485 3974 2842 4029 conversione
2875 3983 2968 4027 aut
3006 3975 3386 4044 corruptione,
3430 3974 3668 4030 diffusus

2091 4077 2174 4123 est
2208 4068 2429 4122 interim
2461 4068 2601 4137 ignis
2634 4083 2731 4138 per
2766 4067 3083 4121 universum
3113 4068 3339 4133 ferrum,
3378 4076 3668 4139 totumque

2090 4161 2307 4227 induit;
2349 4161 2773 4216 communicavit
2806 4160 2972 4216 etiam
3003 4159 3147 4216 ferro
3179 4162 3474 4231 potentiam
3504 4178 3664 4217 suam

2084 4266 2136 4309 et
2189 4256 2359 4310 lucetn
2412 4270 2601 4319 suam,
2650 4262 2705 4310 et
2751 4255 2860 4309 vim
2908 4253 3294 4319 combureudi,
3342 4255 3477 4309 adeo
3519 4264 3577 4309 ut
3605 4264 3665 4309 et

398 4348 690 4403 obnoxiam
722 4346 979 4409 reddunt,
1014 4361 1079 4400 ac
1102 4344 1379 4401 Christum
1418 4362 1518 4402 nec
1558 4348 1726 4404 Deum
1766 4366 1971 4419 verum,
2010 4384 2052 4439 ο
2086 4349 2265 4401 luccal
2308 4345 2537 4411 ferrum.
2573 4354 2628 4402 el
2658 4356 2815 4413 urat;
2858 4356 2914 4402 at
2943 4347 3081 4402 nihil
3110 4347 3214 4403 sibi
3247 4350 3315 4403 de
3344 4348 3663 4418 impmenlia

398 4456 501 4495 nec
541 4456 729 4495 verum
778 4440 1054 4494 hominem
1100 4438 1465 4506 constituunt,
1498 4439 1673 4496 instar
1716 4444 1972 4500 tuassulae

397 4548 462 4585 ex
500 4545 638 4585 auro
676 4539 731 4586 ct
763 4546 870 4584 aere
914 4529 1179 4585 conﬂatm.
1226 4527 1516 4585 Nestorius
1559 4545 1690 4585 vero
1739 4534 1971 4603 ejusque

398 4636 664 4690 sequaces
712 4621 1027 4675 mistionem
1081 4636 1205 4691 quae
1258 4621 1501 4690 separari
1566 4630 1731 4691 atque
1785 4623 1969 4678 divelli

397 4716 575 4786 possit
616 4714 913 4785 aﬂingunt,
946 4722 1294 4770 autumantes
1329 4715 1609 4770 Christum
1648 4730 1815 4769 unum
1846 4730 1969 4771 esse

397 4810 614 4866 duabus
675 4808 891 4862 naturis
953 4806 1190 4863 diversis
1247 4816 1634 4872 constantem,
1686 4807 1870 4861 divina
1919 4816 1972 4862 ct

395 4906 671 4968 humana,
718 4901 964 4971 duasque
1020 4901 1307 4955 habentem
1352 4900 1742 4955 subsistentias
1786 4912 1965 4963 n0tas,

394 4995 636 5048 divinam
672 5002 834 5064 atque
863 4993 1183 5058 humanam,
1216 5006 1281 5045 ac
1311 4991 1623 5046 mistionem
1655 4999 1968 5046 statuerunt

393 5105 513 5157 quae
562 5087 834 5155 separatio
880 5088 989 5151 sit,
1040 5090 1216 5140 instar
1260 5084 1474 5154 torquis
1518 5100 1547 5138 e
1600 5082 1814 5137 duobus
1858 5081 1965 5137 filis

390 5196 623 5249 quorum
673 5180 904 5234 alterum
941 5193 1168 5231 aureum
1203 5178 1277 5231 sit
1320 5177 1551 5232 alterum
1586 5191 1795 5230 aeneum
1832 5189 1966 5230 con-

391 5275 561 5342 fecti;
600 5283 695 5328 aut
738 5273 905 5328 vestis
952 5271 1222 5341 duplicis,
1254 5272 1411 5339 cujus
1446 5283 1577 5338 pars
1619 5268 1859 5323 exterior
1893 5270 1965 5324 sit

390 5369 568 5422 serica
621 5369 850 5422 interior
901 5366 1235 5436 gossypina,
1291 5364 1436 5416 inter
1489 5376 1625 5430 quas
1680 5361 1828 5416 nulla
1879 5371 1963 5417 est

389 5460 619 5514 mistura
653 5462 768 5515 sive
802 5468 1011 5514 natura:
1042 5460 1158 5514 sive
1190 5457 1565 5514 subsistentia
1597 5474 1611 5513 :
1652 5471 1830 5524 neque
1861 5456 1962 5509 hac

390 5550 603 5603 ratione
637 5552 700 5603 ad
745 5551 863 5605 illos
911 5557 1125 5619 spectat
1163 5548 1443 5602 Christum
1487 5560 1651 5599 unum
1696 5544 1958 5609 credere;

390 5630 662 5707 siquidem
696 5642 1022 5710 esttorquis
1051 5640 1431 5708 complicatus,
1467 5648 1687 5705 torques
1720 5636 1868 5699 bini,
1908 5646 1960 5688 et

385 5730 555 5786 vestis
580 5729 804 5791 duplex.
830 5733 970 5787 bina:
1002 5745 1178 5789 vestes
1204 5750 1217 5797 ;
1248 5732 1549 5799 eodemque
1576 5728 1735 5784 modo
1767 5726 1956 5794 [esset]

2080 4436 2211 4491 ferri
2233 4437 2555 4504 assumpsit,
2585 4436 2700 4492 sive
2724 4436 3091 4508 nigredinem,
3115 4437 3229 4493 sive
3257 4437 3448 4508 frigus.
3481 4438 3663 4507 Atque

2079 4527 2380 4581 secundum
2406 4526 2551 4581 hunc
2580 4527 2851 4582 mistionis
2876 4528 3100 4584 modum
3128 4529 3396 4599 disposuit
3421 4528 3661 4583 Verbum

2077 4619 2172 4673 Dei
2209 4632 2427 4681 creans,
2455 4618 2768 4673 mistionem
2802 4634 2959 4675 suam
2994 4635 3120 4674 cum
3154 4630 3354 4674 natura
3391 4621 3657 4683 humana,

2076 4721 2269 4782 estque
2315 4711 2573 4767 Christus
2624 4726 2801 4775 unus,
2834 4710 3006 4767 Filius
3041 4710 3136 4765 Dei
3171 4712 3389 4776 unicus,
3432 4726 3462 4764 a
3493 4710 3662 4766 Patre

2076 4812 2202 4858 ante
2238 4803 2429 4859 omnia.
2452 4803 2648 4857 szncula
2679 4803 2918 4872 genitus,
2949 4802 3130 4857 lumen
3155 4803 3222 4857 de
3247 4803 3476 4868 lumine,
3510 4802 3658 4857 Deus

2074 4910 2234 4950 verus
2257 4894 2323 4949 de
2348 4893 2458 4949 Deo
2484 4908 2635 4958 vero,
2662 4895 2878 4963 genitus
2903 4909 3010 4948 non
3039 4906 3284 4959 creatus,
3309 4892 3378 4947 de
3401 4896 3631 4947 substan

2074 4989 2146 5040 tia
2183 4997 2236 5041 et
2272 4996 2464 5041 natura
2498 4986 2677 5040 Patris
2710 4986 2817 5050 sui,
2860 4997 3021 5055 atque
3058 4986 3175 5055 ipse
3210 4984 3351 5039 idem
3387 4992 3550 5040 natus
3583 5004 3653 5042 ev

2069 5079 2240 5134 Maria
2271 5078 2493 5150 Virgine
2528 5080 2581 5132 in
2614 5079 2720 5133 line
2753 5077 3114 5151 temporis,in
3137 5078 3491 5133 subsistentia
3521 5094 3655 5142 tum,

2070 5174 2371 5246 [videlicet]
2400 5172 2761 5228 subsistentia
2795 5171 2919 5225 Filii
2955 5172 3044 5226 Dei
3077 5174 3226 5226 unici
3247 5187 3369 5240 quae
3398 5185 3659 5239 compre-

2068 5266 2260 5323 hendit
2284 5266 2421 5321 duas
2449 5265 2610 5321 simul
2641 5276 2907 5327 naturas;
2942 5265 3182 5319 divinam
3216 5280 3337 5334 qua:
3366 5279 3654 5332 nunquam

2066 5376 2175 5413 non
2208 5358 2347 5424 fuit,
2399 5358 2453 5411 in
2502 5357 2803 5427 principio,
2844 5364 3059 5411 et'ante
3082 5371 3243 5410 omne
3283 5355 3648 5425 principium;

2066 5462 2120 5504 et
2156 5450 2475 5514 humanam,
2514 5464 2631 5518 qum
2668 5448 2806 5502 facta
2840 5457 2922 5503 est
2958 5448 3012 5501 in
3056 5450 3161 5503 line
3199 5447 3482 5515 temporis,
3519 5445 3655 5499 sub-

2064 5544 2259 5598 sistere
2292 5541 2432 5595 facta
2472 5556 2565 5611 per
2599 5540 3011 5596 subsistentiatn
3054 5550 3340 5603 :rternam,
3383 5547 3577 5604 estque
3599 5536 3654 5590 is

2062 5633 2303 5703 135-47
2351 5633 2602 5687 Christus
2655 5648 2796 5687 unus
2846 5630 3206 5687 subsistentia
3262 5645 3367 5683 una
3418 5636 3652 5691 aeterm,

2062 5732 2195 5782 duas
2227 5727 2430 5783 habens
2463 5736 2685 5781 naturas
2714 5764 2730 5792 ,
2765 5726 3031 5789 divinam,
3069 5737 3191 5791 qua:
3226 5732 3499 5791 nunquam
3532 5732 3648 5773 non
