4034 6214
406 322 537 420 ιῡιι

1847 355 2223 418 ANNALES.

3536 360 3671 422 10$?

404 470 548 534 fuit;
581 474 633 523 et
666 468 999 531 humanam,
1040 482 1202 539 quam
1249 469 1353 525 sibi
1396 470 1637 532 creavit,
1685 479 1747 525 ut
1776 472 1823 527 ei
1859 473 1983 525 uni-
2015 468 2061 527 Α
2093 471 2399 529 subsistere
2434 470 2561 527 fecit
2595 470 2946 527 subsistentia
2983 485 3081 525 sua
3105 511 3118 538 ,
3179 470 3395 541 sibique
3440 489 3493 527 tu
3532 482 3670 528 tem-

401 571 574 627 retur,
626 576 691 615 ex
725 561 896 616 Maria
944 563 1189 633 Virgine.
1236 565 1441 636 Estque
1486 565 1846 622 subsistentia
1893 569 1984 624 illa

401 656 576 726 ipsius
606 655 965 711 subsistentia
1003 666 1211 711 naturae
1237 657 1434 713 divina:
1459 667 1512 713 et
1545 668 1758 714 natura:
1791 660 1986 716 huma-

400 762 513 808 nre.
566 759 853 817 utramque
891 750 1367 818 comprehendens
1401 751 1521 806 sine
1562 753 1816 807 mistione
1851 755 1985 811 alte-

397 842 634 907 ratinni,
693 851 789 897 aut
835 844 1189 913 corruptione
1234 845 1571 915 separationi
1611 855 1664 902 et
1721 847 1980 906 divisioni

396 933 657 991 obnoxia.

468 1024 589 1081 Non
625 1028 786 1084 desiit
816 1030 1177 1086 subsistentia
1212 1044 1423 1089 natura:
1460 1037 1661 1092 divinze
1690 1053 1811 1094 esse
1844 1040 1980 1095 sub~

397 1118 649 1175 sistentia
697 1131 906 1178 natura:
955 1124 1208 1181 humanae
1239 1143 1364 1182 cum
1418 1129 1592 1200 ipsam
1643 1141 1894 1197 crearet,
1928 1142 1983 1189 et

400 1208 602 1267 faceret
651 1226 747 1280 per
776 1214 1191 1273 subsistentiam
1224 1234 1379 1273 suam
1411 1220 1532 1275 sine
1562 1236 1671 1291 qua
1703 1237 1811 1277 non
1848 1224 1982 1279 sub.

398 1303 566 1367 sistit,
598 1321 819 1374 quaque
852 1316 1079 1387 excepta
1116 1326 1226 1366 non
1264 1321 1349 1367 est
1378 1313 1468 1367 alii
1496 1314 1736 1385 cognita.
1772 1313 1981 1387 Estque

400 1411 516 1465 ipse
564 1396 817 1455 Christus
858 1382 1006 1458 unus
1055 1413 1183 1459 ante
1226 1382 1701 1473 incarnationem,
1758 1417 1813 1464 et
1858 1382 1980 1480 post

401 1488 862 1558 incarnationem,
889 1494 1005 1564 ipse
1031 1495 1175 1551 idem
1207 1500 1425 1568 genitus
1448 1516 1476 1554 a
1504 1500 1665 1557 Patre
1691 1502 1744 1557 in
1772 1503 1982 1561 unitate

401 1597 649 1653 persona:
708 1585 1022 1654 tiliationis,
1078 1590 1286 1647 habens
1334 1592 1699 1650 substantiam
1736 1596 1979 1653 divinam

398 1675 727 1746 simplicem,
775 1691 902 1736 ante
932 1684 1115 1739 omnia
1148 1687 1379 1751 saecula,
1410 1689 1531 1743 sine
1560 1697 1769 1756 matre;
1802 1692 1981 1747 idem-

2086 567 2234 638 plum
2266 566 2502 631 ereavit,
2535 579 2659 618 cum
2697 580 2807 621 non
2840 573 2986 620 esset
3021 565 3475 621 humanitas-ista
3512 577 3667 623 ante-

2086 670 2250 727 quam
2285 657 2555 713 resideret
2586 658 2823 715 Verbum
2857 658 2950 711 Dei
2985 658 3040 711 in
3074 654 3269 719 Maria,
3307 672 3487 727 neque
3516 675 3667 712 crea-

2086 758 2261 817 retur,
2308 768 2488 824 neque
2532 754 2641 809 ulla
2688 755 2862 822 ipsius
2907 752 3266 806 subsistentia
3322 759 3447 803 nota
3494 764 3665 814 esset,

2085 841 2263 899 donec
2316 846 2369 899 in
2424 847 2596 917 ipsam
2647 848 2912 901 resideret
2959 844 3321 901 subsistentia
3374 844 3496 899 Filii
3553 844 3668 905 Dei,

2085 930 2208 1003 qua:
2239 935 2381 991 facta
2410 949 2495 994 est
2523 939 2627 1008 ipsi
2664 940 3043 993 subsistentia.
3078 938 3265 1008 Neque
3297 952 3536 1004 unquam
3570 936 3673 990 iuit

2083 1038 2214 1079 caro
2250 1026 2351 1081 ista
2376 1065 2390 1090 ,
2425 1043 2493 1081 ex
2526 1044 2635 1097 quo
2669 1029 2793 1092 fuit,
2835 1031 2939 1083 alia
2981 1045 3143 1100 quam
3181 1043 3313 1084 caro
3343 1026 3517 1082 Verbi
3549 1027 3665 1089 Dei;
3709 1101 3711 1104 Q

2084 1134 2263 1190 neque
2313 1137 2581 1192 unquam,
2638 1137 2703 1178 ex
2762 1138 2870 1193 quo
2901 1123 2995 1175 fuit
3056 1138 3186 1177 caro
3234 1120 3415 1174 anima
3460 1118 3667 1174 intelli-

2084 1213 2229 1282 genti
2278 1214 2529 1269 rationali
2580 1215 2835 1285 prmdita,
2889 1214 3047 1269 aliter
3096 1212 3287 1267 habuit
3330 1227 3495 1281 quam
3541 1225 3669 1263 caro

2086 1306 2245 1362 Verbi
2279 1307 2395 1372 Dei,
2430 1323 2607 1378 neque
2638 1308 2798 1362 aliter
2828 1318 2956 1362 nota
2989 1316 3074 1363 est
3100 1320 3342 1375 unquam
3378 1318 3540 1370 quam
3572 1318 3669 1370 per

2084 1401 2498 1457 subsistentiam
2531 1400 2698 1457 Verbi
2732 1401 2859 1466 Dei;
2898 1408 2985 1456 est
3016 1399 3183 1465 igitur
3213 1397 3327 1467 ipse
3361 1395 3534 1451 Filius
3573 1393 3666 1446 Dei

2083 1496 2282 1550 unicus
2309 1509 2338 1547 a
2364 1494 2526 1550 Patre
2567 1494 2685 1550 sine
2710 1503 2886 1549 matre
2923 1492 3163 1564 genitus,
3199 1505 3227 1545 a
3259 1498 3429 1543 matre
3456 1486 3667 1559 [natus]

2085 1586 2204 1642 sine
2240 1586 2421 1653 Patre,
2455 1587 2709 1659 idemque
2738 1586 2911 1657 Filius
2942 1587 3053 1651 Dei,
3082 1592 3135 1641 et
3164 1583 3334 1638 Filius
3359 1580 3589 1634 Mariae;

2156 1681 2350 1738 Unitas
2382 1690 2565 1737 autem
2598 1682 2668 1738 ob
2697 1682 3115 1738 suhsistentiam
3143 1691 3229 1734 eSt
3252 1693 3375 1732 cum
3410 1674 3667 1731 Christus

399 1785 506 1871 que
537 1780 703 1874 natus
726 1788 793 1828 ex
823 1774 995 1831 Maria
1026 1778 1235 1834 ultimis
1268 1782 1608 1852 temporibus
1648 1785 1769 1840 sine
1799 1783 1979 1851 Patre,
2014 1814 2062 1875 Β
2088 1777 2225 1833 duas
2249 1776 2459 1832 habens
2485 1785 2714 1831 naturas
2742 1775 3040 1845 perfectas,
3070 1770 3382 1873 substantia
3406 1766 3669 1875 dit‘l‘eren-

400 1859 453 1929 in
485 1862 695 1917 unitate
722 1864 969 1934 ejusdem
1002 1868 1178 1938 ipsius
1211 1882 1485 1939 personae,
1515 1887 1546 1927 e
1573 1874 1789 1930 duabus
1820 1876 1982 1932 simul

400 1954 729 2011 substantiis
780 1970 1077 2027 conSIans,
1128 1961 1310 2017 divina
1358 1972 1413 2020 et
1463 1966 1701 2021 humana
1731 2008 1745 2034 ,
1789 1971 1843 2025 in
1892 1972 1981 2026 illa

400 2062 629 2116 persona
667 2051 975 2121 conjunctis
1004 2094 1018 2118 ,
1056 2053 1310 2113 Christus
1351 2075 1521 2125 unus,
1554 2068 1608 2115 et
1641 2061 1780 2116 ﬁlius
1812 2080 1981 2131 unus,

399 2155 560 2207 quem
599 2144 872 2201 allocutus
903 2154 985 2202 est
1018 2146 1184 2204 Pater
1216 2165 1246 2205 e
1287 2153 1443 2208 caelis
1475 2154 1688 2211 duobus
1724 2155 1777 2211 in
1820 2157 1979 2224 locis,

400 2234 610 2289 scilicet
667 2236 833 2294 ﬂuvio
885 2238 1142 2298 Jordanis
1196 2245 1285 2300 die
1340 2246 1622 2317 baptismi,
1688 2258 1742 2303 et
1795 2262 1981 2308 monte

400 2323 623 2382 Thabor
649 2330 737 2386 die
762 2333 1287 2404 transﬁguratiouis,
1313 2338 1497 2393 dicens
1525 2358 1537 2393 :
1574 2340 1677 2394 IIic
1705 2350 1779 2396 est
1809 2342 1980 2399 Filius

400 2432 544 2471 meus
591 2419 815 2476 dilectus
856 2424 909 2477 in
979 2442 1081 2495 quo
1125 2426 1254 2487 milli
1302 2430 1600 2497 complacui
1635 2434 1675 2500 ¹,
1744 2450 1981 2505 eumque

399 2512 749 2581 compellavit
779 2515 965 2585 Maria,
1002 2516 1275 2591 [dicens]:
1307 2519 1409 2575 Fili
1441 2524 1553 2588 mi,
1581 2540 1687 2579 non
1723 2535 1807 2582 est
1835 2528 1978 2586 filius

399 2602 599 2669 Patris,
647 2607 820 2671 alius;
850 2616 905 2663 et
956 2610 1100 2666 ﬁlius
1127 2612 1342 2677 Mariae,
1377 2615 1558 2683 alius;
1603 2618 1746 2673 absit
1789 2633 1847 2675 ut
1879 2622 1980 2678 hoc

395 2695 643 2753 dicatur!
701 2714 809 2754 non
868 2704 1013 2757 enim
1074 2714 1381 2761 nascuntur
1443 2706 1692 2777 naturze;
1751 2729 1877 2768 nam
1931 2714 1977 2771 si

394 2797 614 2858 pareret
637 2792 834 2847 mulier
854 2807 1128 2863 naturam,
1152 2812 1376 2855 necesse
1405 2812 1550 2857 esset
1575 2813 1631 2859 ttt
1648 2803 1759 2877 48
1788 2823 1979 2867 omnes

397 2880 655 2936 mulieres
680 2893 955 2952 parerent,
981 2902 1104 2943 cum
1141 2904 1244 2943 una
1282 2898 1477 2947 natura
1506 2909 1696 2952 omnes
1729 2898 1983 2960 homines

396 2973 829 3039 comprehendat
857 2993 872 3036 :
916 2977 1008 3032 sed
1045 2990 1354 3034 nascuntur
1382 2998 1630 3051 personae
1660 3006 1673 3044 :
1710 3005 1811 3046 nec
1836 2993 1979 3063 parit

396 3062 596 3118 mulier
644 3064 783 3122 duas
830 3083 1094 3138 personas
1134 3085 1291 3142 partu
1336 3091 1480 3141 uno,
1532 3080 1641 3136 nisi
1688 3098 1813 3138 cum
1849 3086 1976 3142 uni-

2090 1879 2193 1937 tes,
2227 1887 2463 1941 quarum
2498 1879 2730 1941 utraque
2756 1884 2823 1923 ex
2854 1869 2970 1923 suis
3009 1866 3241 1923 seorsim
3278 1862 3585 1917 actionibus
3617 1868 3670 1914 et

2085 1964 2372 2018 voluntate
2417 1978 2516 2017 sua
2556 1961 2771 2031 cognita
2810 1965 2930 2022 est,
2975 1974 3099 2012 cum
3148 1958 3387 2027 ipsarum
3438 1962 3670 2018 utraque

2086 2056 2369 2110 voluntate
2411 2070 2509 2109 sua
2542 2054 2705 2119 velit,
2741 2061 2792 2109 et
2826 2052 3139 2107 actionibus
3177 2050 3293 2104 suis
3330 2054 3477 2116 agat.
3512 2043 3666 2110 Quod

2085 2147 2130 2202 si
2166 2146 2424 2202 Christus
2465 2160 2608 2201 unus
2652 2152 2796 2200 esset
2826 2144 2946 2199 sine
2980 2142 3191 2196 unitate
3220 2152 3503 2210 persouzc,
3541 2150 3665 2189 cum
3688 2196 3707 2211 Ι

2086 2254 2147 2296 ea
2187 2255 2293 2307 qua
2340 2238 2605 2309 praeditus
2650 2246 2733 2291 est
2778 2246 3103 2290 naturarum
3155 2227 3523 2300 discrepantia
3559 2241 3667 2279 non

2085 2332 2404 2389 conveniret
2453 2338 2513 2384 ut
2545 2346 2685 2384 unus
2719 2327 3034 2401 haberetur,
3066 2323 3169 2383 nisi
3208 2333 3459 2376 naturam
3495 2318 3667 2387 ipsius

2084 2426 2548 2496 complecteretur
2578 2422 2937 2478 subsistentia
2973 2433 3104 2473 una.
3148 2416 3429 2487 Siquidem
3466 2428 3665 2467 nume-

2084 2533 2178 2572 rus
2208 2516 2353 2571 cadit
2382 2516 2435 2570 in
2459 2513 2857 2585 personas,etsi
2887 2512 3053 2566 fuerit
3095 2519 3291 2564 natura
3327 2520 3431 2559 una
3457 2521 3471 2570 ;
3505 2518 3666 2557 secus

2084 2609 2190 2681 52
2223 2610 2368 2663 enim
2414 2623 2524 2663 non
2566 2606 2786 2661 caderet
2822 2616 3087 2658 numerus
3121 2601 3176 2655 in
3223 2599 3487 2655 unitatem
3532 2597 3668 2651 sub-

2083 2704 2301 2760 stantiae
2336 2702 2424 2757 Dei
2467 2698 2745 2773 [utesset]
2776 2698 3057 2760 Trinitas,
3093 2709 3217 2749 cum
3255 2695 3326 2748 sit
3370 2692 3483 2761 ipse
3521 2704 3665 2743 unus

2082 2794 2251 2851 Deus.
2278 2793 2524 2848 Trinitas
2554 2807 2683 2847 vero
2709 2792 2761 2845 in
2789 2798 3054 2859 personas
3084 2786 3251 2841 cadit.
3286 2783 3472 2855 Neque
3499 2782 3666 2835 cade-

2081 2894 2167 2945 ret
2198 2902 2462 2942 numerus
2496 2886 2550 2940 in
2587 2872 2875 2947 homines,
2910 2897 3017 2953 qua
3052 2881 3209 2935 multi
3242 2864 3666 2948 reputentur'oh

2082 2979 2499 3036 multitudinem
2522 3018 2537 3042 ,
2571 2992 2696 3033 eum
2728 2990 2820 3031 eos
2849 2971 3276 3045 comprehendat
3303 2978 3496 3024 natura
3533 2983 3663 3031 una;

2082 3072 2352 3144 siquidem
2393 3086 2584 3125 omnes
2615 3085 2759 3126 unus
2792 3070 2952 3123 homo
2979 3074 3200 3135 essent;
3250 3080 3435 3119 verum
3476 3056 3666 3134 perso-

394 3156 597 3227 cuique
631 3176 883 3229 persona:
920 3164 992 3218 sit
1025 3175 1215 3234 partus
1244 3169 1494 3236 scarsim,
1528 3183 1585 3228 ut
1622 3175 1674 3229 in
1708 3179 1975 3244 gemems,
2002 3162 2048 3225 C
2083 3182 2278 3221 narum
2308 3164 2588 3220 distinctio
2619 3164 2671 3217 in
2696 3178 2862 3217 causa
2890 3170 2973 3216 est
2999 3171 3057 3215 ut
3093 3158 3248 3213 multi
3279 3166 3663 3213 numerentur.

393 3249 508 3305 Nec
553 3255 811 3311 convenit
846 3266 905 3311 ut
949 3257 1061 3312 sint
1108 3260 1197 3313 uni
1235 3278 1473 3332 unquam
1513 3268 1590 3322 rei
1621 3268 1764 3325 binae
1802 3274 1980 3328 subsi-

393 3345 608 3400 stentize
644 3349 861 3414 mistm;
903 3361 1095 3407 natura
1138 3355 1284 3409 enim
1333 3362 1757 3428 comprehendit
1798 3365 1980 3421 subsi-

393 3437 645 3493 stentias.
682 3439 967 3505 Quomodo
997 3460 1125 3516 ergo
1160 3446 1263 3513 liat,
1285 3455 1340 3502 ut
1376 3450 1746 3509 subsistentize
1780 3467 1977 3512 natura

394 3528 624 3585 diversae
669 3532 833 3587 simul
878 3537 1290 3607 conjuugantur
1337 3542 1388 3595 in
1434 3542 1658 3600 Christo
1706 3563 1816 3600 uno
1852 3564 1975 3603 eum

395 3618 891 3677 subsistentiarum
954 3624 1305 3681 differentia?
1371 3614 1741 3687 Subsistentia
1794 3643 1976 3689 autem

395 3723 553 3770 actus
587 3725 670 3770 est
707 3717 1137 3786 superioritatis.
1176 3718 1231 3773 Si
1267 3736 1395 3792 ergo
1418 3721 1672 3778 Christus
1705 3723 1844 3779 duas
1878 3726 1979 3779 ha-

397 3805 520 3860 leat
554 3817 790 3889 naturas
830 3809 1103 3873 diversas,
1154 3810 1299 3866 sicut
1334 3828 1520 3868 verum
1563 3822 1699 3880 est»
1717 3830 1780 3870 ac
1816 3817 1981 3873 simul

397 3898 624 3956 haberet
679 3903 818 3958 duas
869 3903 1261 3960 subsistentias
1322 3905 1606 3971 diversas,
1666 3916 1778 3961 tum
1843 3908 1977 3963 illud

394 3995 537 4062 quod
593 3995 769 4065 ipsum
822 3998 1180 4067 conjungeret
1227 3996 1357 4070 [quo
1410 4016 1552 4055 unus
1605 3998 1778 4071 esset]
1832 4000 1982 4057 aliud

394 4096 543 4144 esset
578 4098 779 4157 prmter
807 4092 944 4145 duas
990 4076 1218 4147 naturas
1242 4132 1256 4155 ,
1292 4108 1355 4146 ac
1390 4095 1527 4147 duas
1566 4093 1977 4159 subsistentias;

394 4185 555 4252 quale
590 4184 725 4238 nihil
776 4186 1006 4241 omnino
1046 4188 1341 4255 reperitur.
1394 4186 1612 4243 Scimus
1660 4196 1841 4243 autem
1872 4204 1979 4242 non

394 4286 519 4327 esse.
554 4286 807 4329 naturam
851 4274 1057 4345 absque
1099 4292 1371 4345 persona;
1408 4294 1510 4333 nec
1552 4286 1732 4335 tamen
1768 4287 1849 4334 est
1884 4295 1982 4332 na-

395 4379 516 4421 tura
565 4368 618 4423 in
665 4385 773 4424 una
809 4369 1073 4443 [tantum]
1116 4387 1377 4441 persona.
1422 4372 1630 4427 Natura
1670 4372 1812 4427 enim
1872 4388 1981 4426 una

393 4463 817 4532 comprehendit
850 4465 1034 4533 plures
1065 4480 1351 4535 personas,
1387 4473 1441 4520 at
1475 4480 1708 4535 persona
1736 4476 1842 4518 una
1870 4481 1978 4519 non

392 4557 815 4628 comprehendit
862 4566 1138 4611 naturam.
1178 4556 1381 4613 Natura
1428 4568 1610 4612 autem
1647 4557 1852 4612 Christi
1891 4560 1978 4615 di-

392 4654 520 4705 vina
553 4659 759 4704 aeterna
790 4664 1069 4718 nunquam
1106 4650 1457 4705 subsistentia
1488 4665 1585 4705 sua
1618 4651 1833 4715 caruit;
1864 4649 1975 4719 jam

393 4743 754 4799 Subsistentia
796 4741 901 4798 ista
929 4757 991 4795 ea
1026 4750 1110 4795 est
1152 4757 1273 4811 qua:
1313 4742 1674 4796 humanitatis
1718 4751 1975 4798 naturam

392 4839 495 4891 sibi
540 4844 880 4907 assumptam
913 4835 1187 4902 adiunxit,
1226 4835 1440 4903 fuitque
1475 4835 1575 4902 ipsi
1616 4835 1977 4892 subsistentia

391 4932 459 4984 ab
490 4947 553 4985 co
586 4946 765 4997 usque
798 4942 1045 4998 tempore
1085 4944 1197 4999 quo
1237 4944 1343 4982 non
1381 4928 1486 4981 fuit
1515 4935 1644 4983 ante
1676 4928 1975 4983 habitatio-

392 5039 517 5077 ncm
567 5038 818 5094 persona:
862 5023 1023 5078 istius
1069 5021 1270 5077 divina:
1318 5022 1372 5074 in
1414 5017 1585 5074 Maria
1636 5021 1689 5074 in
1735 5037 1842 5090 qua
1884 5022 1975 5077 ubi

391 5117 658 5170 habitavit
693 5116 823 5171 fecit
852 5131 917 5170 ex
945 5115 1062 5185 ipsa
1093 5113 1418 5178 essentiam,
1444 5112 1694 5167 videlicet
1724 5120 1973 5167 naturam

389 5209 715 5275 humanam,
751 5224 915 5276 quam
958 5207 1314 5263 subsistentia
1350 5220 1449 5261 sua
1490 5203 1791 5258 subsistere
1827 5203 1973 5269 fecit,

390 5309 441 5352 et
488 5299 766 5354 deilicavit
808 5299 938 5353 dum
983 5297 1084 5365 ipsi
1131 5295 1426 5351 essentiam
1460 5292 1676 5359 tribuit,
1722 5290 1971 5363 49-51

393 5391 508 5445 haec
544 5400 727 5445 autem
753 5430 766 5455 ,
800 5391 1011 5445 scilicet
1044 5387 1188 5458 quod
1224 5389 1394 5457 ipsam
1431 5386 1824 5456 assumpserit,
1850 5402 1975 5442 esse

392 5482 583 5538 fecerit
615 5500 681 5539 ac
723 5482 1095 5545 deiﬁcaverit,
1140 5479 1321 5535 omnia
1358 5479 1519 5533 simul
1555 5477 1809 5544 fuerunt,
1845 5479 1972 5533 dum

390 5575 1005 5632 bumanitatcmChristi
1033 5573 1324 5629 habentem
1342 5570 1780 5639 subsistentiam,
1808 5586 1973 5640 quam

393 5680 581 5725 notum
609 5678 693 5725 est
723 5685 843 5725 esse
873 5665 1289 5725 subsistentiam
1328 5663 1443 5718 Filii
1477 5664 1591 5727 Dei,
1625 5674 1968 5734 assumptam

470 5853 705 5912 ’Matth.
743 5870 824 5917 Ili,
866 5852 961 5917 l7;
1001 5849 1129 5907 Luc.
1166 5866 1245 5916 tu,
1277 5847 1367 5902 ‘22.
1432 5847 1449 5877 ³
1481 5845 1641 5901 Joan.
1677 5861 1713 5915 ι,
1754 5846 1772 5899 1
1812 5862 1936 5916 sqq.

2082 3258 2239 3327 Quod
2287 3258 2332 3314 si
2379 3258 2599 3313 Christo
2642 3257 2764 3311 dua:
2812 3269 3060 3324 persona:
3104 3252 3408 3306 tribuenda:
3454 3255 3663 3310 essent,

2083 3359 2418 3421 competeret
2460 3350 2537 3405 illi
2572 3364 2837 3404 numerus
2881 3348 3155 3409 binarius,
3188 3362 3252 3400 ac
3287 3342 3542 3397 Triuitati
3578 3343 3663 3394 di-

2082 3444 2332 3499 vinitatis
2372 3442 2809 3513 quadruplicitas
2842 3456 2965 3494 cum
2999 3455 3025 3492 a
3067 3437 3336 3493 Trinitate
3375 3438 3439 3490 ad
3472 3450 3665 3488 nume-

2083 3553 2204 3592 rum
2234 3535 2647 3606 quaternarium
2678 3543 3096 3605 promoveretur
3119 3541 3284 3601 atque
3314 3532 3364 3583 in
3389 3546 3451 3583 ea
3482 3528 3665 3581 aut-tiu

2081 3629 2260 3685 locum
2298 3629 2540 3682 haberet.
2577 3626 2767 3697 Neque
2799 3626 3156 3694 perﬁceretur
3187 3623 3495 3691 baptismus
3524 3622 3663 3675 trina

2082 3721 2460 3784 immersione,
2479 3734 2648 3790 quam
2676 3719 2934 3788 praecepit
2957 3717 3211 3771 Christus
3235 3714 3499 3783 apostolis
3525 3717 3666 3775 suis,

2086 3811 2340 3864 videlicet
2384 3819 2441 3863 ut
2489 3810 2835 3879 baptizareut
2866 3825 2991 3864 eum
3037 3810 3131 3879 qui
3180 3808 3429 3862 crederet
3475 3806 3526 3859 in
3566 3822 3668 3858 uo-

2082 3905 2231 3957 mine
2277 3902 2456 3958 Patris
2524 3912 2578 3956 et
2634 3901 2757 3956 Filii
2811 3910 2864 3956 et
2915 3902 3156 3971 Spiritus
3184 3902 3386 3957 sancti.
3443 3900 3670 3953 Deceret

2082 3995 2229 4050 enim
2266 4010 2363 4049 eos
2405 3994 2493 4064 qui
2547 4002 2837 4047 autumant
2874 3992 3157 4047 Christum
3193 3992 3331 4047 duas
3371 4008 3495 4047 esse
3535 3993 3666 4045 sub-

2083 4090 2387 4154 sistentias,
2414 4097 2607 4159 quater
2630 4088 2771 4141 inter
2794 4085 3184 4154 baptizandum
3220 4085 3511 4151 intingcre,
3539 4098 3660 4133 cum

2084 4182 2489 4239 nomiuatrina
2513 4222 2527 4246 ,
2566 4181 2674 4235 sint
2710 4194 2960 4250 personae
2995 4177 3167 4231 Patris
3207 4188 3258 4229 ct
3293 4174 3413 4226 Filii
3449 4183 3502 4226 et
3534 4174 3661 4241 Spi-

2085 4276 2226 4328 ritus
2273 4273 2492 4339 sancti,
2546 4288 2780 4342 quorutn
2831 4270 3055 4324 nomine
3099 4278 3181 4322 ter
3225 4281 3366 4333 aqua
3416 4264 3661 4332 tingitur.

2083 4368 2241 4434 Quod
2295 4369 2342 4424 si
2388 4377 2629 4438 quatuor
2676 4371 2865 4421 essent
2915 4376 3194 4432 personae,
3249 4373 3477 4412 necesse
3517 4364 3664 4409 esset

2086 4471 2280 4531 quater
2333 4458 2619 4529 immergi,
2670 4473 2829 4513 secus
2869 4472 2988 4509 'nou
3038 4454 3090 4507 in
3139 4462 3311 4507 totum
3360 4450 3664 4513 Christum,

2086 4571 2247 4624 quem
2287 4553 2426 4608 duas
2456 4568 2579 4608 esse
2620 4565 2888 4621 personas
2931 4548 3105 4611 dicit,
3143 4544 3532 4613 baptizaretur,
3570 4543 3663 4596 sed

2084 4646 2139 4702 in
2172 4644 2459 4700 dimidium
2510 4644 2718 4714 ipsius,
2767 4642 2970 4697 omissa
3018 4640 3232 4695 scilicet
3273 4637 3443 4699 altera
3488 4636 3669 4720 sqbsi-

2084 4737 2414 4793 stentiarum
2448 4736 2621 4806 ipsius
2659 4734 2713 4787 in
2755 4749 2920 4803 quam
2959 4730 3102 4785 haud
3140 4729 3302 4784 fuerit
3333 4727 3664 4797 baptizatus.

2078 4830 2191 4901 jam
2252 4843 2382 4898 ergo
2431 4825 2786 4881 manifestum
2836 4831 2923 4877 est
2974 4821 3255 4878 Christum
3305 4836 3472 4875 unum
3523 4834 3667 4885 esse,

2085 4931 2214 4978 ante
2243 4937 2404 4991 quem
2453 4936 2559 4974 non
2607 4916 2775 4973 fuerit
2820 4916 3077 4972 Christus
3114 4914 3285 4978 alius,
3327 4928 3505 4982 neque
3547 4920 3671 4980 post

2084 5015 2266 5084 ipsum
2299 5013 2514 5066 futurus
2543 5011 2614 5066 sit
2639 5010 2805 5066 alius.
2830 5006 3071 5064 Verbum
3093 5006 3239 5061 enim
3267 5005 3359 5058 Dei
3390 5015 3667 5069 nunquam

2086 5105 2329 5180 53-55
2360 5120 2467 5161 non
2506 5105 2607 5160 fuit
2635 5121 2702 5160 ex
2745 5119 2856 5175 quo
2901 5116 3179 5171 nunquam
3216 5114 3325 5152 non
3369 5094 3470 5150 fuit
3506 5093 3669 5147 Pater

2086 5201 2284 5272 ipsius,
2315 5212 2488 5268 neque
2525 5211 2766 5267 unquam
2798 5194 2902 5248 fuit
2934 5191 3076 5247 Deus
3114 5188 3233 5263 sine
3256 5185 3459 5245 Verbo.
3490 5196 3667 5251 neque

2086 5307 2324 5361 unquam
2358 5290 2761 5360 separationem
2792 5301 2987 5356 passus
3018 5292 3121 5347 est,
3150 5282 3292 5334 sicut
3322 5276 3455 5331 dicit
3489 5273 3665 5328 Evan-

2084 5385 2282 5455 geliunt
2301 5402 2315 5438 :
2333 5382 2397 5437 In
2416 5382 2669 5453 principio
2693 5380 2791 5450 fuit
2826 5377 3048 5432 Verbum
3062 5416 3074 5437 ,
3088 5382 3134 5429 et
3153 5370 3372 5424 Verbum
3396 5383 3663 5435 nunquam

2085 5476 2309 5545 nonfuit
2343 5478 2483 5544 apud
2508 5475 2691 5538 Deum,
2720 5483 2766 5526 et
2795 5471 2931 5524 Deus
2964 5479 3234 5534 nunquam
3263 5477 3367 5514 non
3393 5460 3495 5529 fuit
3538 5457 3661 5512 Ver.

2084 5570 2228 5634 bum,
2272 5569 2448 5622 omnia
2484 5584 2576 5637 per
2607 5568 2778 5635 ipsum
2812 5561 2957 5629 facta
2985 5567 3131 5623 sunt,
3167 5565 3215 5610 et
3246 5558 3441 5625 absque
3469 5571 3527 5609 eo
3559 5571 3661 5607 non

2074 5663 2277 5730 factum
2303 5672 2376 5715 est
2418 5660 2496 5713 υει
2523 5674 2681 5711 unum
2715 5671 2896 5709 eorum
2923 5670 3040 5723 quin
3068 5652 3211 5706 facta
3238 5660 3359 5705 sunt
3390 5652 3431 5705 ’.
3463 5647 3662 5703 Deinde
