4034 6214
390 316 526 381 ibi?

1405 317 1777 379 EU'I‘YClIii
1820 315 2234 376 ALEXANDB
2250 319 2361 377 lNl
2400 319 2617 379 PATR.

3497 316 3631 381 Mi

383 429 588 483 addens
615 428 772 484 dicit:
805 430 869 483 Et
902 428 1123 483 Verbum
1154 432 1349 499 factum
1369 437 1444 481 est
1478 445 1622 487 raro,
1654 438 1701 479 et
1732 441 1965 479 commo-
1994 428 2040 484 Α
2072 430 2241 495 tilem,
2273 447 2393 499 qua:
2433 439 2578 485 statu
2611 442 2713 484 suo
2741 430 2972 502 simplici
3002 431 3177 485 tribus
3214 430 3410 485 diebus
3432 430 3483 483 in
3506 447 3631 485 aere

384 532 560 575 ratum
586 533 663 576 est
701 524 834 575 inter
861 540 953 575 nos
974 523 1014 589 ⁸,
1046 522 1504 590 contirntavitque
1535 521 1739 574 dictum
1773 536 1951 585 suum,

384 614 801 667 subsistentiam
827 612 994 669 Verbi
1022 628 1183 667 unam
1215 627 1362 675 esse,
1392 627 1512 681 quae
1544 628 1820 681 nunquam
1848 628 1955 666 non

385 708 487 759 fuit
535 722 657 759 cum
690 708 885 766 Patre.
926 709 1280 774 eamdemque
1329 707 1500 775 ipsam
1549 714 1825 774 assumpta
1862 720 1961 758 na-

387 812 505 854 tura
540 802 777 853 humana
810 800 1008 852 factam
1052 799 1222 854 fuisse
1255 815 1471 853 carnem
1504 800 1568 853 ad
1600 799 1960 854 habitandum

396 893 539 946 inter
580 893 853 956 homines,
891 907 1053 960 quam
1090 907 1228 945 nova
1264 894 1540 947 creatione
1580 892 1684 947 sibi
1720 892 1961 947 condidit

386 999 452 1036 ex
512 982 683 1037 Maria
735 982 947 1053 virgine
997 982 1116 1037 sine
1174 982 1382 1037 semine
1434 982 1695 1037 humano.
1728 982 1961 1049 Fuitque

388 1074 629 1129 Verbum
678 1074 822 1142 quod
874 1089 1095 1128 carnem
1142 1073 1301 1141 istam
1357 1072 1614 1127 formavit
1662 1074 1715 1126 in
1770 1071 1960 1137 Maria,

390 1169 567 1221 instar
594 1168 821 1222 seminis
850 1166 992 1235 quod
1025 1180 1187 1220 causa
1219 1173 1300 1220 est
1331 1164 1675 1221 formationis
1704 1166 1960 1221 hominis.

391 1258 593 1327 Estque
647 1258 821 1327 ipsum
863 1273 1096 1329 persona
1126 1258 1215 1313 illa
1245 1273 1365 1327 quae
1394 1257 1447 1311 in
1479 1265 1666 1312 sancta
1694 1257 1966 1311 Trinitate

393 1360 713 1406 numeratur
743 1367 867 1405 eum
897 1351 1063 1405 Patre
1086 1360 1140 1405 et
1175 1349 1381 1420 Spiritu
1430 1357 1645 1404 sancto.
1707 1348 1964 1415 idemque

392 1441 535 1511 quod
572 1450 893 1495 numeratur
921 1457 1084 1495 unum
1128 1455 1249 1495 eum
1288 1440 1636 1504 hominibus;
1684 1440 1771 1495 ille
1807 1438 1965 1494 Jcsus

394 1534 647 1589 Christus
676 1533 849 1588 Filius
882 1532 973 1588 Dei
1010 1533 1259 1597 viventis,
1281 1533 1560 1588 Filiusille
1588 1535 1813 1598 unicus;
1846 1548 1967 1601 pcr-

394 1623 765 1701 fectuereus
814 1639 937 1678 eum
989 1623 1147 1678 Patre
1193 1635 1244 1693 et
1296 1622 1503 1693 Spiritu
1551 1632 1775 1687 sancto,
1818 1624 1966 1677 nullo

396 1717 540 1770 inter
574 1716 723 1786 ipsos
754 1716 1073 1771 discrimine
1104 1716 1246 1787 quod
1280 1717 1345 1770 ad
1378 1716 1675 1771 essentiam
1710 1716 1965 1770 divinita-

398 1810 469 1861 tis
508 1818 555 1862 et
594 1810 952 1863 substantiam
993 1809 1197 1876 ipsius;
1251 1816 1303 1861 et
1342 1808 1613 1877 perfectus
1647 1810 1811 1861 homo
1844 1824 1965 1862 cum

399 1900 572 1955 Matre
610 1916 709 1955 sua
738 1900 1062 1969 exterisque
1098 1900 1438 1963 hominibus,
1478 1901 1623 1954 nullo
1651 1901 1791 1956 inter
1820 1901 1971 1969 ipsos

398 1993 718 2048 discrimine
766 1995 977 2049 ratione
1029 1994 1284 2048 cssentim
1339 1994 1696 2047 humanitatis
1745 2002 1796 2048 et
1842 1994 1974 2048 sub-

400 2085 618 2139 stantia;
676 2085 870 2153 ipsius,
903 2086 1021 2140 sine
1043 2087 1405 2141 conversione
1430 2094 1520 2139 aut
1545 2086 1847 2140 mutatione
1868 2086 1974 2155 56

402 2175 669 2229 utriusvis
708 2183 1027 2229 naturarum
1066 2176 1238 2245 ipsius
1272 2192 1301 2230 a
1339 2176 1643 2230 substantia
1680 2190 1810 2241 sua;
1859 2176 1974 2229 sive

401 2266 707 2321 divinitatis
745 2281 775 2319 a
813 2267 1125 2321 substantia
1159 2282 1257 2322 sua
1296 2267 1479 2321 subtili
1517 2278 1569 2319 et
1605 2265 1972 2333 simplicitate;

403 2360 471 2414 ad
507 2374 751 2415 crassam
788 2360 1151 2414 humanitatis
1189 2358 1492 2430 [naturam]
1530 2368 1581 2413 et
1616 2360 1977 2426 compositio-

402 2469 528 2507 nem
563 2453 773 2523 ipsius;
808 2454 919 2508 sive
947 2453 1303 2508 humanitatis
1330 2469 1355 2504 a
1385 2454 1635 2507 crassitie
1666 2461 1719 2506 et
1753 2469 1977 2523 compn-

403 2546 606 2601 sitione
637 2547 702 2600 ad
739 2547 1097 2602 subtilitatem
1135 2556 1188 2601 el
1221 2548 1626 2617 simplicitatem
1656 2545 1976 2609 divinitatis,

407 2636 585 2707 lsine,
634 2637 906 2710 inquam,]
953 2640 1031 2693 vel
1086 2640 1375 2703 mistione,
1426 2649 1816 2708 corrumpeute
1861 2653 1982 2707 qute

408 2738 580 2784 mutet
623 2730 944 2785 alterutrum
995 2748 1050 2783 re
1091 2733 1272 2801 aliqua
1314 2732 1377 2785 ad
1417 2732 1779 2787 substantiam
1825 2745 1979 2784 suam

412 2820 768 2893 [spectante,]
813 2823 926 2877 sive
973 2838 1139 2892 parva
1184 2823 1297 2877 sive
1346 2839 1576 2893 magna,
1610 2838 1716 2891 qua
1765 2821 1915 2876 fieret
1954 2836 1983 2874 e

408 2913 624 2968 duabus
662 2916 868 2968 naturis
900 2930 1004 2967 una
1031 2925 1223 2969 natura
1258 2915 1441 2967 mista.
1476 2914 1585 2967 lloc
1613 2914 1756 2967 enim
1794 2912 1983 2965 infulc-

405 3004 533 3058 litas
564 3014 644 3058 est
676 3014 729 3059 et
761 3006 1093 3074 blasphemia
1125 3006 1177 3059 in
1209 3005 1398 3069 [)(·ιιιιι,
1429 3006 1639 3075 atligcre
1674 3005 1773 3072 ipsi
1809 3013 1981 3057 mnta-

2062 525 2389 595 pcrmausit,
2424 538 2661 593 quorum
2700 523 2907 592 primus
2967 524 3067 576 fuit
3107 522 3239 577 feria
3291 524 3466 593 prima
3521 539 3627 593 qua

2062 629 2242 674 creata
2273 626 2397 672 est:
2464 616 2665 671 deinde
2703 616 2803 685 ipsi
2838 616 2926 669 die
2961 626 3159 684 quarto
3212 629 3416 683 corpus
3463 627 3637 669 mate-

2062 713 2198 767 riale
2230 710 2460 773 creavit,
2503 708 2556 762 in
2610 724 2717 778 quo
2749 708 2923 777 ipsam
3005 709 3220 769 statuit,
3261 717 3425 775 atque
3485 708 3635 761 inha-
3662 732 3679 751 ι

2064 805 2240 860 bitare
2272 804 2439 869 fecit,~
2474 803 2729 858 mistione
2760 801 3071 857 necessaria
3130 809 3184 854 et
3247 801 3636 867 conjunctione

2066 899 2247 961 firma,
2297 908 2349 950 et
2380 903 2554 951 totum
2588 893 2692 947 hoc
2732 892 2900 946 solem
2938 889 3227 959 appellavit
3252 889 3475 942 nomine
3504 904 3633 952 uno,

2065 990 2210 1059 quod
2265 987 2677 1057 comprehendit
2705 994 2759 1041 et
2792 995 3044 1037 naturam
3082 981 3225 1034 lueis
3259 980 3411 1041 solis,
3448 988 3502 1032 et
3538 994 3637 1031 na-

2068 1093 2243 1137 turam
2277 1080 2524 1150 corporis
2557 1079 2698 1148 ejus,
2761 1076 2972 1131 unitate
3040 1070 3412 1125 subsistentia‘.
3470 1071 3637 1138 ips-ius

2067 1174 2231 1227 unius
2262 1186 2429 1242 quam
2456 1166 2865 1236 comprehendit
2902 1164 2979 1218 sol
3015 1179 3154 1217 unus
3185 1178 3200 1225 ;
3230 1160 3388 1229 cujus
3424 1175 3521 1214 nec
3549 1161 3635 1217 lux

2068 1274 2191 1319 ante
2228 1279 2427 1331 Corpus
2456 1261 2627 1328 ipsius
2659 1259 2740 1313 sol
2778 1256 3097 1315 vocabatur,
3136 1269 3237 1306 nec
3274 1266 3471 1319 corpus
3526 1260 3639 1299 sure

2070 1359 2187 1413 luce
2248 1358 2331 1412 sol
2391 1354 2566 1418 audit,
2615 1366 2800 1406 verum
2864 1349 2942 1405 sol
3000 1362 3144 1401 unus
3202 1353 3285 1398 est
3341 1358 3467 1397 eum
3524 1339 3639 1392 lucc

2068 1464 2122 1508 et
2185 1464 2415 1518 corpore
2496 1464 2597 1502 suo
2658 1445 2881 1511 pariter.
2951 1441 3262 1506 Eodemque
3334 1434 3495 1490 modo
3558 1432 3638 1484 di-

2070 1546 2352 1618 gnoscitur
2404 1544 2493 1597 lux
2547 1539 2637 1594 Dei
2671 1536 2942 1593 Christus.
2978 1532 3164 1601 Neque
3190 1530 3335 1585 enim
3377 1535 3499 1581 ante
3556 1525 3639 1578 in-

2071 1638 2446 1692 carnationem
2489 1647 2642 1687 suam
2676 1645 2742 1684 ex
2778 1627 2986 1699 virgine
3029 1624 3197 1678 Maria
3227 1622 3529 1691 appellatus
3559 1628 3639 1673 est

2070 1731 2324 1787 Christus
2352 1748 2365 1794 ;
2400 1741 2577 1796 neque
2613 1724 2816 1779 dicitur
2849 1716 3166 1774 humanitas
3191 1716 3367 1784 ipsius
3396 1714 3513 1769 sine
3556 1714 3641 1765 di-

2073 1828 2300 1882 vinitate
2329 1823 2601 1883 Christus,
2625 1818 2735 1889 60
2762 1828 2946 1869 verum
2977 1811 3234 1865 divinitas
3256 1820 3307 1862 et
3336 1806 3645 1861 humanitas

2075 1918 2247 1987 ipsius
2288 1914 2449 1970 simul
2497 1910 2950 1975 Christusunus,
2984 1902 3080 1970 qui
3114 1911 3285 1955 estex
3337 1896 3644 1951 substantia
3678 1890 3683 1895 ’

2075 2010 2254 2065 Patris
2304 2017 2357 2062 et
2386 2006 2622 2074 Spiritus
2648 2000 2823 2055 sancti
2854 1996 3154 2054 secundum
3184 1991 3551 2050 divinitatem.
3582 1994 3637 2041 et

2076 2117 2139 2156 ex
2174 2095 2474 2153 substantia
2524 2091 2708 2146 Matris
2735 2104 2845 2143 sure
2886 2085 3329 2153 reliquorumque
3362 2077 3642 2131 hominum

2079 2198 2329 2261 respectu
2372 2183 2727 2241 humanitatis
2770 2196 2904 2244 suae,
2934 2175 3175 2246 quivult
3223 2172 3508 2261 voluntate
3556 2183 3621 2221 na

2080 2294 2214 2338 turze
2250 2276 2605 2334 humanitatis
2663 2262 3153 2335 sum,omuesque'
3227 2264 3345 2329 ejus
3409 2260 3651 2313 actiones

2081 2382 2359 2446 operatur,
2385 2377 2608 2438 excepto
2641 2372 2883 2444 peccato.
2916 2362 3211 2415 Peccatum
3239 2354 3384 2408 enim
3420 2368 3525 2405 non
3560 2359 3645 2403 est

2081 2443 2147 2523 de
2180 2461 2486 2522 substantia
2548 2466 2772 2516 naturas,
2814 2443 3002 2506 verum
3057 2447 3307 2502 accidens
3352 2443 3495 2512 quod
3559 2455 3654 2507 per

2082 2559 2433 2616 rebellionem
2471 2552 2524 2605 in
2554 2557 2804 2603 naturam
2833 2544 3079 2598 intravit.
3122 2540 3238 2593 Non
3281 2534 3489 2591 destitit
3520 2532 3652 2585 sub-

2084 2652 2284 2707 stantia
2327 2642 2682 2700 humanitatis
2710 2639 2881 2709 ipsius
2911 2628 3491 2703 obseqni'substautia:
3521 2624 3648 2678 divi.

2085 2745 2272 2799 uitatis
2330 2739 2525 2809 ipsius,
2563 2752 2629 2790 ex
2658 2748 2766 2803 quo
2794 2744 3016 2785 carnem
3054 2724 3250 2784 induit.
3312 2736 3412 2775 nec
3449 2716 3660 2809 destitit

2088 2832 2313 2885 allectus
2343 2806 2701 2880 humanitatis
2739 2820 2913 2889 ipsius
2953 2829 3149 2885 parere
3180 2810 3396 2866 alfectui
3454 2806 3657 2861 divini-

2092 2925 2188 2981 tati
2219 2923 2391 2993 ipsius
2419 2938 2434 2985 ;
2470 2931 2647 2984 neque
2668 2914 2813 2969 enim
2846 2910 3119 2966 desiderat
3152 2899 3661 2967 lmmanitasipsius

2088 3034 2185 3089 per
2212 3032 2291 3081 se,
2316 3012 2460 3083 quod
2492 3010 2605 3064 vult
2630 3018 2824 3061 natura
2854 3000 3209 3057 humanitatis
3247 2996 3312 3049 de
3341 2994 3482 3056 cibo,
3511 2998 3664 3089 potu,

407 3094 614 3147 tionem
646 3094 883 3163 aliquam
917 3111 1022 3164 qua
1054 3112 1082 3149 a
1122 3096 1427 3151 sobstantia
1462 3113 1557 3150 sua
1596 3106 1817 3150 creante
1852 3110 1975 3148 con-

2088 3082 2303 3174 somno,
2337 3106 2661 3173 caeterisque
2694 3114 2813 3169 qua:
2848 3097 2915 3150 ad
2950 3091 3311 3149 substantiam
3346 3082 3666 3140 humanita-

409 3194 718 3242 verteretur
764 3189 815 3241 in
866 3188 1229 3242 substantiam
1286 3199 1559 3256 creatam;
1610 3199 1703 3244 aut
1756 3186 1987 3259 [dicere]

410 3294 652 3346 carnem,
694 3296 855 3349 quam
903 3282 1003 3335 sibi
1057 3282 1111 3336 in
1160 3283 1530 3337 habitaculum
1578 3283 1804 3344 creavit,
1848 3298 1983 3335 con-

410 3375 550 3428 verti
592 3389 621 3427 a
670 3376 979 3431 substantia
1022 3391 1121 3430 sua
1169 3384 1351 3432 creata
1402 3392 1465 3431 ac
1512 3376 1623 3431 fieri
1681 3386 1981 3430 ereantem.

412 3467 568 3533 Quod
595 3467 638 3522 si
662 3469 782 3521 dua?
806 3477 1013 3522 naturzc
1037 3469 1527 3523 eommiseerentnr
1553 3470 1780 3521 Inislttra
1808 3471 1985 3537 aliqua

416 3560 549 3612 adeo
575 3568 633 3611 ut
664 3559 853 3617 fierent
884 3569 1247 3619 natura.una,
1274 3573 1380 3611 non
1414 3568 1559 3614 esset
1590 3559 1842 3613 Christus
1869 3570 1989 3631 post

415 3654 853 3705 incarnationem
887 3666 1067 3715 suam,
1097 3667 1125 3706 e
1163 3652 1471 3707 substantia
1507 3652 1687 3706 Patris
1719 3661 1773 3707 et
1812 3654 1987 3721 Spiri-

418 3752 511 3795 tus
550 3742 751 3811 sancti,
804 3740 1069 3809 siquidem
1114 3740 1415 3795 substantia
1456 3740 1636 3794 Patris
1668 3750 1720 3795 et
1756 3740 1991 3809 Spiritus

415 3832 590 3887 sancti
630 3841 709 3885 est
744 3830 1051 3885 substantia
1082 3831 1337 3899 simplex,‘
1364 3832 1610 3895 subtilis,
1644 3832 1735 3885 lux
1768 3848 1985 3895 creans,

415 3938 579 3993 quam
611 3937 719 3976 non
759 3922 1061 3991 ingreditur
1088 3923 1433 3993 compositio.
1463 3924 1526 3975 Et
1556 3924 1829 3993 quomodo
1856 3940 1989 3978 con-

416 4017 628 4071 veniret
668 4024 723 4069 ut
766 4015 937 4071 Filius
980 4016 1299 4070 incarnatus
1342 4027 1725 4071 accenseretnr
1761 4017 1906 4070 Patri
1939 4026 1992 4071 et

420 4119 613 4164 sancto
668 4107 919 4176 Spiritui,
955 4117 1243 4178 postquam
1301 4124 1332 4162 e
1384 4108 1691 4163 substantia
1748 4109 1992 4178 ipsormn

418 4216 671 4271 egressus
700 4210 848 4256 esset
884 4216 993 4271 pne
1022 4214 1084 4254 ea
1115 4202 1201 4254 cui
1235 4201 1506 4256 obnoxius
1541 4200 1715 4255 fuerat
1742 4202 1994 4256 mistione

419 4299 474 4344 ct
502 4293 934 4362 compositione?
960 4295 1065 4347 Aut
1098 4292 1370 4361 quomodo
1402 4292 1793 4346 concederetur
1821 4294 1995 4362 ipsum

421 4400 545 4438 esse
576 4384 744 4438 Deum
782 4402 945 4441 unum
973 4401 1095 4439 cum
1132 4384 1296 4437 Patre
1325 4393 1378 4437 et
1413 4383 1619 4453 Spiritu
1654 4395 1846 4439 sancto
1878 4400 1997 4439 cum

2088 3205 2158 3257 tis
2208 3205 2477 3269 spectant,
2538 3203 2764 3261 excepto
2817 3195 3062 3258 peccato,
3120 3184 3293 3236 donec
3349 3177 3665 3231 desiderare

2089 3295 2253 3349 faciat
2287 3289 2544 3345 divinitas
2571 3286 2743 3343 iusius
2774 3280 3169 3335 humanitatem
3206 3273 3398 3343 ipsius,
3426 3270 3667 3336 velitque

2090 3387 2191 3456 ipsi
2218 3395 2275 3439 ut
2300 3384 2427 3438 velit
2454 3379 2598 3450 quod
2626 3378 2672 3431 ei
2717 3391 2811 3445 per
2837 3389 2896 3429 se
2924 3371 3207 3438 competit,
3237 3382 3339 3419 nec
3363 3363 3659 3432 quidquam

2090 3478 2319 3545 sumpsit
2346 3474 2555 3527 ratione
2583 3468 2929 3523 necessitatis
2955 3476 3003 3519 et
3038 3460 3447 3530 contpulsionis,
3478 3470 3663 3508 eorum

2090 3583 2209 3636 qua:
2248 3578 2375 3619 caro
2409 3559 2712 3616 necessario
2750 3556 3003 3629 requirit,
3050 3567 3225 3621 neque
3275 3550 3338 3601 ad
3367 3549 3668 3615 quidquam

2091 3674 2279 3716 eorum
2303 3656 2563 3725 confugit,
2593 3654 2662 3707 οὶ)
2688 3649 2981 3719 potentiam
3022 3643 3339 3700 substantiae
3368 3638 3666 3694 divinitatis

2094 3768 2208 3808 suae
2268 3766 2387 3820 qum
2433 3749 2661 3801 admista
2704 3756 2783 3799 est
2838 3739 3166 3795 humanitati
3230 3737 3405 3805 ipsius
3446 3733 3665 3786 unitate

2097 3842 2482 3902 subsistcnlim,
2516 3839 2582 3893 ad
2622 3833 2982 3889 amovendatn
3048 3844 3265 3883 omnem
3325 3823 3666 3893 compulsio-

2097 3950 2218 3990 uem
2295 3943 2348 3986 et
2409 3928 2795 3984 necessitatem
2856 3939 2885 3975 a
2944 3919 3247 3977 substantia
3314 3913 3669 3970 [mtuanitatis

2098 4028 2292 4095 ipsius.
2334 4022 2529 4077 Verum
2565 4021 2773 4074 creavit
2803 4018 2922 4085 ipsa
2959 4010 3318 4066 substantiam
3359 4006 3672 4060 humanita-

2098 4118 2171 4173 tis
2203 4116 2395 4185 ipsius,
2450 4113 2728 4180 voluitqne
2757 4125 2872 4178 qua:
2905 4106 3072 4159 voluit
3099 4100 3412 4155 humanitas
3444 4113 3538 4166 per
3571 4110 3669 4156 se;

2100 4218 2160 4262 ut
2210 4209 2282 4261 ita
2355 4206 2633 4258 veritatem
2702 4205 2971 4255 astrueret
3029 4203 3237 4247 natura:
3293 4187 3671 4245 humanitatis,

2102 4301 2270 4371 ipsam
2314 4296 2562 4369 61-63
2590 4295 2797 4349 scilicet
2828 4300 3029 4347 statum
3086 4302 3242 4343 suum
3288 4284 3511 4337 lirmiter
3548 4282 3675 4332 reti.

2104 4408 2253 4457 uere,
2284 4406 2382 4445 nec
2406 4393 2457 4443 in
2491 4389 2635 4441 aliud
2672 4385 2799 4455 quid
2825 4400 2853 4439 a
2891 4383 3194 4439 substantia
3220 4396 3317 4434 sua
3351 4388 3672 4431 conversum

421 4492 485 4530 ea
508 4493 628 4547 quae
651 4478 1047 4546 ιιθιυντεῑρείυε
1072 4476 1339 4546 obtigerat
1365 4478 2000 4545 miSli0110?Ql|illeliﬂlll
2037 4484 2081 4541 D
2118 4497 2263 4537 csse.
2304 4479 2561 4547 Fecitque
2592 4476 2844 4531 Christus
2874 4490 3065 4529 omnes
3107 4468 3462 4524 humanitatis
3505 4464 3678 4517 actio-

423 4571 528 4622 hoc
560 4580 721 4638 pacto
751 4579 897 4623 esset
935 4571 1251 4622 humanitas
1282 4569 1489 4624 Christi
1529 4571 1842 4624 humanitas
1874 4587 1997 4624 cum

423 4674 486 4713 ea
519 4675 681 4727 quam
716 4659 959 4712 subierat
986 4658 1236 4729 57-59
1268 4661 1570 4715 mutatione
1600 4669 1845 4730 respectu
1876 4661 2002 4715 sub-

424 4752 638 4806 stantia!
663 4766 775 4805 Suae
800 4767 825 4802 ει
857 4760 1051 4804 natura
1088 4753 1446 4807 humanitatis
1471 4752 1537 4805 ad
1562 4753 2001 4807 commistionem

427 4856 551 4896 eum
574 4840 883 4896 substantia
912 4842 1237 4904 divinitatis,
1259 4854 1309 4896 et
1336 4844 1792 4912 alterationeqme
1826 4851 2004 4897 muta-

426 4932 631 4984 tionem
663 4929 951 4999 utriusth
998 4942 1208 4985 natura:
1252 4934 1318 4985 ab
1360 4947 1550 5001 coquo
1598 4932 1773 4986 fuerat
1821 4941 2004 4998 statu,

426 5025 521 5080 iuft
542 5035 653 5078 rret
689 5022 938 5101 Nusvero
958 5024 1233 5079 credimus
1255 5024 1601 5081 inChristum
1628 5042 2005 5089 unum,unum

420 5123 633 5172 factum
686 5116 895 5171 unitate
920 5132 1170 5187 personae
1210 5117 1263 5171 in
1312 5134 1416 5186 qua
1449 5118 1717 5188 copulata:
1768 5129 1895 5172 sunt
1927 5121 2010 5172 di-

426 5213 630 5265 vinitas
665 5219 718 5265 et
748 5209 1059 5264 substantia
1090 5210 1470 5273 humanitatis,
1533 5227 1655 5280 qua:
1687 5225 1780 5265 eas
1843 5212 2007 5266 simul

426 5302 723 5373 t-onjungit
772 5305 893 5356 sine
951 5302 1230 5367 mistione,
1287 5303 1669 5369 conversione,
1704 5305 2005 5358 mutatione

426 5408 516 5447 aut
555 5397 897 5465 separatione
935 5409 1041 5464 qua
1082 5393 1434 5448 divellautur.
1489 5393 1675 5468 Neque
1702 5403 1782 5448 est
1809 5394 1922 5464 ipse
1954 5396 2006 5449 in

431 5489 699 5543 alterutra
733 5499 1054 5544 naturarum
1118 5490 1232 5541 sine
1265 5486 1435 5542 altera
1469 5505 1482 5542 :
1549 5490 2006 5556 quemadmodum

435 5585 689 5636 novimus
722 5582 887 5636 Deum
915 5582 1069 5635 initio
1104 5594 1322 5638 creasse
1353 5580 1527 5637 lucem
1554 5580 1854 5651 simplicem
1887 5581 2015 5636 sub-

540 5759 559 5789 ³
587 5755 743 5813 Joan.
776 5758 816 5823 l,
857 5760 937 5815 ll.

2105 4586 2225 4635 nes,
2255 4575 2482 4636 excepto
2514 4575 2756 4635 peccato,
2782 4580 2902 4617 cum
2939 4564 3191 4617 incitaret
3218 4559 3475 4613 divinitas
3506 4556 3678 4624 ipsam

2107 4662 2172 4715 ad
2209 4659 2487 4713 faciendas
2524 4656 2881 4711 humanitatis
2916 4656 3179 4717 actiones,
3213 4654 3284 4705 ita
3318 4660 3375 4704 ut
3410 4665 3507 4703 nec
3541 4646 3682 4700 faec—

2109 4760 2188 4806 ret
2222 4751 2311 4804 illa
2336 4750 2524 4811 invita,
2552 4756 2647 4802 aut
2690 4747 3013 4801 necessitate
3059 4746 3123 4799 ad
3148 4744 3433 4814 quodlibet
3490 4754 3679 4795 eorum

2109 4844 2385 4910 compulsa
2421 4860 2435 4907 ;
2480 4852 2533 4895 at
2564 4855 2686 4894 cum
2720 4839 2879 4893 vellet
2914 4838 3172 4892 divinitas
3211 4844 3267 4888 ut
3324 4834 3481 4887 vellet
3527 4845 3682 4882 suam

2114 4936 2469 4996 voluntatem,
2502 4948 2665 5000 Opera
2724 4939 2903 4983 autem
2957 4929 3125 4997 ipsius
3157 4927 3379 4988 faceret,
3436 4921 3688 4976 videlicet

2116 5022 2380 5096 [aliquod]
2415 5021 2718 5076 divinitatis
2753 5019 2918 5072 totius
2951 5032 3091 5086 OptlS
3128 5016 3405 5068 voluntate
3438 5008 3690 5065 essentia:

2114 5116 2417 5172 divinitatis
2450 5131 2465 5180 ;
2500 5130 2608 5167 non
2643 5112 2769 5165 fecit
2800 5112 2903 5165 hoc
2930 5108 3084 5179 quasi
3123 5118 3310 5176 petens
3340 5105 3407 5157 ab
3436 5103 3543 5156 alio
3603 5100 3688 5152 vel

2114 5225 2273 5279 prece
2297 5208 2376 5262 vel
2408 5204 2801 5275 supplicatione
2829 5202 2911 5257 vel
2944 5208 3156 5270 rogatu,
3194 5212 3379 5250 verum
3414 5196 3693 5246 voluntate

2115 5300 2417 5357 divinitatis
2455 5297 2753 5353 cssentiali.
2817 5292 3081 5349 Voluntas
3109 5290 3251 5345 enim
3317 5284 3531 5356 generis
3582 5289 3688 5343 est,

2119 5409 2223 5448 non
2252 5389 2570 5453 individui;
2635 5386 2865 5455 ideoque
2900 5383 3267 5453 quodcunque
3336 5378 3451 5431 vult
3513 5374 3691 5435 Pater,

2119 5488 2259 5542 idem
2294 5484 2408 5538 vult
2436 5490 2491 5537 et
2532 5480 2724 5544 Filius,
2754 5487 2806 5533 et
2840 5477 3079 5548 Spiritus
3131 5482 3356 5529 sanctus
3386 5487 3399 5535 ;
3432 5477 3487 5522 et
3518 5464 3693 5537 quod-

2126 5595 2342 5653 cunque
2375 5578 2488 5633 vult
2519 5577 2713 5643 Filius,
2750 5572 2889 5629 idem
2922 5570 3033 5625 vult
3064 5575 3116 5625 et
3177 5565 3338 5621 Pater
3371 5570 3422 5620 et
3456 5559 3696 5632 Spiritus
