  <div class='ocr_page' id='page_1' title='image "/cluster/home/n/w/nwhite01/storage/ocr_20150623/111/hvd.32044073502288/560.png"; bbox 0 0 4034 6214; ppageno 0'>
   <div class='ocr_carea' id='block_1_1' title="bbox 410 328 547 392">
    <p class='ocr_par' dir='ltr' id='par_1_1' title="bbox 410 328 547 392">
     <span class='ocr_line' id='line_1_1' title="bbox 410 328 547 392; baseline -0.007 -1"><span class='ocrx_word' id='word_1_1' title='bbox 410 328 547 392; x_wconf 71' lang='grc'><strong>1045</strong></span> 
     </span>
    </p>
   </div>
   <div class='ocr_carea' id='block_1_2' title="bbox 1827 338 2193 405">
    <p class='ocr_par' dir='ltr' id='par_1_2' title="bbox 1827 338 2193 405">
     <span class='ocr_line' id='line_1_2' title="bbox 1827 338 2193 405; baseline 0.014 -5"><span class='ocrx_word' id='word_1_2' title='bbox 1827 338 2193 405; x_wconf 80' lang='lat' dir='ltr'><strong>ANNALES.</strong></span> 
     </span>
    </p>
   </div>
   <div class='ocr_carea' id='block_1_3' title="bbox 3504 346 3636 410">
    <p class='ocr_par' dir='ltr' id='par_1_3' title="bbox 3504 346 3636 410">
     <span class='ocr_line' id='line_1_3' title="bbox 3504 346 3636 410; baseline -0.045 0"><span class='ocrx_word' id='word_1_3' title='bbox 3504 346 3636 410; x_wconf 66' lang='lat' dir='ltr'><strong>lli-iii</strong></span> 
     </span>
    </p>
   </div>
   <div class='ocr_carea' id='block_1_4' title="bbox 405 447 1978 532">
    <p class='ocr_par' dir='ltr' id='par_1_4' title="bbox 405 447 1971 526">
     <span class='ocr_line' id='line_1_4' title="bbox 405 447 1971 526; baseline 0.004 -25"><span class='ocrx_word' id='word_1_4' title='bbox 405 454 665 526; x_wconf 74' lang='lat' dir='ltr'><strong>sanctus;</strong></span> <span class='ocrx_word' id='word_1_5' title='bbox 699 447 1525 522; x_wconf 51' lang='lat' dir='ltr'><strong>etquodcunquefvultSpiritus</strong></span> <span class='ocrx_word' id='word_1_6' title='bbox 1548 461 1797 519; x_wconf 87' lang='lat' dir='ltr'><strong>sanctus,</strong></span> <span class='ocrx_word' id='word_1_7' title='bbox 1829 455 1971 510; x_wconf 89' lang='lat' dir='ltr'><strong>idem</strong></span> 
     </span>
    </p>
   </div>
   <div class='ocr_carea' id='block_1_5' title="bbox 2083 447 3634 532">
    <p class='ocr_par' dir='ltr' id='par_1_5' title="bbox 2083 462 3634 532">
     <span class='ocr_line' id='line_1_5' title="bbox 2083 462 3634 532; baseline -0.003 -17"><span class='ocrx_word' id='word_1_8' title='bbox 2083 463 2188 516; x_wconf 87' lang='lat' dir='ltr'><strong>Deo</strong></span> <span class='ocrx_word' id='word_1_9' title='bbox 2218 463 2476 531; x_wconf 63' lang='lat' dir='ltr'><strong>propria,&quot;</strong></span> <span class='ocrx_word' id='word_1_10' title='bbox 2507 478 2626 531; x_wconf 85' lang='lat' dir='ltr'><strong>quae</strong></span> <span class='ocrx_word' id='word_1_11' title='bbox 2660 477 2816 518; x_wconf 89' lang='lat' dir='ltr'><strong>nemo</strong></span> <span class='ocrx_word' id='word_1_12' title='bbox 2851 462 2989 520; x_wconf 88' lang='lat' dir='ltr'><strong>alius</strong></span> <span class='ocrx_word' id='word_1_13' title='bbox 3039 463 3272 517; x_wconf 83' lang='lat' dir='ltr'><strong>faciendi</strong></span> <span class='ocrx_word' id='word_1_14' title='bbox 3310 471 3634 532; x_wconf 82' lang='lat' dir='ltr'><strong>potestatem</strong></span> 
     </span>
    </p>
   </div>
   <div class='ocr_carea' id='block_1_6' title="bbox 402 538 1969 614">
    <p class='ocr_par' dir='ltr' id='par_1_6' title="bbox 402 538 1969 614">
     <span class='ocr_line' id='line_1_6' title="bbox 402 538 1969 614; baseline 0.005 -20"><span class='ocrx_word' id='word_1_15' title='bbox 402 538 568 594; x_wconf 87' lang='lat' dir='ltr'><strong>etiam</strong></span> <span class='ocrx_word' id='word_1_16' title='bbox 601 538 892 594; x_wconf 86' lang='lat' dir='ltr'><strong>vultPater</strong></span> <span class='ocrx_word' id='word_1_17' title='bbox 907 551 962 598; x_wconf 89' lang='lat' dir='ltr'><strong>et</strong></span> <span class='ocrx_word' id='word_1_18' title='bbox 983 540 1176 610; x_wconf 85' lang='lat' dir='ltr'><strong>Filius;</strong></span> <span class='ocrx_word' id='word_1_19' title='bbox 1208 559 1314 607; x_wconf 88' lang='lat' dir='ltr'><strong>non</strong></span> <span class='ocrx_word' id='word_1_20' title='bbox 1333 546 1969 614; x_wconf 82' lang='lat' dir='ltr'><strong>cstinteripsoscontra—</strong></span> 
     </span>
    </p>
   </div>
   <div class='ocr_carea' id='block_1_7' title="bbox 404 628 1973 704">
    <p class='ocr_par' dir='ltr' id='par_1_7' title="bbox 404 628 1973 704">
     <span class='ocr_line' id='line_1_7' title="bbox 404 628 1973 704; baseline 0.006 -20"><span class='ocrx_word' id='word_1_21' title='bbox 404 630 572 684; x_wconf 90' lang='lat' dir='ltr'><strong>rietas</strong></span> <span class='ocrx_word' id='word_1_22' title='bbox 612 635 708 682; x_wconf 89' lang='lat' dir='ltr'><strong>aut</strong></span> <span class='ocrx_word' id='word_1_23' title='bbox 732 628 1057 687; x_wconf 73' lang='lat' dir='ltr'><strong>diﬂ‘erentia.</strong></span> <span class='ocrx_word' id='word_1_24' title='bbox 1081 634 1260 704; x_wconf 83' lang='lat' dir='ltr'><strong>Atque</strong></span> <span class='ocrx_word' id='word_1_25' title='bbox 1291 635 1363 690; x_wconf 88' lang='lat' dir='ltr'><strong>ita</strong></span> <span class='ocrx_word' id='word_1_26' title='bbox 1393 637 1554 691; x_wconf 91' lang='lat' dir='ltr'><strong>etiam</strong></span> <span class='ocrx_word' id='word_1_27' title='bbox 1590 639 1844 693; x_wconf 77' lang='lat' dir='ltr'><strong>voluntas</strong></span> <span class='ocrx_word' id='word_1_28' title='bbox 1871 641 1973 693; x_wconf 89' lang='lat' dir='ltr'><strong>hu-</strong></span> 
     </span>
    </p>
   </div>
   <div class='ocr_carea' id='block_1_8' title="bbox 402 721 1972 801">
    <p class='ocr_par' dir='ltr' id='par_1_8' title="bbox 402 721 1972 801">
     <span class='ocr_line' id='line_1_8' title="bbox 402 721 1972 801; baseline 0.005 -26"><span class='ocrx_word' id='word_1_29' title='bbox 402 721 708 785; x_wconf 89' lang='lat' dir='ltr'><strong>manitatis,</strong></span> <span class='ocrx_word' id='word_1_30' title='bbox 731 723 946 788; x_wconf 80' lang='lat' dir='ltr'><strong>generis</strong></span> <span class='ocrx_word' id='word_1_31' title='bbox 983 733 1070 780; x_wconf 91' lang='lat' dir='ltr'><strong>est</strong></span> <span class='ocrx_word' id='word_1_32' title='bbox 1106 741 1215 781; x_wconf 91' lang='lat' dir='ltr'><strong>non</strong></span> <span class='ocrx_word' id='word_1_33' title='bbox 1249 728 1512 784; x_wconf 87' lang='lat' dir='ltr'><strong>individui</strong></span> <span class='ocrx_word' id='word_1_34' title='bbox 1543 745 1558 783; x_wconf 86' lang='lat'><strong>:</strong></span> <span class='ocrx_word' id='word_1_35' title='bbox 1594 731 1828 801; x_wconf 85' lang='lat' dir='ltr'><strong>ideoque</strong></span> <span class='ocrx_word' id='word_1_36' title='bbox 1852 747 1972 785; x_wconf 86' lang='lat' dir='ltr'><strong>om-</strong></span> 
     </span>
    </p>
   </div>
   <div class='ocr_carea' id='block_1_9' title="bbox 403 812 1964 893">
    <p class='ocr_par' dir='ltr' id='par_1_9' title="bbox 403 812 1964 893">
     <span class='ocr_line' id='line_1_9' title="bbox 403 812 1964 893; baseline 0.006 -25"><span class='ocrx_word' id='word_1_37' title='bbox 403 812 567 868; x_wconf 83' lang='lat' dir='ltr'><strong>nibus</strong></span> <span class='ocrx_word' id='word_1_38' title='bbox 597 813 913 872; x_wconf 89' lang='lat' dir='ltr'><strong>hominibus</strong></span> <span class='ocrx_word' id='word_1_39' title='bbox 942 821 1544 877; x_wconf 89' lang='lat' dir='ltr'><strong>communiterinsitum</strong></span> <span class='ocrx_word' id='word_1_40' title='bbox 1587 833 1668 878; x_wconf 87' lang='lat' dir='ltr'><strong>est</strong></span> <span class='ocrx_word' id='word_1_41' title='bbox 1704 833 1964 893; x_wconf 89' lang='lat' dir='ltr'><strong>appetere</strong></span> 
     </span>
    </p>
   </div>
   <div class='ocr_carea' id='block_1_10' title="bbox 402 907 1974 985">
    <p class='ocr_par' dir='ltr' id='par_1_10' title="bbox 402 907 1974 985">
     <span class='ocr_line' id='line_1_10' title="bbox 402 907 1974 985; baseline 0.007 -23"><span class='ocrx_word' id='word_1_42' title='bbox 402 907 629 971; x_wconf 91' lang='lat' dir='ltr'><strong>bonum,</strong></span> <span class='ocrx_word' id='word_1_43' title='bbox 656 922 759 962; x_wconf 91' lang='lat' dir='ltr'><strong>nec</strong></span> <span class='ocrx_word' id='word_1_44' title='bbox 791 909 1075 979; x_wconf 87' lang='lat' dir='ltr'><strong>quisquam</strong></span> <span class='ocrx_word' id='word_1_45' title='bbox 1109 920 1193 967; x_wconf 91' lang='lat' dir='ltr'><strong>est</strong></span> <span class='ocrx_word' id='word_1_46' title='bbox 1217 913 1392 971; x_wconf 80' lang='lat' dir='ltr'><strong>ﬁdelis</strong></span> <span class='ocrx_word' id='word_1_47' title='bbox 1427 917 1507 970; x_wconf 86' lang='lat' dir='ltr'><strong>vel</strong></span> <span class='ocrx_word' id='word_1_48' title='bbox 1566 917 1822 985; x_wconf 81' lang='lat' dir='ltr'><strong>infidelis,</strong></span> <span class='ocrx_word' id='word_1_49' title='bbox 1879 919 1974 973; x_wconf 87' lang='lat' dir='ltr'><strong>ho-</strong></span> 
     </span>
    </p>
   </div>
   <div class='ocr_carea' id='block_1_11' title="bbox 405 1000 1973 1081">
    <p class='ocr_par' dir='ltr' id='par_1_11' title="bbox 405 1000 1973 1081">
     <span class='ocr_line' id='line_1_11' title="bbox 405 1000 1973 1081; baseline 0.008 -27"><span class='ocrx_word' id='word_1_50' title='bbox 405 1014 517 1055; x_wconf 87' lang='lat' dir='ltr'><strong>nns</strong></span> <span class='ocrx_word' id='word_1_51' title='bbox 548 1000 633 1055; x_wconf 87' lang='lat' dir='ltr'><strong>vel</strong></span> <span class='ocrx_word' id='word_1_52' title='bbox 665 1002 866 1059; x_wconf 76' lang='lat' dir='ltr'><strong>malus.</strong></span> <span class='ocrx_word' id='word_1_53' title='bbox 893 1003 987 1072; x_wconf 88' lang='lat' dir='ltr'><strong>qui</strong></span> <span class='ocrx_word' id='word_1_54' title='bbox 1022 1021 1131 1060; x_wconf 89' lang='lat' dir='ltr'><strong>non</strong></span> <span class='ocrx_word' id='word_1_55' title='bbox 1171 1015 1388 1077; x_wconf 87' lang='lat' dir='ltr'><strong>appetat</strong></span> <span class='ocrx_word' id='word_1_56' title='bbox 1421 1009 1649 1075; x_wconf 91' lang='lat' dir='ltr'><strong>bonum,</strong></span> <span class='ocrx_word' id='word_1_57' title='bbox 1682 1011 1973 1081; x_wconf 85' lang='lat' dir='ltr'><strong>ipsumque</strong></span> 
     </span>
    </p>
   </div>
   <div class='ocr_carea' id='block_1_12' title="bbox 405 1091 1973 1170">
    <p class='ocr_par' dir='ltr' id='par_1_12' title="bbox 405 1091 1973 1170">
     <span class='ocr_line' id='line_1_12' title="bbox 405 1091 1973 1170; baseline 0.008 -24"><span class='ocrx_word' id='word_1_58' title='bbox 405 1091 652 1162; x_wconf 88' lang='lat' dir='ltr'><strong>accipere</strong></span> <span class='ocrx_word' id='word_1_59' title='bbox 683 1092 992 1160; x_wconf 87' lang='lat' dir='ltr'><strong>desideret,</strong></span> <span class='ocrx_word' id='word_1_60' title='bbox 1031 1107 1142 1151; x_wconf 91' lang='lat' dir='ltr'><strong>tum</strong></span> <span class='ocrx_word' id='word_1_61' title='bbox 1177 1100 1229 1152; x_wconf 92' lang='lat' dir='ltr'><strong>in</strong></span> <span class='ocrx_word' id='word_1_62' title='bbox 1264 1099 1366 1156; x_wconf 85' lang='lat' dir='ltr'><strong>hoc</strong></span> <span class='ocrx_word' id='word_1_63' title='bbox 1400 1103 1624 1170; x_wconf 91' lang='lat' dir='ltr'><strong>mundo,</strong></span> <span class='ocrx_word' id='word_1_64' title='bbox 1660 1114 1769 1158; x_wconf 90' lang='lat' dir='ltr'><strong>tum</strong></span> <span class='ocrx_word' id='word_1_65' title='bbox 1803 1106 1854 1159; x_wconf 91' lang='lat' dir='ltr'><strong>in</strong></span> <span class='ocrx_word' id='word_1_66' title='bbox 1890 1104 1973 1158; x_wconf 88' lang='lat' dir='ltr'><strong>fu-</strong></span> 
     </span>
    </p>
   </div>
   <div class='ocr_carea' id='block_1_13' title="bbox 405 1187 1972 1268">
    <p class='ocr_par' dir='ltr' id='par_1_13' title="bbox 405 1187 1972 1268">
     <span class='ocr_line' id='line_1_13' title="bbox 405 1187 1972 1268; baseline 0.009 -31"><span class='ocrx_word' id='word_1_67' title='bbox 405 1189 534 1239; x_wconf 90' lang='lat' dir='ltr'><strong>turo</strong></span> <span class='ocrx_word' id='word_1_68' title='bbox 560 1201 579 1252; x_wconf 87' lang='lat'><strong>;</strong></span> <span class='ocrx_word' id='word_1_69' title='bbox 610 1200 712 1241; x_wconf 89' lang='lat' dir='ltr'><strong>nec</strong></span> <span class='ocrx_word' id='word_1_70' title='bbox 741 1187 1029 1260; x_wconf 84' lang='lat' dir='ltr'><strong>quisquam</strong></span> <span class='ocrx_word' id='word_1_71' title='bbox 1071 1199 1159 1248; x_wconf 88' lang='lat' dir='ltr'><strong>est</strong></span> <span class='ocrx_word' id='word_1_72' title='bbox 1183 1196 1276 1263; x_wconf 91' lang='lat' dir='ltr'><strong>qui</strong></span> <span class='ocrx_word' id='word_1_73' title='bbox 1314 1206 1538 1268; x_wconf 81' lang='lat' dir='ltr'><strong>respuat</strong></span> <span class='ocrx_word' id='word_1_74' title='bbox 1593 1197 1822 1261; x_wconf 88' lang='lat' dir='ltr'><strong>bonum,</strong></span> <span class='ocrx_word' id='word_1_75' title='bbox 1879 1206 1972 1253; x_wconf 89' lang='lat' dir='ltr'><strong>aut</strong></span> 
     </span>
    </p>
   </div>
   <div class='ocr_carea' id='block_1_14' title="bbox 335 1274 1971 1356">
    <p class='ocr_par' dir='ltr' id='par_1_14' title="bbox 335 1274 1971 1356">
     <span class='ocr_line' id='line_1_14' title="bbox 335 1274 1971 1356; baseline 0.009 -29"><span class='ocrx_word' id='word_1_76' title='bbox 335 1344 339 1348; x_wconf 26' lang='grc' dir='ltr'><strong>η</strong></span> <span class='ocrx_word' id='word_1_77' title='bbox 405 1274 493 1328; x_wconf 88' lang='lat' dir='ltr'><strong>cui</strong></span> <span class='ocrx_word' id='word_1_78' title='bbox 541 1289 650 1331; x_wconf 87' lang='lat' dir='ltr'><strong>non</strong></span> <span class='ocrx_word' id='word_1_79' title='bbox 704 1277 838 1334; x_wconf 88' lang='lat' dir='ltr'><strong>insit</strong></span> <span class='ocrx_word' id='word_1_80' title='bbox 894 1281 1168 1350; x_wconf 89' lang='lat' dir='ltr'><strong>appetitus</strong></span> <span class='ocrx_word' id='word_1_81' title='bbox 1229 1285 1358 1349; x_wconf 92' lang='lat' dir='ltr'><strong>cibi,</strong></span> <span class='ocrx_word' id='word_1_82' title='bbox 1421 1295 1603 1356; x_wconf 89' lang='lat' dir='ltr'><strong>potus,</strong></span> <span class='ocrx_word' id='word_1_83' title='bbox 1642 1288 1971 1355; x_wconf 85' lang='lat' dir='ltr'><strong>indumenti,</strong></span> 
     </span>
    </p>
   </div>
   <div class='ocr_carea' id='block_1_15' title="bbox 405 1367 1972 1449">
    <p class='ocr_par' dir='ltr' id='par_1_15' title="bbox 405 1367 1972 1449">
     <span class='ocr_line' id='line_1_15' title="bbox 405 1367 1972 1449; baseline 0.01 -27"><span class='ocrx_word' id='word_1_84' title='bbox 405 1367 607 1433; x_wconf 82' lang='lat' dir='ltr'><strong>somni,</strong></span> <span class='ocrx_word' id='word_1_85' title='bbox 642 1369 866 1437; x_wconf 89' lang='lat' dir='ltr'><strong>quietis,</strong></span> <span class='ocrx_word' id='word_1_86' title='bbox 901 1375 1331 1444; x_wconf 84' lang='lat' dir='ltr'><strong>tranquillitatis,</strong></span> <span class='ocrx_word' id='word_1_87' title='bbox 1382 1381 1782 1449; x_wconf 84' lang='lat' dir='ltr'><strong>prosperitatis,</strong></span> <span class='ocrx_word' id='word_1_88' title='bbox 1816 1383 1972 1437; x_wconf 87' lang='lat' dir='ltr'><strong>sani-</strong></span> 
     </span>
    </p>
   </div>
   <div class='ocr_carea' id='block_1_16' title="bbox 358 1459 1970 1546">
    <p class='ocr_par' dir='ltr' id='par_1_16' title="bbox 358 1459 1970 1546">
     <span class='ocr_line' id='line_1_16' title="bbox 358 1459 1970 1546; baseline 0.012 -33"><span class='ocrx_word' id='word_1_89' title='bbox 358 1496 363 1501; x_wconf 67' lang='grc' dir='ltr'>ς</span> <span class='ocrx_word' id='word_1_90' title='bbox 404 1459 532 1514; x_wconf 85' lang='lat' dir='ltr'><strong>tatis</strong></span> <span class='ocrx_word' id='word_1_91' title='bbox 560 1469 612 1516; x_wconf 89' lang='lat' dir='ltr'><strong>et</strong></span> <span class='ocrx_word' id='word_1_92' title='bbox 637 1462 781 1531; x_wconf 67' lang='lat' dir='ltr'><strong>vitae;</strong></span> <span class='ocrx_word' id='word_1_93' title='bbox 809 1471 864 1520; x_wconf 91' lang='lat' dir='ltr'><strong>et</strong></span> <span class='ocrx_word' id='word_1_94' title='bbox 884 1466 1067 1521; x_wconf 91' lang='lat' dir='ltr'><strong>odium</strong></span> <span class='ocrx_word' id='word_1_95' title='bbox 1099 1482 1284 1524; x_wconf 87' lang='lat' dir='ltr'><strong>eorum</strong></span> <span class='ocrx_word' id='word_1_96' title='bbox 1310 1487 1428 1541; x_wconf 84' lang='lat' dir='ltr'><strong>quae</strong></span> <span class='ocrx_word' id='word_1_97' title='bbox 1447 1474 1557 1546; x_wconf 63' lang='lat'><strong>65</strong></span> <span class='ocrx_word' id='word_1_98' title='bbox 1578 1474 1665 1531; x_wconf 88' lang='lat' dir='ltr'><strong>his</strong></span> <span class='ocrx_word' id='word_1_99' title='bbox 1692 1478 1970 1531; x_wconf 88' lang='lat' dir='ltr'><strong>contraria</strong></span> 
     </span>
    </p>
   </div>
   <div class='ocr_carea' id='block_1_17' title="bbox 405 1553 1969 1637">
    <p class='ocr_par' dir='ltr' id='par_1_17' title="bbox 405 1553 1969 1637">
     <span class='ocr_line' id='line_1_17' title="bbox 405 1553 1969 1637; baseline 0.014 -34"><span class='ocrx_word' id='word_1_100' title='bbox 405 1559 556 1616; x_wconf 86' lang='lat' dir='ltr'><strong>sunt,</strong></span> <span class='ocrx_word' id='word_1_101' title='bbox 590 1553 842 1611; x_wconf 78' lang='lat' dir='ltr'><strong>videlicet</strong></span> <span class='ocrx_word' id='word_1_102' title='bbox 907 1557 1086 1625; x_wconf 88' lang='lat' dir='ltr'><strong>famis,</strong></span> <span class='ocrx_word' id='word_1_103' title='bbox 1145 1562 1289 1628; x_wconf 85' lang='lat' dir='ltr'><strong>sitis,</strong></span> <span class='ocrx_word' id='word_1_104' title='bbox 1332 1565 1618 1630; x_wconf 89' lang='lat' dir='ltr'><strong>nuditatis,</strong></span> <span class='ocrx_word' id='word_1_105' title='bbox 1661 1569 1969 1637; x_wconf 54' lang='lat' dir='ltr'><strong>insomnia,</strong></span> 
     </span>
    </p>
   </div>
   <div class='ocr_carea' id='block_1_18' title="bbox 402 1640 2034 1728">
    <p class='ocr_par' dir='ltr' id='par_1_18' title="bbox 402 1640 2034 1728">
     <span class='ocr_line' id='line_1_18' title="bbox 402 1640 2034 1728; baseline 0.013 -31"><span class='ocrx_word' id='word_1_106' title='bbox 402 1640 631 1708; x_wconf 84' lang='lat' dir='ltr'><strong>laboris,</strong></span> <span class='ocrx_word' id='word_1_107' title='bbox 659 1646 942 1714; x_wconf 70' lang='lat' dir='ltr'><strong>molestiae,</strong></span> <span class='ocrx_word' id='word_1_108' title='bbox 965 1650 1336 1721; x_wconf 89' lang='lat' dir='ltr'><strong>adversitatis,</strong></span> <span class='ocrx_word' id='word_1_109' title='bbox 1367 1657 1726 1728; x_wconf 72' lang='lat' dir='ltr'><strong>aegritudinis,</strong></span> <span class='ocrx_word' id='word_1_110' title='bbox 1759 1643 1972 1718; x_wconf 77' lang='lat' dir='ltr'><strong>mortis.</strong></span> <span class='ocrx_word' id='word_1_111' title='bbox 2028 1719 2034 1726; x_wconf 89' lang='lat'><em>_</em></span> 
     </span>
    </p>
   </div>
   <div class='ocr_carea' id='block_1_19' title="bbox 2078 551 3637 622">
    <p class='ocr_par' dir='ltr' id='par_1_19' title="bbox 2078 551 3637 622">
     <span class='ocr_line' id='line_1_19' title="bbox 2078 551 3637 622; baseline 0 -17"><span class='ocrx_word' id='word_1_112' title='bbox 2078 551 2258 617; x_wconf 83' lang='lat' dir='ltr'><strong>habet,</strong></span> <span class='ocrx_word' id='word_1_113' title='bbox 2294 567 2470 621; x_wconf 90' lang='lat' dir='ltr'><strong>neque</strong></span> <span class='ocrx_word' id='word_1_114' title='bbox 2498 553 2590 606; x_wconf 93' lang='lat' dir='ltr'><strong>ulli</strong></span> <span class='ocrx_word' id='word_1_115' title='bbox 2634 568 2872 622; x_wconf 80' lang='lat' dir='ltr'><strong>unquam</strong></span> <span class='ocrx_word' id='word_1_116' title='bbox 2909 569 2939 609; x_wconf 90' lang='lat' dir='ltr'><strong>e</strong></span> <span class='ocrx_word' id='word_1_117' title='bbox 2969 554 3238 607; x_wconf 81' lang='lat' dir='ltr'><strong>creaturis</strong></span> <span class='ocrx_word' id='word_1_118' title='bbox 3273 554 3447 621; x_wconf 82' lang='lat' dir='ltr'><strong>ipsius</strong></span> <span class='ocrx_word' id='word_1_119' title='bbox 3503 570 3637 608; x_wconf 76' lang='lat' dir='ltr'><strong>cou~</strong></span> 
     </span>
    </p>
   </div>
   <div class='ocr_carea' id='block_1_20' title="bbox 2077 641 3633 713">
    <p class='ocr_par' dir='ltr' id='par_1_20' title="bbox 2077 641 3633 713">
     <span class='ocr_line' id='line_1_20' title="bbox 2077 641 3633 713; baseline -0.003 -17"><span class='ocrx_word' id='word_1_120' title='bbox 2077 657 2229 696; x_wconf 86' lang='lat' dir='ltr'><strong>cessa</strong></span> <span class='ocrx_word' id='word_1_121' title='bbox 2263 650 2411 698; x_wconf 89' lang='lat' dir='ltr'><strong>sunt.</strong></span> <span class='ocrx_word' id='word_1_122' title='bbox 2441 641 2608 711; x_wconf 81' lang='lat' dir='ltr'><strong>quue</strong></span> <span class='ocrx_word' id='word_1_123' title='bbox 2643 644 2767 713; x_wconf 84' lang='lat' dir='ltr'><strong>quia</strong></span> <span class='ocrx_word' id='word_1_124' title='bbox 2797 643 2911 712; x_wconf 85' lang='lat' dir='ltr'><strong>ipse</strong></span> <span class='ocrx_word' id='word_1_125' title='bbox 2949 642 3494 710; x_wconf 69' lang='lat' dir='ltr'><strong>creat&#39;qnodcunque</strong></span> <span class='ocrx_word' id='word_1_126' title='bbox 3518 644 3633 694; x_wconf 91' lang='lat' dir='ltr'><strong>vult</strong></span> 
     </span>
    </p>
   </div>
   <div class='ocr_carea' id='block_1_21' title="bbox 2011 733 3634 804">
    <p class='ocr_par' dir='ltr' id='par_1_21' title="bbox 2011 733 3634 804">
     <span class='ocr_line' id='line_1_21' title="bbox 2011 733 3634 804; baseline -0.003 -13"><span class='ocrx_word' id='word_1_127' title='bbox 2011 787 2017 791; x_wconf 85' lang='lat'><strong>.</strong></span> <span class='ocrx_word' id='word_1_128' title='bbox 2076 742 2130 787; x_wconf 88' lang='lat' dir='ltr'><strong>et</strong></span> <span class='ocrx_word' id='word_1_129' title='bbox 2155 733 2475 789; x_wconf 87' lang='lat' dir='ltr'><strong>abscondita</strong></span> <span class='ocrx_word' id='word_1_130' title='bbox 2506 735 2676 796; x_wconf 88' lang='lat' dir='ltr'><strong>novit,</strong></span> <span class='ocrx_word' id='word_1_131' title='bbox 2705 734 3035 804; x_wconf 84' lang='lat' dir='ltr'><strong>perspiciens</strong></span> <span class='ocrx_word' id='word_1_132' title='bbox 3067 748 3188 802; x_wconf 88' lang='lat' dir='ltr'><strong>quae</strong></span> <span class='ocrx_word' id='word_1_133' title='bbox 3227 741 3415 801; x_wconf 87' lang='lat' dir='ltr'><strong>tegunt</strong></span> <span class='ocrx_word' id='word_1_134' title='bbox 3448 741 3634 801; x_wconf 86' lang='lat' dir='ltr'><strong>pecto-</strong></span> 
     </span>
    </p>
   </div>
   <div class='ocr_carea' id='block_1_22' title="bbox 2075 825 3636 894">
    <p class='ocr_par' dir='ltr' id='par_1_22' title="bbox 2075 825 3636 894">
     <span class='ocr_line' id='line_1_22' title="bbox 2075 825 3636 894; baseline 0 -18"><span class='ocrx_word' id='word_1_135' title='bbox 2075 838 2157 890; x_wconf 92' lang='lat' dir='ltr'><strong>ra,</strong></span> <span class='ocrx_word' id='word_1_136' title='bbox 2209 835 2262 879; x_wconf 91' lang='lat' dir='ltr'><strong>et</strong></span> <span class='ocrx_word' id='word_1_137' title='bbox 2297 835 2517 894; x_wconf 85' lang='lat' dir='ltr'><strong>peccata</strong></span> <span class='ocrx_word' id='word_1_138' title='bbox 2571 826 2822 893; x_wconf 83' lang='lat' dir='ltr'><strong>remittit,</strong></span> <span class='ocrx_word' id='word_1_139' title='bbox 2860 840 2980 894; x_wconf 77' lang='lat' dir='ltr'><strong>qua:</strong></span> <span class='ocrx_word' id='word_1_140' title='bbox 3024 840 3182 880; x_wconf 83' lang='lat' dir='ltr'><strong>nemo</strong></span> <span class='ocrx_word' id='word_1_141' title='bbox 3234 835 3429 892; x_wconf 66' lang='lat' dir='ltr'><strong>praeter</strong></span> <span class='ocrx_word' id='word_1_142' title='bbox 3459 825 3636 892; x_wconf 84' lang='lat' dir='ltr'><strong>ipsum</strong></span> 
     </span>
    </p>
   </div>
   <div class='ocr_carea' id='block_1_23' title="bbox 2076 918 3634 988">
    <p class='ocr_par' dir='ltr' id='par_1_23' title="bbox 2076 918 3634 988">
     <span class='ocr_line' id='line_1_23' title="bbox 2076 918 3634 988; baseline -0.002 -16"><span class='ocrx_word' id='word_1_143' title='bbox 2076 919 2356 980; x_wconf 81' lang='lat' dir='ltr'><strong>remittere</strong></span> <span class='ocrx_word' id='word_1_144' title='bbox 2391 926 2588 988; x_wconf 89' lang='lat' dir='ltr'><strong>potest.</strong></span> <span class='ocrx_word' id='word_1_145' title='bbox 2653 918 2858 987; x_wconf 87' lang='lat' dir='ltr'><strong>Estque</strong></span> <span class='ocrx_word' id='word_1_146' title='bbox 2893 920 2948 973; x_wconf 90' lang='lat' dir='ltr'><strong>in</strong></span> <span class='ocrx_word' id='word_1_147' title='bbox 2983 919 3131 974; x_wconf 91' lang='lat' dir='ltr'><strong>omni</strong></span> <span class='ocrx_word' id='word_1_148' title='bbox 3165 919 3283 973; x_wconf 90' lang='lat' dir='ltr'><strong>loco</strong></span> <span class='ocrx_word' id='word_1_149' title='bbox 3314 933 3468 986; x_wconf 62' lang='lat' dir='ltr'><strong>aeque</strong></span> <span class='ocrx_word' id='word_1_150' title='bbox 3498 934 3634 986; x_wconf 80' lang='lat' dir='ltr'><strong>pra:-</strong></span> 
     </span>
    </p>
   </div>
   <div class='ocr_carea' id='block_1_24' title="bbox 2075 1009 3640 1080">
    <p class='ocr_par' dir='ltr' id='par_1_24' title="bbox 2075 1009 3640 1080">
     <span class='ocr_line' id='line_1_24' title="bbox 2075 1009 3640 1080; baseline -0.003 -16"><span class='ocrx_word' id='word_1_151' title='bbox 2075 1024 2201 1064; x_wconf 90' lang='lat' dir='ltr'><strong>sens</strong></span> <span class='ocrx_word' id='word_1_152' title='bbox 2220 1009 2364 1063; x_wconf 89' lang='lat' dir='ltr'><strong>nulla</strong></span> <span class='ocrx_word' id='word_1_153' title='bbox 2392 1024 2449 1064; x_wconf 89' lang='lat' dir='ltr'><strong>re</strong></span> <span class='ocrx_word' id='word_1_154' title='bbox 2468 1010 2808 1075; x_wconf 78' lang='lat' dir='ltr'><strong>terminatus,</strong></span> <span class='ocrx_word' id='word_1_155' title='bbox 2833 1020 2886 1064; x_wconf 90' lang='lat' dir='ltr'><strong>et</strong></span> <span class='ocrx_word' id='word_1_156' title='bbox 2902 1010 2953 1063; x_wconf 95' lang='lat' dir='ltr'><strong>in</strong></span> <span class='ocrx_word' id='word_1_157' title='bbox 2976 1010 3238 1079; x_wconf 88' lang='lat' dir='ltr'><strong>sepulcris</strong></span> <span class='ocrx_word' id='word_1_158' title='bbox 3257 1009 3368 1080; x_wconf 78' lang='lat'><strong>63</strong></span> <span class='ocrx_word' id='word_1_159' title='bbox 3383 1009 3566 1063; x_wconf 85' lang='lat' dir='ltr'><strong>condit</strong></span> <span class='ocrx_word' id='word_1_160' title='bbox 3579 1025 3640 1059; x_wconf 82' lang='lat' dir='ltr'><strong>os</strong></span> 
     </span>
    </p>
   </div>
   <div class='ocr_carea' id='block_1_25' title="bbox 2075 1099 3636 1171">
    <p class='ocr_par' dir='ltr' id='par_1_25' title="bbox 2075 1099 3636 1171">
     <span class='ocr_line' id='line_1_25' title="bbox 2075 1099 3636 1171; baseline -0.003 -15"><span class='ocrx_word' id='word_1_161' title='bbox 2075 1099 2161 1156; x_wconf 88' lang='lat' dir='ltr'><strong>die</strong></span> <span class='ocrx_word' id='word_1_162' title='bbox 2193 1102 2613 1156; x_wconf 84' lang='lat' dir='ltr'><strong>resurrectionis</strong></span> <span class='ocrx_word' id='word_1_163' title='bbox 2641 1103 3069 1158; x_wconf 87' lang='lat' dir='ltr'><strong>resuscitaturus</strong></span> <span class='ocrx_word' id='word_1_164' title='bbox 3098 1110 3180 1155; x_wconf 88' lang='lat' dir='ltr'><strong>est</strong></span> <span class='ocrx_word' id='word_1_165' title='bbox 3212 1103 3454 1171; x_wconf 86' lang='lat' dir='ltr'><strong>potentia</strong></span> <span class='ocrx_word' id='word_1_166' title='bbox 3515 1117 3636 1166; x_wconf 50' lang='lat' dir='ltr'><strong>sua,</strong></span> 
     </span>
    </p>
   </div>
   <div class='ocr_carea' id='block_1_26' title="bbox 2076 1195 3640 1264">
    <p class='ocr_par' dir='ltr' id='par_1_26' title="bbox 2076 1195 3640 1264">
     <span class='ocr_line' id='line_1_26' title="bbox 2076 1195 3640 1264; baseline -0.003 -14"><span class='ocrx_word' id='word_1_167' title='bbox 2076 1209 2200 1250; x_wconf 90' lang='lat' dir='ltr'><strong>cum</strong></span> <span class='ocrx_word' id='word_1_168' title='bbox 2235 1195 2305 1250; x_wconf 88' lang='lat' dir='ltr'><strong>sit</strong></span> <span class='ocrx_word' id='word_1_169' title='bbox 2338 1195 2602 1250; x_wconf 88' lang='lat' dir='ltr'><strong>Dominus</strong></span> <span class='ocrx_word' id='word_1_170' title='bbox 2634 1195 2977 1264; x_wconf 82' lang='lat' dir='ltr'><strong>dieijudicii,</strong></span> <span class='ocrx_word' id='word_1_171' title='bbox 3043 1195 3298 1248; x_wconf 85' lang='lat' dir='ltr'><strong>thronum</strong></span> <span class='ocrx_word' id='word_1_172' title='bbox 3364 1208 3640 1260; x_wconf 83' lang='lat' dir='ltr'><strong>occupans</strong></span> 
     </span>
    </p>
   </div>
   <div class='ocr_carea' id='block_1_27' title="bbox 2075 1284 3641 1357">
    <p class='ocr_par' dir='ltr' id='par_1_27' title="bbox 2075 1284 3641 1357">
     <span class='ocr_line' id='line_1_27' title="bbox 2075 1284 3641 1357; baseline -0.006 -15"><span class='ocrx_word' id='word_1_173' title='bbox 2075 1294 2127 1342; x_wconf 87' lang='lat' dir='ltr'><strong>et</strong></span> <span class='ocrx_word' id='word_1_174' title='bbox 2152 1301 2376 1357; x_wconf 79' lang='lat' dir='ltr'><strong>regnum</strong></span> <span class='ocrx_word' id='word_1_175' title='bbox 2425 1297 2481 1341; x_wconf 88' lang='lat' dir='ltr'><strong>et</strong></span> <span class='ocrx_word' id='word_1_176' title='bbox 2514 1287 2865 1341; x_wconf 82' lang='lat' dir='ltr'><strong>ratiocinium</strong></span> <span class='ocrx_word' id='word_1_177' title='bbox 2888 1301 3161 1350; x_wconf 88' lang='lat' dir='ltr'><strong>severum,</strong></span> <span class='ocrx_word' id='word_1_178' title='bbox 3194 1287 3281 1353; x_wconf 90' lang='lat' dir='ltr'><strong>qui</strong></span> <span class='ocrx_word' id='word_1_179' title='bbox 3344 1284 3641 1352; x_wconf 87' lang='lat' dir='ltr'><strong>unicuique</strong></span> 
     </span>
    </p>
   </div>
   <div class='ocr_carea' id='block_1_28' title="bbox 2075 1377 3642 1450">
    <p class='ocr_par' dir='ltr' id='par_1_28' title="bbox 2075 1377 3642 1450">
     <span class='ocr_line' id='line_1_28' title="bbox 2075 1377 3642 1450; baseline -0.006 -15"><span class='ocrx_word' id='word_1_180' title='bbox 2075 1381 2372 1436; x_wconf 88' lang='lat' dir='ltr'><strong>secundum</strong></span> <span class='ocrx_word' id='word_1_181' title='bbox 2408 1395 2470 1435; x_wconf 85' lang='lat' dir='ltr'><strong>ea</strong></span> <span class='ocrx_word' id='word_1_182' title='bbox 2505 1396 2624 1450; x_wconf 68' lang='lat' dir='ltr'><strong>qua:</strong></span> <span class='ocrx_word' id='word_1_183' title='bbox 2654 1380 2780 1434; x_wconf 81' lang='lat' dir='ltr'><strong>fecit</strong></span> <span class='ocrx_word' id='word_1_184' title='bbox 2814 1379 3103 1445; x_wconf 90' lang='lat' dir='ltr'><strong>retribuit;</strong></span> <span class='ocrx_word' id='word_1_185' title='bbox 3136 1378 3385 1446; x_wconf 89' lang='lat' dir='ltr'><strong>idemque</strong></span> <span class='ocrx_word' id='word_1_186' title='bbox 3423 1378 3528 1445; x_wconf 68' lang='lat' dir='ltr'><strong>qui‘</strong></span> <span class='ocrx_word' id='word_1_187' title='bbox 3577 1377 3642 1426; x_wconf 77' lang='lat' dir='ltr'><strong>ile</strong></span> 
     </span>
    </p>
   </div>
   <div class='ocr_carea' id='block_1_29' title="bbox 2076 1469 3643 1538">
    <p class='ocr_par' dir='ltr' id='par_1_29' title="bbox 2076 1469 3643 1538">
     <span class='ocr_line' id='line_1_29' title="bbox 2076 1469 3643 1538; baseline -0.004 -11"><span class='ocrx_word' id='word_1_188' title='bbox 2076 1472 2216 1527; x_wconf 67' lang='lat' dir='ltr'><strong>ctelo</strong></span> <span class='ocrx_word' id='word_1_189' title='bbox 2251 1471 2586 1528; x_wconf 88' lang='lat' dir='ltr'><strong>descendens</strong></span> <span class='ocrx_word' id='word_1_190' title='bbox 2621 1472 2937 1526; x_wconf 87' lang='lat' dir='ltr'><strong>incarnatus</strong></span> <span class='ocrx_word' id='word_1_191' title='bbox 2977 1479 3081 1535; x_wconf 91' lang='lat' dir='ltr'><strong>est,</strong></span> <span class='ocrx_word' id='word_1_192' title='bbox 3106 1480 3160 1524; x_wconf 88' lang='lat' dir='ltr'><strong>et</strong></span> <span class='ocrx_word' id='word_1_193' title='bbox 3187 1485 3386 1538; x_wconf 88' lang='lat' dir='ltr'><strong>corpus</strong></span> <span class='ocrx_word' id='word_1_194' title='bbox 3421 1469 3473 1521; x_wconf 90' lang='lat' dir='ltr'><strong>in</strong></span> <span class='ocrx_word' id='word_1_195' title='bbox 3533 1483 3643 1521; x_wconf 78' lang='lat' dir='ltr'><strong>ca:-</strong></span> 
     </span>
    </p>
   </div>
   <div class='ocr_carea' id='block_1_30' title="bbox 2075 1564 2470 1619">
    <p class='ocr_par' dir='ltr' id='par_1_30' title="bbox 2075 1564 2470 1619">
     <span class='ocr_line' id='line_1_30' title="bbox 2075 1564 2470 1619; baseline -0.003 0"><span class='ocrx_word' id='word_1_196' title='bbox 2075 1565 2186 1619; x_wconf 92' lang='lat' dir='ltr'><strong>lum</strong></span> <span class='ocrx_word' id='word_1_197' title='bbox 2214 1564 2470 1619; x_wconf 84' lang='lat' dir='ltr'><strong>sustulit.</strong></span> 
     </span>
    </p>
   </div>
   <div class='ocr_carea' id='block_1_31' title="bbox 2147 1652 3641 1725">
    <p class='ocr_par' dir='ltr' id='par_1_31' title="bbox 2147 1652 3641 1725">
     <span class='ocr_line' id='line_1_31' title="bbox 2147 1652 3641 1725; baseline -0.007 -13"><span class='ocrx_word' id='word_1_198' title='bbox 2147 1655 2282 1712; x_wconf 87' lang='lat' dir='ltr'><strong>Cum</strong></span> <span class='ocrx_word' id='word_1_199' title='bbox 2333 1665 2513 1712; x_wconf 90' lang='lat' dir='ltr'><strong>autem</strong></span> <span class='ocrx_word' id='word_1_200' title='bbox 2555 1656 2756 1711; x_wconf 89' lang='lat' dir='ltr'><strong>faceret</strong></span> <span class='ocrx_word' id='word_1_201' title='bbox 2785 1671 2947 1725; x_wconf 83' lang='lat' dir='ltr'><strong>opera</strong></span> <span class='ocrx_word' id='word_1_202' title='bbox 3005 1652 3379 1716; x_wconf 85' lang='lat' dir='ltr'><strong>humanitatis,</strong></span> <span class='ocrx_word' id='word_1_203' title='bbox 3419 1666 3479 1706; x_wconf 90' lang='lat' dir='ltr'><strong>ca</strong></span> <span class='ocrx_word' id='word_1_204' title='bbox 3525 1667 3641 1716; x_wconf 75' lang='lat' dir='ltr'><strong>qua:</strong></span> 
     </span>
    </p>
   </div>
   <div class='ocr_carea' id='block_1_32' title="bbox 403 1731 3641 1836">
    <p class='ocr_par' dir='ltr' id='par_1_32' title="bbox 403 1731 3641 1836">
     <span class='ocr_line' id='line_1_32' title="bbox 403 1731 3641 1836; baseline -0.001 -40"><span class='ocrx_word' id='word_1_205' title='bbox 403 1731 538 1789; x_wconf 72' lang='grc' dir='ltr'><strong>1³11Ιά</strong></span> <span class='ocrx_word' id='word_1_206' title='bbox 568 1743 750 1792; x_wconf 67' lang='lat' dir='ltr'><strong>autem</strong></span> <span class='ocrx_word' id='word_1_207' title='bbox 786 1739 931 1808; x_wconf 88' lang='lat' dir='ltr'><strong>quod</strong></span> <span class='ocrx_word' id='word_1_208' title='bbox 959 1741 1274 1814; x_wconf 85' lang='lat' dir='ltr'><strong>discrepant</strong></span> <span class='ocrx_word' id='word_1_209' title='bbox 1301 1748 1548 1804; x_wconf 86' lang='lat' dir='ltr'><strong>homines</strong></span> <span class='ocrx_word' id='word_1_210' title='bbox 1578 1759 1775 1820; x_wconf 60' lang='lat' dir='ltr'><strong>praiter</strong></span> <span class='ocrx_word' id='word_1_211' title='bbox 1807 1767 1977 1824; x_wconf 78' lang='lat' dir='ltr'><strong>appe-</strong></span> <span class='ocrx_word' id='word_1_212' title='bbox 2009 1781 2050 1836; x_wconf 71' lang='grc' dir='ltr'><strong>Β</strong></span> <span class='ocrx_word' id='word_1_213' title='bbox 2079 1763 2240 1818; x_wconf 84' lang='lat' dir='ltr'><strong>opera</strong></span> <span class='ocrx_word' id='word_1_214' title='bbox 2274 1757 2403 1801; x_wconf 90' lang='lat' dir='ltr'><strong>sunt</strong></span> <span class='ocrx_word' id='word_1_215' title='bbox 2432 1747 2684 1815; x_wconf 86' lang='lat' dir='ltr'><strong>generica</strong></span> <span class='ocrx_word' id='word_1_216' title='bbox 2721 1756 2774 1801; x_wconf 90' lang='lat' dir='ltr'><strong>et</strong></span> <span class='ocrx_word' id='word_1_217' title='bbox 2807 1747 3076 1801; x_wconf 86' lang='lat' dir='ltr'><strong>naturalia</strong></span> <span class='ocrx_word' id='word_1_218' title='bbox 3139 1744 3343 1814; x_wconf 89' lang='lat' dir='ltr'><strong>(qualia</strong></span> <span class='ocrx_word' id='word_1_219' title='bbox 3367 1749 3494 1797; x_wconf 88' lang='lat' dir='ltr'><strong>sunt</strong></span> <span class='ocrx_word' id='word_1_220' title='bbox 3519 1741 3641 1795; x_wconf 85' lang='lat' dir='ltr'><strong>edc-</strong></span> 
     </span>
    </p>
   </div>
   <div class='ocr_carea' id='block_1_33' title="bbox 404 1825 1974 1906">
    <p class='ocr_par' dir='ltr' id='par_1_33' title="bbox 404 1825 1974 1906">
     <span class='ocr_line' id='line_1_33' title="bbox 404 1825 1974 1906; baseline 0.015 -28"><span class='ocrx_word' id='word_1_221' title='bbox 404 1825 560 1880; x_wconf 86' lang='lat' dir='ltr'><strong>titum</strong></span> <span class='ocrx_word' id='word_1_222' title='bbox 593 1829 951 1886; x_wconf 85' lang='lat' dir='ltr'><strong>universalem</strong></span> <span class='ocrx_word' id='word_1_223' title='bbox 991 1836 1138 1904; x_wconf 87' lang='lat' dir='ltr'><strong>quod</strong></span> <span class='ocrx_word' id='word_1_224' title='bbox 1167 1837 1236 1891; x_wconf 86' lang='lat' dir='ltr'><strong>ad</strong></span> <span class='ocrx_word' id='word_1_225' title='bbox 1275 1854 1361 1894; x_wconf 92' lang='lat' dir='ltr'><strong>res</strong></span> <span class='ocrx_word' id='word_1_226' title='bbox 1385 1854 1522 1906; x_wconf 85' lang='lat' dir='ltr'><strong>quas</strong></span> <span class='ocrx_word' id='word_1_227' title='bbox 1553 1842 1646 1895; x_wconf 87' lang='lat' dir='ltr'><strong>alii</strong></span> <span class='ocrx_word' id='word_1_228' title='bbox 1682 1856 1873 1900; x_wconf 88' lang='lat' dir='ltr'><strong>contra</strong></span> <span class='ocrx_word' id='word_1_229' title='bbox 1910 1861 1974 1901; x_wconf 88' lang='lat' dir='ltr'><strong>ac</strong></span> 
     </span>
    </p>
   </div>
   <div class='ocr_carea' id='block_1_34' title="bbox 403 1919 1974 2009">
    <p class='ocr_par' dir='ltr' id='par_1_34' title="bbox 403 1919 1974 2009">
     <span class='ocr_line' id='line_1_34' title="bbox 403 1919 1974 2009; baseline 0.015 -38"><span class='ocrx_word' id='word_1_230' title='bbox 403 1919 493 1972; x_wconf 86' lang='lat' dir='ltr'><strong>alii</strong></span> <span class='ocrx_word' id='word_1_231' title='bbox 544 1921 735 1986; x_wconf 78' lang='lat' dir='ltr'><strong>velint,</strong></span> <span class='ocrx_word' id='word_1_232' title='bbox 775 1940 882 1980; x_wconf 90' lang='lat' dir='ltr'><strong>non</strong></span> <span class='ocrx_word' id='word_1_233' title='bbox 918 1935 1054 1982; x_wconf 87' lang='lat' dir='ltr'><strong>esta</strong></span> <span class='ocrx_word' id='word_1_234' title='bbox 1104 1930 1386 1986; x_wconf 82' lang='lat' dir='ltr'><strong>voluntate</strong></span> <span class='ocrx_word' id='word_1_235' title='bbox 1419 1937 1657 1990; x_wconf 87' lang='lat' dir='ltr'><strong>naturali</strong></span> <span class='ocrx_word' id='word_1_236' title='bbox 1690 1953 1814 2006; x_wconf 74' lang='lat' dir='ltr'><strong>quae</strong></span> <span class='ocrx_word' id='word_1_237' title='bbox 1875 1956 1974 2009; x_wconf 85' lang='lat' dir='ltr'><strong>ge-</strong></span> 
     </span>
    </p>
   </div>
   <div class='ocr_carea' id='block_1_35' title="bbox 405 2010 1974 2100">
    <p class='ocr_par' dir='ltr' id='par_1_35' title="bbox 405 2010 1974 2100">
     <span class='ocr_line' id='line_1_35' title="bbox 405 2010 1974 2100; baseline 0.015 -36"><span class='ocrx_word' id='word_1_238' title='bbox 405 2010 524 2065; x_wconf 89' lang='lat' dir='ltr'><strong>neri</strong></span> <span class='ocrx_word' id='word_1_239' title='bbox 556 2015 833 2083; x_wconf 88' lang='lat' dir='ltr'><strong>competit,</strong></span> <span class='ocrx_word' id='word_1_240' title='bbox 863 2018 958 2072; x_wconf 91' lang='lat' dir='ltr'><strong>sed</strong></span> <span class='ocrx_word' id='word_1_241' title='bbox 993 2019 1325 2076; x_wconf 86' lang='lat' dir='ltr'><strong>desiderium</strong></span> <span class='ocrx_word' id='word_1_242' title='bbox 1358 2025 1636 2096; x_wconf 78' lang='lat' dir='ltr'><strong>singulare</strong></span> <span class='ocrx_word' id='word_1_243' title='bbox 1669 2031 1815 2098; x_wconf 88' lang='lat' dir='ltr'><strong>quod</strong></span> <span class='ocrx_word' id='word_1_244' title='bbox 1851 2032 1974 2100; x_wconf 68' lang='lat' dir='ltr'><strong>qui«</strong></span> 
     </span>
    </p>
   </div>
   <div class='ocr_carea' id='block_1_36' title="bbox 407 2100 1976 2189">
    <p class='ocr_par' dir='ltr' id='par_1_36' title="bbox 407 2100 1976 2189">
     <span class='ocr_line' id='line_1_36' title="bbox 407 2100 1976 2189; baseline 0.016 -35"><span class='ocrx_word' id='word_1_245' title='bbox 407 2100 636 2157; x_wconf 87' lang='lat' dir='ltr'><strong>busdam</strong></span> <span class='ocrx_word' id='word_1_246' title='bbox 665 2111 874 2159; x_wconf 90' lang='lat' dir='ltr'><strong>tantum</strong></span> <span class='ocrx_word' id='word_1_247' title='bbox 913 2108 1194 2164; x_wconf 82' lang='lat' dir='ltr'><strong>hominum</strong></span> <span class='ocrx_word' id='word_1_248' title='bbox 1225 2116 1441 2181; x_wconf 89' lang='lat' dir='ltr'><strong>accidit,</strong></span> <span class='ocrx_word' id='word_1_249' title='bbox 1495 2132 1557 2172; x_wconf 93' lang='lat' dir='ltr'><strong>ac</strong></span> <span class='ocrx_word' id='word_1_250' title='bbox 1585 2122 1852 2189; x_wconf 88' lang='lat' dir='ltr'><strong>appetitui</strong></span> <span class='ocrx_word' id='word_1_251' title='bbox 1882 2139 1976 2178; x_wconf 87' lang='lat' dir='ltr'><strong>na-</strong></span> 
     </span>
    </p>
   </div>
   <div class='ocr_carea' id='block_1_37' title="bbox 408 2197 1972 2286">
    <p class='ocr_par' dir='ltr' id='par_1_37' title="bbox 408 2197 1972 2286">
     <span class='ocr_line' id='line_1_37' title="bbox 408 2197 1972 2286; baseline 0.015 -38"><span class='ocrx_word' id='word_1_252' title='bbox 408 2197 568 2251; x_wconf 90' lang='lat' dir='ltr'><strong>turali</strong></span> <span class='ocrx_word' id='word_1_253' title='bbox 599 2202 928 2254; x_wconf 89' lang='lat' dir='ltr'><strong>contrarium</strong></span> <span class='ocrx_word' id='word_1_254' title='bbox 960 2221 972 2268; x_wconf 92' lang='lat'><strong>;</strong></span> <span class='ocrx_word' id='word_1_255' title='bbox 1015 2212 1200 2274; x_wconf 89' lang='lat' dir='ltr'><strong>utpote</strong></span> <span class='ocrx_word' id='word_1_256' title='bbox 1224 2209 1369 2276; x_wconf 90' lang='lat' dir='ltr'><strong>quod</strong></span> <span class='ocrx_word' id='word_1_257' title='bbox 1403 2211 1547 2265; x_wconf 89' lang='lat' dir='ltr'><strong>aliud</strong></span> <span class='ocrx_word' id='word_1_258' title='bbox 1579 2227 1605 2264; x_wconf 92' lang='lat' dir='ltr'><strong>a</strong></span> <span class='ocrx_word' id='word_1_259' title='bbox 1640 2214 1783 2268; x_wconf 90' lang='lat' dir='ltr'><strong>bono</strong></span> <span class='ocrx_word' id='word_1_260' title='bbox 1811 2230 1972 2286; x_wconf 88' lang='lat' dir='ltr'><strong>appe-</strong></span> 
     </span>
    </p>
   </div>
   <div class='ocr_carea' id='block_1_38' title="bbox 406 2287 1974 2364">
    <p class='ocr_par' dir='ltr' id='par_1_38' title="bbox 406 2287 1974 2364">
     <span class='ocr_line' id='line_1_38' title="bbox 406 2287 1974 2364; baseline 0.015 -25"><span class='ocrx_word' id='word_1_261' title='bbox 406 2293 505 2352; x_wconf 88' lang='lat' dir='ltr'><strong>tat,</strong></span> <span class='ocrx_word' id='word_1_262' title='bbox 540 2287 768 2359; x_wconf 90' lang='lat' dir='ltr'><strong>ideoque</strong></span> <span class='ocrx_word' id='word_1_263' title='bbox 799 2293 1110 2364; x_wconf 81' lang='lat' dir='ltr'><strong>discrepant</strong></span> <span class='ocrx_word' id='word_1_264' title='bbox 1142 2299 1194 2351; x_wconf 89' lang='lat' dir='ltr'><strong>in</strong></span> <span class='ocrx_word' id='word_1_265' title='bbox 1229 2299 1517 2357; x_wconf 85' lang='lat' dir='ltr'><strong>desideriis</strong></span> <span class='ocrx_word' id='word_1_266' title='bbox 1553 2303 1673 2360; x_wconf 85' lang='lat' dir='ltr'><strong>istis</strong></span> <span class='ocrx_word' id='word_1_267' title='bbox 1722 2308 1974 2362; x_wconf 87' lang='lat' dir='ltr'><strong>acciden-</strong></span> 
     </span>
    </p>
   </div>
   <div class='ocr_carea' id='block_1_39' title="bbox 406 2378 1972 2468">
    <p class='ocr_par' dir='ltr' id='par_1_39' title="bbox 406 2378 1972 2468">
     <span class='ocr_line' id='line_1_39' title="bbox 406 2378 1972 2468; baseline 0.016 -38"><span class='ocrx_word' id='word_1_268' title='bbox 406 2378 606 2435; x_wconf 89' lang='lat' dir='ltr'><strong>talibus</strong></span> <span class='ocrx_word' id='word_1_269' title='bbox 661 2396 782 2450; x_wconf 62' lang='lat' dir='ltr'><strong>quae</strong></span> <span class='ocrx_word' id='word_1_270' title='bbox 843 2384 911 2439; x_wconf 92' lang='lat' dir='ltr'><strong>ab</strong></span> <span class='ocrx_word' id='word_1_271' title='bbox 971 2387 1254 2444; x_wconf 78' lang='lat' dir='ltr'><strong>aﬂectibus</strong></span> <span class='ocrx_word' id='word_1_272' title='bbox 1313 2393 1585 2457; x_wconf 88' lang='lat' dir='ltr'><strong>oriuntur,</strong></span> <span class='ocrx_word' id='word_1_273' title='bbox 1645 2412 1972 2468; x_wconf 88' lang='lat' dir='ltr'><strong>unoquoque</strong></span> 
     </span>
    </p>
   </div>
   <div class='ocr_carea' id='block_1_40' title="bbox 405 2468 1970 2558">
    <p class='ocr_par' dir='ltr' id='par_1_40' title="bbox 405 2468 1970 2558">
     <span class='ocr_line' id='line_1_40' title="bbox 405 2468 1970 2558; baseline 0.013 -35"><span class='ocrx_word' id='word_1_274' title='bbox 405 2468 538 2524; x_wconf 89' lang='lat' dir='ltr'><strong>illud</strong></span> <span class='ocrx_word' id='word_1_275' title='bbox 567 2473 781 2528; x_wconf 90' lang='lat' dir='ltr'><strong>volente</strong></span> <span class='ocrx_word' id='word_1_276' title='bbox 803 2476 946 2543; x_wconf 89' lang='lat' dir='ltr'><strong>quod</strong></span> <span class='ocrx_word' id='word_1_277' title='bbox 970 2477 1242 2535; x_wconf 85' lang='lat' dir='ltr'><strong>desiderat</strong></span> <span class='ocrx_word' id='word_1_278' title='bbox 1273 2483 1342 2536; x_wconf 91' lang='lat' dir='ltr'><strong>ob</strong></span> <span class='ocrx_word' id='word_1_279' title='bbox 1369 2486 1702 2554; x_wconf 90' lang='lat' dir='ltr'><strong>voluptatem</strong></span> <span class='ocrx_word' id='word_1_280' title='bbox 1727 2505 1847 2557; x_wconf 71' lang='lat' dir='ltr'><strong>quae</strong></span> <span class='ocrx_word' id='word_1_281' title='bbox 1869 2491 1970 2558; x_wconf 90' lang='lat' dir='ltr'><strong>ipsi</strong></span> 
     </span>
    </p>
   </div>
   <div class='ocr_carea' id='block_1_41' title="bbox 404 2560 1974 2649">
    <p class='ocr_par' dir='ltr' id='par_1_41' title="bbox 404 2560 1974 2649">
     <span class='ocr_line' id='line_1_41' title="bbox 404 2560 1974 2649; baseline 0.012 -34"><span class='ocrx_word' id='word_1_282' title='bbox 404 2560 850 2636; x_wconf 81' lang='lat' dir='ltr'><strong>inde-contingit.</strong></span> <span class='ocrx_word' id='word_1_283' title='bbox 897 2565 1084 2637; x_wconf 82' lang='lat' dir='ltr'><strong>Neque</strong></span> <span class='ocrx_word' id='word_1_284' title='bbox 1117 2579 1295 2626; x_wconf 91' lang='lat' dir='ltr'><strong>tamen</strong></span> <span class='ocrx_word' id='word_1_285' title='bbox 1350 2574 1568 2630; x_wconf 89' lang='lat' dir='ltr'><strong>interim</strong></span> <span class='ocrx_word' id='word_1_286' title='bbox 1624 2579 1776 2632; x_wconf 67' lang='lat' dir='ltr'><strong>extitit</strong></span> <span class='ocrx_word' id='word_1_287' title='bbox 1822 2582 1974 2649; x_wconf 87' lang='lat' dir='ltr'><strong>quis-</strong></span> 
     </span>
    </p>
   </div>
   <div class='ocr_carea' id='block_1_42' title="bbox 406 2653 1970 2733">
    <p class='ocr_par' dir='ltr' id='par_1_42' title="bbox 406 2653 1970 2733">
     <span class='ocr_line' id='line_1_42' title="bbox 406 2653 1970 2733; baseline 0.016 -29"><span class='ocrx_word' id='word_1_288' title='bbox 406 2653 549 2722; x_wconf 91' lang='lat' dir='ltr'><strong>piam</strong></span> <span class='ocrx_word' id='word_1_289' title='bbox 580 2658 876 2726; x_wconf 86' lang='lat' dir='ltr'><strong>appetitum</strong></span> <span class='ocrx_word' id='word_1_290' title='bbox 899 2675 1241 2717; x_wconf 89' lang='lat' dir='ltr'><strong>communem</strong></span> <span class='ocrx_word' id='word_1_291' title='bbox 1270 2654 1376 2733; x_wconf 83' lang='lat' dir='ltr'><strong>quo</strong></span> <span class='ocrx_word' id='word_1_292' title='bbox 1402 2668 1970 2728; x_wconf 83' lang='lat' dir='ltr'><strong>iucitanturhomines</strong></span> 
     </span>
    </p>
   </div>
   <div class='ocr_carea' id='block_1_43' title="bbox 406 2740 1968 2824">
    <p class='ocr_par' dir='ltr' id='par_1_43' title="bbox 406 2740 1968 2824">
     <span class='ocr_line' id='line_1_43' title="bbox 406 2740 1968 2824; baseline 0.016 -33"><span class='ocrx_word' id='word_1_293' title='bbox 406 2740 474 2794; x_wconf 82' lang='lat' dir='ltr'><strong>ad</strong></span> <span class='ocrx_word' id='word_1_294' title='bbox 507 2743 706 2798; x_wconf 87' lang='lat' dir='ltr'><strong>bonum</strong></span> <span class='ocrx_word' id='word_1_295' title='bbox 738 2745 1024 2800; x_wconf 88' lang='lat' dir='ltr'><strong>volcndum</strong></span> <span class='ocrx_word' id='word_1_296' title='bbox 1066 2749 1354 2822; x_wconf 90' lang='lat' dir='ltr'><strong>ipsumque</strong></span> <span class='ocrx_word' id='word_1_297' title='bbox 1375 2749 1829 2824; x_wconf 86' lang='lat' dir='ltr'><strong>amplectendum,</strong></span> <span class='ocrx_word' id='word_1_298' title='bbox 1861 2772 1968 2817; x_wconf 90' lang='lat' dir='ltr'><strong>tam</strong></span> 
     </span>
    </p>
   </div>
   <div class='ocr_carea' id='block_1_44' title="bbox 406 2829 1970 2922">
    <p class='ocr_par' dir='ltr' id='par_1_44' title="bbox 406 2829 1970 2922">
     <span class='ocr_line' id='line_1_44' title="bbox 406 2829 1970 2922; baseline 0.016 -37"><span class='ocrx_word' id='word_1_299' title='bbox 406 2829 461 2885; x_wconf 92' lang='lat' dir='ltr'><strong>in</strong></span> <span class='ocrx_word' id='word_1_300' title='bbox 493 2832 595 2888; x_wconf 89' lang='lat' dir='ltr'><strong>hac</strong></span> <span class='ocrx_word' id='word_1_301' title='bbox 627 2835 731 2888; x_wconf 89' lang='lat' dir='ltr'><strong>vita</strong></span> <span class='ocrx_word' id='word_1_302' title='bbox 750 2853 910 2905; x_wconf 85' lang='lat' dir='ltr'><strong>quam</strong></span> <span class='ocrx_word' id='word_1_303' title='bbox 934 2840 989 2894; x_wconf 94' lang='lat' dir='ltr'><strong>in</strong></span> <span class='ocrx_word' id='word_1_304' title='bbox 1008 2838 1214 2896; x_wconf 78' lang='lat' dir='ltr'><strong>futura.</strong></span> <span class='ocrx_word' id='word_1_305' title='bbox 1241 2843 1474 2916; x_wconf 91' lang='lat' dir='ltr'><strong>Ideoque</strong></span> <span class='ocrx_word' id='word_1_306' title='bbox 1504 2849 1723 2906; x_wconf 85' lang='lat' dir='ltr'><strong>Christo</strong></span> <span class='ocrx_word' id='word_1_307' title='bbox 1749 2867 1970 2922; x_wconf 91' lang='lat' dir='ltr'><strong>compe-</strong></span> 
     </span>
    </p>
   </div>
   <div class='ocr_carea' id='block_1_45' title="bbox 407 2923 1973 3010">
    <p class='ocr_par' dir='ltr' id='par_1_45' title="bbox 407 2923 1973 3010">
     <span class='ocr_line' id='line_1_45' title="bbox 407 2923 1973 3010; baseline 0.017 -36"><span class='ocrx_word' id='word_1_308' title='bbox 407 2930 531 2976; x_wconf 89' lang='lat' dir='ltr'><strong>tunt</strong></span> <span class='ocrx_word' id='word_1_309' title='bbox 563 2923 703 2979; x_wconf 84' lang='lat' dir='ltr'><strong>binae</strong></span> <span class='ocrx_word' id='word_1_310' title='bbox 732 2928 1044 2988; x_wconf 74' lang='lat' dir='ltr'><strong>voluntates</strong></span> <span class='ocrx_word' id='word_1_311' title='bbox 1080 2938 1358 2992; x_wconf 89' lang='lat' dir='ltr'><strong>naturales</strong></span> <span class='ocrx_word' id='word_1_312' title='bbox 1416 2941 1660 3010; x_wconf 76' lang='lat' dir='ltr'><strong>integrae,</strong></span> <span class='ocrx_word' id='word_1_313' title='bbox 1695 2944 1878 2999; x_wconf 89' lang='lat' dir='ltr'><strong>divina</strong></span> <span class='ocrx_word' id='word_1_314' title='bbox 1920 2958 1973 3001; x_wconf 91' lang='lat' dir='ltr'><strong>et</strong></span> 
     </span>
    </p>
   </div>
   <div class='ocr_carea' id='block_1_46' title="bbox 405 3015 1967 3106">
    <p class='ocr_par' dir='ltr' id='par_1_46' title="bbox 405 3015 1967 3106">
     <span class='ocr_line' id='line_1_46' title="bbox 405 3015 1967 3106; baseline 0.016 -38"><span class='ocrx_word' id='word_1_315' title='bbox 405 3015 664 3084; x_wconf 90' lang='lat' dir='ltr'><strong>humana,</strong></span> <span class='ocrx_word' id='word_1_316' title='bbox 697 3021 910 3091; x_wconf 89' lang='lat' dir='ltr'><strong>duoque</strong></span> <span class='ocrx_word' id='word_1_317' title='bbox 929 3041 1123 3093; x_wconf 86' lang='lat' dir='ltr'><strong>genera</strong></span> <span class='ocrx_word' id='word_1_318' title='bbox 1143 3029 1371 3099; x_wconf 86' lang='lat' dir='ltr'><strong>integra,</strong></span> <span class='ocrx_word' id='word_1_319' title='bbox 1394 3047 1588 3088; x_wconf 90' lang='lat' dir='ltr'><strong>crcans</strong></span> <span class='ocrx_word' id='word_1_320' title='bbox 1614 3044 1667 3089; x_wconf 89' lang='lat' dir='ltr'><strong>et</strong></span> <span class='ocrx_word' id='word_1_321' title='bbox 1694 3045 1967 3106; x_wconf 86' lang='lat' dir='ltr'><strong>creatum,</strong></span> 
     </span>
    </p>
   </div>
   <div class='ocr_carea' id='block_1_47' title="bbox 2079 1838 3646 1905">
    <p class='ocr_par' dir='ltr' id='par_1_47' title="bbox 2079 1838 3646 1905">
     <span class='ocr_line' id='line_1_47' title="bbox 2079 1838 3646 1905; baseline -0.004 -11"><span class='ocrx_word' id='word_1_322' title='bbox 2079 1855 2158 1904; x_wconf 88' lang='lat' dir='ltr'><strong>re,</strong></span> <span class='ocrx_word' id='word_1_323' title='bbox 2185 1838 2397 1899; x_wconf 91' lang='lat' dir='ltr'><strong>bibere,</strong></span> <span class='ocrx_word' id='word_1_324' title='bbox 2431 1839 2603 1900; x_wconf 88' lang='lat' dir='ltr'><strong>indui,</strong></span> <span class='ocrx_word' id='word_1_325' title='bbox 2634 1854 2877 1905; x_wconf 88' lang='lat' dir='ltr'><strong>somnus,</strong></span> <span class='ocrx_word' id='word_1_326' title='bbox 2924 1840 3112 1903; x_wconf 82' lang='lat' dir='ltr'><strong>sudor,</strong></span> <span class='ocrx_word' id='word_1_327' title='bbox 3145 1838 3389 1898; x_wconf 87' lang='lat' dir='ltr'><strong>tristitia,</strong></span> <span class='ocrx_word' id='word_1_328' title='bbox 3427 1849 3646 1904; x_wconf 78' lang='lat' dir='ltr'><strong>perpes-</strong></span> 
     </span>
    </p>
   </div>
   <div class='ocr_carea' id='block_1_48' title="bbox 2079 1928 3702 2000">
    <p class='ocr_par' dir='ltr' id='par_1_48' title="bbox 2079 1928 3702 2000">
     <span class='ocr_line' id='line_1_48' title="bbox 2079 1928 3702 2000; baseline -0.006 -13"><span class='ocrx_word' id='word_1_329' title='bbox 2079 1933 2286 1997; x_wconf 87' lang='lat' dir='ltr'><strong>siones,</strong></span> <span class='ocrx_word' id='word_1_330' title='bbox 2325 1935 2519 2000; x_wconf 88' lang='lat' dir='ltr'><strong>mors),</strong></span> <span class='ocrx_word' id='word_1_331' title='bbox 2562 1933 2648 1988; x_wconf 89' lang='lat' dir='ltr'><strong>his</strong></span> <span class='ocrx_word' id='word_1_332' title='bbox 2707 1933 3096 1987; x_wconf 86' lang='lat' dir='ltr'><strong>humanitatem</strong></span> <span class='ocrx_word' id='word_1_333' title='bbox 3143 1947 3296 1985; x_wconf 88' lang='lat' dir='ltr'><strong>suam</strong></span> <span class='ocrx_word' id='word_1_334' title='bbox 3350 1928 3643 1990; x_wconf 70' lang='lat' dir='ltr'><strong>adstruxit,</strong></span> <span class='ocrx_word' id='word_1_335' title='bbox 3699 1928 3702 1931; x_wconf 84' lang='grc'><em>’</em></span> 
     </span>
    </p>
   </div>
   <div class='ocr_carea' id='block_1_49' title="bbox 2079 2020 3644 2095">
    <p class='ocr_par' dir='ltr' id='par_1_49' title="bbox 2079 2020 3644 2095">
     <span class='ocr_line' id='line_1_49' title="bbox 2079 2020 3644 2095; baseline -0.008 -13"><span class='ocrx_word' id='word_1_336' title='bbox 2079 2041 2247 2095; x_wconf 88' lang='lat' dir='ltr'><strong>seque</strong></span> <span class='ocrx_word' id='word_1_337' title='bbox 2278 2025 2551 2080; x_wconf 88' lang='lat' dir='ltr'><strong>hominem</strong></span> <span class='ocrx_word' id='word_1_338' title='bbox 2585 2020 2778 2080; x_wconf 85' lang='lat' dir='ltr'><strong>natura</strong></span> <span class='ocrx_word' id='word_1_339' title='bbox 2807 2025 3108 2094; x_wconf 86' lang='lat' dir='ltr'><strong>perfectum</strong></span> <span class='ocrx_word' id='word_1_340' title='bbox 3173 2039 3312 2078; x_wconf 88' lang='lat' dir='ltr'><strong>esse.</strong></span> <span class='ocrx_word' id='word_1_341' title='bbox 3375 2021 3473 2075; x_wconf 85' lang='lat' dir='ltr'><strong>Est</strong></span> <span class='ocrx_word' id='word_1_342' title='bbox 3515 2036 3644 2089; x_wconf 84' lang='lat' dir='ltr'><strong>ergo</strong></span> 
     </span>
    </p>
   </div>
   <div class='ocr_carea' id='block_1_50' title="bbox 2075 2111 3645 2187">
    <p class='ocr_par' dir='ltr' id='par_1_50' title="bbox 2075 2111 3645 2187">
     <span class='ocr_line' id='line_1_50' title="bbox 2075 2111 3645 2187; baseline -0.005 -15"><span class='ocrx_word' id='word_1_343' title='bbox 2075 2116 2334 2172; x_wconf 84' lang='lat' dir='ltr'><strong>Christus</strong></span> <span class='ocrx_word' id='word_1_344' title='bbox 2382 2115 2556 2171; x_wconf 86' lang='lat' dir='ltr'><strong>Filius</strong></span> <span class='ocrx_word' id='word_1_345' title='bbox 2597 2116 2688 2170; x_wconf 87' lang='lat' dir='ltr'><strong>Dei</strong></span> <span class='ocrx_word' id='word_1_346' title='bbox 2760 2131 2954 2187; x_wconf 81' lang='lat' dir='ltr'><strong>genere</strong></span> <span class='ocrx_word' id='word_1_347' title='bbox 3001 2123 3055 2170; x_wconf 88' lang='lat' dir='ltr'><strong>et</strong></span> <span class='ocrx_word' id='word_1_348' title='bbox 3122 2113 3356 2169; x_wconf 82' lang='lat' dir='ltr'><strong>essentia</strong></span> <span class='ocrx_word' id='word_1_349' title='bbox 3412 2111 3645 2172; x_wconf 84' lang='lat' dir='ltr'><strong>divina;</strong></span> 
     </span>
    </p>
   </div>
   <div class='ocr_carea' id='block_1_51' title="bbox 2076 2204 3642 2277">
    <p class='ocr_par' dir='ltr' id='par_1_51' title="bbox 2076 2204 3642 2277">
     <span class='ocr_line' id='line_1_51' title="bbox 2076 2204 3642 2277; baseline -0.004 -16"><span class='ocrx_word' id='word_1_350' title='bbox 2076 2207 2328 2277; x_wconf 86' lang='lat' dir='ltr'><strong>idemque</strong></span> <span class='ocrx_word' id='word_1_351' title='bbox 2357 2207 2497 2262; x_wconf 82' lang='lat' dir='ltr'><strong>filius</strong></span> <span class='ocrx_word' id='word_1_352' title='bbox 2530 2208 2765 2262; x_wconf 88' lang='lat' dir='ltr'><strong>hominis</strong></span> <span class='ocrx_word' id='word_1_353' title='bbox 2795 2223 2991 2277; x_wconf 78' lang='lat' dir='ltr'><strong>genere</strong></span> <span class='ocrx_word' id='word_1_354' title='bbox 3017 2216 3068 2261; x_wconf 91' lang='lat' dir='ltr'><strong>et</strong></span> <span class='ocrx_word' id='word_1_355' title='bbox 3118 2205 3354 2258; x_wconf 86' lang='lat' dir='ltr'><strong>essentia</strong></span> <span class='ocrx_word' id='word_1_356' title='bbox 3382 2204 3642 2263; x_wconf 88' lang='lat' dir='ltr'><strong>humana,</strong></span> 
     </span>
    </p>
   </div>
   <div class='ocr_carea' id='block_1_52' title="bbox 2078 2297 3650 2370">
    <p class='ocr_par' dir='ltr' id='par_1_52' title="bbox 2078 2297 3650 2370">
     <span class='ocr_line' id='line_1_52' title="bbox 2078 2297 3650 2370; baseline -0.006 -16"><span class='ocrx_word' id='word_1_357' title='bbox 2078 2301 2299 2370; x_wconf 89' lang='lat' dir='ltr'><strong>ipseque</strong></span> <span class='ocrx_word' id='word_1_358' title='bbox 2345 2300 2604 2355; x_wconf 83' lang='lat' dir='ltr'><strong>Christus</strong></span> <span class='ocrx_word' id='word_1_359' title='bbox 2634 2316 2776 2355; x_wconf 91' lang='lat' dir='ltr'><strong>unus</strong></span> <span class='ocrx_word' id='word_1_360' title='bbox 2808 2300 3016 2354; x_wconf 85' lang='lat' dir='ltr'><strong>unitate</strong></span> <span class='ocrx_word' id='word_1_361' title='bbox 3052 2297 3339 2368; x_wconf 83' lang='lat' dir='ltr'><strong>peculiari,</strong></span> <span class='ocrx_word' id='word_1_362' title='bbox 3399 2310 3650 2364; x_wconf 56' lang='lat' dir='ltr'><strong>persona:</strong></span> 
     </span>
    </p>
   </div>
   <div class='ocr_carea' id='block_1_53' title="bbox 2075 2384 3645 2459">
    <p class='ocr_par' dir='ltr' id='par_1_53' title="bbox 2075 2384 3645 2459">
     <span class='ocr_line' id='line_1_53' title="bbox 2075 2384 3645 2459; baseline -0.007 -14"><span class='ocrx_word' id='word_1_363' title='bbox 2075 2405 2190 2446; x_wconf 76' lang='lat' dir='ltr'><strong>suae</strong></span> <span class='ocrx_word' id='word_1_364' title='bbox 2244 2391 2407 2443; x_wconf 92' lang='lat' dir='ltr'><strong>unius</strong></span> <span class='ocrx_word' id='word_1_365' title='bbox 2475 2391 2730 2459; x_wconf 90' lang='lat' dir='ltr'><strong>propria;</strong></span> <span class='ocrx_word' id='word_1_366' title='bbox 2787 2404 3027 2456; x_wconf 84' lang='lat' dir='ltr'><strong>personae</strong></span> <span class='ocrx_word' id='word_1_367' title='bbox 3093 2388 3302 2441; x_wconf 87' lang='lat' dir='ltr'><strong>scilicet</strong></span> <span class='ocrx_word' id='word_1_368' title='bbox 3367 2384 3645 2448; x_wconf 76' lang='lat' dir='ltr'><strong>liliationis</strong></span> 
     </span>
    </p>
   </div>
   <div class='ocr_carea' id='block_1_54' title="bbox 2075 2480 3644 2552">
    <p class='ocr_par' dir='ltr' id='par_1_54' title="bbox 2075 2480 3644 2552">
     <span class='ocr_line' id='line_1_54' title="bbox 2075 2480 3644 2552; baseline -0.004 -16"><span class='ocrx_word' id='word_1_369' title='bbox 2075 2493 2313 2544; x_wconf 72' lang='lat' dir='ltr'><strong>teternm,</strong></span> <span class='ocrx_word' id='word_1_370' title='bbox 2347 2497 2466 2552; x_wconf 79' lang='lat' dir='ltr'><strong>quze</strong></span> <span class='ocrx_word' id='word_1_371' title='bbox 2496 2483 2677 2552; x_wconf 82' lang='lat' dir='ltr'><strong>genita</strong></span> <span class='ocrx_word' id='word_1_372' title='bbox 2725 2489 2807 2536; x_wconf 86' lang='lat' dir='ltr'><strong>est</strong></span> <span class='ocrx_word' id='word_1_373' title='bbox 2843 2496 2870 2533; x_wconf 90' lang='lat' dir='ltr'><strong>a</strong></span> <span class='ocrx_word' id='word_1_374' title='bbox 2904 2481 3063 2534; x_wconf 86' lang='lat' dir='ltr'><strong>Patre</strong></span> <span class='ocrx_word' id='word_1_375' title='bbox 3107 2481 3224 2534; x_wconf 89' lang='lat' dir='ltr'><strong>sine</strong></span> <span class='ocrx_word' id='word_1_376' title='bbox 3262 2480 3461 2541; x_wconf 83' lang='lat' dir='ltr'><strong>Matre,</strong></span> <span class='ocrx_word' id='word_1_377' title='bbox 3519 2487 3644 2532; x_wconf 87' lang='lat' dir='ltr'><strong>ante</strong></span> 
     </span>
    </p>
   </div>
   <div class='ocr_carea' id='block_1_55' title="bbox 2075 2557 3646 2644">
    <p class='ocr_par' dir='ltr' id='par_1_55' title="bbox 2075 2557 3646 2644">
     <span class='ocr_line' id='line_1_55' title="bbox 2075 2557 3646 2644; baseline -0.004 -15"><span class='ocrx_word' id='word_1_378' title='bbox 2075 2575 2270 2629; x_wconf 78' lang='lat' dir='ltr'><strong>szecula</strong></span> <span class='ocrx_word' id='word_1_379' title='bbox 2297 2592 2310 2641; x_wconf 92' lang='lat'><strong>;</strong></span> <span class='ocrx_word' id='word_1_380' title='bbox 2344 2575 2641 2643; x_wconf 88' lang='lat' dir='ltr'><strong>eademque</strong></span> <span class='ocrx_word' id='word_1_381' title='bbox 2671 2588 2898 2644; x_wconf 83' lang='lat' dir='ltr'><strong>persona</strong></span> <span class='ocrx_word' id='word_1_382' title='bbox 2929 2557 3204 2627; x_wconf 75' lang='lat' dir='ltr'><strong>ﬁliaiionis</strong></span> <span class='ocrx_word' id='word_1_383' title='bbox 3233 2571 3504 2628; x_wconf 73' lang='lat' dir='ltr'><strong>humanm.</strong></span> <span class='ocrx_word' id='word_1_384' title='bbox 3528 2584 3646 2636; x_wconf 63' lang='lat' dir='ltr'><strong>quae</strong></span> 
     </span>
    </p>
   </div>
   <div class='ocr_carea' id='block_1_56' title="bbox 2075 2660 3646 2741">
    <p class='ocr_par' dir='ltr' id='par_1_56' title="bbox 2075 2660 3646 2741">
     <span class='ocr_line' id='line_1_56' title="bbox 2075 2660 3646 2741; baseline -0.006 -19"><span class='ocrx_word' id='word_1_385' title='bbox 2075 2677 2200 2722; x_wconf 90' lang='lat' dir='ltr'><strong>nata</strong></span> <span class='ocrx_word' id='word_1_386' title='bbox 2228 2660 2311 2723; x_wconf 81' lang='lat' dir='ltr'><strong>est</strong></span> <span class='ocrx_word' id='word_1_387' title='bbox 2346 2668 2552 2722; x_wconf 87' lang='lat' dir='ltr'><strong>ultimis</strong></span> <span class='ocrx_word' id='word_1_388' title='bbox 2584 2667 2920 2741; x_wconf 73' lang='lat' dir='ltr'><strong>temporibus</strong></span> <span class='ocrx_word' id='word_1_389' title='bbox 2952 2681 3017 2719; x_wconf 76' lang='lat' dir='ltr'><strong>ex</strong></span> <span class='ocrx_word' id='word_1_390' title='bbox 3046 2664 3214 2717; x_wconf 81' lang='lat' dir='ltr'><strong>Maria</strong></span> <span class='ocrx_word' id='word_1_391' title='bbox 3253 2661 3490 2731; x_wconf 80' lang='lat' dir='ltr'><strong>Virgine,</strong></span> <span class='ocrx_word' id='word_1_392' title='bbox 3527 2661 3646 2715; x_wconf 88' lang='lat' dir='ltr'><strong>sine</strong></span> 
     </span>
    </p>
   </div>
   <div class='ocr_carea' id='block_1_57' title="bbox 2073 2754 3636 2829">
    <p class='ocr_par' dir='ltr' id='par_1_57' title="bbox 2073 2754 3636 2829">
     <span class='ocr_line' id='line_1_57' title="bbox 2073 2754 3636 2829; baseline -0.005 -17"><span class='ocrx_word' id='word_1_393' title='bbox 2073 2769 2260 2829; x_wconf 86' lang='lat' dir='ltr'><strong>patre;</strong></span> <span class='ocrx_word' id='word_1_394' title='bbox 2292 2769 2484 2829; x_wconf 85' lang='lat' dir='ltr'><strong>estque</strong></span> <span class='ocrx_word' id='word_1_395' title='bbox 2515 2762 2629 2829; x_wconf 85' lang='lat' dir='ltr'><strong>ipse</strong></span> <span class='ocrx_word' id='word_1_396' title='bbox 2659 2774 2892 2826; x_wconf 80' lang='lat' dir='ltr'><strong>persona</strong></span> <span class='ocrx_word' id='word_1_397' title='bbox 2927 2773 3056 2822; x_wconf 89' lang='lat' dir='ltr'><strong>una,</strong></span> <span class='ocrx_word' id='word_1_398' title='bbox 3103 2764 3328 2817; x_wconf 69' lang='lat' dir='ltr'><strong>(eterna,</strong></span> <span class='ocrx_word' id='word_1_399' title='bbox 3361 2755 3504 2823; x_wconf 75' lang='lat' dir='ltr'><strong>quod</strong></span> <span class='ocrx_word' id='word_1_400' title='bbox 3572 2754 3636 2804; x_wconf 88' lang='lat' dir='ltr'><strong>ad</strong></span> 
     </span>
    </p>
   </div>
   <div class='ocr_carea' id='block_1_58' title="bbox 2075 2844 3631 2921">
    <p class='ocr_par' dir='ltr' id='par_1_58' title="bbox 2075 2844 3631 2921">
     <span class='ocr_line' id='line_1_58' title="bbox 2075 2844 3631 2921; baseline -0.007 -15"><span class='ocrx_word' id='word_1_401' title='bbox 2075 2853 2416 2908; x_wconf 85' lang='lat' dir='ltr'><strong>divinitatem</strong></span> <span class='ocrx_word' id='word_1_402' title='bbox 2449 2873 2462 2917; x_wconf 88' lang='lat'><strong>;</strong></span> <span class='ocrx_word' id='word_1_403' title='bbox 2514 2853 2856 2921; x_wconf 88' lang='lat' dir='ltr'><strong>temporalis.</strong></span> <span class='ocrx_word' id='word_1_404' title='bbox 2884 2849 3128 2920; x_wconf 83' lang='lat' dir='ltr'><strong>quodad</strong></span> <span class='ocrx_word' id='word_1_405' title='bbox 3186 2844 3580 2900; x_wconf 84' lang='lat' dir='ltr'><strong>humanitatem</strong></span> <span class='ocrx_word' id='word_1_406' title='bbox 3617 2860 3631 2895; x_wconf 89' lang='lat'><strong>:</strong></span> 
     </span>
    </p>
   </div>
   <div class='ocr_carea' id='block_1_59' title="bbox 2077 2937 3643 3014">
    <p class='ocr_par' dir='ltr' id='par_1_59' title="bbox 2077 2937 3643 3014">
     <span class='ocr_line' id='line_1_59' title="bbox 2077 2937 3643 3014; baseline -0.008 -16"><span class='ocrx_word' id='word_1_407' title='bbox 2077 2945 2331 3014; x_wconf 87' lang='lat' dir='ltr'><strong>idemque</strong></span> <span class='ocrx_word' id='word_1_408' title='bbox 2354 2943 2566 2998; x_wconf 88' lang='lat' dir='ltr'><strong>duabus</strong></span> <span class='ocrx_word' id='word_1_409' title='bbox 2602 2944 2764 2999; x_wconf 83' lang='lat' dir='ltr'><strong>simul</strong></span> <span class='ocrx_word' id='word_1_410' title='bbox 2791 2941 3004 2996; x_wconf 89' lang='lat' dir='ltr'><strong>naturis</strong></span> <span class='ocrx_word' id='word_1_411' title='bbox 3031 2939 3288 3008; x_wconf 88' lang='lat' dir='ltr'><strong>loquitur,</strong></span> <span class='ocrx_word' id='word_1_412' title='bbox 3316 2953 3378 2991; x_wconf 91' lang='lat' dir='ltr'><strong>ac</strong></span> <span class='ocrx_word' id='word_1_413' title='bbox 3410 2937 3643 2990; x_wconf 88' lang='lat' dir='ltr'><strong>duorum</strong></span> 
     </span>
    </p>
   </div>
   <div class='ocr_carea' id='block_1_60' title="bbox 2076 3026 3647 3104">
    <p class='ocr_par' dir='ltr' id='par_1_60' title="bbox 2076 3026 3647 3104">
     <span class='ocr_line' id='line_1_60' title="bbox 2076 3026 3647 3104; baseline -0.006 -16"><span class='ocrx_word' id='word_1_414' title='bbox 2076 3050 2335 3104; x_wconf 81' lang='lat' dir='ltr'><strong>generum</strong></span> <span class='ocrx_word' id='word_1_415' title='bbox 2373 3036 2612 3089; x_wconf 89' lang='lat' dir='ltr'><strong>actiones</strong></span> <span class='ocrx_word' id='word_1_416' title='bbox 2641 3034 2769 3086; x_wconf 87' lang='lat' dir='ltr'><strong>edit.</strong></span> <span class='ocrx_word' id='word_1_417' title='bbox 2836 3032 2933 3087; x_wconf 90' lang='lat' dir='ltr'><strong>Ubi</strong></span> <span class='ocrx_word' id='word_1_418' title='bbox 2961 3033 3116 3090; x_wconf 76' lang='lat' dir='ltr'><strong>dixit,</strong></span> <span class='ocrx_word' id='word_1_419' title='bbox 3159 3031 3268 3099; x_wconf 76' lang='lat' dir='ltr'><strong>Ego</strong></span> <span class='ocrx_word' id='word_1_420' title='bbox 3300 3045 3415 3092; x_wconf 77' lang='lat' dir='ltr'><strong>sum</strong></span> <span class='ocrx_word' id='word_1_421' title='bbox 3475 3026 3647 3079; x_wconf 80' lang='lat' dir='ltr'><strong>Filius</strong></span> 
     </span>
    </p>
   </div>
   <div class='ocr_carea' id='block_1_61' title="bbox 406 3111 3648 3197">
    <p class='ocr_par' dir='ltr' id='par_1_61' title="bbox 406 3111 3648 3197">
     <span class='ocr_line' id='line_1_61' title="bbox 406 3111 3648 3197; baseline 0.002 -34"><span class='ocrx_word' id='word_1_422' title='bbox 406 3111 694 3180; x_wconf 84' lang='lat' dir='ltr'><strong>conjuncta</strong></span> <span class='ocrx_word' id='word_1_423' title='bbox 728 3115 846 3170; x_wconf 90' lang='lat' dir='ltr'><strong>sine</strong></span> <span class='ocrx_word' id='word_1_424' title='bbox 881 3117 1102 3172; x_wconf 88' lang='lat' dir='ltr'><strong>mistura</strong></span> <span class='ocrx_word' id='word_1_425' title='bbox 1159 3121 1210 3174; x_wconf 91' lang='lat' dir='ltr'><strong>in</strong></span> <span class='ocrx_word' id='word_1_426' title='bbox 1239 3139 1341 3177; x_wconf 90' lang='lat' dir='ltr'><strong>una</strong></span> <span class='ocrx_word' id='word_1_427' title='bbox 1379 3141 1611 3192; x_wconf 87' lang='lat' dir='ltr'><strong>persona</strong></span> <span class='ocrx_word' id='word_1_428' title='bbox 1668 3146 1787 3197; x_wconf 73' lang='lat' dir='ltr'><strong>quae</strong></span> <span class='ocrx_word' id='word_1_429' title='bbox 1837 3131 1973 3186; x_wconf 88' lang='lat' dir='ltr'><strong>duas</strong></span> <span class='ocrx_word' id='word_1_430' title='bbox 2002 3122 2043 3179; x_wconf 90' lang='lat' dir='ltr'><strong>C</strong></span> <span class='ocrx_word' id='word_1_431' title='bbox 2080 3131 2205 3197; x_wconf 88' lang='lat' dir='ltr'><strong>Dei,</strong></span> <span class='ocrx_word' id='word_1_432' title='bbox 2239 3131 2305 3185; x_wconf 88' lang='lat' dir='ltr'><strong>de</strong></span> <span class='ocrx_word' id='word_1_433' title='bbox 2338 3128 2622 3182; x_wconf 79' lang='lat' dir='ltr'><strong>divinitate</strong></span> <span class='ocrx_word' id='word_1_434' title='bbox 2655 3125 2897 3196; x_wconf 88' lang='lat' dir='ltr'><strong>loquitur</strong></span> <span class='ocrx_word' id='word_1_435' title='bbox 2930 3143 2943 3190; x_wconf 92' lang='lat'>;</span> <span class='ocrx_word' id='word_1_436' title='bbox 2973 3133 3025 3176; x_wconf 91' lang='lat' dir='ltr'><strong>at</strong></span> <span class='ocrx_word' id='word_1_437' title='bbox 3063 3124 3152 3176; x_wconf 85' lang='lat' dir='ltr'><strong>ubi</strong></span> <span class='ocrx_word' id='word_1_438' title='bbox 3195 3121 3354 3183; x_wconf 75' lang='lat' dir='ltr'><strong>dixit,</strong></span> <span class='ocrx_word' id='word_1_439' title='bbox 3396 3119 3502 3187; x_wconf 82' lang='lat' dir='ltr'><strong>Ego</strong></span> <span class='ocrx_word' id='word_1_440' title='bbox 3532 3137 3648 3172; x_wconf 84' lang='lat' dir='ltr'><strong>sum</strong></span> 
     </span>
    </p>
   </div>
   <div class='ocr_carea' id='block_1_62' title="bbox 407 3209 1972 3292">
    <p class='ocr_par' dir='ltr' id='par_1_62' title="bbox 407 3209 1972 3292">
     <span class='ocr_line' id='line_1_62' title="bbox 407 3209 1972 3292; baseline 0.014 -37"><span class='ocrx_word' id='word_1_441' title='bbox 407 3211 634 3288; x_wconf 72' lang='lat' dir='ltr'><strong>naturas</strong></span> <span class='ocrx_word' id='word_1_442' title='bbox 665 3209 1078 3274; x_wconf 80' lang='lat' dir='ltr'><strong>comprehendit</strong></span> <span class='ocrx_word' id='word_1_443' title='bbox 1113 3214 1313 3268; x_wconf 87' lang='lat' dir='ltr'><strong>unione</strong></span> <span class='ocrx_word' id='word_1_444' title='bbox 1344 3218 1445 3271; x_wconf 89' lang='lat' dir='ltr'><strong>sibi</strong></span> <span class='ocrx_word' id='word_1_445' title='bbox 1483 3221 1725 3288; x_wconf 90' lang='lat' dir='ltr'><strong>propria,</strong></span> <span class='ocrx_word' id='word_1_446' title='bbox 1759 3223 1972 3292; x_wconf 87' lang='lat' dir='ltr'><strong>insepa—</strong></span> 
     </span>
    </p>
   </div>
   <div class='ocr_carea' id='block_1_63' title="bbox 405 3296 1978 3382">
    <p class='ocr_par' dir='ltr' id='par_1_63' title="bbox 405 3296 1978 3382">
     <span class='ocr_line' id='line_1_63' title="bbox 405 3296 1978 3382; baseline 0.015 -35"><span class='ocrx_word' id='word_1_447' title='bbox 405 3296 670 3362; x_wconf 86' lang='lat' dir='ltr'><strong>rabiliter,</strong></span> <span class='ocrx_word' id='word_1_448' title='bbox 710 3298 870 3370; x_wconf 88' lang='lat' dir='ltr'><strong>[adeo</strong></span> <span class='ocrx_word' id='word_1_449' title='bbox 904 3302 983 3372; x_wconf 88' lang='lat' dir='ltr'><strong>ut]</strong></span> <span class='ocrx_word' id='word_1_450' title='bbox 1052 3305 1310 3372; x_wconf 89' lang='lat' dir='ltr'><strong>loquatur</strong></span> <span class='ocrx_word' id='word_1_451' title='bbox 1344 3313 1678 3380; x_wconf 87' lang='lat' dir='ltr'><strong>proprietate</strong></span> <span class='ocrx_word' id='word_1_452' title='bbox 1729 3329 1978 3382; x_wconf 64' lang='lat' dir='ltr'><strong>personae</strong></span> 
     </span>
    </p>
   </div>
   <div class='ocr_carea' id='block_1_64' title="bbox 405 3391 1975 3470">
    <p class='ocr_par' dir='ltr' id='par_1_64' title="bbox 405 3391 1975 3470">
     <span class='ocr_line' id='line_1_64' title="bbox 405 3391 1975 3470; baseline 0.012 -27"><span class='ocrx_word' id='word_1_453' title='bbox 405 3405 514 3444; x_wconf 75' lang='lat' dir='ltr'><strong>sua:</strong></span> <span class='ocrx_word' id='word_1_454' title='bbox 545 3391 705 3445; x_wconf 90' lang='lat' dir='ltr'><strong>unius</strong></span> <span class='ocrx_word' id='word_1_455' title='bbox 749 3409 1001 3450; x_wconf 89' lang='lat' dir='ltr'><strong>sermone</strong></span> <span class='ocrx_word' id='word_1_456' title='bbox 1032 3398 1262 3453; x_wconf 87' lang='lat' dir='ltr'><strong>duarum</strong></span> <span class='ocrx_word' id='word_1_457' title='bbox 1300 3411 1641 3470; x_wconf 86' lang='lat' dir='ltr'><strong>naturarum,</strong></span> <span class='ocrx_word' id='word_1_458' title='bbox 1683 3406 1882 3462; x_wconf 74' lang='lat' dir='ltr'><strong>divina:</strong></span> <span class='ocrx_word' id='word_1_459' title='bbox 1921 3418 1975 3462; x_wconf 89' lang='lat' dir='ltr'><strong>et</strong></span> 
     </span>
    </p>
   </div>
   <div class='ocr_carea' id='block_1_65' title="bbox 409 3479 1978 3562">
    <p class='ocr_par' dir='ltr' id='par_1_65' title="bbox 409 3479 1978 3562">
     <span class='ocr_line' id='line_1_65' title="bbox 409 3479 1978 3562; baseline 0.013 -29"><span class='ocrx_word' id='word_1_460' title='bbox 409 3479 695 3547; x_wconf 60' lang='lat' dir='ltr'><strong>humanae,</strong></span> <span class='ocrx_word' id='word_1_461' title='bbox 745 3501 844 3539; x_wconf 92' lang='lat' dir='ltr'><strong>nec</strong></span> <span class='ocrx_word' id='word_1_462' title='bbox 869 3489 941 3561; x_wconf 73' lang='lat' dir='ltr'><strong>sit</strong></span> <span class='ocrx_word' id='word_1_463' title='bbox 989 3492 1078 3560; x_wconf 94' lang='lat' dir='ltr'><strong>qui</strong></span> <span class='ocrx_word' id='word_1_464' title='bbox 1139 3493 1378 3562; x_wconf 87' lang='lat' dir='ltr'><strong>loquitur</strong></span> <span class='ocrx_word' id='word_1_465' title='bbox 1431 3511 1683 3552; x_wconf 90' lang='lat' dir='ltr'><strong>sermone</strong></span> <span class='ocrx_word' id='word_1_466' title='bbox 1741 3499 1978 3555; x_wconf 88' lang='lat' dir='ltr'><strong>humano</strong></span> 
     </span>
    </p>
   </div>
   <div class='ocr_carea' id='block_1_66' title="bbox 410 3572 1980 3652">
    <p class='ocr_par' dir='ltr' id='par_1_66' title="bbox 410 3572 1980 3652">
     <span class='ocr_line' id='line_1_66' title="bbox 410 3572 1980 3652; baseline 0.015 -28"><span class='ocrx_word' id='word_1_467' title='bbox 410 3572 570 3640; x_wconf 87' lang='lat' dir='ltr'><strong>alius,</strong></span> <span class='ocrx_word' id='word_1_468' title='bbox 625 3586 674 3631; x_wconf 90' lang='lat' dir='ltr'><strong>et</strong></span> <span class='ocrx_word' id='word_1_469' title='bbox 699 3580 789 3645; x_wconf 90' lang='lat' dir='ltr'><strong>qui</strong></span> <span class='ocrx_word' id='word_1_470' title='bbox 818 3595 1071 3637; x_wconf 87' lang='lat' dir='ltr'><strong>sermone</strong></span> <span class='ocrx_word' id='word_1_471' title='bbox 1106 3587 1290 3640; x_wconf 85' lang='lat' dir='ltr'><strong>divino</strong></span> <span class='ocrx_word' id='word_1_472' title='bbox 1318 3589 1479 3652; x_wconf 80' lang='lat' dir='ltr'><strong>alius,</strong></span> <span class='ocrx_word' id='word_1_473' title='bbox 1505 3605 1693 3643; x_wconf 90' lang='lat' dir='ltr'><strong>verum</strong></span> <span class='ocrx_word' id='word_1_474' title='bbox 1726 3591 1980 3648; x_wconf 88' lang='lat' dir='ltr'><strong>Christus</strong></span> 
     </span>
    </p>
   </div>
   <div class='ocr_carea' id='block_1_67' title="bbox 411 3671 1979 3749">
    <p class='ocr_par' dir='ltr' id='par_1_67' title="bbox 411 3671 1979 3749">
     <span class='ocr_line' id='line_1_67' title="bbox 411 3671 1979 3749; baseline 0.013 -31"><span class='ocrx_word' id='word_1_475' title='bbox 411 3682 550 3722; x_wconf 88' lang='lat' dir='ltr'><strong>unus</strong></span> <span class='ocrx_word' id='word_1_476' title='bbox 576 3671 914 3740; x_wconf 87' lang='lat' dir='ltr'><strong>quiutroque</strong></span> <span class='ocrx_word' id='word_1_477' title='bbox 948 3676 1105 3728; x_wconf 89' lang='lat' dir='ltr'><strong>simul</strong></span> <span class='ocrx_word' id='word_1_478' title='bbox 1140 3693 1393 3734; x_wconf 86' lang='lat' dir='ltr'><strong>sermone</strong></span> <span class='ocrx_word' id='word_1_479' title='bbox 1423 3681 1695 3749; x_wconf 90' lang='lat' dir='ltr'><strong>loquatur,</strong></span> <span class='ocrx_word' id='word_1_480' title='bbox 1714 3691 1764 3736; x_wconf 92' lang='lat' dir='ltr'><strong>et</strong></span> <span class='ocrx_word' id='word_1_481' title='bbox 1797 3693 1979 3740; x_wconf 91' lang='lat' dir='ltr'><strong>utras-</strong></span> 
     </span>
    </p>
   </div>
   <div class='ocr_carea' id='block_1_68' title="bbox 413 3761 1979 3835">
    <p class='ocr_par' dir='ltr' id='par_1_68' title="bbox 413 3761 1979 3835">
     <span class='ocr_line' id='line_1_68' title="bbox 413 3761 1979 3835; baseline 0.013 -26"><span class='ocrx_word' id='word_1_482' title='bbox 413 3773 519 3825; x_wconf 88' lang='lat' dir='ltr'><strong>que</strong></span> <span class='ocrx_word' id='word_1_483' title='bbox 571 3761 816 3817; x_wconf 88' lang='lat' dir='ltr'><strong>actiones</strong></span> <span class='ocrx_word' id='word_1_484' title='bbox 841 3774 961 3833; x_wconf 85' lang='lat' dir='ltr'><strong>agat</strong></span> <span class='ocrx_word' id='word_1_485' title='bbox 990 3766 1205 3821; x_wconf 87' lang='lat' dir='ltr'><strong>duahus</strong></span> <span class='ocrx_word' id='word_1_486' title='bbox 1232 3770 1623 3835; x_wconf 83' lang='lat' dir='ltr'><strong>voluntatibus,</strong></span> <span class='ocrx_word' id='word_1_487' title='bbox 1677 3783 1728 3826; x_wconf 92' lang='lat' dir='ltr'><strong>et</strong></span> <span class='ocrx_word' id='word_1_488' title='bbox 1765 3774 1979 3829; x_wconf 86' lang='lat' dir='ltr'><strong>duabus</strong></span> 
     </span>
    </p>
   </div>
   <div class='ocr_carea' id='block_1_69' title="bbox 412 3850 1979 3922">
    <p class='ocr_par' dir='ltr' id='par_1_69' title="bbox 412 3850 1979 3922">
     <span class='ocr_line' id='line_1_69' title="bbox 412 3850 1979 3922; baseline 0.009 -21"><span class='ocrx_word' id='word_1_489' title='bbox 412 3850 572 3902; x_wconf 87' lang='lat' dir='ltr'><strong>simul</strong></span> <span class='ocrx_word' id='word_1_490' title='bbox 603 3850 844 3922; x_wconf 48' lang='lat'><strong>65.67</strong></span> <span class='ocrx_word' id='word_1_491' title='bbox 879 3857 1090 3909; x_wconf 88' lang='lat' dir='ltr'><strong>naturis</strong></span> <span class='ocrx_word' id='word_1_492' title='bbox 1123 3875 1136 3920; x_wconf 89' lang='lat'><strong>;</strong></span> <span class='ocrx_word' id='word_1_493' title='bbox 1164 3873 1288 3911; x_wconf 88' lang='lat' dir='ltr'><strong>cum</strong></span> <span class='ocrx_word' id='word_1_494' title='bbox 1323 3861 1450 3913; x_wconf 80' lang='lat' dir='ltr'><strong>velit</strong></span> <span class='ocrx_word' id='word_1_495' title='bbox 1486 3861 1767 3915; x_wconf 88' lang='lat' dir='ltr'><strong>voluntate</strong></span> <span class='ocrx_word' id='word_1_496' title='bbox 1797 3862 1979 3916; x_wconf 84' lang='lat' dir='ltr'><strong>divina</strong></span> 
     </span>
    </p>
   </div>
   <div class='ocr_carea' id='block_1_70' title="bbox 410 3939 1982 4024">
    <p class='ocr_par' dir='ltr' id='par_1_70' title="bbox 410 3939 1982 4024">
     <span class='ocr_line' id='line_1_70' title="bbox 410 3939 1982 4024; baseline 0.01 -31"><span class='ocrx_word' id='word_1_497' title='bbox 410 3939 616 3997; x_wconf 76' lang='lat' dir='ltr'><strong>faciens</strong></span> <span class='ocrx_word' id='word_1_498' title='bbox 655 3959 820 4013; x_wconf 88' lang='lat' dir='ltr'><strong>opera</strong></span> <span class='ocrx_word' id='word_1_499' title='bbox 876 3947 1122 4010; x_wconf 84' lang='lat' dir='ltr'><strong>Deitatis,</strong></span> <span class='ocrx_word' id='word_1_500' title='bbox 1179 3965 1300 4018; x_wconf 83' lang='lat' dir='ltr'><strong>quae</strong></span> <span class='ocrx_word' id='word_1_501' title='bbox 1358 3950 1485 4005; x_wconf 83' lang='lat' dir='ltr'><strong>facit</strong></span> <span class='ocrx_word' id='word_1_502' title='bbox 1547 3954 1982 4024; x_wconf 81' lang='lat' dir='ltr'><strong>quandocunque</strong></span> 
     </span>
    </p>
   </div>
   <div class='ocr_carea' id='block_1_71' title="bbox 411 4035 1984 4111">
    <p class='ocr_par' dir='ltr' id='par_1_71' title="bbox 411 4035 1984 4111">
     <span class='ocr_line' id='line_1_71' title="bbox 411 4035 1984 4111; baseline 0.01 -25"><span class='ocrx_word' id='word_1_503' title='bbox 411 4035 547 4096; x_wconf 84' lang='lat' dir='ltr'><strong>vult,</strong></span> <span class='ocrx_word' id='word_1_504' title='bbox 575 4042 629 4089; x_wconf 90' lang='lat' dir='ltr'><strong>et</strong></span> <span class='ocrx_word' id='word_1_505' title='bbox 658 4039 932 4106; x_wconf 90' lang='lat' dir='ltr'><strong>quomodo</strong></span> <span class='ocrx_word' id='word_1_506' title='bbox 973 4041 1109 4102; x_wconf 88' lang='lat' dir='ltr'><strong>vult,</strong></span> <span class='ocrx_word' id='word_1_507' title='bbox 1137 4058 1243 4095; x_wconf 90' lang='lat' dir='ltr'><strong>non</strong></span> <span class='ocrx_word' id='word_1_508' title='bbox 1303 4045 1641 4111; x_wconf 75' lang='lat' dir='ltr'><strong>pr&#39;rccdente</strong></span> <span class='ocrx_word' id='word_1_509' title='bbox 1707 4046 1984 4101; x_wconf 87' lang='lat' dir='ltr'><strong>voluntate</strong></span> 
     </span>
    </p>
   </div>
   <div class='ocr_carea' id='block_1_72' title="bbox 413 4128 1985 4208">
    <p class='ocr_par' dir='ltr' id='par_1_72' title="bbox 413 4128 1985 4208">
     <span class='ocr_line' id='line_1_72' title="bbox 413 4128 1985 4208; baseline 0.008 -29"><span class='ocrx_word' id='word_1_510' title='bbox 413 4128 655 4184; x_wconf 83' lang='lat' dir='ltr'><strong>actiones</strong></span> <span class='ocrx_word' id='word_1_511' title='bbox 686 4130 876 4200; x_wconf 91' lang='lat' dir='ltr'><strong>ipsius,</strong></span> <span class='ocrx_word' id='word_1_512' title='bbox 909 4149 1030 4187; x_wconf 93' lang='lat' dir='ltr'><strong>cum</strong></span> <span class='ocrx_word' id='word_1_513' title='bbox 1061 4137 1417 4205; x_wconf 78' lang='lat' dir='ltr'><strong>penesipsum</strong></span> <span class='ocrx_word' id='word_1_514' title='bbox 1445 4139 1517 4192; x_wconf 90' lang='lat' dir='ltr'><strong>sit</strong></span> <span class='ocrx_word' id='word_1_515' title='bbox 1555 4148 1611 4193; x_wconf 94' lang='lat' dir='ltr'><strong>ut</strong></span> <span class='ocrx_word' id='word_1_516' title='bbox 1640 4140 1800 4194; x_wconf 85' lang='lat' dir='ltr'><strong>faciat</strong></span> <span class='ocrx_word' id='word_1_517' title='bbox 1827 4141 1985 4208; x_wconf 89' lang='lat' dir='ltr'><strong>quid-</strong></span> 
     </span>
    </p>
   </div>
   <div class='ocr_carea' id='block_1_73' title="bbox 412 4218 1972 4293">
    <p class='ocr_par' dir='ltr' id='par_1_73' title="bbox 412 4218 1972 4293">
     <span class='ocr_line' id='line_1_73' title="bbox 412 4218 1972 4293; baseline 0.009 -23"><span class='ocrx_word' id='word_1_518' title='bbox 412 4218 542 4287; x_wconf 89' lang='lat' dir='ltr'><strong>quid</strong></span> <span class='ocrx_word' id='word_1_519' title='bbox 575 4221 710 4282; x_wconf 88' lang='lat' dir='ltr'><strong>vult,</strong></span> <span class='ocrx_word' id='word_1_520' title='bbox 742 4223 1180 4293; x_wconf 85' lang='lat' dir='ltr'><strong>quandocunque</strong></span> <span class='ocrx_word' id='word_1_521' title='bbox 1208 4228 1344 4289; x_wconf 83' lang='lat' dir='ltr'><strong>vult,</strong></span> <span class='ocrx_word' id='word_1_522' title='bbox 1390 4230 1536 4283; x_wconf 90' lang='lat' dir='ltr'><strong>nulla</strong></span> <span class='ocrx_word' id='word_1_523' title='bbox 1597 4230 1972 4284; x_wconf 88' lang='lat' dir='ltr'><strong>intercedente</strong></span> 
     </span>
    </p>
   </div>
   <div class='ocr_carea' id='block_1_74' title="bbox 413 4313 1987 4390">
    <p class='ocr_par' dir='ltr' id='par_1_74' title="bbox 413 4313 1987 4390">
     <span class='ocr_line' id='line_1_74' title="bbox 413 4313 1987 4390; baseline 0.008 -27"><span class='ocrx_word' id='word_1_524' title='bbox 413 4313 692 4379; x_wconf 90' lang='lat' dir='ltr'><strong>petitione,</strong></span> <span class='ocrx_word' id='word_1_525' title='bbox 724 4329 906 4381; x_wconf 83' lang='lat' dir='ltr'><strong>prece,</strong></span> <span class='ocrx_word' id='word_1_526' title='bbox 938 4326 1033 4369; x_wconf 91' lang='lat' dir='ltr'><strong>aut</strong></span> <span class='ocrx_word' id='word_1_527' title='bbox 1067 4328 1287 4386; x_wconf 87' lang='lat' dir='ltr'><strong>rogatu,</strong></span> <span class='ocrx_word' id='word_1_528' title='bbox 1339 4321 1494 4388; x_wconf 86' lang='lat' dir='ltr'><strong>juxta</strong></span> <span class='ocrx_word' id='word_1_529' title='bbox 1533 4320 1662 4374; x_wconf 86' lang='lat' dir='ltr'><strong>illud</strong></span> <span class='ocrx_word' id='word_1_530' title='bbox 1691 4321 1832 4390; x_wconf 89' lang='lat' dir='ltr'><strong>quod</strong></span> <span class='ocrx_word' id='word_1_531' title='bbox 1851 4322 1987 4376; x_wconf 82' lang='lat' dir='ltr'><strong>dixit</strong></span> 
     </span>
    </p>
   </div>
   <div class='ocr_carea' id='block_1_75' title="bbox 415 4405 1983 4478">
    <p class='ocr_par' dir='ltr' id='par_1_75' title="bbox 415 4405 1983 4478">
     <span class='ocr_line' id='line_1_75' title="bbox 415 4405 1983 4478; baseline 0.008 -21"><span class='ocrx_word' id='word_1_532' title='bbox 415 4405 516 4474; x_wconf 89' lang='lat' dir='ltr'><strong>ipsi</strong></span> <span class='ocrx_word' id='word_1_533' title='bbox 551 4405 796 4473; x_wconf 80' lang='lat' dir='ltr'><strong>leprosos</strong></span> <span class='ocrx_word' id='word_1_534' title='bbox 824 4425 837 4461; x_wconf 90' lang='lat'><strong>:</strong></span> <span class='ocrx_word' id='word_1_535' title='bbox 869 4407 1113 4472; x_wconf 83' lang='lat' dir='ltr'><strong>Domine,</strong></span> <span class='ocrx_word' id='word_1_536' title='bbox 1141 4411 1187 4462; x_wconf 83' lang='lat' dir='ltr'><strong>si</strong></span> <span class='ocrx_word' id='word_1_537' title='bbox 1216 4412 1290 4464; x_wconf 79' lang='lat' dir='ltr'><strong>vis</strong></span> <span class='ocrx_word' id='word_1_538' title='bbox 1314 4421 1456 4478; x_wconf 80' lang='lat' dir='ltr'><strong>potes</strong></span> <span class='ocrx_word' id='word_1_539' title='bbox 1486 4413 1778 4478; x_wconf 84' lang='lat' dir='ltr'><strong>mundare;</strong></span> <span class='ocrx_word' id='word_1_540' title='bbox 1807 4424 1859 4468; x_wconf 89' lang='lat' dir='ltr'><strong>ct</strong></span> <span class='ocrx_word' id='word_1_541' title='bbox 1893 4431 1983 4470; x_wconf 84' lang='lat' dir='ltr'><strong>re-</strong></span> 
     </span>
    </p>
   </div>
   <div class='ocr_carea' id='block_1_76' title="bbox 387 4486 1981 4574">
    <p class='ocr_par' dir='ltr' id='par_1_76' title="bbox 387 4486 1981 4574">
     <span class='ocr_line' id='line_1_76' title="bbox 387 4486 1981 4574; baseline 0.006 -21"><span class='ocrx_word' id='word_1_542' title='bbox 387 4540 391 4544; x_wconf 73' lang='lat'><strong>.</strong></span> <span class='ocrx_word' id='word_1_543' title='bbox 418 4499 638 4566; x_wconf 76' lang='lat' dir='ltr'><strong>Spondit</strong></span> <span class='ocrx_word' id='word_1_544' title='bbox 667 4486 803 4569; x_wconf 84' lang='lat' dir='ltr'><strong>ipse,</strong></span> <span class='ocrx_word' id='word_1_545' title='bbox 852 4499 1002 4566; x_wconf 83' lang='lat' dir='ltr'><strong>Volo,</strong></span> <span class='ocrx_word' id='word_1_546' title='bbox 1034 4505 1285 4557; x_wconf 78' lang='lat' dir='ltr'><strong>mundare</strong></span> <span class='ocrx_word' id='word_1_547' title='bbox 1315 4503 1356 4566; x_wconf 72' lang='grc'><strong>’⁸,</strong></span> <span class='ocrx_word' id='word_1_548' title='bbox 1386 4505 1566 4574; x_wconf 89' lang='lat' dir='ltr'><strong>itaque</strong></span> <span class='ocrx_word' id='word_1_549' title='bbox 1598 4522 1625 4559; x_wconf 93' lang='lat' dir='ltr'><strong>a</strong></span> <span class='ocrx_word' id='word_1_550' title='bbox 1657 4507 1806 4574; x_wconf 89' lang='lat' dir='ltr'><strong>lepra</strong></span> <span class='ocrx_word' id='word_1_551' title='bbox 1863 4522 1981 4571; x_wconf 90' lang='lat' dir='ltr'><strong>sua,</strong></span> 
     </span>
    </p>
   </div>
   <div class='ocr_carea' id='block_1_77' title="bbox 415 4585 1979 4666">
    <p class='ocr_par' dir='ltr' id='par_1_77' title="bbox 415 4585 1979 4666">
     <span class='ocr_line' id='line_1_77' title="bbox 415 4585 1979 4666; baseline 0.006 -22"><span class='ocrx_word' id='word_1_552' title='bbox 415 4591 585 4659; x_wconf 85' lang='lat' dir='ltr'><strong>ipsius</strong></span> <span class='ocrx_word' id='word_1_553' title='bbox 615 4585 916 4656; x_wconf 83' lang='lat' dir='ltr'><strong>voluntate,</strong></span> <span class='ocrx_word' id='word_1_554' title='bbox 950 4597 1246 4650; x_wconf 89' lang='lat' dir='ltr'><strong>mundatus</strong></span> <span class='ocrx_word' id='word_1_555' title='bbox 1275 4605 1359 4651; x_wconf 86' lang='lat' dir='ltr'><strong>est</strong></span> <span class='ocrx_word' id='word_1_556' title='bbox 1385 4613 1399 4650; x_wconf 89' lang='lat'><strong>:</strong></span> <span class='ocrx_word' id='word_1_557' title='bbox 1429 4599 1585 4666; x_wconf 80' lang='lat' dir='ltr'><strong>juxta</strong></span> <span class='ocrx_word' id='word_1_558' title='bbox 1623 4599 1787 4654; x_wconf 89' lang='lat' dir='ltr'><strong>etiam</strong></span> <span class='ocrx_word' id='word_1_559' title='bbox 1823 4616 1979 4653; x_wconf 86' lang='lat' dir='ltr'><strong>mau-</strong></span> 
     </span>
    </p>
   </div>
   <div class='ocr_carea' id='block_1_78' title="bbox 415 4682 1985 4761">
    <p class='ocr_par' dir='ltr' id='par_1_78' title="bbox 415 4682 1985 4761">
     <span class='ocr_line' id='line_1_78' title="bbox 415 4682 1985 4761; baseline 0.006 -25"><span class='ocrx_word' id='word_1_560' title='bbox 415 4682 600 4761; x_wconf 73' lang='lat' dir='ltr'><strong>datum</strong></span> <span class='ocrx_word' id='word_1_561' title='bbox 642 4685 816 4753; x_wconf 88' lang='lat' dir='ltr'><strong>ipsius</strong></span> <span class='ocrx_word' id='word_1_562' title='bbox 847 4687 912 4739; x_wconf 90' lang='lat' dir='ltr'><strong>ad</strong></span> <span class='ocrx_word' id='word_1_563' title='bbox 960 4687 1250 4752; x_wconf 60' lang='lat' dir='ltr'><strong>daemonia,</strong></span> <span class='ocrx_word' id='word_1_564' title='bbox 1305 4698 1361 4741; x_wconf 90' lang='lat' dir='ltr'><strong>ut</strong></span> <span class='ocrx_word' id='word_1_565' title='bbox 1411 4704 1440 4742; x_wconf 91' lang='lat' dir='ltr'><strong>e</strong></span> <span class='ocrx_word' id='word_1_566' title='bbox 1483 4689 1833 4745; x_wconf 66' lang='lat' dir='ltr'><strong>dmmoniacis</strong></span> <span class='ocrx_word' id='word_1_567' title='bbox 1889 4707 1985 4746; x_wconf 77' lang='lat' dir='ltr'><strong>ex-</strong></span> 
     </span>
    </p>
   </div>
   <div class='ocr_carea' id='block_1_79' title="bbox 416 4777 1976 4851">
    <p class='ocr_par' dir='ltr' id='par_1_79' title="bbox 416 4777 1976 4851">
     <span class='ocr_line' id='line_1_79' title="bbox 416 4777 1976 4851; baseline 0.004 -21"><span class='ocrx_word' id='word_1_568' title='bbox 416 4777 577 4840; x_wconf 88' lang='lat' dir='ltr'><strong>irent,</strong></span> <span class='ocrx_word' id='word_1_569' title='bbox 639 4793 762 4831; x_wconf 89' lang='lat' dir='ltr'><strong>cum</strong></span> <span class='ocrx_word' id='word_1_570' title='bbox 827 4789 1080 4849; x_wconf 81' lang='lat' dir='ltr'><strong>rogarent</strong></span> <span class='ocrx_word' id='word_1_571' title='bbox 1127 4780 1302 4848; x_wconf 86' lang='lat' dir='ltr'><strong>ipsum</strong></span> <span class='ocrx_word' id='word_1_572' title='bbox 1350 4781 1614 4836; x_wconf 79' lang='lat' dir='ltr'><strong>dzcmonia</strong></span> <span class='ocrx_word' id='word_1_573' title='bbox 1678 4783 1976 4851; x_wconf 88' lang='lat' dir='ltr'><strong>utjuberet</strong></span> 
     </span>
    </p>
   </div>
   <div class='ocr_carea' id='block_1_80' title="bbox 418 4869 1994 4944">
    <p class='ocr_par' dir='ltr' id='par_1_80' title="bbox 418 4869 1994 4944">
     <span class='ocr_line' id='line_1_80' title="bbox 418 4869 1994 4944; baseline 0.006 -22"><span class='ocrx_word' id='word_1_574' title='bbox 418 4869 568 4939; x_wconf 89' lang='lat' dir='ltr'><strong>ipsos</strong></span> <span class='ocrx_word' id='word_1_575' title='bbox 601 4885 801 4940; x_wconf 85' lang='lat' dir='ltr'><strong>porcos</strong></span> <span class='ocrx_word' id='word_1_576' title='bbox 835 4872 1041 4940; x_wconf 82' lang='lat' dir='ltr'><strong>ingredi</strong></span> <span class='ocrx_word' id='word_1_577' title='bbox 1074 4871 1274 4943; x_wconf 73' lang='lat' dir='ltr'><strong>(neque</strong></span> <span class='ocrx_word' id='word_1_578' title='bbox 1309 4873 1454 4927; x_wconf 89' lang='lat' dir='ltr'><strong>enim</strong></span> <span class='ocrx_word' id='word_1_579' title='bbox 1503 4873 1632 4927; x_wconf 92' lang='lat' dir='ltr'><strong>illud</strong></span> <span class='ocrx_word' id='word_1_580' title='bbox 1662 4875 1780 4928; x_wconf 89' lang='lat' dir='ltr'><strong>sine</strong></span> <span class='ocrx_word' id='word_1_581' title='bbox 1815 4869 1994 4944; x_wconf 21' lang='lat' dir='ltr'><strong>ipsius.</strong></span> 
     </span>
    </p>
   </div>
   <div class='ocr_carea' id='block_1_81' title="bbox 421 4962 1987 5034">
    <p class='ocr_par' dir='ltr' id='par_1_81' title="bbox 421 4962 1987 5034">
     <span class='ocr_line' id='line_1_81' title="bbox 421 4962 1987 5034; baseline 0.004 -19"><span class='ocrx_word' id='word_1_582' title='bbox 421 4962 692 5032; x_wconf 87' lang='lat' dir='ltr'><strong>permissu</strong></span> <span class='ocrx_word' id='word_1_583' title='bbox 719 4962 898 5019; x_wconf 89' lang='lat' dir='ltr'><strong>facere</strong></span> <span class='ocrx_word' id='word_1_584' title='bbox 920 4966 1420 5034; x_wconf 89' lang='lat' dir='ltr'><strong>potucrunt)atque</strong></span> <span class='ocrx_word' id='word_1_585' title='bbox 1453 4965 1567 5034; x_wconf 89' lang='lat' dir='ltr'><strong>ipse</strong></span> <span class='ocrx_word' id='word_1_586' title='bbox 1603 4965 1724 5020; x_wconf 90' lang='lat' dir='ltr'><strong>illos</strong></span> <span class='ocrx_word' id='word_1_587' title='bbox 1761 4968 1987 5034; x_wconf 86' lang='lat' dir='ltr'><strong>permit-</strong></span> 
     </span>
    </p>
   </div>
   <div class='ocr_carea' id='block_1_82' title="bbox 419 5052 1989 5126">
    <p class='ocr_par' dir='ltr' id='par_1_82' title="bbox 419 5052 1989 5126">
     <span class='ocr_line' id='line_1_82' title="bbox 419 5052 1989 5126; baseline 0.003 -21"><span class='ocrx_word' id='word_1_588' title='bbox 419 5061 578 5107; x_wconf 88' lang='lat' dir='ltr'><strong>teret.</strong></span> <span class='ocrx_word' id='word_1_589' title='bbox 628 5052 820 5108; x_wconf 88' lang='lat' dir='ltr'><strong>Postea</strong></span> <span class='ocrx_word' id='word_1_590' title='bbox 874 5056 1064 5122; x_wconf 89' lang='lat' dir='ltr'><strong>etiam,</strong></span> <span class='ocrx_word' id='word_1_591' title='bbox 1131 5065 1354 5111; x_wconf 87' lang='lat' dir='ltr'><strong>ventum</strong></span> <span class='ocrx_word' id='word_1_592' title='bbox 1410 5065 1464 5110; x_wconf 90' lang='lat' dir='ltr'><strong>et</strong></span> <span class='ocrx_word' id='word_1_593' title='bbox 1517 5071 1666 5110; x_wconf 88' lang='lat' dir='ltr'><strong>mare</strong></span> <span class='ocrx_word' id='word_1_594' title='bbox 1707 5056 1989 5126; x_wconf 72' lang='lat' dir='ltr'><strong>quiescere</strong></span> 
     </span>
    </p>
   </div>
   <div class='ocr_carea' id='block_1_83' title="bbox 414 5143 1988 5218">
    <p class='ocr_par' dir='ltr' id='par_1_83' title="bbox 414 5143 1988 5218">
     <span class='ocr_line' id='line_1_83' title="bbox 414 5143 1988 5218; baseline 0.003 -23"><span class='ocrx_word' id='word_1_595' title='bbox 414 5143 601 5212; x_wconf 87' lang='lat' dir='ltr'><strong>jussit,</strong></span> <span class='ocrx_word' id='word_1_596' title='bbox 642 5145 802 5215; x_wconf 86' lang='lat' dir='ltr'><strong>idque</strong></span> <span class='ocrx_word' id='word_1_597' title='bbox 831 5146 949 5199; x_wconf 89' lang='lat' dir='ltr'><strong>sine</strong></span> <span class='ocrx_word' id='word_1_598' title='bbox 981 5162 1140 5215; x_wconf 90' lang='lat' dir='ltr'><strong>prece</strong></span> <span class='ocrx_word' id='word_1_599' title='bbox 1168 5157 1260 5200; x_wconf 92' lang='lat' dir='ltr'><strong>aut</strong></span> <span class='ocrx_word' id='word_1_600' title='bbox 1294 5147 1569 5216; x_wconf 90' lang='lat' dir='ltr'><strong>petitione.</strong></span> <span class='ocrx_word' id='word_1_601' title='bbox 1591 5148 1767 5218; x_wconf 87' lang='lat' dir='ltr'><strong>Atque</strong></span> <span class='ocrx_word' id='word_1_602' title='bbox 1800 5147 1988 5216; x_wconf 83' lang='lat' dir='ltr'><strong>hujus-</strong></span> 
     </span>
    </p>
   </div>
   <div class='ocr_carea' id='block_1_84' title="bbox 423 5235 1996 5308">
    <p class='ocr_par' dir='ltr' id='par_1_84' title="bbox 423 5235 1996 5308">
     <span class='ocr_line' id='line_1_84' title="bbox 423 5235 1996 5308; baseline 0.003 -19"><span class='ocrx_word' id='word_1_603' title='bbox 423 5235 572 5290; x_wconf 89' lang='lat' dir='ltr'><strong>modi</strong></span> <span class='ocrx_word' id='word_1_604' title='bbox 600 5237 765 5290; x_wconf 89' lang='lat' dir='ltr'><strong>multa</strong></span> <span class='ocrx_word' id='word_1_605' title='bbox 798 5237 850 5291; x_wconf 89' lang='lat' dir='ltr'><strong>in</strong></span> <span class='ocrx_word' id='word_1_606' title='bbox 882 5237 1174 5308; x_wconf 83' lang='lat' dir='ltr'><strong>Evangelio</strong></span> <span class='ocrx_word' id='word_1_607' title='bbox 1207 5239 1350 5292; x_wconf 87' lang='lat' dir='ltr'><strong>facta</strong></span> <span class='ocrx_word' id='word_1_608' title='bbox 1377 5249 1772 5305; x_wconf 89' lang='lat' dir='ltr'><strong>memorantur,</strong></span> <span class='ocrx_word' id='word_1_609' title='bbox 1797 5241 1996 5307; x_wconf 89' lang='lat' dir='ltr'><strong>quibus</strong></span> 
     </span>
    </p>
   </div>
   <div class='ocr_carea' id='block_1_85' title="bbox 425 5327 1999 5400">
    <p class='ocr_par' dir='ltr' id='par_1_85' title="bbox 425 5327 1999 5400">
     <span class='ocr_line' id='line_1_85' title="bbox 425 5327 1999 5400; baseline 0.001 -20"><span class='ocrx_word' id='word_1_610' title='bbox 425 5327 766 5381; x_wconf 89' lang='lat' dir='ltr'><strong>divinitatem</strong></span> <span class='ocrx_word' id='word_1_611' title='bbox 827 5343 996 5395; x_wconf 67' lang='lat' dir='ltr'><strong>suam</strong></span> <span class='ocrx_word' id='word_1_612' title='bbox 1065 5329 1429 5396; x_wconf 79' lang='lat' dir='ltr'><strong>confirmavit,</strong></span> <span class='ocrx_word' id='word_1_613' title='bbox 1488 5330 1716 5400; x_wconf 90' lang='lat' dir='ltr'><strong>ideoque</strong></span> <span class='ocrx_word' id='word_1_614' title='bbox 1770 5331 1999 5384; x_wconf 86' lang='lat' dir='ltr'><strong>credunt</strong></span> 
     </span>
    </p>
   </div>
   <div class='ocr_carea' id='block_1_86' title="bbox 429 5417 1995 5490">
    <p class='ocr_par' dir='ltr' id='par_1_86' title="bbox 429 5417 1995 5490">
     <span class='ocr_line' id='line_1_86' title="bbox 429 5417 1995 5490; baseline 0.003 -19"><span class='ocrx_word' id='word_1_615' title='bbox 429 5417 614 5474; x_wconf 81' lang='lat' dir='ltr'><strong>ﬁdeles</strong></span> <span class='ocrx_word' id='word_1_616' title='bbox 647 5421 822 5489; x_wconf 90' lang='lat' dir='ltr'><strong>ipsum</strong></span> <span class='ocrx_word' id='word_1_617' title='bbox 851 5436 977 5476; x_wconf 88' lang='lat' dir='ltr'><strong>esse</strong></span> <span class='ocrx_word' id='word_1_618' title='bbox 1009 5420 1176 5475; x_wconf 91' lang='lat' dir='ltr'><strong>Deum</strong></span> <span class='ocrx_word' id='word_1_619' title='bbox 1214 5421 1538 5490; x_wconf 79' lang='lat' dir='ltr'><strong>perfectura,</strong></span> <span class='ocrx_word' id='word_1_620' title='bbox 1598 5423 1725 5476; x_wconf 90' lang='lat' dir='ltr'><strong>dum</strong></span> <span class='ocrx_word' id='word_1_621' title='bbox 1791 5422 1995 5476; x_wconf 85' lang='lat' dir='ltr'><strong>faceret</strong></span> 
     </span>
    </p>
   </div>
   <div class='ocr_carea' id='block_1_87' title="bbox 427 5505 1990 5582">
    <p class='ocr_par' dir='ltr' id='par_1_87' title="bbox 427 5505 1990 5582">
     <span class='ocr_line' id='line_1_87' title="bbox 427 5505 1990 5582; baseline 0.001 -16"><span class='ocrx_word' id='word_1_622' title='bbox 427 5528 591 5582; x_wconf 88' lang='lat' dir='ltr'><strong>opera</strong></span> <span class='ocrx_word' id='word_1_623' title='bbox 630 5514 935 5568; x_wconf 88' lang='lat' dir='ltr'><strong>divinitatis</strong></span> <span class='ocrx_word' id='word_1_624' title='bbox 963 5529 1079 5582; x_wconf 67' lang='lat' dir='ltr'><strong>qum</strong></span> <span class='ocrx_word' id='word_1_625' title='bbox 1112 5505 1524 5582; x_wconf 71' lang='lat' dir='ltr'><strong>nulla&#39;unquam</strong></span> <span class='ocrx_word' id='word_1_626' title='bbox 1561 5526 1810 5571; x_wconf 89' lang='lat' dir='ltr'><strong>creatura</strong></span> <span class='ocrx_word' id='word_1_627' title='bbox 1835 5516 1990 5580; x_wconf 84' lang='lat' dir='ltr'><strong>fecit,</strong></span> 
     </span>
    </p>
   </div>
   <div class='ocr_carea' id='block_1_88' title="bbox 428 5587 1992 5678">
    <p class='ocr_par' dir='ltr' id='par_1_88' title="bbox 428 5587 1992 5678">
     <span class='ocr_line' id='line_1_88' title="bbox 428 5587 1992 5678; baseline 0.003 -20"><span class='ocrx_word' id='word_1_628' title='bbox 428 5587 528 5660; x_wconf 78' lang='lat' dir='ltr'><strong>nec</strong></span> <span class='ocrx_word' id='word_1_629' title='bbox 586 5621 826 5676; x_wconf 89' lang='lat' dir='ltr'><strong>unquam</strong></span> <span class='ocrx_word' id='word_1_630' title='bbox 868 5607 1044 5662; x_wconf 84' lang='lat' dir='ltr'><strong>facere</strong></span> <span class='ocrx_word' id='word_1_631' title='bbox 1098 5614 1296 5678; x_wconf 82' lang='lat' dir='ltr'><strong>potest,</strong></span> <span class='ocrx_word' id='word_1_632' title='bbox 1325 5622 1447 5663; x_wconf 92' lang='lat' dir='ltr'><strong>cum</strong></span> <span class='ocrx_word' id='word_1_633' title='bbox 1501 5607 1611 5661; x_wconf 88' lang='lat' dir='ltr'><strong>sint</strong></span> <span class='ocrx_word' id='word_1_634' title='bbox 1671 5621 1833 5677; x_wconf 85' lang='lat' dir='ltr'><strong>opera</strong></span> <span class='ocrx_word' id='word_1_635' title='bbox 1890 5607 1992 5663; x_wconf 89' lang='lat' dir='ltr'><strong>soli</strong></span> 
     </span>
    </p>
   </div>
   <div class='ocr_carea' id='block_1_89' title="bbox 505 5783 1005 5853">
    <p class='ocr_par' dir='ltr' id='par_1_89' title="bbox 505 5783 1005 5853">
     <span class='ocr_line' id='line_1_89' title="bbox 505 5783 1005 5853; baseline 0.006 -15"><span class='ocrx_word' id='word_1_636' title='bbox 505 5790 522 5813; x_wconf 79' lang='grc'><strong><em>⁵</em></strong></span> <span class='ocrx_word' id='word_1_637' title='bbox 546 5783 737 5852; x_wconf 74' lang='lat' dir='ltr'><strong>Matth,</strong></span> <span class='ocrx_word' id='word_1_638' title='bbox 761 5803 874 5853; x_wconf 81' lang='lat' dir='ltr'><strong>vui,</strong></span> <span class='ocrx_word' id='word_1_639' title='bbox 894 5786 1005 5852; x_wconf 66' lang='lat'><strong>2,5.</strong></span> 
     </span>
    </p>
   </div>
   <div class='ocr_carea' id='block_1_90' title="bbox 2081 3209 3642 3280">
    <p class='ocr_par' dir='ltr' id='par_1_90' title="bbox 2081 3209 3642 3280">
     <span class='ocr_line' id='line_1_90' title="bbox 2081 3209 3642 3280; baseline -0.014 -1"><span class='ocrx_word' id='word_1_640' title='bbox 2081 3225 2258 3278; x_wconf 81' lang='lat' dir='ltr'><strong>Filius</strong></span> <span class='ocrx_word' id='word_1_641' title='bbox 2308 3219 2555 3280; x_wconf 80' lang='lat' dir='ltr'><strong>hominis,</strong></span> <span class='ocrx_word' id='word_1_642' title='bbox 2585 3215 2651 3270; x_wconf 84' lang='lat' dir='ltr'><strong>de</strong></span> <span class='ocrx_word' id='word_1_643' title='bbox 2683 3215 3039 3268; x_wconf 85' lang='lat' dir='ltr'><strong>humanitate.</strong></span> <span class='ocrx_word' id='word_1_644' title='bbox 3100 3211 3218 3278; x_wconf 85' lang='lat' dir='ltr'><strong>Ipse</strong></span> <span class='ocrx_word' id='word_1_645' title='bbox 3252 3209 3514 3261; x_wconf 81' lang='lat' dir='ltr'><strong>miracula</strong></span> <span class='ocrx_word' id='word_1_646' title='bbox 3554 3225 3642 3259; x_wconf 78' lang='lat' dir='ltr'><strong>ra-</strong></span> 
     </span>
    </p>
   </div>
   <div class='ocr_carea' id='block_1_91' title="bbox 2081 3303 3654 3373">
    <p class='ocr_par' dir='ltr' id='par_1_91' title="bbox 2081 3303 3654 3373">
     <span class='ocr_line' id='line_1_91' title="bbox 2081 3303 3654 3373; baseline -0.012 -3"><span class='ocrx_word' id='word_1_647' title='bbox 2081 3317 2228 3370; x_wconf 87' lang='lat' dir='ltr'><strong>tione</strong></span> <span class='ocrx_word' id='word_1_648' title='bbox 2261 3312 2565 3368; x_wconf 71' lang='lat' dir='ltr'><strong>divinitatis</strong></span> <span class='ocrx_word' id='word_1_649' title='bbox 2595 3323 2707 3364; x_wconf 72' lang='lat' dir='ltr'><strong>sua:</strong></span> <span class='ocrx_word' id='word_1_650' title='bbox 2735 3307 2879 3369; x_wconf 81' lang='lat' dir='ltr'><strong>fecit,</strong></span> <span class='ocrx_word' id='word_1_651' title='bbox 2899 3305 3154 3373; x_wconf 86' lang='lat' dir='ltr'><strong>idemque</strong></span> <span class='ocrx_word' id='word_1_652' title='bbox 3193 3303 3504 3355; x_wconf 80' lang='lat' dir='ltr'><strong>aﬂlictiones</strong></span> <span class='ocrx_word' id='word_1_653' title='bbox 3530 3315 3654 3368; x_wconf 87' lang='lat' dir='ltr'><strong>pcr-</strong></span> 
     </span>
    </p>
   </div>
   <div class='ocr_carea' id='block_1_92' title="bbox 2082 3397 3652 3465">
    <p class='ocr_par' dir='ltr' id='par_1_92' title="bbox 2082 3397 3652 3465">
     <span class='ocr_line' id='line_1_92' title="bbox 2082 3397 3652 3465; baseline -0.014 -2"><span class='ocrx_word' id='word_1_654' title='bbox 2082 3407 2205 3465; x_wconf 91' lang='lat' dir='ltr'><strong>tulit</strong></span> <span class='ocrx_word' id='word_1_655' title='bbox 2235 3405 2443 3458; x_wconf 90' lang='lat' dir='ltr'><strong>ratione</strong></span> <span class='ocrx_word' id='word_1_656' title='bbox 2475 3401 2832 3455; x_wconf 88' lang='lat' dir='ltr'><strong>humanitatis</strong></span> <span class='ocrx_word' id='word_1_657' title='bbox 2871 3415 2884 3452; x_wconf 87' lang='lat'><strong>:</strong></span> <span class='ocrx_word' id='word_1_658' title='bbox 2939 3397 3236 3452; x_wconf 81' lang='lat' dir='ltr'><strong>crucifixus</strong></span> <span class='ocrx_word' id='word_1_659' title='bbox 3297 3402 3349 3448; x_wconf 89' lang='lat' dir='ltr'><strong>ct</strong></span> <span class='ocrx_word' id='word_1_660' title='bbox 3403 3401 3652 3445; x_wconf 85' lang='lat' dir='ltr'><strong>mortuus</strong></span> 
     </span>
    </p>
   </div>
   <div class='ocr_carea' id='block_1_93' title="bbox 2081 3485 3652 3555">
    <p class='ocr_par' dir='ltr' id='par_1_93' title="bbox 2081 3485 3652 3555">
     <span class='ocr_line' id='line_1_93' title="bbox 2081 3485 3652 3555; baseline -0.015 -1"><span class='ocrx_word' id='word_1_661' title='bbox 2081 3508 2162 3555; x_wconf 76' lang='lat' dir='ltr'><strong>est</strong></span> <span class='ocrx_word' id='word_1_662' title='bbox 2191 3498 2398 3551; x_wconf 90' lang='lat' dir='ltr'><strong>ratione</strong></span> <span class='ocrx_word' id='word_1_663' title='bbox 2437 3493 2794 3548; x_wconf 88' lang='lat' dir='ltr'><strong>humanitatis</strong></span> <span class='ocrx_word' id='word_1_664' title='bbox 2859 3505 2990 3551; x_wconf 76' lang='lat' dir='ltr'><strong>sure,</strong></span> <span class='ocrx_word' id='word_1_665' title='bbox 3052 3502 3148 3542; x_wconf 82' lang='lat' dir='ltr'><strong>nec</strong></span> <span class='ocrx_word' id='word_1_666' title='bbox 3199 3485 3493 3541; x_wconf 73' lang='lat' dir='ltr'><strong>cruciﬁxus</strong></span> <span class='ocrx_word' id='word_1_667' title='bbox 3551 3497 3652 3534; x_wconf 83' lang='lat' dir='ltr'><strong>nec</strong></span> 
     </span>
    </p>
   </div>
   <div class='ocr_carea' id='block_1_94' title="bbox 2083 3574 3648 3657">
    <p class='ocr_par' dir='ltr' id='par_1_94' title="bbox 2083 3574 3648 3657">
     <span class='ocr_line' id='line_1_94' title="bbox 2083 3574 3648 3657; baseline -0.015 -10"><span class='ocrx_word' id='word_1_668' title='bbox 2083 3603 2330 3647; x_wconf 87' lang='lat' dir='ltr'><strong>mortuus</strong></span> <span class='ocrx_word' id='word_1_669' title='bbox 2363 3590 2573 3642; x_wconf 88' lang='lat' dir='ltr'><strong>ratione</strong></span> <span class='ocrx_word' id='word_1_670' title='bbox 2603 3585 2847 3657; x_wconf 76' lang='lat'><strong>69-71</strong></span> <span class='ocrx_word' id='word_1_671' title='bbox 2879 3581 3199 3636; x_wconf 86' lang='lat' dir='ltr'><strong>divinitatis.</strong></span> <span class='ocrx_word' id='word_1_672' title='bbox 3240 3577 3468 3630; x_wconf 80' lang='lat' dir='ltr'><strong>Mutatio</strong></span> <span class='ocrx_word' id='word_1_673' title='bbox 3501 3574 3648 3627; x_wconf 85' lang='lat' dir='ltr'><strong>enim</strong></span> 
     </span>
    </p>
   </div>
   <div class='ocr_carea' id='block_1_95' title="bbox 2081 3667 3645 3751">
    <p class='ocr_par' dir='ltr' id='par_1_95' title="bbox 2081 3667 3645 3751">
     <span class='ocr_line' id='line_1_95' title="bbox 2081 3667 3645 3751; baseline -0.013 -14"><span class='ocrx_word' id='word_1_674' title='bbox 2081 3693 2134 3737; x_wconf 86' lang='lat' dir='ltr'><strong>et</strong></span> <span class='ocrx_word' id='word_1_675' title='bbox 2176 3681 2558 3751; x_wconf 82' lang='lat' dir='ltr'><strong>perpessiones</strong></span> <span class='ocrx_word' id='word_1_676' title='bbox 2586 3687 2639 3730; x_wconf 86' lang='lat' dir='ltr'><strong>et</strong></span> <span class='ocrx_word' id='word_1_677' title='bbox 2671 3691 2816 3729; x_wconf 85' lang='lat' dir='ltr'><strong>mors</strong></span> <span class='ocrx_word' id='word_1_678' title='bbox 2849 3671 3204 3726; x_wconf 88' lang='lat' dir='ltr'><strong>humanitatis</strong></span> <span class='ocrx_word' id='word_1_679' title='bbox 3231 3667 3447 3737; x_wconf 87' lang='lat' dir='ltr'><strong>propria</strong></span> <span class='ocrx_word' id='word_1_680' title='bbox 3491 3677 3645 3724; x_wconf 81' lang='lat' dir='ltr'><strong>sunt.</strong></span> 
     </span>
    </p>
   </div>
   <div class='ocr_carea' id='block_1_96' title="bbox 2085 3757 3654 3832">
    <p class='ocr_par' dir='ltr' id='par_1_96' title="bbox 2085 3757 3654 3832">
     <span class='ocr_line' id='line_1_96' title="bbox 2085 3757 3654 3832; baseline -0.011 -8"><span class='ocrx_word' id='word_1_681' title='bbox 2085 3788 2190 3825; x_wconf 90' lang='lat' dir='ltr'><strong>non</strong></span> <span class='ocrx_word' id='word_1_682' title='bbox 2222 3767 2521 3823; x_wconf 86' lang='lat' dir='ltr'><strong>divinitatis</strong></span> <span class='ocrx_word' id='word_1_683' title='bbox 2550 3807 2564 3826; x_wconf 82' lang='lat'><strong>,</strong></span> <span class='ocrx_word' id='word_1_684' title='bbox 2587 3780 2705 3832; x_wconf 66' lang='lat' dir='ltr'><strong>qtae</strong></span> <span class='ocrx_word' id='word_1_685' title='bbox 2739 3763 2806 3816; x_wconf 88' lang='lat' dir='ltr'><strong>ah</strong></span> <span class='ocrx_word' id='word_1_686' title='bbox 2834 3762 3094 3816; x_wconf 88' lang='lat' dir='ltr'><strong>omnibus</strong></span> <span class='ocrx_word' id='word_1_687' title='bbox 3116 3760 3234 3813; x_wconf 88' lang='lat' dir='ltr'><strong>istis</strong></span> <span class='ocrx_word' id='word_1_688' title='bbox 3261 3757 3521 3810; x_wconf 79' lang='lat' dir='ltr'><strong>iu&#39;imunis</strong></span> <span class='ocrx_word' id='word_1_689' title='bbox 3549 3765 3654 3808; x_wconf 84' lang='lat' dir='ltr'><strong>est.</strong></span> 
     </span>
    </p>
   </div>
   <div class='ocr_carea' id='block_1_97' title="bbox 2084 3848 3660 3924">
    <p class='ocr_par' dir='ltr' id='par_1_97' title="bbox 2084 3848 3660 3924">
     <span class='ocr_line' id='line_1_97' title="bbox 2084 3848 3660 3924; baseline -0.012 -10"><span class='ocrx_word' id='word_1_690' title='bbox 2084 3863 2203 3915; x_wconf 86' lang='lat' dir='ltr'><strong>Non</strong></span> <span class='ocrx_word' id='word_1_691' title='bbox 2236 3869 2415 3912; x_wconf 88' lang='lat' dir='ltr'><strong>autem</strong></span> <span class='ocrx_word' id='word_1_692' title='bbox 2472 3857 2676 3924; x_wconf 89' lang='lat' dir='ltr'><strong>patitur</strong></span> <span class='ocrx_word' id='word_1_693' title='bbox 2741 3851 2943 3921; x_wconf 89' lang='lat' dir='ltr'><strong>aliquid</strong></span> <span class='ocrx_word' id='word_1_694' title='bbox 2994 3851 3059 3903; x_wconf 90' lang='lat' dir='ltr'><strong>ab</strong></span> <span class='ocrx_word' id='word_1_695' title='bbox 3116 3848 3493 3903; x_wconf 88' lang='lat' dir='ltr'><strong>accidentibus</strong></span> <span class='ocrx_word' id='word_1_696' title='bbox 3535 3862 3660 3914; x_wconf 74' lang='lat' dir='ltr'><strong>quae.</strong></span> 
     </span>
    </p>
   </div>
   <div class='ocr_carea' id='block_1_98' title="bbox 2087 3940 3659 4022">
    <p class='ocr_par' dir='ltr' id='par_1_98' title="bbox 2087 3940 3659 4022">
     <span class='ocr_line' id='line_1_98' title="bbox 2087 3940 3659 4022; baseline -0.01 -16"><span class='ocrx_word' id='word_1_697' title='bbox 2087 3951 2259 4022; x_wconf 86' lang='lat' dir='ltr'><strong>ipsius</strong></span> <span class='ocrx_word' id='word_1_698' title='bbox 2284 3956 2494 4002; x_wconf 76' lang='lat' dir='ltr'><strong>natura:</strong></span> <span class='ocrx_word' id='word_1_699' title='bbox 2527 3962 2630 3999; x_wconf 92' lang='lat' dir='ltr'><strong>non</strong></span> <span class='ocrx_word' id='word_1_700' title='bbox 2664 3943 2994 3997; x_wconf 83' lang='lat' dir='ltr'><strong>conveniunt</strong></span> <span class='ocrx_word' id='word_1_701' title='bbox 3025 3960 3036 3994; x_wconf 92' lang='lat'>:</span> <span class='ocrx_word' id='word_1_702' title='bbox 3072 3941 3304 4008; x_wconf 77' lang='lat' dir='ltr'><strong>exempli</strong></span> <span class='ocrx_word' id='word_1_703' title='bbox 3344 3940 3537 4008; x_wconf 84' lang='lat' dir='ltr'><strong>gratia,</strong></span> <span class='ocrx_word' id='word_1_704' title='bbox 3573 3955 3659 3992; x_wconf 88' lang='lat' dir='ltr'><strong>se-</strong></span> 
     </span>
    </p>
   </div>
   <div class='ocr_carea' id='block_1_99' title="bbox 2087 4031 3657 4098">
    <p class='ocr_par' dir='ltr' id='par_1_99' title="bbox 2087 4031 3657 4098">
     <span class='ocr_line' id='line_1_99' title="bbox 2087 4031 3657 4098; baseline -0.01 -1"><span class='ocrx_word' id='word_1_705' title='bbox 2087 4044 2202 4097; x_wconf 89' lang='lat' dir='ltr'><strong>curi</strong></span> <span class='ocrx_word' id='word_1_706' title='bbox 2228 4039 2404 4096; x_wconf 81' lang='lat' dir='ltr'><strong>seindi</strong></span> <span class='ocrx_word' id='word_1_707' title='bbox 2465 4053 2571 4091; x_wconf 91' lang='lat' dir='ltr'><strong>non</strong></span> <span class='ocrx_word' id='word_1_708' title='bbox 2609 4035 2752 4089; x_wconf 89' lang='lat' dir='ltr'><strong>cadit</strong></span> <span class='ocrx_word' id='word_1_709' title='bbox 2785 4034 2837 4087; x_wconf 92' lang='lat' dir='ltr'><strong>in</strong></span> <span class='ocrx_word' id='word_1_710' title='bbox 2871 4033 3064 4094; x_wconf 83' lang='lat' dir='ltr'><strong>solem,</strong></span> <span class='ocrx_word' id='word_1_711' title='bbox 3107 4033 3232 4098; x_wconf 90' lang='lat' dir='ltr'><strong>quia</strong></span> <span class='ocrx_word' id='word_1_712' title='bbox 3269 4033 3467 4097; x_wconf 88' lang='lat' dir='ltr'><strong>scindi,</strong></span> <span class='ocrx_word' id='word_1_713' title='bbox 3525 4031 3657 4083; x_wconf 81' lang='lat' dir='ltr'><strong>solis</strong></span> 
     </span>
    </p>
   </div>
   <div class='ocr_carea' id='block_1_100' title="bbox 2087 4121 3663 4194">
    <p class='ocr_par' dir='ltr' id='par_1_100' title="bbox 2087 4121 3663 4194">
     <span class='ocr_line' id='line_1_100' title="bbox 2087 4121 3663 4194; baseline -0.011 -6"><span class='ocrx_word' id='word_1_714' title='bbox 2087 4143 2296 4188; x_wconf 68' lang='lat' dir='ltr'><strong>naturae</strong></span> <span class='ocrx_word' id='word_1_715' title='bbox 2358 4146 2460 4184; x_wconf 89' lang='lat' dir='ltr'><strong>non</strong></span> <span class='ocrx_word' id='word_1_716' title='bbox 2513 4125 2796 4194; x_wconf 85' lang='lat' dir='ltr'><strong>competit.</strong></span> <span class='ocrx_word' id='word_1_717' title='bbox 2852 4124 3086 4192; x_wconf 79' lang='lat' dir='ltr'><strong>Ideoque</strong></span> <span class='ocrx_word' id='word_1_718' title='bbox 3159 4123 3336 4177; x_wconf 80' lang='lat' dir='ltr'><strong>securi</strong></span> <span class='ocrx_word' id='word_1_719' title='bbox 3393 4121 3663 4175; x_wconf 86' lang='lat' dir='ltr'><strong>scinditur</strong></span> 
     </span>
    </p>
   </div>
   <div class='ocr_carea' id='block_1_101' title="bbox 2091 4213 3659 4291">
    <p class='ocr_par' dir='ltr' id='par_1_101' title="bbox 2091 4213 3659 4287">
     <span class='ocr_line' id='line_1_101' title="bbox 2091 4213 3659 4287; baseline -0.011 -5"><span class='ocrx_word' id='word_1_720' title='bbox 2091 4229 2252 4282; x_wconf 84' lang='lat' dir='ltr'><strong>arbor</strong></span> <span class='ocrx_word' id='word_1_721' title='bbox 2285 4225 2372 4278; x_wconf 90' lang='lat' dir='ltr'><strong>cui</strong></span> <span class='ocrx_word' id='word_1_722' title='bbox 2431 4221 2511 4276; x_wconf 90' lang='lat' dir='ltr'><strong>sol</strong></span> <span class='ocrx_word' id='word_1_723' title='bbox 2550 4218 2790 4287; x_wconf 69' lang='lat' dir='ltr'><strong>atinlget,</strong></span> <span class='ocrx_word' id='word_1_724' title='bbox 2846 4225 2899 4270; x_wconf 92' lang='lat' dir='ltr'><strong>at</strong></span> <span class='ocrx_word' id='word_1_725' title='bbox 2951 4230 3063 4268; x_wconf 89' lang='lat' dir='ltr'><strong>non</strong></span> <span class='ocrx_word' id='word_1_726' title='bbox 3132 4229 3236 4267; x_wconf 90' lang='lat' dir='ltr'><strong>una</strong></span> <span class='ocrx_word' id='word_1_727' title='bbox 3283 4228 3407 4279; x_wconf 83' lang='lat' dir='ltr'><strong>cum</strong></span> <span class='ocrx_word' id='word_1_728' title='bbox 3463 4213 3659 4266; x_wconf 79' lang='lat' dir='ltr'><strong>artiore</strong></span> 
     </span>
    </p>
   </div>
   <div class='ocr_carea' id='block_1_102' title="bbox 2090 4307 3656 4378">
    <p class='ocr_par' dir='ltr' id='par_1_102' title="bbox 2090 4307 3656 4378">
     <span class='ocr_line' id='line_1_102' title="bbox 2090 4307 3656 4378; baseline -0.011 -2"><span class='ocrx_word' id='word_1_729' title='bbox 2090 4321 2359 4378; x_wconf 88' lang='lat' dir='ltr'><strong>scinditur</strong></span> <span class='ocrx_word' id='word_1_730' title='bbox 2385 4316 2464 4372; x_wconf 90' lang='lat' dir='ltr'><strong>sol</strong></span> <span class='ocrx_word' id='word_1_731' title='bbox 2496 4332 2510 4368; x_wconf 90' lang='lat'><strong>:</strong></span> <span class='ocrx_word' id='word_1_732' title='bbox 2545 4314 2689 4368; x_wconf 73' lang='lat' dir='ltr'><strong>ferro</strong></span> <span class='ocrx_word' id='word_1_733' title='bbox 2717 4313 2859 4366; x_wconf 90' lang='lat' dir='ltr'><strong>enim</strong></span> <span class='ocrx_word' id='word_1_734' title='bbox 2913 4311 3089 4365; x_wconf 89' lang='lat' dir='ltr'><strong>scindi</strong></span> <span class='ocrx_word' id='word_1_735' title='bbox 3125 4311 3178 4362; x_wconf 92' lang='lat' dir='ltr'><strong>in</strong></span> <span class='ocrx_word' id='word_1_736' title='bbox 3238 4309 3441 4378; x_wconf 86' lang='lat' dir='ltr'><strong>lignum</strong></span> <span class='ocrx_word' id='word_1_737' title='bbox 3489 4307 3656 4370; x_wconf 87' lang='lat' dir='ltr'><strong>cadit,</strong></span> 
     </span>
    </p>
   </div>
   <div class='ocr_carea' id='block_1_103' title="bbox 2091 4401 3661 4469">
    <p class='ocr_par' dir='ltr' id='par_1_103' title="bbox 2091 4401 3661 4469">
     <span class='ocr_line' id='line_1_103' title="bbox 2091 4401 3661 4469; baseline -0.011 0"><span class='ocrx_word' id='word_1_738' title='bbox 2091 4424 2145 4469; x_wconf 86' lang='lat' dir='ltr'><strong>at</strong></span> <span class='ocrx_word' id='word_1_739' title='bbox 2171 4429 2277 4468; x_wconf 89' lang='lat' dir='ltr'><strong>non</strong></span> <span class='ocrx_word' id='word_1_740' title='bbox 2317 4415 2370 4467; x_wconf 92' lang='lat' dir='ltr'><strong>in</strong></span> <span class='ocrx_word' id='word_1_741' title='bbox 2406 4411 2594 4465; x_wconf 85' lang='lat' dir='ltr'><strong>solem.</strong></span> <span class='ocrx_word' id='word_1_742' title='bbox 2655 4409 2730 4462; x_wconf 89' lang='lat' dir='ltr'><strong>Ac</strong></span> <span class='ocrx_word' id='word_1_743' title='bbox 2763 4407 2924 4468; x_wconf 86' lang='lat' dir='ltr'><strong>sicut,</strong></span> <span class='ocrx_word' id='word_1_744' title='bbox 2964 4419 3086 4458; x_wconf 90' lang='lat' dir='ltr'><strong>cum</strong></span> <span class='ocrx_word' id='word_1_745' title='bbox 3145 4402 3347 4455; x_wconf 84' lang='lat' dir='ltr'><strong>ferrum</strong></span> <span class='ocrx_word' id='word_1_746' title='bbox 3386 4401 3508 4469; x_wconf 85' lang='lat' dir='ltr'><strong>igne</strong></span> <span class='ocrx_word' id='word_1_747' title='bbox 3571 4416 3661 4452; x_wconf 80' lang='lat' dir='ltr'><strong>ca-</strong></span> 
     </span>
    </p>
   </div>
   <div class='ocr_carea' id='block_1_104' title="bbox 2097 4491 3660 4572">
    <p class='ocr_par' dir='ltr' id='par_1_104' title="bbox 2097 4491 3660 4572">
     <span class='ocr_line' id='line_1_104' title="bbox 2097 4491 3660 4572; baseline -0.012 -10"><span class='ocrx_word' id='word_1_748' title='bbox 2097 4507 2350 4562; x_wconf 88' lang='lat' dir='ltr'><strong>lefactum</strong></span> <span class='ocrx_word' id='word_1_749' title='bbox 2404 4499 2943 4572; x_wconf 68' lang='lat' dir='ltr'><strong>aquaeiznmcrgitur,</strong></span> <span class='ocrx_word' id='word_1_750' title='bbox 2997 4508 3274 4563; x_wconf 81' lang='lat' dir='ltr'><strong>occupans</strong></span> <span class='ocrx_word' id='word_1_751' title='bbox 3307 4491 3477 4562; x_wconf 85' lang='lat' dir='ltr'><strong>frigus</strong></span> <span class='ocrx_word' id='word_1_752' title='bbox 3507 4507 3660 4557; x_wconf 69' lang='lat' dir='ltr'><strong>aqua!</strong></span> 
     </span>
    </p>
   </div>
   <div class='ocr_carea' id='block_1_105' title="bbox 2097 4582 3660 4666">
    <p class='ocr_par' dir='ltr' id='par_1_105' title="bbox 2097 4582 3660 4666">
     <span class='ocr_line' id='line_1_105' title="bbox 2097 4582 3660 4666; baseline -0.012 -14"><span class='ocrx_word' id='word_1_753' title='bbox 2097 4597 2237 4666; x_wconf 89' lang='lat' dir='ltr'><strong>ignis</strong></span> <span class='ocrx_word' id='word_1_754' title='bbox 2254 4595 2512 4655; x_wconf 87' lang='lat' dir='ltr'><strong>calorem,</strong></span> <span class='ocrx_word' id='word_1_755' title='bbox 2547 4591 2721 4658; x_wconf 85' lang='lat' dir='ltr'><strong>ipsum</strong></span> <span class='ocrx_word' id='word_1_756' title='bbox 2753 4585 3071 4655; x_wconf 76' lang='lat' dir='ltr'><strong>exstinguit,</strong></span> <span class='ocrx_word' id='word_1_757' title='bbox 3102 4586 3171 4638; x_wconf 87' lang='lat' dir='ltr'><strong>ita</strong></span> <span class='ocrx_word' id='word_1_758' title='bbox 3209 4592 3389 4636; x_wconf 84' lang='lat' dir='ltr'><strong>tamen</strong></span> <span class='ocrx_word' id='word_1_759' title='bbox 3427 4591 3483 4636; x_wconf 92' lang='lat' dir='ltr'><strong>ut</strong></span> <span class='ocrx_word' id='word_1_760' title='bbox 3516 4582 3660 4634; x_wconf 89' lang='lat' dir='ltr'><strong>nulla</strong></span> 
     </span>
    </p>
   </div>
   <div class='ocr_carea' id='block_1_106' title="bbox 2097 4673 3661 4743">
    <p class='ocr_par' dir='ltr' id='par_1_106' title="bbox 2097 4673 3661 4743">
     <span class='ocr_line' id='line_1_106' title="bbox 2097 4673 3661 4743; baseline -0.012 -3"><span class='ocrx_word' id='word_1_761' title='bbox 2097 4686 2166 4740; x_wconf 80' lang='lat' dir='ltr'><strong>ab</strong></span> <span class='ocrx_word' id='word_1_762' title='bbox 2193 4699 2258 4739; x_wconf 91' lang='lat' dir='ltr'><strong>eo</strong></span> <span class='ocrx_word' id='word_1_763' title='bbox 2285 4697 2424 4737; x_wconf 77' lang='lat' dir='ltr'><strong>noxa</strong></span> <span class='ocrx_word' id='word_1_764' title='bbox 2457 4682 2511 4734; x_wconf 92' lang='lat' dir='ltr'><strong>in</strong></span> <span class='ocrx_word' id='word_1_765' title='bbox 2565 4679 2767 4734; x_wconf 90' lang='lat' dir='ltr'><strong>ferrum</strong></span> <span class='ocrx_word' id='word_1_766' title='bbox 2809 4676 2986 4737; x_wconf 86' lang='lat' dir='ltr'><strong>cadat,</strong></span> <span class='ocrx_word' id='word_1_767' title='bbox 3016 4674 3142 4743; x_wconf 86' lang='lat' dir='ltr'><strong>quia</strong></span> <span class='ocrx_word' id='word_1_768' title='bbox 3172 4674 3350 4741; x_wconf 83' lang='lat' dir='ltr'><strong>passio</strong></span> <span class='ocrx_word' id='word_1_769' title='bbox 3396 4673 3466 4726; x_wconf 91' lang='lat' dir='ltr'><strong>ab</strong></span> <span class='ocrx_word' id='word_1_770' title='bbox 3521 4687 3661 4741; x_wconf 85' lang='lat' dir='ltr'><strong>aqua</strong></span> 
     </span>
    </p>
   </div>
   <div class='ocr_carea' id='block_1_107' title="bbox 2097 4759 3663 4851">
    <p class='ocr_par' dir='ltr' id='par_1_107' title="bbox 2097 4759 3663 4851">
     <span class='ocr_line' id='line_1_107' title="bbox 2097 4759 3663 4851; baseline -0.013 -19"><span class='ocrx_word' id='word_1_771' title='bbox 2097 4775 2296 4851; x_wconf 82' lang='lat' dir='ltr'><strong>[illata]</strong></span> <span class='ocrx_word' id='word_1_772' title='bbox 2337 4759 2446 4844; x_wconf 77' lang='lat' dir='ltr'><strong>igni</strong></span> <span class='ocrx_word' id='word_1_773' title='bbox 2477 4771 2736 4840; x_wconf 89' lang='lat' dir='ltr'><strong>competit</strong></span> <span class='ocrx_word' id='word_1_774' title='bbox 2773 4776 2829 4821; x_wconf 91' lang='lat' dir='ltr'><strong>ut</strong></span> <span class='ocrx_word' id='word_1_775' title='bbox 2865 4768 2933 4820; x_wconf 88' lang='lat' dir='ltr'><strong>ah</strong></span> <span class='ocrx_word' id='word_1_776' title='bbox 2964 4767 3077 4834; x_wconf 89' lang='lat' dir='ltr'><strong>ipsa</strong></span> <span class='ocrx_word' id='word_1_777' title='bbox 3145 4764 3548 4832; x_wconf 73' lang='lat' dir='ltr'><strong>csstinguatur,</strong></span> <span class='ocrx_word' id='word_1_778' title='bbox 3607 4767 3663 4812; x_wconf 85' lang='lat' dir='ltr'><strong>at</strong></span> 
     </span>
    </p>
   </div>
   <div class='ocr_carea' id='block_1_108' title="bbox 2098 4853 3664 4936">
    <p class='ocr_par' dir='ltr' id='par_1_108' title="bbox 2098 4853 3664 4936">
     <span class='ocr_line' id='line_1_108' title="bbox 2098 4853 3664 4936; baseline -0.011 -13"><span class='ocrx_word' id='word_1_779' title='bbox 2098 4886 2205 4923; x_wconf 90' lang='lat' dir='ltr'><strong>non</strong></span> <span class='ocrx_word' id='word_1_780' title='bbox 2236 4865 2494 4936; x_wconf 89' lang='lat' dir='ltr'><strong>competit</strong></span> <span class='ocrx_word' id='word_1_781' title='bbox 2530 4864 2674 4918; x_wconf 80' lang='lat' dir='ltr'><strong>ferro</strong></span> <span class='ocrx_word' id='word_1_782' title='bbox 2704 4861 2890 4916; x_wconf 88' lang='lat' dir='ltr'><strong>eadem</strong></span> <span class='ocrx_word' id='word_1_783' title='bbox 2926 4855 3249 4911; x_wconf 89' lang='lat' dir='ltr'><strong>madefacto.</strong></span> <span class='ocrx_word' id='word_1_784' title='bbox 3276 4855 3472 4908; x_wconf 89' lang='lat' dir='ltr'><strong>Eodem</strong></span> <span class='ocrx_word' id='word_1_785' title='bbox 3502 4853 3664 4906; x_wconf 89' lang='lat' dir='ltr'><strong>modo</strong></span> 
     </span>
    </p>
   </div>
   <div class='ocr_carea' id='block_1_109' title="bbox 2098 4943 3660 5042">
    <p class='ocr_par' dir='ltr' id='par_1_109' title="bbox 2098 4943 3660 5042">
     <span class='ocr_line' id='line_1_109' title="bbox 2098 4943 3660 5042; baseline -0.015 -25"><span class='ocrx_word' id='word_1_786' title='bbox 2098 4961 2300 5019; x_wconf 86' lang='lat' dir='ltr'><strong>eadunt</strong></span> <span class='ocrx_word' id='word_1_787' title='bbox 2328 4959 2606 5028; x_wconf 89' lang='lat' dir='ltr'><strong>passiones</strong></span> <span class='ocrx_word' id='word_1_788' title='bbox 2628 4954 2682 5008; x_wconf 92' lang='lat' dir='ltr'><strong>in</strong></span> <span class='ocrx_word' id='word_1_789' title='bbox 2717 4947 2951 5006; x_wconf 86' lang='lat' dir='ltr'><strong>animam</strong></span> <span class='ocrx_word' id='word_1_790' title='bbox 2979 4949 3265 5002; x_wconf 89' lang='lat' dir='ltr'><strong>humanam</strong></span> <span class='ocrx_word' id='word_1_791' title='bbox 3311 4954 3366 4999; x_wconf 89' lang='lat' dir='ltr'><strong>et</strong></span> <span class='ocrx_word' id='word_1_792' title='bbox 3399 4943 3464 4996; x_wconf 90' lang='lat' dir='ltr'><strong>ad</strong></span> <span class='ocrx_word' id='word_1_793' title='bbox 3491 4944 3660 5042; x_wconf 79' lang='lat' dir='ltr'><strong>ipsam</strong></span> 
     </span>
    </p>
   </div>
   <div class='ocr_carea' id='block_1_110' title="bbox 2101 5034 3664 5132">
    <p class='ocr_par' dir='ltr' id='par_1_110' title="bbox 2101 5034 3664 5132">
     <span class='ocr_line' id='line_1_110' title="bbox 2101 5034 3664 5132; baseline -0.017 -24"><span class='ocrx_word' id='word_1_794' title='bbox 2101 5053 2438 5124; x_wconf 84' lang='lat' dir='ltr'><strong>pertiugunt,</strong></span> <span class='ocrx_word' id='word_1_795' title='bbox 2483 5055 2762 5110; x_wconf 84' lang='lat' dir='ltr'><strong>letumque</strong></span> <span class='ocrx_word' id='word_1_796' title='bbox 2800 5053 3024 5106; x_wconf 86' lang='lat' dir='ltr'><strong>corpus,</strong></span> <span class='ocrx_word' id='word_1_797' title='bbox 3056 5037 3182 5106; x_wconf 88' lang='lat' dir='ltr'><strong>quia</strong></span> <span class='ocrx_word' id='word_1_798' title='bbox 3220 5035 3274 5088; x_wconf 84' lang='lat' dir='ltr'><strong>in</strong></span> <span class='ocrx_word' id='word_1_799' title='bbox 3307 5034 3427 5132; x_wconf 78' lang='lat' dir='ltr'><strong>ipso</strong></span> <span class='ocrx_word' id='word_1_800' title='bbox 3453 5034 3664 5132; x_wconf 82' lang='lat' dir='ltr'><strong>passio-</strong></span> 
     </span>
    </p>
   </div>
   <div class='ocr_carea' id='block_1_111' title="bbox 2099 5123 3662 5200">
    <p class='ocr_par' dir='ltr' id='par_1_111' title="bbox 2099 5123 3662 5200">
     <span class='ocr_line' id='line_1_111' title="bbox 2099 5123 3662 5200; baseline -0.019 1"><span class='ocrx_word' id='word_1_801' title='bbox 2099 5123 2195 5200; x_wconf 84' lang='lat' dir='ltr'><strong>nes</strong></span> <span class='ocrx_word' id='word_1_802' title='bbox 2230 5136 2424 5196; x_wconf 76' lang='lat' dir='ltr'><strong>locum</strong></span> <span class='ocrx_word' id='word_1_803' title='bbox 2490 5136 2713 5197; x_wconf 89' lang='lat' dir='ltr'><strong>habent,</strong></span> <span class='ocrx_word' id='word_1_804' title='bbox 2755 5143 2810 5184; x_wconf 90' lang='lat' dir='ltr'><strong>at</strong></span> <span class='ocrx_word' id='word_1_805' title='bbox 2867 5146 2977 5184; x_wconf 90' lang='lat' dir='ltr'><strong>non</strong></span> <span class='ocrx_word' id='word_1_806' title='bbox 3037 5128 3180 5182; x_wconf 89' lang='lat' dir='ltr'><strong>cadit</strong></span> <span class='ocrx_word' id='word_1_807' title='bbox 3236 5125 3286 5177; x_wconf 89' lang='lat' dir='ltr'><strong>in</strong></span> <span class='ocrx_word' id='word_1_808' title='bbox 3324 5123 3662 5176; x_wconf 87' lang='lat' dir='ltr'><strong>divinitatem</strong></span> 
     </span>
    </p>
   </div>
   <div class='ocr_carea' id='block_1_112' title="bbox 2097 5211 3662 5305">
    <p class='ocr_par' dir='ltr' id='par_1_112' title="bbox 2097 5211 3662 5305">
     <span class='ocr_line' id='line_1_112' title="bbox 2097 5211 3662 5305; baseline -0.018 -16"><span class='ocrx_word' id='word_1_809' title='bbox 2097 5234 2412 5305; x_wconf 88' lang='lat' dir='ltr'><strong>quidquam.</strong></span> <span class='ocrx_word' id='word_1_810' title='bbox 2468 5227 2638 5282; x_wconf 83' lang='lat' dir='ltr'><strong>Porro</strong></span> <span class='ocrx_word' id='word_1_811' title='bbox 2668 5223 2944 5278; x_wconf 87' lang='lat' dir='ltr'><strong>credimus</strong></span> <span class='ocrx_word' id='word_1_812' title='bbox 2977 5220 3250 5274; x_wconf 81' lang='lat' dir='ltr'><strong>Christum</strong></span> <span class='ocrx_word' id='word_1_813' title='bbox 3315 5211 3662 5305; x_wconf 21' lang='lat' dir='ltr'><strong>FilimnhDei</strong></span> 
     </span>
    </p>
   </div>
   <div class='ocr_carea' id='block_1_113' title="bbox 2098 5303 3665 5392">
    <p class='ocr_par' dir='ltr' id='par_1_113' title="bbox 2098 5303 3665 5392">
     <span class='ocr_line' id='line_1_113' title="bbox 2098 5303 3665 5392; baseline -0.019 -10"><span class='ocrx_word' id='word_1_814' title='bbox 2098 5303 2321 5382; x_wconf 79' lang='lat' dir='ltr'><strong>unicum</strong></span> <span class='ocrx_word' id='word_1_815' title='bbox 2352 5334 2470 5377; x_wconf 82' lang='lat' dir='ltr'><strong>esse</strong></span> <span class='ocrx_word' id='word_1_816' title='bbox 2513 5325 2632 5388; x_wconf 91' lang='lat' dir='ltr'><strong>post</strong></span> <span class='ocrx_word' id='word_1_817' title='bbox 2693 5313 3146 5370; x_wconf 87' lang='lat' dir='ltr'><strong>incarnationem,</strong></span> <span class='ocrx_word' id='word_1_818' title='bbox 3214 5320 3426 5358; x_wconf 89' lang='lat' dir='ltr'><strong>necnon</strong></span> <span class='ocrx_word' id='word_1_819' title='bbox 3492 5303 3665 5392; x_wconf 83' lang='lat' dir='ltr'><strong>lilium</strong></span> 
     </span>
    </p>
   </div>
   <div class='ocr_carea' id='block_1_114' title="bbox 2099 5395 3656 5483">
    <p class='ocr_par' dir='ltr' id='par_1_114' title="bbox 2099 5395 3656 5483">
     <span class='ocr_line' id='line_1_114' title="bbox 2099 5395 3656 5483; baseline -0.019 -9"><span class='ocrx_word' id='word_1_820' title='bbox 2099 5417 2357 5480; x_wconf 89' lang='lat' dir='ltr'><strong>hominis,</strong></span> <span class='ocrx_word' id='word_1_821' title='bbox 2391 5416 2566 5483; x_wconf 89' lang='lat' dir='ltr'><strong>ipsum</strong></span> <span class='ocrx_word' id='word_1_822' title='bbox 2599 5423 2706 5464; x_wconf 92' lang='lat' dir='ltr'><strong>non</strong></span> <span class='ocrx_word' id='word_1_823' title='bbox 2756 5407 2942 5467; x_wconf 87' lang='lat' dir='ltr'><strong>alium,</strong></span> <span class='ocrx_word' id='word_1_824' title='bbox 2971 5402 3250 5456; x_wconf 88' lang='lat' dir='ltr'><strong>Christum</strong></span> <span class='ocrx_word' id='word_1_825' title='bbox 3289 5412 3482 5461; x_wconf 90' lang='lat' dir='ltr'><strong>unum,</strong></span> <span class='ocrx_word' id='word_1_826' title='bbox 3546 5395 3656 5447; x_wconf 87' lang='lat' dir='ltr'><strong>Do-</strong></span> 
     </span>
    </p>
   </div>
   <div class='ocr_carea' id='block_1_115' title="bbox 2105 5489 3665 5567">
    <p class='ocr_par' dir='ltr' id='par_1_115' title="bbox 2105 5489 3665 5567">
     <span class='ocr_line' id='line_1_115' title="bbox 2105 5489 3665 5567; baseline -0.018 -1"><span class='ocrx_word' id='word_1_827' title='bbox 2105 5512 2311 5566; x_wconf 89' lang='lat' dir='ltr'><strong>minum</strong></span> <span class='ocrx_word' id='word_1_828' title='bbox 2342 5520 2532 5567; x_wconf 91' lang='lat' dir='ltr'><strong>unum,</strong></span> <span class='ocrx_word' id='word_1_829' title='bbox 2563 5501 2700 5556; x_wconf 91' lang='lat' dir='ltr'><strong>duas</strong></span> <span class='ocrx_word' id='word_1_830' title='bbox 2741 5500 3028 5552; x_wconf 87' lang='lat' dir='ltr'><strong>habentem</strong></span> <span class='ocrx_word' id='word_1_831' title='bbox 3058 5489 3460 5561; x_wconf 84' lang='lat' dir='ltr'><strong>generationes,</strong></span> <span class='ocrx_word' id='word_1_832' title='bbox 3511 5489 3665 5558; x_wconf 25' lang='lat' dir='ltr'><strong>genis</strong></span> 
     </span>
    </p>
   </div>
   <div class='ocr_carea' id='block_1_116' title="bbox 2107 5592 3664 5661">
    <p class='ocr_par' dir='ltr' id='par_1_116' title="bbox 2107 5592 3664 5661">
     <span class='ocr_line' id='line_1_116' title="bbox 2107 5592 3664 5661; baseline -0.017 -2"><span class='ocrx_word' id='word_1_833' title='bbox 2107 5613 2223 5660; x_wconf 89' lang='lat' dir='ltr'><strong>tum</strong></span> <span class='ocrx_word' id='word_1_834' title='bbox 2269 5617 2299 5657; x_wconf 92' lang='lat' dir='ltr'><strong>a</strong></span> <span class='ocrx_word' id='word_1_835' title='bbox 2329 5599 2484 5656; x_wconf 79' lang='lat' dir='ltr'><strong>Patre</strong></span> <span class='ocrx_word' id='word_1_836' title='bbox 2526 5605 2652 5652; x_wconf 88' lang='lat' dir='ltr'><strong>ante</strong></span> <span class='ocrx_word' id='word_1_837' title='bbox 2689 5592 2911 5661; x_wconf 63' lang='lat' dir='ltr'><strong>saecula,</strong></span> <span class='ocrx_word' id='word_1_838' title='bbox 2941 5602 3101 5657; x_wconf 89' lang='lat' dir='ltr'><strong>supra</strong></span> <span class='ocrx_word' id='word_1_839' title='bbox 3142 5601 3355 5641; x_wconf 86' lang='lat' dir='ltr'><strong>omnem</strong></span> <span class='ocrx_word' id='word_1_840' title='bbox 3419 5599 3664 5647; x_wconf 75' lang='lat' dir='ltr'><strong>causam,</strong></span> 
     </span>
    </p>
   </div>
  </div>
