4034 6214
422 295 555 360 1047

1439 304 1805 367 EUTYCHII
1841 301 2383 366 ALEXANDRINI
2426 307 2640 368 PATR.

3520 310 3655 373 Ῑυέδ

414 425 745 475 sermonem,
774 414 1178 485 cogitationem,
1210 424 1264 473 et
1286 425 1519 487 tempus,
1551 432 1760 472 necnon
1794 426 1980 471 natum
2011 417 2059 472 Δ
2088 423 2194 470 tem
2224 418 2538 487 quicunque
2567 416 2927 473 mutationem
2960 415 3070 472 Deo
3112 417 3383 473 attribuit.
3418 416 3526 490 76
3554 418 3655 473 Vc-

414 515 445 555 a
490 501 659 559 Matre
684 503 787 559 fine
816 507 1099 576 temporis,
1154 517 1375 577 propter
1428 507 1661 563 salutem
1714 518 1979 575 nostram,

412 592 602 648 eodem
643 596 804 651 modo
839 613 947 667 quo
1002 614 1099 654 nos
1148 601 1264 654 nati
1323 614 1537 664 sumus,
1579 607 1631 654 et
1662 614 1828 670 supra
1880 616 1981 655 na-

411 685 674 740 tivitatem
711 699 950 745 nostram
986 732 1001 756 ,
1027 692 1277 747 videlicet
1310 708 1373 746 eo
1407 692 1568 747 modo
1597 708 1705 762 quo
1733 709 1835 749 nos
1862 695 1973 752 nati

408 794 624 844 sumus,
643 781 747 850 72
770 783 909 851 quod
936 782 1098 838 homo
1124 783 1287 837 fuerit
1309 792 1363 838 et
1387 799 1451 838 ex
1472 785 1729 852 muliere;
1760 796 1812 843 et
1835 786 1978 857 quod

408 869 471 921 :ul
510 879 720 938 tempus
769 872 1090 939 nativitatis,
1135 887 1256 943 post
1281 891 1475 930 novem
1509 872 1763 932 menses:
1799 887 1854 931 at
1878 888 1974 933 su-

406 972 501 1025 pra
537 959 868 1013 nativitatem
923 971 1187 1028 nostram,
1223 966 1368 1037 quod
1399 982 1505 1020 non
1563 968 1724 1021 fuerit
1772 984 1836 1024 ex
1889 985 1978 1025 se~

407 1049 570 1113 mine,
615 1065 796 1104 verum
830 1067 894 1107 ex
929 1054 1132 1121 Spiritu
1164 1068 1374 1120 saneto,
1428 1067 1479 1112 et
1518 1056 1686 1112 Maria
1753 1059 1977 1130 Virgine

404 1138 635 1209 illibata,
691 1160 858 1213 supra
914 1147 1083 1217 legem
1143 1149 1447 1206 nativitatis
1503 1150 1773 1213 humanae,
1831 1152 1976 1222 quod

402 1233 569 1289 illaesa
620 1239 880 1293 manserit
938 1240 1224 1310 virginitas
1264 1241 1455 1299 Matris
1510 1259 1624 1299 sua:
1685 1256 1974 1315 postquam

404 1325 472 1379 ab
522 1326 639 1396 ipsa
694 1338 856 1385 natus
913 1331 1037 1386 fuit.
1093 1334 1297 1402 Estque
1334 1334 1477 1389 idem
1510 1334 1653 1391 Deus
1694 1338 1973 1405 perfectus

404 1425 456 1470 et
505 1417 666 1474 homo
696 1422 968 1491 perfectus
997 1432 1180 1490 ;totus
1208 1427 1325 1496 ipse
1356 1426 1504 1484 Deus
1525 1428 1818 1498 perfectus,
1848 1444 1972 1485 cum

405 1509 738 1565 humanitate
773 1528 895 1579 sua,
932 1523 989 1568 et
1024 1522 1171 1571 totus
1217 1518 1379 1573 homo
1419 1518 1698 1588 perfectus
1720 1534 1843 1574 cnm
1875 1519 1974 1573 di-

400 1599 630 1657 vinitate
680 1618 797 1658 sua.
829 1604 1067 1661 Verbum
1099 1610 1243 1664 enim
1269 1612 1611 1666 incarnatum
1651 1622 1734 1667 est
1765 1611 1973 1681 absque

398 1693 722 1759 mutatione,
759 1696 1145 1765 minoratione,
1202 1701 1578 1767 antdefectu;
1626 1710 1681 1756 et
1720 1701 1969 1757 deiﬁeata

401 1792 485 1837 est
518 1784 851 1851 humanitas,
891 1791 963 1844 ita
1013 1801 1191 1847 tamen
1245 1801 1304 1847 ut
1354 1794 1623 1850 terminos
1675 1810 1807 1851 suos
1857 1812 1967 1851 non

402 1876 723 1940 excesserit,
781 1889 1140 1946 permanente
1264 1894 1492 1953 utraque
1571 1898 1767 1941 natura
1821 1898 1969 1945 statu

402 1980 503 2018 suo
536 1967 589 2020 in
646 1968 865 2024 Christo
905 1987 1033 2037 uno,
1061 1981 1115 2027 et
1149 1974 1331 2043 agnita
1365 1978 1737 2036 voluntatibus
1771 1981 1891 2036 suis
1917 1992 1971 2039 et

400 2054 711 2113 actionibus
741 2059 857 2113 suis
881 2060 933 2114 in
982 2063 1194 2118 unitate
1227 2081 1474 2134 persona:
1500 2069 1665 2125 Verbi
1700 2070 1818 2137 Dei,
1850 2089 1969 2143 quae

400 2154 686 2217 utramque
715 2152 1131 2221 comprehendit
1185 2159 1517 2228 proprietate
1570 2177 1668 2218 sua
1722 2179 1825 2230 una
1860 2181 1967 2235 qua

399 2239 651 2296 subsistit
691 2244 943 2302 Chrisuts
979 2242 1142 2313 unus,
1178 2252 1229 2305 iu
1266 2266 1373 2320 quo
1413 2263 1541 2309 sunt
1590 2261 1712 2312 duae
1733 2268 1965 2325 naturae,

401 2332 609 2389 scilicet
642 2351 857 2406 creans,
896 2357 1015 2411 qua:
1045 2353 1227 2400 manet
1257 2361 1494 2414 crcans‘;
1527 2357 1581 2405 et
1611 2360 1814 2413 creata,
1846 2369 1969 2422 qute

401 2435 578 2478 manet
609 2438 789 2484 creata
820 2448 834 2494 ;
865 2441 916 2486 et
958 2449 1079 2503 qua:
1108 2440 1354 2493 mortalis
1385 2440 1505 2505 fttit,
1541 2442 1812 2500 mortalis:
1848 2461 1969 2514 qua:

400 2521 746 2588 immortalis,
782 2526 1105 2585 immortalis
1134 2548 1151 2597 ;
1178 2543 1229 2585 et
1256 2550 1376 2602 quae
1409 2537 1723 2601 terminata,
1777 2540 1967 2593 termi-

395 2611 478 2663 nis
508 2611 921 2686 circumscripta
950 2634 964 2681 ;
997 2627 1051 2674 et
1076 2636 1197 2690 qum
1252 2614 1468 2678 termini
1510 2642 1618 2679 non
1654 2638 1844 2695 capax,
1883 2630 1967 2682 in-

397 2704 729 2772 terminata;
764 2717 817 2762 et
865 2725 985 2778 quae
1019 2712 1193 2767 videri
1252 2723 1449 2782 potest,
1518 2718 1798 2785 visibilis;
1845 2736 1965 2787 qua?

394 2793 565 2848 videri
590 2812 697 2851 non
737 2810 937 2868 potest,
981 2802 1294 2867 invisibilis,
1326 2824 1557 2875 quarum
1594 2811 1764 2865 altera
1795 2812 1963 2866 mira.

396 2888 533 2944 culis
567 2890 753 2959 fulget,
791 2894 957 2948 altera
998 2896 1321 2953 amictiones
1350 2902 1573 2968 perfert.
1601 2904 1675 2956 Ita
1706 2910 1954 2973 suscepit

398 2978 634 3035 Verbum
652 2984 743 3038 Dei
776 2987 1353 3059 passiones,quoniam
1388 2993 1489 3061 ipsi
1517 3005 1645 3049 sunt
1679 2997 1962 3065 passiones

2088 526 2207 565 rum
2238 512 2378 567 dixit
2402 510 2562 585 [ipse]
2594 512 2877 568 veritatem
2909 528 3015 582 qua
3043 511 3346 581 intelligant
3382 512 3653 579 homines,

2084 614 2138 661 et
2182 621 2242 660 se
2290 621 2410 661 esse
2449 607 2645 662 Filium
2699 605 2815 671 Dei,
2862 614 2917 661 et
2958 611 3198 676 genitum
3240 618 3270 658 a
3315 603 3481 659 Patre
3531 619 3654 662 ante

2085 700 2266 752 omnia
2304 699 2523 761 saecula,
2562 698 2889 767 proprietate
2921 698 3197 752 ﬁliationis
3240 704 3294 751 et
3327 697 3689 753 substantiae.

2082 788 2384 843 divinitatis
2413 788 2533 843 sine
2567 803 2731 841 carne
2755 796 2808 842 et
2825 787 2942 841 sine
2972 794 3164 851 matre,
3199 799 3301 838 nec
3326 800 3434 838 non
3459 793 3649 839 natum

2081 880 2245 935 etiam
2284 880 2489 933 ultimis
2520 879 2855 947 temporibus
2890 892 2954 932 ex
2986 876 3156 931 Maria
3190 876 3415 944 Virgine
3443 877 3546 931 ista
3563 893 3650 931 re-

2082 981 2273 1041 spectu
2307 971 2592 1040 peCuliari.
2618 970 2901 1025 filiationis
2931 969 3142 1024 scilicet
3175 978 3229 1022 et
3255 969 3466 1023 duabus
3514 969 3647 1023 sub-

2079 1065 2297 1118 stantiis
2325 1063 2683 1133 coniunctim,
2716 1061 3018 1118 substantia
3068 1060 3371 1114 divinitatis
3400 1067 3641 1124 ceterum,

2078 1166 2132 1211 et
2157 1155 2464 1211 substantia
2489 1154 2842 1209 humanitatis
2862 1153 3040 1208 eidem
3064 1152 3362 1220 conjuncta
3390 1152 3646 1206 mixtione

2078 1259 2200 1314 quae
2231 1253 2519 1313 utramque
2549 1243 2919 1305 substantiam,
2958 1242 3395 1311 comprehendit,
3435 1242 3644 1296 unitate
3702 1312 3709 1317 ἱ

2076 1336 2429 1408 proprietatis
2464 1336 2763 1401 (iliationis,
2791 1349 2911 1405 quae
2947 1333 3220 1403 duplicem
3261 1333 3425 1389 habet
3448 1336 3645 1388 nativi-

2075 1438 2260 1493 tatem,
2309 1430 2538 1484 alteram
2574 1444 2640 1483 ex
2689 1428 2871 1493 Patre,
2931 1434 3218 1489 aeternam,
3276 1425 3401 1479 sine
3457 1440 3641 1491 carne,

2074 1532 2129 1578 et
2175 1523 2401 1579 alteram
2431 1538 2497 1579 ex
2541 1531 2738 1584 matre,
2799 1520 2853 1574 in
2909 1530 3184 1588 tempore,
3266 1533 3390 1573 cum
3463 1535 3641 1574 carne.

2074 1612 2277 1684 Estque
2311 1613 2426 1683 ipse
2450 1613 2593 1667 illius
2623 1626 2787 1676 unus,
2813 1609 2988 1666 Filius
3008 1610 3124 1674 Dei.
3175 1619 3227 1665 et
3251 1609 3427 1664 Filius
3454 1609 3655 1674 Maria),

2075 1706 2307 1776 ideoque
2334 1720 2444 1759 non
2478 1705 2689 1760 destitit
2710 1704 2891 1759 dicere
2912 1718 2977 1758 ac
3010 1702 3187 1773 palam
3224 1702 3404 1757 facere
3433 1716 3492 1758 se
3520 1718 3640 1757 esse

2071 1796 2268 1851 Filium
2297 1793 2417 1861 Dei,
2440 1795 2583 1865 quod
2614 1803 2668 1851 et
2690 1794 2949 1865 apostolis
2976 1793 3297 1863 ceterisque
3331 1793 3640 1847 hominibus

2073 1890 2385 1954 inculcavit,
2416 1904 2523 1945 non
2561 1903 2670 1945 uno
2700 1888 2753 1943 in
2790 1888 2933 1953 loco,
2960 1886 3149 1942 dicens
3177 1902 3192 1938 :
3228 1882 3357 1939 Ideo
3393 1882 3528 1938 Dens
3560 1886 3643 1937 di-

2074 1984 2202 2038 lexit
2233 1982 2503 2048 mundum,
2530 1997 2647 2035 cum
2699 1979 2898 2035 dederit
2946 1995 3039 2048 pro
3071 1979 3197 2047 ipsis
3252 1976 3455 2037 Filium
3491 1992 3645 2029 suum

2071 2076 2306 2137 unicum,
2346 2090 2408 2127 ne
2446 2082 2621 2142 pereat
2644 2072 2880 2143 quisquis
2908 2072 2962 2125 in
2982 2086 3099 2125 eum
3125 2069 3427 2133 crediderit,
3464 2083 3639 2121 verum

2056 2168 2257 2223 Jtabeat
2282 2176 2736 2221 vitamwlernam.
2770 2164 2893 2217 Non
2929 2165 3068 2217 enim
3102 2164 3248 2217 misit
3274 2161 3411 2216 Deut
3439 2160 3642 2214 Filium

2070 2277 2224 2318 suum
2260 2260 2311 2312 in
2352 2258 2606 2311 mundum
2644 2266 2702 2309 ut
2745 2256 3117 2309 condemnaret
3155 2255 3431 2315 mundum,
3470 2253 3557 2306 sed
3582 2264 3641 2305 ut

2070 2353 2293 2409 saluarer
2336 2352 2589 2404 mundum
2634 2349 2943 2417 Quicunque
2988 2364 3109 2417 ergo
3144 2346 3308 2400 credit
3354 2346 3407 2399 in
3436 2344 3639 2397 Filium

2070 2443 2594 2498 noncondcmnamr.
2640 2442 2709 2494 At
2750 2441 3043 2510 quicunque
3081 2455 3182 2491 non
3228 2437 3510 2491 crediderit
3584 2436 3639 2486 in

2070 2534 2271 2588 Filium
2300 2533 2504 2602 judicio
2528 2532 2783 2587 obnoxius
2814 2541 2911 2597 est,
2939 2531 3063 2601 quia
3101 2547 3204 2586 non
3249 2532 3415 2583 credit
3456 2531 3508 2583 in
3545 2548 3642 2584 no-

2069 2645 2184 2681 men
2225 2625 2317 2679 Dei
2357 2628 2535 2679 unius.

2141 2720 2387 2774 Sufﬁciat
2429 2729 2608 2774 autem
2646 2716 2789 2786 quod
2826 2714 3065 2770 diximus
3113 2714 3369 2785 quodque
3396 2714 3640 2784 explica-

2067 2811 2246 2865 vimus
2284 2812 2349 2864 dc
2380 2809 2586 2865 unione
2618 2809 2918 2874 divinitatis
2961 2808 3175 2861 Domini
3215 2808 3387 2862 nostri
3435 2806 3638 2861 Christi

2068 2913 2187 2952 cum
2208 2897 2453 2969 77-79
2469 2898 2803 2952 humanitate
2821 2912 2940 2964 sua,
2955 2898 3127 2967 deque
3143 2898 3349 2952 unitate
3367 2897 3643 2951 liliationis

2068 2989 2235 3063 ipsius
2280 2989 2505 3059 ejusque
2536 3004 2643 3059 quo
2691 2989 2950 3042 Dominus
3002 2996 3087 3043 est
3133 2996 3437 3056 respectus,
3474 2997 3640 3057 atque

392 3072 577 3128 carnis
602 3090 715 3129 suae
739 3088 967 3143 sancta,
1001 3089 1055 3134 et
1075 3081 1480 3139 adminisuavit
1510 3101 1638 3143 caro
1672 3090 1961 3158 miracula,
1988 3077 2033 3139 ϐ
2065 3094 2343 3137 ostensum
2387 3088 2471 3135 est
2518 3079 2691 3136 cuivis
2737 3080 3011 3135 intellectu
3056 3088 3109 3135 et
3156 3080 3369 3148 judicio
3412 3080 3642 3149 praedito

391 3164 456 3218 ad
471 3168 895 3224 conﬁrmandam
918 3173 1226 3230 mistionetu
1248 3178 1299 3231 in
1322 3178 1562 3249 73-75
1583 3196 1815 3248 persona
1832 3200 1961 3248 una,

390 3264 558 3324 atque
589 3273 712 3315 esse
731 3261 908 3328 ipsum
925 3264 1196 3321 Christum
1219 3284 1408 3332 unum,
1436 3270 1528 3339 qui
1558 3271 1673 3325 edit
1696 3273 1962 3331 miracula

390 3347 690 3408 divinitatis
717 3368 828 3407 suae
862 3371 968 3409 una
995 3370 1116 3410 cum
1148 3357 1483 3415 humanitate
1516 3377 1648 3427 sua;
1680 3374 1734 3418 et
1760 3364 1961 3433 perfert

390 3441 671 3508 passiones
707 3444 1080 3514 immanitatis,
1112 3465 1216 3503 una
1253 3465 1375 3504 cum
1406 3452 1710 3508 divinitate.

459 3532 610 3597 Quod
638 3535 681 3589 si
717 3537 915 3591 dixerit
947 3539 1251 3609 quispiam:
1285 3540 1570 3606 Quomodo
1601 3543 1826 3613 (factum
1852 3548 1961 3619 est)

392 3637 449 3678 ut
479 3641 585 3678 non
607 3627 802 3681 dixerit
823 3628 1078 3686 Christus
1122 3632 1174 3685 in
1213 3631 1506 3703 Evangelia
1530 3650 1592 3691 se
1623 3636 1787 3692 Deum
1815 3656 1957 3705 esse,

391 3732 498 3785 quo
522 3718 593 3771 ita
623 3733 787 3773 omne
816 3719 883 3774 de
916 3734 980 3774 eo
1003 3722 1228 3777 dubium
1260 3724 1591 3782 tolleretur?
1634 3730 1956 3800 Respondeo

390 3808 688 3873 Christum,
736 3808 785 3862 si
827 3809 1052 3865 dixisset
1092 3828 1151 3868 se
1203 3813 1367 3869 Deum
1411 3831 1554 3884 esse,
1606 3819 1957 3878 inducturum

392 3897 559 3953 fuisse
576 3914 670 3953 eos
690 3900 849 3969 quiin
876 3899 1051 3971 ipsum
1072 3904 1323 3970 credunt,
1350 3906 1402 3961 in
1420 3923 1661 3965 errorem
1685 3928 1961 3983 magnum.

390 3988 494 4054 Qui
548 3990 693 4043 enim
735 3990 932 4046 dixerit
976 4008 1037 4048 se
1083 3995 1248 4050 Deum
1300 4012 1442 4065 esse,
1491 4004 1739 4057 nominat
1791 4013 1958 4060 totam

390 4081 749 4137 substantiam
786 4084 1047 4147 divinant,
1078 4095 1130 4140 et
1162 4097 1408 4144 naturam
1442 4108 1631 4157 unam,
1662 4105 1829 4163 atque
1857 4098 1961 4152 hoc

388 4171 537 4225 dicto
593 4189 693 4227 suo
749 4180 860 4229 tres
921 4191 1183 4245 personas
1225 4182 1658 4251 comprehendit,
1712 4185 1956 4254 Patrem,

389 4264 605 4329 Filium,
638 4275 690 4320 et
727 4266 987 4337 Spiritum
1011 4282 1282 4338 sanetum,
1308 4273 1476 4330 Deum
1514 4263 1703 4335 unum.
1741 4283 1797 4337 Si
1828 4301 1961 4358 ergo

388 4358 617 4415 dixisset
645 4361 920 4422 Christus.
952 4378 1011 4417 se
1040 4362 1205 4417 Deum
1244 4380 1386 4431 esse,
1425 4368 1530 4424 sibi
1564 4372 1865 4441 tribuisset,
1897 4395 1957 4434 se

2066 3172 2341 3228 Christum
2374 3188 2541 3245 unwn
2577 3186 2699 3226 esse
2725 3172 2932 3225 unitate
2959 3170 3325 3226 subsistentia:
3357 3172 3517 3226 unius
3551 3173 3637 3225 vi-

2064 3263 2258 3317 delicet
2280 3263 2645 3317 subsistentia;
2676 3260 2837 3315 Verbi
2868 3262 3081 3328 aeterni,
3120 3261 3331 3315 duabus
3354 3261 3637 3330 praeditum

2064 3356 2297 3418 naturis,
2339 3353 2542 3417 divina,
2573 3368 2693 3420 quae
2715 3362 2918 3408 (eterna
2946 3360 3049 3415 est,
3078 3361 3130 3405 et
3173 3353 3431 3417 humana,
3467 3368 3635 3421 quam

2063 3445 2169 3501 sibi
2199 3445 2424 3507 creavit,
2466 3458 2530 3498 ac
2579 3442 2869 3499 manifesta
2916 3442 3058 3497 facta
3092 3443 3409 3499 absurditas
3443 3459 3632 3498 eorum

2063 3552 2183 3607 qua:
2218 3536 2539 3604 profitentur
2575 3543 2682 3588 tam
2711 3534 3019 3590 Nestoriaui
3057 3551 3217 3605 quam
3240 3534 3524 3590 Jacobitze.
3556 3537 3634 3589 Ae

2064 3632 2168 3687 nisi
2221 3631 2325 3687 hoc
2370 3630 2556 3687 sedulo
2593 3632 2890 3686 vitaremus
2932 3646 2999 3685 ne
3040 3646 3198 3699 :equo
3237 3632 3448 3702 longior
3490 3641 3638 3686 esset

2062 3723 2199 3779 liber
2242 3730 2446 3788 noster,
2481 3738 2616 3777 neve
2658 3723 2728 3777 ab
2769 3722 3016 3775 instituto
3050 3722 3210 3777 nobis
3242 3724 3519 3792 proposito
3551 3725 3636 3777 di-

2065 3816 2412 3886 grederemur
2432 3815 2582 3884 plura
2621 3816 2685 3867 ad
2722 3815 2862 3871 hanc
2892 3817 3217 3871 sententiam
3251 3815 3630 3885 explicandam

2064 3917 2229 3977 atque
2250 3906 2627 3963 elucidandam
2670 3908 3017 3964 addcremus.
3050 3908 3154 3976 Qui
3191 3919 3371 3964 autem
3397 3923 3515 3962 eam
3545 3908 3631 3962 di-

2064 4001 2262 4056 stincte
2291 3999 2612 4069 explicatam
2655 4000 2795 4055 scire
2837 4000 3112 4055 desiderat
3138 4002 3385 4056 consulat
3432 4001 3631 4057 librum

2064 4107 2241 4146 meum
2271 4093 2364 4161 qui
2394 4090 2551 4146 Liber
2595 4094 2971 4161 disputationis
2998 4095 3130 4146 inter
3169 4093 3537 4147 Itelerodoxunt
3583 4103 3634 4146 et

2063 4183 2443 4249 Christianum,
2473 4184 2783 4252 insignitur.
2825 4183 2899 4237 Eo
2922 4186 3064 4238 enim
3105 4185 3267 4249 libro,
3303 4185 3630 4239 sententiam

2062 4274 2451 4336 Christianam,
2503 4273 2556 4326 id
2599 4280 2682 4328 est
2736 4272 3137 4336 Melchitarum,
3193 4273 3532 4336 conﬁrmavi,
3583 4282 3637 4326 et

2064 4366 2412 4421 heterodoxis
2437 4363 2715 4435 respondi.

388 4465 509 4504 esse
557 4450 794 4517 Patrem,
832 4451 1054 4517 Filium,
1104 4464 1157 4507 ct
1193 4454 1454 4525 Spiritum
1498 4471 1770 4531 sanctum,
1820 4417 1957 4523 sibi—

2132 4456 2249 4511 Jam
2300 4473 2429 4512 vero
2457 4465 2517 4510 ut
2564 4457 2631 4511 ad
2674 4455 2982 4519 institutum
3036 4463 3308 4518 nostrum,
3345 4465 3398 4509 et
3443 4455 3497 4509 in
3529 4470 3634 4521 qua

388 4558 492 4610 que
527 4553 636 4598 tres
664 4559 789 4598 esse
811 4559 1095 4612 personas,
1137 4560 1201 4600 ac
1247 4562 1326 4610 se,
1355 4557 1407 4603 et
1446 4549 1661 4608 Patrem
1710 4571 1852 4623 esse,
1907 4568 1961 4614 et

388 4635 627 4703 genitum
655 4651 681 4687 a
714 4634 874 4690 Patre
898 4645 1020 4689 ante
1040 4638 1260 4702 steettla,
1282 4656 1380 4695 nec
1402 4658 1508 4696 nou
1536 4647 1915 4713 procedentem
1942 4668 1958 4707 :

390 4727 492 4780 hoc
515 4733 695 4779 autem
724 4727 1084 4793 periculosum
1117 4741 1221 4797 est,
1241 4739 1294 4786 et
1317 4734 1458 4802 quod
1490 4736 1605 4790 ﬁeri
1631 4754 1737 4794 non
1761 4750 1958 4811 potest,

388 4816 596 4873 scilicet
632 4823 692 4870 ut
716 4818 768 4871 in
800 4816 966 4873 Deum
994 4819 1171 4890 (cujus
1198 4838 1395 4878 nomen
1414 4826 1772 4901 gloriﬁcatur)
1800 4832 1959 4887 cadat

391 4907 638 4971 mutatio,
666 4906 865 4977 fiatque
881 4910 972 4977 qui
1002 4912 1205 4980 genuit,
1232 4913 1482 4982 genitus;
1518 4925 1570 4971 et
1596 4921 1688 4988 qui
1720 4923 1957 4990 genitus,

385 5002 731 5068 gignens;et
771 5000 866 5070 qui
914 5005 1178 5071 procedit,
1213 5003 1372 5061 Pater
1394 5017 1446 5063 et
1474 5006 1664 5065 Filius.
1716 5012 1871 5077 Quod
1913 5016 1957 5070 si

385 5092 685 5149 dixerimus
741 5092 927 5149 fuisse.
966 5096 1327 5152 substantiam
1372 5108 1537 5155 totam
1593 5104 1646 5157 in
1706 5120 1957 5175 corpore,

385 5184 694 5258 [sequetur]
743 5186 976 5253 Patrem,
1044 5190 1238 5244 Filium
1282 5202 1335 5246 et
1398 5192 1657 5262 Spiritum
1708 5208 1956 5254 sanctum

390 5291 495 5329 una
531 5276 873 5342 inearnatos,
911 5290 1208 5348 natumque
1238 5296 1360 5338 esse
1386 5283 1601 5339 Patrem
1639 5287 1691 5340 in
1724 5304 1954 5360 corpore

396 5382 463 5418 cx
506 5366 698 5434 Maria,
744 5385 958 5425 necnon
1012 5370 1162 5427 illum
1195 5364 1288 5441 qui
1342 5375 1606 5443 procedit,
1661 5386 1824 5447 atque
1878 5380 1951 5433 ita

388 5458 599 5511 Patrem
630 5463 953 5517 translatum
990 5464 1160 5518 fuisse
1202 5480 1233 5518 a
1274 5467 1594 5534 paternitztte
1630 5469 1693 5521 ad
1739 5470 1954 5524 liliatiu-

389 5562 510 5599 nem
543 5566 662 5616 quae
688 5562 770 5607 est
798 5556 1085 5612 conversio
1107 5565 1161 5611 et
1192 5559 1438 5625 mutatio,
1470 5559 1812 5631 blasphemat
1855 5580 1952 5618 att-

469 5725 658 5780 ‘Juau.
695 5746 772 5795 ιιι,
814 5736 871 5789 lt}
902 5753 1023 5802 ειμι.

2059 4549 2436 4619 prosequenda
2480 4548 2705 4613 fuimus,
2753 4547 3034 4602 historiam
3066 4558 3405 4602 revertamur
3428 4546 3634 4601 Yazde-

2056 4641 2175 4710 jerd
2198 4639 2445 4694 Bahrami
2481 4638 2645 4703 (ilius,
2675 4637 2741 4691 Al
2788 4637 2969 4690 Athim
3004 4636 3317 4708 [scelestus]
3352 4636 3635 4705 cognomi-

2059 4742 2246 4797 natus,
2284 4732 2568 4786 Persarum
2598 4743 2716 4793 rex,
2765 4728 2973 4797 rigidus
3020 4735 3185 4796 atque
3216 4735 3466 4781 austerus
3510 4724 3634 4786 fuit,

2060 4826 2214 4880 mala:
2250 4820 2706 4885 conversationis,
2750 4820 2885 4875 adeo
2921 4828 2977 4873 ut
3020 4834 3163 4889 aegre
3216 4819 3362 4887 ipsos
3414 4817 3640 4871 haberet

2058 4915 2201 4986 quod
2237 4915 2410 4983 ipsum
2441 4912 2543 4977 ipsi
2563 4910 2665 4965 sibi
2695 4908 3084 4979 praefecissem,
3122 4910 3418 4962 timuerunt
3452 4917 3637 4961 tamen

2060 5008 2236 5073 ipsum
2270 5003 2541 5065 occidere,
2572 5003 2821 5055 nolentes
2844 5000 2976 5054 illud
3011 5000 3077 5054 de
3114 5000 3354 5069 ipsorum
3390 4998 3637 5067 Regibus

2058 5100 2114 5153 in
2138 5111 2340 5152 morem
2372 5095 2584 5157 cedere.
2608 5092 2873 5147 Asserunt
2896 5099 3072 5145 autem
3096 5094 3265 5144 visum
3288 5104 3409 5145 esse
3433 5104 3637 5160 equum

2057 5191 2147 5261 qui
2181 5202 2353 5258 usque
2380 5187 2506 5242 dum
2542 5185 2605 5240 ad
2648 5192 2856 5255 portam
2893 5183 3034 5251 regis
3062 5189 3252 5243 staret,
3289 5181 3635 5251 procederet,

2060 5300 2222 5357 quem
2254 5280 2729 5338 circumdederunt
2767 5278 3017 5334 homines
3053 5277 3243 5332 forma
3458 5276 3637 5345 ipsius

2064 5375 2525 5449 pulchritudinem
2549 5390 2612 5427 ac
2639 5378 2930 5427 structurae
2977 5370 3362 5438 perfectionem
3392 5368 3581 5423 mirati.
3616 5386 3632 5423 :
3663 5366 3669 5393 '

2062 5486 2294 5540 eumque
2325 5468 2635 5523 nuntiatum
2665 5466 2731 5519 de
2761 5478 2824 5519 eo
2850 5462 2960 5532 regi
2991 5474 3138 5518 esset
3166 5462 3435 5532 prodiisse
3456 5462 3637 5531 ipsum

2065 5566 2129 5621 ad
2162 5579 2283 5621 cum
2319 5559 2767 5631 conspiciendum
2824 5570 3127 5628 magnaque
3166 5556 3237 5613 ob
3281 5570 3405 5611 eum
3448 5554 3637 5609 lmlilia
