4034 6214
501 346 630 415 1051

1521 346 1888 411 EUTYCHII
1912 345 2451 411 ALEXANDRINI
2484 349 2700 410 PATR.

3599 349 3747 412 1052

497 467 717 538 equites
741 466 1038 533 allocutus,
1069 466 1304 537 Tergum
1334 463 1557 533 (inquit)
1583 478 1762 517 meum
1782 461 2071 526 custodite,
2102 464 2148 521 Α
2178 462 2331 529 Quod
2369 460 2460 517 ubi
2504 462 2774 519 audiisset
2808 461 3327 517 Ensebius‘Doralize
3356 463 3645 533 episcopus
3677 463 3748 515 ad

494 575 572 624 οι·
610 561 741 630 quid
799 574 899 630 ego
952 557 1148 611 faciam
1201 558 1511 611 observate.
1551 553 1775 607 lrruens
1829 564 1959 618 ergo
2011 551 2070 604 in

496 661 673 725 ipsos,
709 670 897 710 eorum
926 651 1150 707 ordines
1178 664 1302 703 cum
1325 640 1674 716 dissipasset,
1696 644 1799 698 viri
1831 642 2070 712 scapula:

498 748 668 802 ictum
721 744 943 813 impegit
996 740 1090 810 qui
1141 739 1208 793 ad
1255 738 1481 792 dorsum
1535 737 1712 806 ipsius
1753 735 2071 806 pertingens

502 838 745 892 medium
803 850 926 889 eum
970 831 1269 897 dissecuit;
1301 838 1356 886 et
1386 841 1680 900 utrumque
1725 828 1933 883 labium
1965 828 2076 882 ele-

501 918 706 998 phanto
754 928 936 998 gladio
987 925 1307 980 discindens
1343 923 1523 993 ipsum
1574 922 1911 992 prostravit:
1949 934 2077 975 cor-

501 1033 826 1091 reptumque
865 1020 933 1074 de
980 1033 1123 1085 equo
1161 1031 1263 1073 suo
1317 1015 1556 1084 equitem
1607 1023 1767 1069 terrae
1820 1012 2073 1078 illidens,

498 1116 682 1181 ipsum
728 1109 1040 1174 interfecit;
1076 1112 1208 1177 quin
1243 1116 1297 1163 et
1339 1108 1469 1161 bina
1526 1107 1814 1161 hominum
1870 1106 2075 1176 capita,

499 1207 733 1261 alterum
769 1204 961 1257 dextra
998 1201 1233 1256 alterum
1268 1199 1518 1265 sinistra,
1555 1198 1903 1268 prehendens
1938 1197 2076 1251 invi-

501 1313 619 1353 cem
658 1295 862 1351 collisit
890 1294 1028 1349 adeo
1052 1302 1112 1348 ut
1142 1278 1362 1362 utrique
1392 1291 1604 1347 cerebri
1632 1289 1868 1345 medulla
1897 1290 2081 1345 efﬂue-

502 1401 606 1445 ret.
658 1387 936 1442 lrruentes
975 1384 1136 1440 etiam
1195 1382 1454 1437 Babrami
1500 1382 1771 1447 comites,
1827 1397 2077 1453 magnam

503 1496 694 1537 eorum
732 1487 974 1549 stragem
1019 1476 1336 1541 ediderunt,
1383 1490 1448 1531 ac
1481 1474 1655 1545 spolia
1706 1475 2077 1545 diripuerunt.

507 1571 764 1629 Reversis
799 1586 929 1642 ergo
966 1569 1213 1640 81-83
1240 1567 1273 1600 “
1315 1583 1444 1639 rege
1483 1576 1537 1622 et
1573 1567 1846 1621 Babramo
1885 1581 1978 1621 rex
2005 1565 2081 1619 illi

508 1668 672 1721 filiam
710 1668 862 1721 suam
896 1670 1129 1732 nuptum
1165 1662 1336 1726 dedit,
1374 1675 1475 1714 nec
1508 1675 1618 1713 non
1667 1646 1770 1728 ipsi
1811 1656 2083 1712 Daibal'et

509 1758 732 1814 Mocran
773 1764 1057 1824 terrasque
1092 1755 1299 1810 circum
1341 1753 1587 1822 jacentes
1619 1751 1673 1805 in
1704 1751 1926 1820 regione
1957 1750 2086 1805 Sin-

2181 556 2361 626 ipsum
2395 556 2695 627 profectus,
2720 569 2785 609 ac
2807 569 2930 609 cum
2956 569 3020 608 eo
3048 554 3337 625 disputans
3361 554 3749 615 valida,contra

2181 648 2358 716 ipsum
2394 656 2713 719 argumenta
2747 646 2977 716 protulit
3006 646 3210 716 quibus
3259 648 3584 702 sententiam
3631 647 3752 712 ejus

2182 739 2473 794 refutavit.-
2523 739 2655 795 Dein
2705 740 2772 795 ad
2825 739 3145 794 Flavianum
3196 739 3561 809 patriarcbam
3605 739 3753 793 Con-
3830 740 3835 745 ’

2184 833 2731 904 stantinopolitanum
2759 832 3038 903 profectus
3069 834 3244 901 ipsum
3284 832 3351 887 de
3374 832 3668 905 Eutychete
3698 841 3754 887 et
3810 832 3815 837 ’

2189 925 2480 979 sententiae
2509 924 2683 993 ipsius
2715 923 2950 979 falsitate
2981 926 3271 979 certiorem
3314 924 3465 988 fecit,
3508 939 3609 978 nec
3644 938 3753 977 non

2188 1016 2369 1085 ipsum
2431 1013 3067 1084 Constantinopolitanos
3137 1013 3190 1068 in
3253 1014 3418 1068 falsas
3468 1013 3756 1083 opiniones

2188 1107 2449 1162 traxisse.
2502 1104 2797 1162 Flavianus
2845 1120 2977 1177 ergo
3011 1104 3321 1175 patriarcha
3365 1105 3757 1161 Constantino-

2186 1199 2467 1269 politanus
2503 1199 2570 1254 ad
2602 1197 2959 1269 Eutychetem
2992 1199 3216 1254 mittens
3248 1198 3423 1266 ipsum
3468 1196 3758 1252 accersivit

2189 1299 2606 1363 convocatoque
2634 1290 3114 1360 Constantinopoli
3160 1289 3390 1345 concilio
3427 1289 3754 1358 disputatio-

2190 1396 2313 1435 nem
2345 1396 2471 1436 cum
2504 1381 2625 1453 ipso
2655 1380 2868 1438 habuit.
2903 1381 3050 1436 Dixit
3085 1380 3338 1459 85-87
3363 1379 3397 1415 “
3430 1389 3605 1435 autem
3642 1379 3754 1433 Eu-

2187 1473 2423 1544 tyches:
2465 1471 2522 1528 Si
2571 1473 2875 1529 dixerimus
2926 1473 3146 1529 Christo
3176 1473 3315 1529 duas
3362 1487 3487 1528 esse
3531 1480 3757 1527 naturas

2185 1562 2332 1618 idem
2363 1577 2679 1619 asseremus
2709 1579 2833 1618 cum
2860 1562 3150 1629 Nestorio;
3181 1576 3368 1615 verum
3400 1561 3631 1615 dicimus
3653 1575 3757 1616 nos

2189 1655 2472 1711 Christum
2502 1671 2625 1712 esse
2658 1663 2910 1711 naturam
2945 1670 3139 1719 unam,
3171 1660 3224 1709 et
3253 1668 3567 1723 personam,
3590 1667 3761 1706 unam

2190 1759 2316 1800 cum
2350 1745 2616 1801 consistat
2640 1744 2858 1800 duabus
2887 1744 3101 1800 naturis
3128 1757 3246 1813 quae
3269 1739 3444 1813 [dum]
3464 1750 3618 1796 erant
3640 1751 3767 1798 ante

507 1853 613 1908 dire
644 1852 885 1906 donavit.
943 1848 1177 1915 Rogavit
1224 1856 1404 1900 autem
1459 1845 1635 1912 ipsum
1690 1843 1994 1899 Bahramns
2027 1835 2162 1898 tttB
2192 1836 2456 1892 unionem
2490 1854 2505 1892 :
2538 1846 2594 1891 at
2635 1837 2729 1893 ubi
2768 1845 3111 1907 assumptum
3158 1844 3243 1890 est
3287 1848 3491 1904 corpus
3542 1834 3793 1901 recessit,

511 1938 826 2011 t'Ol’iSt'l’ipla
863 1942 1173 2012 syngrapha
1205 1946 1261 1993 et
1291 1938 1554 1993 adhibitis
1577 1936 1706 1992 facti
1739 1936 1827 1992 sui
1854 1938 2089 1993 testibus

453 2099 461 2109 ι
513 2033 744 2107 [ratum]
781 2034 913 2088 illud
946 2032 1049 2100 ipsi
1080 2031 1305 2087 faceret.
1339 2029 1497 2096 Quod
1525 2045 1650 2085 cum
1698 2029 1923 2085 fecisset
1973 2045 2087 2092 rex,

510 2142 768 2205 reversus
800 2127 853 2181 in
891 2140 1118 2191 regnum
1161 2139 1320 2179 suum
1362 2122 1690 2187 Babramus,
1721 2123 1887 2192 jussit
1915 2124 2093 2194 regio-

515 2235 644 2271 num
677 2219 938 2283 istarum,
963 2230 1101 2284 quas
1130 2215 1232 2285 ipsi
1254 2215 1555 2269 donaverat
1585 2230 1704 2279 rex,
1726 2215 1958 2283 vectigal
1987 2215 2090 2272 sibi

509 2311 693 2367 reddi.
751 2309 937 2378 Neque
995 2308 1281 2364 desierunt
1322 2322 1511 2361 earum
1548 2322 1682 2375 opes
1733 2307 1788 2361 in
1842 2306 2092 2362 Persium

516 2403 811 2473 asportari.
841 2401 1048 2459 Ferunt
1076 2408 1257 2457 autem
1293 2399 1585 2456 Persarum
1609 2400 1832 2468 quidam
1860 2400 2093 2455 Bahram

513 2495 650 2552 linr
736 2497 788 2549 in
844 2495 1066 2549 tutelam
1109 2493 1340 2548 Numani
1391 2494 1549 2548 Ebnii
1591 2493 1834 2548 Mandari
1891 2491 2099 2547 Lacha-

512 2590 742 2643 micnsis
763 2588 908 2655 regis
928 2587 1167 2642 Arabum
1198 2587 1249 2639 in
1280 2586 1500 2640 deserto
1530 2585 1700 2640 fuisse
1725 2605 1738 2652 ;
1775 2586 2093 2655 ipsumque,

515 2696 641 2737 cum
678 2680 743 2734 ad
778 2679 1114 2733 Bahramum
1155 2677 1498 2747 pervenisset
1544 2677 1736 2731 mortis
1771 2677 2096 2748 Yazdejerdi

516 2773 697 2840 patris
728 2771 814 2827 sui
860 2771 1039 2835 fama,
1081 2784 1203 2823 cum
1252 2768 1531 2823 Arabibus
1571 2768 1663 2837 qui
1714 2769 1892 2837 ipsum
1925 2771 2096 2824 secuti

517 2876 644 2921 sunt
681 2862 983 2933 profectum
1019 2862 1193 2916 donec
1238 2860 1291 2914 in
1345 2860 1598 2915 Alsawad
1647 2869 1828 2914 castra
1884 2860 2097 2930 ﬁgeret,

519 2958 595 3012 ibi
620 2973 743 3010 cum
772 2955 1060 3009 Persarum
1091 2946 1411 3022 proceribus
1442 2952 1508 3007 de
1530 2967 1698 3021 regno
1723 2953 2097 3020 contendisse,

522 3051 697 3105 donec
725 3048 815 3118 jus
844 3046 996 3100 illius
1029 3044 1267 3100 confessi
1300 3059 1466 3112 regno
1493 3046 1668 3113 ipsum
1733 3043 2097 3114 prtelicerent.

595 3139 864 3209 Regnavit
893 3155 1024 3208 ergo
1055 3137 1288 3191 Bahram
1330 3135 1487 3200 Jaur,
1536 3146 1655 3203 post
1690 3146 1895 3204 patrem
1937 3152 2098 3192 suum

2191 1927 2432 1984 dualitas
2470 1928 2579 1984 ista
2629 1941 2695 1984 ac
2743 1927 2922 1984 factus
2977 1938 3060 1984 est
3102 1939 3297 2002 natura
3346 1946 3494 1995 una,
3552 1942 3769 1995 unaque

2193 2036 2455 2092 persona.
2485 2020 2584 2077 Cui
2619 2021 2905 2092 respondit
2953 2019 3247 2078 Flavianus
3277 2020 3589 2092 patriarcha
3629 2019 3772 2074 Con-

2194 2112 2762 2182 stantinopolitanus:
2800 2111 2858 2167 Si
2886 2123 3032 2169 esset
3057 2112 3314 2170 Christus
3366 2113 3468 2183 (uti
3500 2111 3772 2180 asseritis)

2196 2215 2391 2259 natura
2427 2220 2557 2269 una,
2594 2213 2709 2258 tum
2742 2214 2884 2259 esset
2918 2212 3113 2259 natura
3160 2219 3283 2274 quae
3321 2211 3522 2258 aiterna
3564 2201 3664 2279 fuit
3702 2202 3775 2256 de

2196 2309 2340 2349 novo
2378 2293 2563 2361 facta;
2619 2294 2765 2365 quod
2819 2295 2863 2349 si
2901 2296 3005 2365 qui
3049 2307 3289 2351 aeternus
3342 2295 3466 2358 fuit,
3516 2294 3584 2348 de
3630 2308 3775 2349 novo

2197 2396 2352 2443 ortus
2386 2388 2479 2453 sit,
2514 2398 2625 2443 tum
2658 2395 2713 2443 et
2741 2388 2837 2457 qui
2873 2403 3153 2458 nunquam
3186 2402 3299 2442 non
3334 2387 3468 2451 fuit,
3507 2388 3647 2442 idem
3674 2386 3777 2439 aii-

2197 2484 2422 2553 quando
2457 2498 2566 2538 non
2604 2484 2727 2539 fuit.
2764 2483 2922 2550 Quod
2961 2484 3007 2539 si
3041 2483 3256 2539 admitti
3291 2484 3468 2552 possit
3518 2490 3576 2536 ut
3626 2481 3773 2551 quod

2144 2608 2149 2611 ι
2198 2586 2463 2634 aeternum
2494 2575 2617 2644 fuit,
2658 2576 2802 2631 idem
2835 2575 2902 2631 de
2935 2592 3079 2630 novo
3116 2576 3303 2636 fuerit.
3353 2577 3459 2630 erit
3505 2572 3646 2628 idem
3681 2574 3775 2640 qui

2202 2678 2312 2726 stat
2372 2669 2610 2737 sedens;
2675 2669 2820 2738 quod
2879 2668 3117 2723 calidum
3158 2675 3243 2722 est
3301 2663 3793 2734 frigidum;quod

2203 2764 2584 2827 tenebrosum,
2631 2763 2911 2829 lucidum;
2964 2778 3113 2815 cum.
3135 2759 3189 2813 id
3242 2755 3779 2829 genus'impossibi-

2202 2854 2347 2910 libus
2377 2869 2496 2923 quae
2533 2852 2648 2907 fieri
2680 2866 2786 2906 non
2817 2859 2993 2921 potest
3041 2859 3101 2904 ut
3142 2848 3547 2918 conjungantur
3580 2847 3635 2899 in
3667 2860 3763 2899 (κιο

2205 2945 2325 3001 dem
2358 2944 2484 3017 [rei]
2516 2952 2690 3015 parte.
2728 2943 2917 2998 Noluit
2950 2951 3132 2995 tamen
3179 2941 3269 2994 ille
3303 2955 3330 2993 a
3374 2938 3652 2993 sententia
3682 2951 3780 2991 sua

2204 3037 2494 3100 recedere;
2547 3051 2721 3111 quare
2766 3035 3114 3089 anathemate
3167 3031 3319 3086 illum
3367 3029 3683 3100 percussit,
3732 3036 3786 3081 at

2205 3129 2686 3202 Constantinopoli
2738 3143 2847 3182 non
2899 3124 3127 3195 expulit,
3180 3123 3324 3193 quod
3368 3137 3488 3174 cum
3538 3118 3784 3173 medicus

525 3233 928 3303 Yazdejerdum
984 3233 1043 3287 Ρ.
1094 3231 1373 3293 llahrami,
1425 3232 1489 3289 in.
1532 3229 1729 3284 Persas
1793 3229 2101 3284 octodecim
2129 3196 2172 3254 α
2206 3230 2355 3277 esset
2388 3237 2455 3275 eo
2481 3220 2732 3295 homines
2759 3232 2895 3287 opus
2922 3215 3207 3269 haberent.
3243 3211 3416 3265 Porro
3439 3209 3787 3263 Theodosius

523 3338 721 3386 annos,
748 3322 910 3392 idque
945 3335 1090 3375 anno
1106 3319 1647 3389 Theodosiijnnioris
1665 3318 1980 3373 Graecorum
2006 3320 2106 3371 im-

528 3415 803 3482 peratoris
846 3414 1151 3467 tricesimo.
1187 3415 1341 3466 Anno
1371 3420 1550 3466 autem
1585 3411 1845 3465 vicesimo
1873 3411 2107 3480 septimo

525 3509 679 3576 regni
715 3506 1012 3562 Theodosii
1072 3504 1446 3557 Romanorum
1497 3503 1855 3570 imperatoris‘
1892 3502 2106 3557 consti-

531 3608 686 3653 tutus
720 3608 804 3654 est
831 3599 1033 3652 Sextus
1064 3594 1377 3665 patriarcha
1415 3594 1729 3661 Romanus;
1765 3610 1941 3649 amms
1984 3604 2108 3650 octo

529 3689 689 3752 sedit,
738 3688 864 3743 dein
923 3695 1174 3742 mortuus
1205 3696 1308 3741 est.
1363 3688 1522 3740 Anno
1550 3686 1797 3754 ejusdem
1831 3688 2110 3744 tricesimo

532 3780 730 3848 quinto
784 3778 963 3833 factus
1007 3784 1092 3831 est
1141 3775 1251 3832 Leo
1300 3777 1616 3846 patriarcha
1654 3774 1960 3842 Romanus,
2016 3778 2109 3847 qui

536 3885 714 3925 annos
743 3868 939 3939 viginti
969 3884 1139 3923 unum
1175 3867 1338 3930 sedit,
1392 3867 1519 3921 dein
1553 3866 1815 3922 mortuus
1844 3877 1947 3921 est.
1983 3867 2112 3938 Ejus

537 3960 871 4030 prmfectura:
908 3975 1052 4013 anno
1085 3974 1232 4013 nono
1285 3957 1389 4013 fuit
1434 3957 1729 4012 concilimn
1767 3968 2024 4027 quartum
2058 3961 2110 4013 in

538 4056 676 4111 urbe
724 4052 896 4125 δή*
936 4052 1304 4107 Chalcedone.
1383 4055 1545 4107 Anno
1602 4051 1863 4107 vicesimo
1922 4062 2115 4107 octavo

537 4163 567 4201 r
601 4147 692 4216 gni
717 4144 1015 4200 Theodosii
1050 4143 1390 4199 constitutus
1410 4150 1489 4197 est
1516 4141 1787 4196 Donmius
1806 4143 2114 4211 patriarcha

537 4238 919 4295 Antiochenus
956 4237 1051 4304 qui
1107 4250 1284 4289 annos
1318 4234 1509 4303 viginti
1556 4250 1724 4289 unum
1775 4234 1937 4302 sedit,
1989 4235 2114 4290 dein

542 4340 795 4386 mortuus
829 4336 935 4385 est.
978 4328 1135 4383 Anno
1183 4326 1336 4395 regni
1370 4326 1617 4395 ejusdem
1650 4328 1934 4384 tricesimo
1969 4343 2115 4383 nono

544 4424 886 4479 constitutus
933 4429 1017 4477 est
1053 4420 1347 4474 Flavianus
1382 4420 1691 4489 patriarcha
1721 4421 2116 4477 Constantino-

542 4515 842 4584 politanus,
879 4513 972 4583 qui
1025 4527 1150 4567 cum
1198 4511 1420 4565 biennio
1451 4511 1687 4567 sedisset
1721 4522 1971 4569 mortuus
1999 4521 2104 4568 est.
2144 4533 2196 4593 ι)

549 4608 662 4663 lioc
688 4608 851 4662 etiam
887 4620 1033 4659 anno
1064 4603 1241 4659 factus
1272 4613 1358 4659 est
1400 4603 1698 4660 Dioscorus
1731 4603 1977 4659 Jacobita
2024 4621 2120 4676 pa-

547 4699 790 4752 triarcha
821 4695 1243 4762 Alexandrinus,
1277 4697 1517 4763 quicum
1550 4713 1645 4753 sex
1677 4713 1854 4753 annos
1885 4699 2120 4755 sedisset

548 4790 898 4844 anathemate
936 4788 1188 4854 devotus,
1243 4805 1301 4844 ct
1346 4790 1402 4845 in
1459 4791 1709 4846 exsilium
1760 4792 1956 4861 pulsus
2014 4802 2120 4851 est.

552 4881 677 4938 Fuit
705 4897 837 4938 vero
882 4881 1363 4952 Constantinopoli
1405 4886 1707 4938 monachus
1755 4866 2123 4953 quidam‘meo

550 4974 711 5029 dicns
764 4972 991 5029 nomirie
1044 4973 1318 5044 Eutyebes
1375 4974 1470 5044 qui
1526 4976 1767 5031 asseruit
1826 4991 1935 5030 non
1999 4991 2126 5033 esse

551 5065 772 5122 Christo
817 5080 1020 5133 corpus
1074 5064 1321 5136 ejusdem
1373 5082 1498 5121 cum
1545 5069 1875 5137 corporibus
1921 5068 2126 5125 nostris

555 5164 790 5220 naturae,
812 5156 1209 5225 Christumque
1234 5165 1361 5212 ante
1390 5157 1823 5213 incarnationem
1854 5171 1885 5211 e
1911 5156 2129 5211 duabus

553 5251 876 5306 constitisse
894 5249 1125 5315 naturis,
1147 5257 1271 5319 post
1290 5250 1726 5305 incarnationem
1758 5259 1936 5303 autem
1964 5262 2124 5303 unam

555 5339 863 5413 [habuisse]
899 5348 1175 5396 naturam.
1213 5341 1417 5411 (Atque
1449 5340 1564 5394 haec
1608 5340 1877 5395 sententia
1908 5337 2127 5393 Jacobi-

555 5441 751 5498 tarum,
782 5440 943 5504 cujus
970 5442 1160 5490 auctor
1195 5433 1297 5489 fuit
1327 5433 1628 5488 monachus
1649 5432 1753 5488 iste
1786 5428 2119 5501 Eutychos.)

2209 3326 2302 3364 rex
2336 3310 2476 3363 idem
2508 3324 2630 3363 cum
2667 3308 2967 3378 Eutychete
3001 3304 3197 3359 sensit.
3243 3302 3518 3372 Eutychos
3558 3313 3695 3369 ergo
3727 3313 3789 3353 se

2210 3402 2351 3468 apud
2379 3398 2745 3453 Theodosium
2774 3412 2952 3466 regem
2978 3393 3277 3448 defendens
3298 3392 3437 3445 dixit
3462 3390 3785 3444 Flavianum

2211 3494 2388 3562 ipsum
2427 3490 2628 3561 injuria
2685 3488 3219 3549 excommunicasse,
3254 3498 3435 3552 regem
3490 3495 3694 3549 rogans
3728 3487 3787 3532 ut

2212 3584 2433 3654 scriptis
2488 3581 2554 3635 ad
2602 3595 2794 3635 omnes
2837 3576 3183 3648 patriarchas
3216 3574 3434 3638 litteris,
3489 3570 3786 3625 convenire

2211 3686 2266 3732 et
2302 3678 2368 3728 de
2400 3690 2467 3729 eo
2514 3674 2659 3743 quod
2695 3672 2800 3742 ipsi
2853 3670 3177 3739 contigisset
3239 3666 3543 3735 disquirere
3585 3661 3787 3734 [iubeo

2214 3767 2345 3841 ret].
2396 3767 2626 3836 Scripsit
2659 3779 2785 3835 ergo
2812 3779 2905 3817 rex
2938 3772 3050 3817 tum
3097 3761 3166 3814 ad
3206 3760 3522 3814 Dioscorum
3550 3756 3792 3824 patriar-

2215 3865 2373 3919 cham
2423 3857 2877 3917 Alexandrinum,
2930 3866 3043 3910 tum
3091 3852 3156 3908 ad
3210 3851 3499 3905 Domnium
3554 3847 3797 3917 patriar-

2215 3955 2373 4007 cham
2412 3950 2583 4022 88"
2629 3938 3055 4008 Antiochenum,
3099 3959 3200 4001 nec
3247 3958 3354 3999 non
3407 3941 3643 3995 Leonem
3698 3953 3796 4006 pa-

2215 4044 2514 4099 triarcham
2554 4041 2883 4105 Ronmnutn,
2935 4047 2987 4094 ct
3030 4036 3378 4092 Iuvenalium
3422 4031 3797 4103 patriarcham

2178 4134 2779 4204 _iiierosolymitanum
2854 4138 2917 4185 ut
2973 4144 3083 4184 una
3150 4143 3274 4182 cum
3342 4123 3614 4195 episcopis
3677 4123 3803 4177 suis

2220 4227 2551 4283 accederent
2589 4231 2649 4277 ut
2695 4224 2762 4278 de
2797 4220 3122 4292 Eutychetis
3155 4216 3374 4287 negotio
3403 4215 3803 4283 disquirerent.

2221 4321 2326 4387 Qui
2359 4335 2492 4389 ergo
2523 4315 2724 4387 Ephesi
2757 4321 3158 4370 convenerunt.
3197 4309 3376 4379 Atque
3405 4313 3490 4361 est
3520 4306 3624 4359 hoc
3656 4318 3809 4357 cono

2225 4413 2411 4468 cilium
2446 4409 2749 4465 secundum
2793 4404 2991 4475 Ephesi
3020 4402 3291 4465 habitum,
3325 4398 3486 4467 cujus
3530 4393 3813 4466 praesides

2223 4513 2377 4561 erant
2410 4505 2708 4559 Dioscorus
2733 4497 3048 4569 patriarcha
3080 4494 3508 4556 Alexandrinus,
3533 4489 3816 4543 Domnins

2223 4596 2539 4670 patriarcha
2566 4591 2967 4657 Antiochenus,
2989 4588 3307 4644 Juvenalius
3338 4582 3643 4657 patriarcha
3673 4580 3821 4636 11ἰο-

2224 4690 2682 4761 rosolymitanus,
2726 4696 2781 4740 et
2829 4682 3073 4754 deputati
3103 4681 3301 4736 Leonis
3337 4675 3659 4748 patriarchae
3701 4675 3821 4727 ηο-

2230 4782 2401 4839 mani.
2457 4781 2849 4856 Disceptarunt
2887 4791 3016 4846 ergo
3046 4773 3115 4829 de
3139 4788 3207 4828 eo
3244 4770 3390 4842 quod
3443 4770 3586 4823 inter
3631 4767 3829 4835 Euty-

2230 4854 2481 4933 chetem“
2501 4882 2555 4929 et
2613 4872 2909 4929 Eusebium
2986 4866 3213 4923 Doraiia:
3271 4864 3586 4935 episcopum
3642 4869 3828 4928 atque

2234 4969 2554 5026 Flavianum
2591 4965 2963 5036 patriarcham
3011 4948 3676 5026 Constantinopolitanum
3730 4953 3832 5005 in-

2234 5068 2590 5118 tercesserat.
2615 5056 2908 5112 Dioscorus
2928 5062 3111 5108 autem
3129 5048 3473 5105 Alexandria-
3494 5045 3835 5116 patriarcha

2234 5149 2561 5223 Eutychetis
2592 5148 2922 5203 sententiam
2957 5143 3292 5200 confirmans
3337 5138 3654 5194 Flavianum
3721 5150 3839 5204 pa-

2233 5245 2531 5302 triarcham
2577 5239 3246 5310 Constantinopolitanum
3275 5244 3330 5292 et
3386 5230 3682 5288 Eusebium
3716 5228 3845 5285 Do-

2234 5339 2386 5394 raliaz
2416 5336 2734 5408 episcopum
2764 5328 3281 5385 excommunicavit.

2309 5426 2658 5484 Obstiterunt
2695 5436 2827 5478 vero
2879 5420 3143 5476 Domnins
3175 5413 3487 5489 patriarcha
3518 5409 3847 5467 Antioche-

617 5653 683 5709 (Ἴ
722 5653 1062 5720 Η³5,ῐ)³.8ί[¹,³δ
1087 5655 1275 5720 eisdem
1316 5656 1553 5720 "timeri?
1577 5667 1849 5720 ,Pel'lteram
1908 5648 2419 5720 Ριῖίθηιέἓὲδ¹ἔλ.ἱ(1ι¹ίδ¹¹ξ
2442 5640 3155 5720 Ρτδθεθβεῖξμῗῖᾳῖδὲείνέἳῖἓίῗῗὲ
3175 5630 3850 5720 “559.25}EEEES°.;3223.11‘S

556 5694 820 5785 tuin'aiias
835 5694 1073 5766 ἱιῗιῗιῖῖίἱέ
1089 5694 1671 5785 Eiitisiﬁhiiiiﬁai'tdéii
1686 5694 2229 5768 ’ἰδ’ῖιῖίιηὲξίἶῖΕ-Ῑὶἷὲ
2243 5694 2561 5763 commissum
2583 5706 2814 5760 similiter
2836 5703 3167 5756 indicavimus.
3205 5694 3347 5759 Quod
3370 5694 3529 5748 semel
3554 5694 3852 5747 monuissg

560 5773 682 5821 satis
698 5773 778 5821 sit.
