4034 6214
303 359 448 426 ῘἼ53

1755 371 1854 432 AN
1863 371 2130 437 NALES.

3435 387 3572 457 1051

295 497 426 546 nus,
478 479 801 581 Juvenalius
838 480 1391 581 llierosolymitanus,
1426 485 1738 543 Mordastus
1769 493 1879 544 An-
1910 493 1954 549 Α
1989 501 2135 566 quod
2189 498 2440 570 ejusdem
2492 493 2799 558 doctrinam
2846 505 3134 574 amplexus
3168 517 3335 574 esset,
3380 521 3433 564 et
3480 526 3580 581 pa-

294 585 442 641 eyra-
474 571 793 639 episcopus,
828 578 883 626 et
907 575 1016 627 Asa
1045 572 1342 640 Rohensis,
1381 591 1504 630 cum
1544 578 1734 634 multis
1759 580 1886 635 aliis

293 662 594 732 episcopis,
641 679 742 719 nec
790 680 905 720 non
968 667 1247 738 deputatis
1299 670 1499 726 Leonis
1555 673 1888 741 patriarcha:

294 757 556 820 Romani,
597 755 1235 827 DioscorOpatriarchaa
1284 764 1662 821 Alexandrino
1710 768 1765 823 in
1821 784 1886 824 eo

293 850 442 922 quod
477 850 630 912 fecit,
660 863 714 906 et
769 855 1094 909 sententiam
1127 855 1298 926 ipsius
1348 868 1406 912 ut
1460 860 1754 917 absurdam
1789 863 1913 931 das

293 944 1093 1001 mnarunt.Excommunicavit
1127 963 1257 1019 ergo
1302 949 1448 1018 ipsos
1491 952 1805 1019 Dioscorus,
1832 963 1886 1010 et

291 1034 358 1090 ad
377 1033 621 1089 Leonem
652 1038 1028 1106 patriarcham
1056 1038 1367 1096 Romanum
1397 1051 1449 1098 et
1478 1044 1542 1099 ad
1569 1047 1885 1103 sacerdotes

291 1127 611 1198 complures
645 1129 870 1199 scripsit
918 1146 1028 1200 quo
1069 1131 1220 1201 ipsos
1270 1139 1781 1194 excommunicaret
1829 1149 1885 1194 et

291 1230 648 1279 sacramento
679 1223 1039 1279 interdiceret
1070 1225 1175 1281 nisi
1211 1225 1538 1298 Eutychetis
1566 1229 1879 1299 Opinionem

295 1317 787 1386 amplecterentur,
826 1327 991 1386 atque
1050 1319 1105 1372 in
1158 1319 1260 1374 hac
1313 1323 1586 1376 sententia
1635 1321 1703 1377 ab
1750 1325 1883 1378 urbe

292 1407 520 1477 Epheso
554 1425 806 1464 reversus
841 1419 942 1473 est,
987 1411 1155 1481 idque
1199 1427 1345 1466 anno
1383 1415 1535 1484 regni
1588 1413 1882 1470 Theodosii

289 1501 537 1571 89-91
572 1501 818 1559 Junioris
849 1503 1294 1574 quadragesimo,
1333 1506 1476 1561 unde
1509 1518 1766 1576 corrupta
1798 1519 1883 1566 est

289 1593 460 1660 fides;
500 1594 716 1664 fuitque
769 1595 903 1652 fides
952 1605 1006 1651 et
1054 1600 1333 1654 sententla
1390 1598 1545 1670 [quae
1601 1600 1878 1673 obtinuit]

292 1688 564 1744 Sententia
634 1687 991 1760 Eutychetis,
1062 1692 1344 1761 praecipue
1412 1693 1465 1746 in
1538 1692 1778 1763 Egypto
1828 1707 1883 1749 et

289 1780 674 1847 Alexandria;
737 1782 1105 1853 eamdemque
1168 1783 1495 1856 Eutychetis
1551 1788 1878 1840 sententiam

1994 594 2268 650 triarchas
2320 594 2644 652 demortuos
2693 599 3252 661 excommunicassct,
3290 609 3343 653 et
3374 617 3484 669 quo
3521 603 3586 657 fl-

1989 686 2113 742 dem
2165 687 2556 742 confirmarent
2597 705 2790 757 quam~
2821 689 3112 745 ediderant
3172 692 3276 744 tria
3339 695 3578 750 concilia

1991 790 2200 837 sancta.
2260 781 2656 837 Couvenerunt
2710 784 2878 853 igitur
2939 783 3272 839 Chalcedoni
3333 787 3578 856 episcopi

1988 875 2236 929 sexcenti
2294 875 2539 943 triginta.
2589 874 2807 930 Primas
2855 876 2910 930 in
2945 875 3182 929 concilio
3218 876 3579 930 obtinuerunt

1987 966 2278 1022 Anatolius
2298 967 2608 1037 patriarcha
2631 968 2879 1038 93-95
2901 968 3323 1037 Constantinop,
3349 968 3574 1025 Μελίην,

1985 1057 2382 1122 Antiochenus,
2425 1070 2480 1114 et
2523 1060 2799 1115 Buflavius
2831 1061 3200 1133 [Juvenalius]
3254 1061 3575 1131 Hierosoly-

1986 1153 2250 1210 mitanus.
2288 1153 2397 1207 Leo
2425 1162 2603 1208 autem
2640 1155 2954 1224 patriarcha
3002 1154 3283 1212 Romanus
3335 1155 3400 1210 ad
3438 1155 3577 1208 illar-

1985 1245 2206 1298 cianum
2250 1243 2638 1313 imperatorem
2682 1245 2748 1298 de
2787 1245 2890 1300 fide
2919 1248 3248 1307 orthodoxa,
3304 1246 3405 1300 fide
3438 1245 3574 1320 Mel-

1987 1336 2284 1399 chita'rum,
2341 1335 2625 1401 scribens,
2680 1338 2968 1407 epistolam
3022 1353 3120 1408 per
3168 1339 3506 1392 sacerdotem
3543 1354 3574 1390 e

1989 1427 2282 1496 discipulis
2312 1428 2429 1483 suis
2455 1429 2744 1497 quemdam
2780 1431 3002 1484 nomine
3031 1429 3371 1483 Bonifacium
3403 1431 3568 1495 misit,

1986 1536 2150 1591 quam
2182 1519 2384 1576 deinde
2417 1519 2735 1576 Marcianus
2771 1522 3072 1591 imperator
3099 1539 3192 1592 per
3228 1521 3570 1576 Bonifacium

1988 1614 2336 1669 sacerdotem
2396 1615 2798 1668 Chalcedonem
2850 1616 3000 1687 misit
3049 1615 3114 1670 ad
3169 1616 3459 1684 episcopos
3496 1616 3570 1668 ibi

1986 1715 2374 1776 congregatos,
2409 1707 2502 1776 qui
2538 1707 2882 1760 Bonifaciqu
2921 1723 3150 1761 numero
3183 1718 3568 1762 seseentorum

1989 1800 2207 1863 triginta
2241 1807 2662 1853 accensuerunt.
2698 1800 3050 1867 Fueruntque
3083 1803 3135 1852 in
3155 1800 3574 1855 conciliodisci-

287 1873 575 1942 amplexus
607 1881 694 1928 est
725 1872 1072 1930 Theodosius
1105 1877 1430 1945 imperator.
1457 1876 1632 1958 Cujus
1660 1877 1874 1946 imperii
1909 1861 1952 1919 Β
1985 1861 2096 1956 puli
2126 1885 2398 1956 Euthymii
2433 1888 2614 1941 sancti
2651 1861 3276 1959 Stepltannsepiseopus
3305 1891 3566 1955 Barabire,

285 1977 432 2017 anno
458 1965 885 2034 quadragesimo
919 1974 1169 2022 mortuus
1217 1975 1300 2022 est
1332 1966 1623 2022 Flavianus
1651 1969 1882 2037 patriar~

288 2057 392 2110 cha
413 2056 1090 2128 Constantinopolitanus,
1116 2076 1277 2129 quem
1303 2061 1881 2115 excomnninicaverat

287 2145 590 2203 Dioscorus
623 2164 647 2216 :,
670 2151 758 2204 cui
785 2150 839 2204 in
862 2151 1234 2219 patriarchatu
1261 2151 1878 2222 ConstantinOpolitano

289 2241 557 2296 suffectus
596 2251 680 2296 est
705 2244 1081 2307 Athanasius,
1142 2243 1235 2313 qui
1291 2259 1416 2297 cum
1467 2260 1642 2299 annos
1681 2259 1874 2298 novem

287 2331 548 2398 sedisset,
573 2345 830 2389 mortuus
856 2345 964 2390 est.
989 2336 1123 2405 Ejus
1148 2336 1486 2402 praefectura:
1513 2354 1658 2392 anno
1678 2353 1876 2407 quarto

286 2425 388 2480 fuit
422 2427 718 2481 concilium
754 2435 1011 2497 quartum
1042 2430 1096 2481 in
1133 2429 1267 2483 urbe
1301 2431 1668 2486 Chalcedone.
1702 2430 1874 2487 Porro

285 2533 434 2573 anno
470 2521 622 2590 regni
682 2518 974 2575 Theodosii
1030 2521 1456 2589 quadragesimo
1494 2524 1671 2592 primo
1727 2539 1871 2578 inor-

283 2618 414 2664 tuus
473 2620 558 2665 est
601 2612 866 2665 Domitius
924 2612 1239 2680 patriarcha
1288 2615 1664 2669 Antiochenus
1708 2630 1880 2689 quem

287 2705 864 2759 excommunicavcrat
922 2706 1255 2770 Dioscorus,
1312 2710 1759 2776 constitutusque
1791 2719 1873 2761 est

283 2805 410 2864 post
443 2798 623 2866 ipsum
657 2797 967 2865 patriarcha
1003 2798 1205 2853 ihidcm
1247 2799 1538 2863 Maximus,
1570 2801 1661 2868 qui
1697 2815 1871 2854 annos

282 2897 524 2956 quatuor
557 2887 720 2952 sedit,
755 2887 883 2941 dein
919 2898 1174 2945 mortuus
1205 2901 1308 2944 est.
1361 2890 1492 2960 Ejus
1532 2890 1871 2960 pra'fecturre

208 3043 221 3056 .
281 2996 430 3034 anno
477 2983 644 3034 tertio
701 2982 804 3034 fuit
849 2983 1147 3037 concilium
1203 2970 1458 3052 quartum
1513 2986 1866 3040 Cltalccdoni.

261 3070 410 3125 Fuit
471 3081 654 3127 autem
703 3072 1018 3128 Theodosio
1067 3077 1387 3145 imperatori
1455 3093 1597 3131 uxor
1647 3079 1868 3132 nomine

283 3163 570 3230 Eudocia;
607 3181 842 3234 cumque
903 3168 1223 3237 imperatori
1280 3169 1542 3228 donatum
1593 3180 1738 3225 esset
1771 3187 1863 3239 po-

280 3275 430 3313 mnm
485 3267 729 3326 tempore
775 3275 884 3327 quo
935 3275 1044 3313 non
1100 3262 1471 3329 reperirentur
1517 3279 1700 3331 poma,
1753 3264 1868 3330 ipse

281 3351 414 3405 illud
455 3351 710 3404 Eudocize
740 3351 898 3404 uxori
934 3351 1104 3416 dedit,
1137 3363 1192 3406 at
1225 3370 1351 3406 cum
1390 3367 1571 3419 postea
1613 3357 1702 3410 die
1728 3372 1868 3424 quo-

280 3445 406 3497 dam
442 3443 666 3498 domum
723 3443 942 3513 patricii
977 3445 1263 3513 cujusdam
1316 3447 1623 3514 ingressus,
1656 3450 1728 3502 ibi
1767 3465 1867 3518 po-

283 3552 432 3590 mum
473 3537 618 3590 istud
655 3537 976 3604 reperisset,
1011 3553 1154 3606 aegre
1179 3538 1469 3592 admodum
1499 3540 1626 3594 illml
1656 3542 1867 3608 hahuit,

282 3627 620 3696 tristitiaque
656 3627 886 3681 allectus
916 3635 1020 3691 est,
1071 3629 1382 3696 suspicatus
1431 3645 1654 3683 uxorem
1701 3647 1856 3686 suam

286 3723 580 3778 Eudociam
618 3723 855 3794 patricio
890 3724 978 3777 isti
1009 3723 1327 3778 amiciorem
1361 3738 1504 3778 esse.
1537 3723 1714 3792 Ipsam
1738 3736 1870 3792 ergo

284 3815 658 3888 Hierosolyma
701 3817 987 3884 relegavit.

358 3909 574 3964 Mortuo
617 3908 930 3963 Theodosio
991 3908 1221 3962 iuniore
1271 3907 1586 3962 Graecorum
1639 3907 1869 3976 impera-

283 4011 427 4067 tore,
463 4003 571 4072 92
613 4001 903 4069 imperavit
961 3999 1098 4068 ipsis
1149 3998 1462 4053 Marcianus
1513 4014 1688 4052 annos
1739 4013 1870 4062 sex,

291 4097 448 4162 idque
474 4109 621 4147 anno
647 4089 799 4163 regni
826 4091 1184 4159 Yazdejcrdis
1215 4090 1252 4144 f.
1287 4090 1541 4144 Bahrami
1579 4090 1870 4144 Persarum

287 4187 431 4255 regis
465 4186 682 4241 decimo
720 4197 942 4255 quarto.
983 4185 1080 4239 Ubi
1122 4195 1304 4237 autent
1337 4198 1507 4252 regno
1549 4183 1758 4251 potitus
1789 4190 1873 4236 est

286 4276 621 4344 Marcianus,
681 4278 1073 4332 convenientes
1129 4293 1193 4330 ex
1244 4277 1502 4330 omnibus
1553 4275 1872 4345 regionibus

284 4372 554 4440 episcopi,
607 4371 822 4440 ipsique
868 4371 1158 4438 imperium
1214 4371 1456 4425 faustum
1513 4369 1872 4438 comprecati,

288 4470 478 4515 notum
511 4462 612 4531 ipsi
642 4464 892 4516 fecerunt
917 4478 1079 4531 quam
1109 4463 1295 4531 inique
1317 4462 1520 4527 egisset
1578 4459 1870 4514 concilium

285 4553 588 4608 secundum
640 4553 999 4622 Ephesinum,
1037 4563 1088 4608 et
1125 4553 1256 4623 quid
1311 4553 1531 4607 fecisset
1573 4551 1872 4607 Diosmrus

289 4645 601 4712 patriarcha
651 4645 1075 4710 Alexandrinus,
1121 4644 1618 4699 excotntnunicatis
1670 4645 1870 4714 injuria

285 4736 618 4806 patriarehis
653 4740 742 4807 qui
777 4739 978 4791 mortui
1015 4739 1254 4800 fuerant,
1291 4748 1343 4789 et
1385 4737 1714 4791 sententiam
1759 4735 1870 4790 Eu-

289 4830 526 4900 tychetis
562 4832 798 4886 infidelis
830 4833 1112 4900 amplexus
1159 4845 1384 4899 eamque
1428 4839 1485 4882 ut
1520 4843 1704 4882 veram
1735 4845 1871 4883 eon-

288 4923 540 4986 firmans,
587 4934 641 4979 et
681 4924 959 4994 quomodo
1008 4924 1168 4977 fidem
1217 4933 1272 4976 et
1325 4923 1652 4975 traditiones
1689 4937 1872 4977 corru-

289 5014 480 5082 pisset,
526 5017 662 5070 adeo
701 5027 755 5068 ut
786 5016 1108 5070 Eutvehetis
1135 5015 1406 5069 sententia
1436 5015 1578 5084 apud
1623 5014 1872 5068 homines

290 5107 674 5163 invalesceret.
736 5107 912 5164 Jussit
978 5125 1108 5179 ergo
1177 5107 1489 5162 Marcianus
1547 5124 1639 5162 rex
1705 5107 1869 5162 scribi

288 5199 505 5254 litteras
541 5202 606 5254 ad
644 5202 883 5266 Leonem
929 5203 1302 5272 patriarcham
1336 5200 1668 5264 Romanum,
1706 5199 1874 5254 Maxi-

290 5309 435 5347 Inum
479 5291 846 5364 patriarcham
881 5297 1280 5350 Antiorhcnuut
1313 5307 1365 5351 et
1399 5295 1698 5350 Buflavium
1733 5293 1870 5366 [Ju-

287 5386 605 5458 vcnalium]
647 5388 1020 5455 patriarehatn
1057 5385 1635 5458 liii-rosolymitanum,
1667 5395 1724 5440 ut
1763 5402 1870 5441 una

287 5493 414 5531 cum
440 5479 1158 5550 rnetropolitisetepisc0pis
1197 5481 1310 5534 suis
1346 5479 1713 5542 accederent;
1752 5478 1868 5533 dari

287 5572 454 5624 etiaut
495 5573 710 5628 litteras
741 5573 806 5626 ad
843 5572 1132 5642 episcopos
1164 5571 1254 5640 qui
1298 5587 1328 5625 e
1361 5570 1672 5626 Graecorum
1708 5572 1870 5625 terri-

289 5665 435 5718 torio
461 5674 648 5720 essent
682 5674 737 5720 ut
764 5681 959 5720 omnes
986 5663 1322 5719 Chalcedoni
1357 5664 1733 5728 convenirent,
1759 5681 1868 5735 quo

292 5756 358 5809 de
394 5757 667 5812 sententia
720 5756 1042 5827 Eutychetis
1088 5756 1423 5826 dispicercnt
1470 5757 1868 5826 disquircrent--

291 5864 420 5917 que,
455 5849 608 5908 etde
657 5850 796 5907 facto
837 5849 1082 5908 Dioscori
1133 5849 1460 5922 patriarchae
1508 5848 1864 5909 Alexandrini

1983 1988 2037 2034 et
2067 1978 2305 2033 Joannes
2333 1981 2628 2050 episcopus
2671 1981 3060 2036 Barbarornm.
3110 1981 3210 2035 Uhi
3267 1998 3398 2052 ergo
3435 1999 3568 2037 con-

1983 2083 2272 2136 venerant,
2311 2073 2362 2126 iit
2395 2071 2690 2128 falsitatem
2733 2075 3021 2128 sententize
3059 2074 3302 2129 Dioscori
3336 2077 3572 2142 patriar-

1980 2166 2100 2220 cha:
2150 2165 2504 2220 Alexandrini
2555 2167 2986 2236 inquisiveruut,
3041 2175 3094 2221 et
3132 2167 3260 2236 quid
3314 2168 3381 2222 de
3429 2168 3571 2222 facto

1981 2257 2157 2326 ipsitts
2179 2255 2325 2326 quod
2353 2255 2676 2326 Eutychetis
2700 2259 3028 2310 sententiain
3053 2258 3339 2325 amplexus
3368 2259 3567 2321 fuerat,

1980 2358 2028 2402 et
2060 2349 2115 2402 in
2153 2348 2354 2417 ipsum,
2384 2363 2604 2416 unaque
2639 2349 2692 2400 in
2733 2347 3112 2418 Eutychetem,
3149 2350 3437 2401 anathema
3471 2350 3568 2402 de-

1980 2440 2329 2503 nuntiarunt,
2372 2447 2702 2502 statuentcs,
2748 2441 3037 2494 Dominum
3079 2449 3326 2495 nostrum
3378 2441 3566 2494 Jesum

1979 2531 2258 2586 Christum
2302 2533 2470 2586 D‘eum
2504 2547 2627 2586 esse
2662 2541 2717 2586 et
2758 2532 3059 2597 hominem,
3109 2533 3398 2601 ipsumque
3424 2535 3568 2600 ejus-

1979 2620 2102 2674 detn
2137 2637 2262 2676 esse
2291 2621 2547 2676 essentia:
2576 2637 2700 2674 cum
2731 2621 2891 2675 Patre
2920 2623 3066 2691 quod
3101 2622 3164 2674 ad
3196 2623 3563 2687 divinitatem,

1977 2713 2334 2782 ejusdemque
2359 2729 2482 2768 cum
2516 2714 2674 2767 nobis
2700 2715 2843 2782 quod
2873 2715 2938 2767 ad
2967 2715 3382 2777 humanitatem,
3413 2723 3563 2768 utra.

1976 2822 2079 2875 que
2109 2814 2304 2858 natura
2328 2805 2593 2873 agnitum,
2623 2807 2923 2872 perfectum
2951 2805 3003 2858 in
3026 2805 3314 2857 divinitate
3351 2821 3468 2864 sua,
3501 2813 3557 2854 et

1976 2899 2277 2968 perfectum
2310 2899 2363 2952 in
2383 2898 2722 2952 humanitate
2754 2914 2875 2958 sua.
2905 2899 3182 2951 Christum
3210 2914 3398 2950 unum.
3425 2897 3564 2949 Con-

1977 2993 2371 3060 firntarutttqtte
2412 2991 2715 3044 doctrinam
2749 2991 3132 3060 episcoporum
3187 2999 3557 3044 trecentorum

1974 3081 2276 3136 octodecim
2307 3080 2397 3148 qui
2433 3081 2632 3134 Nicaate
2659 3089 3056 3142 convenerunt,
3093 3079 3324 3148 amplexi
3355 3076 3561 3132 dictum

1974 3177 2250 3242 ipsorum;
2290 3190 2412 3228 esse
2443 3175 2656 3227 scilicet
2689 3174 2888 3228 Filium
2934 3174 3082 3228 Patri
3116 3173 3563 3235 cocssentialem,

1974 3266 2158 3320 lumen
2189 3265 2258 3319 de
2292 3265 2522 3329 lumine,
2555 3265 2722 3318 Deum
2759 3282 2946 3318 verum
2995 3267 3063 3319 de
3099 3266 3208 3320 Deo
3243 3282 3393 3326 vero,
3431 3280 3565 3317 aua~

1977 3360 2160 3412 thema
2207 3359 2372 3413 etiam
2411 3359 2666 3413 dixerunt
2710 3359 2822 3428 96
2866 3359 3016 3422 Ario,
3067 3367 3141 3438 et'
3169 3359 3566 3409 confirmarunt

1973 3450 2277 3504 doctrinam
2337 3452 2560 3504 concilii
2615 3450 2844 3504 secundi
2899 3461 3114 3504 centum
3165 3449 3564 3517 quinquaginta

1972 3542 2362 3610 episcoporum
2415 3543 2520 3608 qui
2555 3540 3034 3608 Constantinormli
3081 3551 3272 3592 contra
3315 3539 3564 3592 Macedo-

1980 3634 2132 3688 nium
2176 3645 2570 3699 convenerant,
2646 3647 2958 3688 asserentes
3005 3633 3267 3702 Spiritum
3314 3643 3563 3684 sanctum

1976 3743 2098 3782 esse
2153 3727 2350 3789 Deum,
2391 3743 2626 3796 esseque
2678 3727 2894 3781 Patrem
2946 3725 3144 3779 Filium
3194 3735 3247 3779 et
3299 3725 3566 3792 Spiritum

1976 3826 2228 3871 sanctum
2285 3818 2454 3872 Deum
2508 3834 2698 3882 unum,
2730 3834 2890 3870 unam
2947 3828 3226 3877 naturam,
3284 3826 3396 3870 tres
3445 3830 3562 3884 pcr-

1977 3925 2162 3971 sonas,
2211 3918 2263 3962 et
2311 3917 2423 3962 tres
2447 3907 2794 3976 hypostases.
2827 3908 3203 3960 Maccdonium
3236 3907 3401 3961 etiam
3431 3921 3564 3958 ana-

1978 4001 2429 4055 lhematizarunt.
2457 3999 2867 4054 Confirmarunt
2896 3999 3060 4052 etiam
3093 4000 3401 4052 doctrinam
3435 4014 3563 4050 con-

1976 4094 2088 4148 cilii
2123 4093 2296 4157 tertii,
2331 4106 2521 4146 eorum
2573 4107 2769 4159 nempe
2823 4092 2913 4159 qui
2969 4090 3171 4160 Ephesi
3225 4091 3396 4156 prima
3449 4091 3564 4143 vice

1977 4194 2358 4240 convenerant
2388 4227 2402 4250 ,
2444 4185 2699 4239 videlicet
2742 4183 3128 4252 episcoporum
3178 4181 3562 4245 ducentorum,

1977 4293 2166 4334 contra
2190 4278 2547 4344 Nestorium;
2589 4279 2835 4332 dicentes
2883 4276 3106 4330 Mariam
3154 4275 3430 4344 Virginem
3477 4289 3562 4341 pe-

1980 4373 2192 4443 perisse
2224 4372 2417 4432 Deum,
2455 4370 2747 4424 Dominum
2785 4379 3031 4423 nostrum
3070 4366 3255 4422 Jesum
3281 4365 3562 4420 Christum

1980 4465 2075 4536 qui
2111 4463 2357 4532 ejusdem
2417 4470 2504 4516 est
2559 4478 2684 4515 cum
2726 4463 2886 4517 Patre
2929 4476 3033 4517 suo
3083 4471 3295 4514 naturae
3325 4459 3562 4522 divinae,

1905 4579 1951 4636 ι)
1981 4557 2230 4625 ejusdem
2274 4572 2398 4611 cum
2441 4556 2762 4609 hominibus
2792 4565 3001 4609 natura:
3035 4555 3309 4612 humanm,
3340 4567 3402 4604 ac
3434 4567 3553 4604 con-

1979 4650 2111 4705 fessi
2145 4651 2283 4704 duas
2315 4665 2438 4704 esse
2489 4649 2713 4702 Christo
2760 4659 3012 4712 naturas,
3042 4661 3332 4717 personam
3377 4661 3560 4709 unam,

1979 4742 2302 4812 hypostasin
2331 4757 2534 4808 unam;
2582 4753 2635 4795 et
2668 4739 2984 4796 Nestorium
3029 4743 3380 4793 anathemate
3405 4738 3558 4793 devo-

1977 4845 2196 4902 verunt,
2253 4852 2354 4892 nec
2406 4851 2517 4890 non
2567 4833 2914 4900 Dioscorum,
2973 4840 3026 4887 et
3083 4832 3339 4901 quisquis
3396 4831 3564 4899 ipsius

1977 4928 2303 4982 sententiam
2325 4925 3072 4996 amplecteretur,ipsumque
3095 4924 3216 4976 loco
3238 4921 3561 4975 abdicarunt

1977 5021 2270 5075 anathema
2288 5021 2451 5074 etiam
2471 5018 2732 5073 dixerunt
2754 5018 2988 5072 concilio
3009 5015 3252 5072 secundo
3269 5014 3564 5082 Ephesino.

1978 5111 2278 5181 Adfuitque
2327 5111 2456 5164 huic
2511 5110 2748 5163 concilio
2792 5109 3214 5162 archidiaconus
3244 5103 3566 5158 Alexandri‘

1977 5219 2084 5259 nus
2117 5205 2338 5258 nomine
2369 5203 2678 5264 Proterius,
2725 5218 2886 5271 quem
2930 5201 3298 5272 patriarcham
3335 5199 3560 5250 Alexan-

1977 5294 2252 5349 driaeloeo
2279 5295 2523 5349 Dioscori
2557 5294 2811 5357 infidelis,
2852 5293 3152 5356 maledicti,
3183 5291 3560 5360 praefecerunt.

2047 5387 2166 5441 Jam
2213 5403 2243 5442 a
2273 5387 2510 5442 concilio
2546 5387 2732 5454 tertio,
2777 5386 3054 5455 Ephosino
3091 5383 3302 5436 scilicet
3343 5381 3559 5449 episco-

1977 5496 2170 5551 porum
2210 5480 2570 5534 ducentorum
2603 5479 2695 5549 qui
2745 5479 2918 5547 prima
2966 5477 3085 5528 vice
3125 5473 3325 5542 Ephesi
3360 5487 3558 5526 convc-

1979 5573 2191 5628 nientes
2240 5572 2553 5627 Nestorium
2614 5572 2963 5626 anathemate
3022 5573 3438 5636 percusserunt,
3490 5564 3556 5619 ad

1975 5675 2229 5737 quartqu
2291 5666 2390 5720 hoc
2432 5665 2724 5720 concilium
2775 5660 2920 5731 quod
2951 5659 3281 5714 Cltalccdoni
3319 5659 3556 5714 habitum

1973 5767 2079 5823 est,
2135 5757 2262 5812 anni
2312 5766 2438 5812 sunt
2491 5755 2683 5824 viginti
2718 5770 2884 5816 unus,
2932 5753 3038 5808 hoc
3087 5767 3282 5821 nempe
3336 5750 3388 5804 in
3421 5749 3552 5819 97-

1973 5851 2084 5922 99
2136 5866 2244 5922 quo
2293 5855 2672 5906 convenerunt
2712 5847 2958 5918 episcopi
3019 5843 3264 5918 sexcenti
3312 5843 3556 5912 triginta,
