4034 6214
517 336 656 396 1055

1540 340 1909 403 EUTYCHII
1949 338 2491 401 ALEXANDRINI
2521 340 2743 403 PATR.

3632 344 3785 406 1055

512 450 605 516 qui
645 448 959 507 Dioscorttm
992 460 1046 507 et
1080 452 1442 526 Eulyehetem
1477 457 1832 511 anathemate
1863 457 2096 511 (levave-
2126 459 2171 513 A
2201 454 2366 509 clesia
2391 454 2575 526 Cyrini
2602 474 2617 524 ;
2655 458 2782 513 dein
2809 473 3008 527 corpus
3048 457 3220 528 ipsius
3250 459 3465 511 camelo
3491 458 3543 511 iu
3570 457 3774 527 Ηῑρνοο

511 549 661 593 runt.
699 539 939 613 [Egyplii
968 561 1099 599 vero
1123 550 1179 599 ct
1214 547 1565 603 Alexandria:
1605 548 1801 602 incolae
1836 549 2087 604 Dioscori

508 643 561 688 et
591 631 908 704 Eutychetis
941 640 1271 694 sententiam
1304 642 1543 710 amplexi
1581 640 1822 706 fuerant,
1861 650 1914 696 et
1960 641 2090 697 Dio-

506 743 731 780 scorum
752 729 952 798 injuria
974 733 1318 788 anathemate
1343 750 1663 803 percussum
1691 736 2082 800 autumarunt';

508 828 655 871 metu
686 827 862 875 autem
888 822 1147 877 Marciani
1179 826 1323 895 regis
1354 828 1680 881 sententiam
1723 843 1878 883 suam
1906 828 2082 898 palam

510 909 758 975 proferre
790 914 908 966 ausi
947 930 1053 968 non
1086 926 1239 970 sunt.
1288 917 1587 973 Dioscorus
1620 935 1751 974 vero
1780 921 1900 974 loco
1927 920 2086 974 abdi-

509 1015 669 1058 catus
693 1005 1028 1062 Paltestinam
1064 1018 1116 1063 et
1134 1010 1506 1083 Hierosolyma
1533 1014 1805 1082 profectus
1835 1015 2082 1069 omnium

516 1095 591 1150 ibi
641 1097 952 1167 degentium
986 1102 1143 1155 {idem
1173 1106 1442 1173 eorrupit,
1480 1107 1616 1161 adeo
1671 1116 1729 1159 ut
1764 1107 1905 1161 idem
1955 1124 2078 1162 eum

508 1189 630 1258 ipso
674 1202 1005 1259 assererent,
1048 1198 1364 1252 conciliavit
1412 1199 1577 1253 etiam
1631 1201 1734 1254 sibi
1792 1202 2082 1271 episcopos

506 1298 722 1347 eorum,
761 1294 815 1339 et
848 1286 1089 1342 Eudocia
1118 1288 1407 1345 Theodosii
1440 1291 1789 1363 imperatoris
1816 1310 1953 1349 uxor
1984 1310 2083 1349 au-

506 1377 621 1430 dita
656 1377 904 1434 Dioscori
940 1385 1215 1438 sententia
1248 1385 1297 1439 ei
1330 1400 1619 1441 assensum
1652 1386 1903 1455 praebuit,
1934 1387 2081 1439 mul~

506 1477 673 1537 taque
726 1471 828 1540 ipsi
879 1472 1107 1529 donaria
1150 1477 1322 1534 misit.
1372 1477 1608 1534 Sanctus
1654 1489 1832 1535 autem
1877 1479 2085 1551 Euthy-

509 1562 672 1621 mius.
702 1561 1095 1635 Hierosolymis
1120 1569 1279 1625 ﬁdem
1311 1572 1673 1628 orthodoxam
1701 1572 2083 1644 propugnabat

506 1663 559 1707 et
611 1655 884 1719 tuebatur,
938 1660 1031 1726 qui
1090 1670 1144 1716 et
1196 1664 1262 1718 ad
1302 1661 1596 1719 Eudociam
1624 1666 1850 1721 mittens
1898 1666 2081 1720 dixit:

506 1743 585 1797 Ne
622 1747 856 1817 recipias
901 1749 1148 1806 Dioscori
1205 1756 1555 1818 sententiam,
1605 1764 1798 1826 utpote
1825 1758 1916 1827 qui
1959 1760 2083 1815 loco

507 1838 720 1905 pulsus,
750 1848 805 1895 et
834 1843 1185 1899 anathemate
1219 1860 1515 1913 percussus
1569 1848 1643 1903 sit
1674 1864 1777 1903 una
1814 1867 1935 1903 eum
1961 1867 2085 1905 mn-

506 1930 673 1985 nihus
705 1933 797 1999 qui
834 1937 1163 1989 sententiam
1207 1937 1380 2006 ipsius
1409 1941 1838 2008 amplectuntur.
1878 1943 2082 1999 Rever-

504 2031 619 2072 tere
654 2037 785 2089 ergo
838 2025 903 2077 ad
937 2041 1055 2079 eam
1099 2043 1262 2096 quam
1314 2030 1563 2097 professa
1609 2035 2080 2091 eras-veritatem.

501 2112 835 2164 Auseultans
888 2129 1018 2183 ergo
1066 2116 1304 2170 Eudocia
1357 2119 1505 2172 dicto
1559 2121 1730 2174 sancti
1779 2120 2079 2192 Euthymii,

504 2199 755 2254 abdicata
807 2201 1053 2258 Dioscori
1110 2208 1380 2261 sententia
1422 2209 1487 2261 ad
1530 2212 1813 2265 veritatem
1862 2229 2080 2268 reversa

502 2298 609 2351 est.
662 2292 842 2347 umltis
889 2294 963 2348 illi
1002 2296 1186 2356 missis
1236 2301 1582 2357 muneribus.
1615 2303 1876 2359 Condidit
1915 2308 2079 2361 etiam

504 2378 747 2434 Eudocia
784 2380 1179 2456 Hierosolymis
1230 2389 1437 2445 multas
1479 2392 1767 2457 ecclesias,
1807 2403 1861 2450 et
1899 2411 2084 2452 coeno-

506 2472 617 2525 hia.
654 2473 847 2537 Porro,
889 2493 1036 2531 anno
1070 2479 1231 2535 tertio
1272 2483 1421 2552 regni
1458 2482 1715 2539 Marciani
1742 2489 2081 2547 constitutus

504 2574 588 2619 est
633 2566 960 2624 Anastasius
1014 2572 1325 2638 patriarcha
1375 2572 1925 2647 Hierosolymitanus,
1986 2580 2079 2650 qui

501 2657 748 2713 Jacobita
787 2660 887 2714 fuit
918 2678 932 2715 :
972 2662 1119 2717 sedit
1149 2678 1324 2719 annos
1347 2668 1740 2735 nevemdecim,
1773 2670 1897 2724 dein
1928 2685 2079 2727 mor-

501 2758 632 2802 tuus
687 2758 791 2806 est.
835 2752 1034 2808 Eodem
1100 2770 1246 2810 anno
1280 2757 1437 2826 ιοο
1482 2758 1659 2814 factus
1702 2768 1786 2819 est.
1830 2763 2080 2819 Basilius

500 2843 812 2911 patriarcha
858 2846 1261 2916 Antiochenus;
1322 2849 1460 2905 duos
1500 2866 1675 2907 annos
1728 2853 1891 2919 sedit,
1953 2856 2077 2911 dein

503 2949 757 2991 mortuus
796 2947 900 2992 est.
951 2940 1111 2994 Anno
1145 2942 1298 3011 regni
1339 2942 1587 3013 ejusdem
1622 2944 1842 3013 quinto,
1871 2947 2080 3002 consti-

504 3037 654 3085 tutus
700 3040 787 3085 est
834 3030 1127 3103 Martyrius
1175 3036 1489 3104 patriarcha
1526 3038 1932 3105 Antiochentts,
1983 3043 2077 3110 qui

2117 1790 2157 1844 Β

2198 547 2448 603 dromunt
2472 565 2751 621 magnum,
2770 554 2914 621 quod
2944 552 3217 607 exstruxit
3246 551 3573 606 Ptolomaeus
3591 552 3775 620 appel-

2198 639 2347 696 latus
2400 640 2600 711 Lagus,
2646 653 2943 715 gestatum,
2986 645 3110 715 igne
3167 654 3506 700 cremaruut.
3577 644 3771 707 Porro,

2198 736 2452 801 apparuit
2484 736 2537 788 in
2568 738 2711 792 coelo
2734 737 2907 793 nubes
2943 740 3119 809 ignea,
3156 752 3281 791 cum
3319 738 3552 800 tonitru,
3585 746 3636 790 et
3670 737 3776 790 ful-
3814 762 3821 769 -

2196 838 2351 891 gure,
2404 839 2471 879 ac
2516 834 2828 882 tet'rzemotu
2878 843 3077 899 magno
3128 827 3322 882 diebus
3382 827 3769 897 quadraginta.

2198 913 2430 970 Sederat
2470 916 2752 975 Proterius
2791 935 2885 974 sex
2915 935 3094 974 annos
3135 934 3259 973 cum
3292 919 3614 973 interfectus
3660 931 3770 973 est.

2199 1006 2327 1063 Post
2363 1010 2540 1079 ipsum
2580 1011 2842 1066 suffectus
2886 1019 2972 1066 est
3002 1010 3328 1066 'l'imotheus
3376 1009 3618 1064 Anatolii
3653 1011 3771 1063 fra-

2186 1102 2301 1164 'ter,
2332 1103 2424 1171 qui
2456 1101 2716 1159 Janurius
2753 1103 2926 1167 audit,
2986 1102 3039 1155 in
3072 1102 3501 1170 patriarchatum
3527 1101 3767 1155 Alexan-

2194 1193 2329 1249 dria!
2349 1196 2440 1264 qui
2474 1195 2722 1251 Jacobita
2757 1196 2881 1250 fuit.
2937 1194 3036 1249 Hic
3071 1210 3193 1249 cum
3225 1209 3404 1250 annos
3446 1203 3559 1249 tres
3593 1194 3770 1250 sedis-

2197 1295 2315 1351 set,
2350 1288 2457 1340 dux
2501 1288 2723 1356 quidam
2771 1287 2995 1343 nomine
3045 1286 3245 1342 Balaus
3290 1286 3765 1356 Constantinopoli

2194 1380 2582 1435 Alexandriam
2614 1382 2943 1451 perveniens
2973 1380 3147 1450 ipsum
3193 1380 3453 1450 relegavit
3485 1381 3541 1434 in
3584 1380 3763 1433 locum

2191 1469 2403 1525 dictum
2447 1471 2808 1542 Marsuphin;
2860 1481 2955 1542 qui
2997 1475 3153 1528 vicus
3195 1482 3279 1528 est
3308 1472 3374 1526 ad
3410 1472 3564 1526 littus
3595 1471 3763 1525 maris

2191 1563 2338 1630 quod
2382 1563 2588 1619 Pontus
2641 1565 2816 1620 audit.
2847 1563 3260 1633 Praefectusqtte
3304 1571 3392 1619 est
3449 1562 3763 1633 patriarcha

2191 1656 2537 1712 Alexandriae
2576 1656 2896 1713 Timotheus
2947 1658 3107 1723 alter,
3136 1660 3229 1726 qui
3262 1658 3437 1712 Surus
3459 1655 3773 1724 appellatus

2191 1754 2297 1814 est,
2325 1747 2419 1816 qui
2458 1748 2619 1802 etiam
2645 1746 2893 1803 Jacohita
2942 1747 3083 1815 fuit;
3136 1763 3311 1804 annos
3335 1748 3645 1818 quindecim
3675 1763 3763 1803 se-

2187 1839 2288 1905 dit,
2324 1839 2447 1893 dein
2477 1846 2731 1893 mortuus
2756 1847 2861 1894 est.
2899 1837 3093 1904 Porro,
3137 1855 3283 1894 anno
3316 1840 3530 1909 imperii
3565 1839 3765 1895 Leonis

2185 1930 2363 1999 Magni
2393 1930 2610 1986 decimo
2640 1940 2815 1997 sexto,
2850 1932 3033 1987 factus
3062 1940 3145 1987 est
3172 1932 3433 1987 Martinus
3454 1932 3760 2001 patriarcha

2185 2024 2754 2098 llieresolymitanus;
2779 2025 3031 2080 Jacohita
3058 2035 3212 2081 erat:
3250 2042 3427 2081 annos
3453 2035 3578 2081 octo
3597 2026 3772 2092 seditr

2184 2116 2311 2171 dein
2368 2128 2620 2171 ntortuus
2673 2127 2776 2174 est.
2815 2120 2975 2171 Anno
3027 2118 3270 2187 ejusdem
3330 2119 3481 2188 regni
3545 2118 3763 2172 decimo

2184 2207 2519 2263 constitutus
2546 2219 2633 2263 est
2656 2210 2890 2265 Aeacius
2921 2209 3227 2277 patriarcha
3251 2209 3722 2280 Constantinopoli
3741 2236 3761 2249 -

2185 2308 2369 2364 tantis,
2434 2301 2527 2367 qui
2596 2315 2721 2353 cum
2760 2302 3036 2356 .tredecim
3097 2316 3271 2355 annos
3320 2300 3479 2371 104
3525 2302 3759 2354 sedisset

2183 2402 2433 2446 mortuus
2464 2400 2570 2446 est.
2602 2393 2761 2449 Anno
2792 2393 3034 2463 ejusdem
3065 2393 3388 2448 duodecimo
3423 2392 3758 2447 constitutus

2182 2491 2264 2537 est
2308 2480 2549 2539 Joannes
2601 2485 2914 2552 patriarcha
2969 2484 3376 2547 Antiochenus,
3431 2486 3523 2553 qui
3584 2499 3753 2538 unum

2183 2590 2387 2629 annum
2422 2576 2587 2642 sedit,
2622 2576 2746 2633 dein
2805 2589 3054 2649 mortuus
3097 2588 3200 2633 est.
3255 2575 3512 2646 Ejusdem
3544 2576 3756 2632 decimo

2189 2669 2351 2723 tertio
2375 2667 2555 2724 factus
2588 2680 2670 2724 est
2708 2668 2961 2726 Julianus
3008 2671 3322 2742 patriarcha
3354 2670 3753 2734 Antiochenus,

2182 2773 2355 2814 annos
2385 2759 2626 2828 quinque
2654 2762 2820 2827 sedit,
2857 2762 2979 2817 dein
3014 2770 3265 2816 mortuus
3282 2769 3386 2816 est.
3416 2765 3575 2815 Anno
3601 2760 3761 2826 regni

2182 2849 2355 2919 ipsius
2383 2857 2579 2905 octavo
2596 2860 2814 2906 creatus
2846 2861 2928 2907 est
2948 2851 3187 2908 Hilarius
3216 2854 3525 2922 patriarcha
3553 2851 3754 2904 Roma-

2192 2957 2318 3005 nus,
2346 2941 2461 3011 qui,
2502 2958 2626 2997 cum
2671 2959 2764 2998 sex
2816 2959 2991 3000 annos
3036 2946 3293 3009 sedisset,
3348 2955 3601 2998 mortuus
3650 2954 3755 2999 est.

2182 3032 2442 3102 Ejusdem
2486 3048 2631 3087 anno
2675 3034 2887 3089 decimo
2933 3044 3087 3091 sexto
3132 3038 3467 3090 constitutus
3498 3044 3581 3089 est
3616 3035 3754 3087 Sile-

501 3134 627 3180 οοιο
683 3140 858 3180 annos
899 3126 1064 3191 sed",
1102 3129 1229 3183 (ιρῑη
1276 3140 1529 3185 manuus
1560 3140 1667 3185 ρει,
1734 3134 1893 3186 Anno
1926 3132 2076 3200 regni
2107 3133 2149 3189 ο
2185 3138 2289 3177 nus
2322 3124 2633 3192 patriarcha
2669 3123 2970 3190 ltomanus,
3016 3126 3106 3194 qui
3141 3125 3557 3194 quattuordecim
3584 3138 3759 3179 annos

501 3218 675 3275 iisins
703 3228 860 3273 sexto
905 3223 1238 3277 constitutus
1290 3232 1371 3279 est
1402 3224 1715 3278 Gennadius
1767 3226 2077 3290 patriarcha

499 3313 1144 3385 Constantinopolitanus
1165 3361 1181 3383 ,
1204 3321 1297 3387 qui
1335 3319 1520 3375 decem
1552 3337 1727 3376 annos
1757 3322 1920 3386 sedit,
1950 3323 2075 3377 dein

502 3416 751 3461 mortuus
774 3415 879 3462 est.
910 3407 1175 3480 Tempore
1200 3410 1459 3465 Marciani
1494 3411 1597 3464 fuit
1627 3412 1862 3481 Symeon
1893 3414 2076 3467 seclu-

501 3512 619 3558 sus,
660 3498 753 3565 qui
792 3498 843 3551 in
878 3499 1133 3553 columna
1178 3500 1330 3553 stetit
1377 3498 1644 3570 [Stylita].
1669 3500 1793 3554 Fuit
1843 3502 1932 3554 ille
1962 3518 2077 3556 mo-

501 3586 802 3639 nachorum
832 3588 924 3655 qui
986 3588 1037 3640 in
1074 3588 1267 3642 cellam
1298 3604 1357 3643 se
1389 3590 1596 3659 recepit
1627 3590 1838 3659 primus
1872 3590 2077 3659 fuitque

498 3678 606 3730 hoc
646 3678 701 3731 in
758 3679 1038 3733 territorio
1080 3680 1386 3735 Antioehize
1424 3684 1478 3735 in
1516 3689 1724 3745 monte,
1772 3684 1864 3752 qui
1920 3699 2076 3739 mons

464 3788 469 3793 δ
498 3768 768 3825 Mirabilis
799 3770 1020 3825 dicitur.
1060 3769 1258 3826 Eodem
1298 3782 1541 3844 tempore
1573 3782 1801 3829 sanctus
1828 3773 2078 3830 Theodo.

498 3860 615 3915 sius
641 3860 934 3928 praefectus
968 3853 1234 3917 coenobio
1261 3864 1326 3917 Al
1370 3863 1654 3920 Dawakesi
1715 3880 1746 3920 e
1773 3867 1948 3936 patria
1977 3882 2075 3922 sua

497 3952 803 4020 profectus,
822 3953 994 4008 donec
1024 3956 1089 4010 ad
1126 3955 1439 4011 Simeonem
1468 3957 1744 4012 seclusum
1773 3958 2077 4014 Antiochia:

498 4046 860 4113 pervenisset,
893 4061 1016 4100 cum
1047 4062 1111 4102 eo
1143 4046 1336 4103 diebus
1367 4048 1576 4117 aliquot
1608 4049 1930 4117 permansit,
1962 4058 2076 4104 tum

496 4137 881 4208 Hierosolyma
911 4138 1178 4193 accedens
1203 4139 1510 4195 monachus
1538 4139 1718 4193 factus
1747 4149 1852 4198 est.
1877 4141 2073 4206 Porro,

498 4246 646 4285 anno
695 4239 852 4287 sexto
905 4230 1125 4301 imperii
1183 4230 1447 4284 Marciani
1507 4233 1648 4301 regis
1704 4230 2073 4288 Romanorum

496 4332 752 4379 mortuus
795 4334 878 4379 est
909 4322 1208 4394 Yazdojerd
1253 4324 1503 4378 Bahrami
1547 4323 1689 4378 illius
1735 4340 1826 4379 rex
1881 4323 2077 4380 Persa-

500 4433 644 4473 rum.
703 4417 823 4483 Quo
853 4433 882 4469 e
916 4418 1095 4471 medio
1125 4418 1341 4471 sublato
1371 4418 1436 4471 de
1474 4433 1639 4488 regno
1670 4418 2077 4473 contenderunt

494 4512 604 4565 duo
636 4510 810 4580 ipsius
846 4510 939 4564 lilii
979 4509 1179 4563 Phiruz
1206 4518 1260 4565 et
1293 4486 1555 4575 llormos,
1605 4511 1728 4565 aliis
1762 4525 1790 4563 a
1822 4511 2073 4579 partibus
2109 4486 2151 4541 θ

494 4601 740 4666 Phiruzi,
764 4602 886 4655 aliis
912 4602 979 4653 ab
998 4598 1249 4655 llormozi
1270 4601 1569 4665 stantibus,
1594 4601 1740 4655 unde
1774 4600 2075 4669 conflagra-

495 4696 572 4748 vit
603 4694 748 4748 inter
780 4693 931 4762 ipsos
961 4693 1190 4759 bellum,
1231 4694 1405 4748 donec
1437 4693 1675 4749 Ilormoz
1698 4710 1801 4749 una
1831 4711 1956 4751 cum
1978 4696 2077 4750 tri-

494 4784 601 4838 bus
635 4800 665 4837 e
694 4784 1020 4839 domesticis
1058 4786 1176 4841 suis
1222 4784 1593 4841 occideretur.
1638 4784 1911 4855 llegnavit
1943 4803 2074 4857 ergo

496 4877 698 4931 Pltiruz
736 4877 1057 4947 Yazdejerdi
1109 4878 1256 4935 filius
1307 4879 1359 4933 in
1392 4878 1591 4935 Persas
1632 4879 1824 4949 viginti
1866 4891 2072 4949 septem

494 4984 692 5031 annos,
724 4969 885 5039 idque
912 4984 1060 5023 anno
1085 4971 1300 5040 imperii
1324 4968 1580 5024 Marciani
1619 4971 1765 5040 regis
1797 4972 2074 5023 Ilomano-

495 5076 615 5115 rum
652 5069 832 5115 sexto.
868 5060 993 5115 Fuit
1022 5070 1203 5116 autem
1245 5062 1560 5117 Marcianus
1587 5077 1683 5115 rex
1706 5061 2072 5127 orthodoxus,

492 5149 697 5218 quique
743 5149 901 5203 fidem
925 5147 1302 5212 Melehitarutu
1325 5160 1573 5205 tueretur
1611 5160 1664 5205 et
1680 5161 2071 5221 propugnaret.

565 5241 685 5309 lpso
734 5256 863 5296 vero
898 5242 1244 5311 101-103
1280 5252 1516 5305 mortuo,
1570 5251 1694 5311 post
1752 5244 1928 5312 ipsum
1968 5245 2075 5296 lto-

495 5335 674 5388 mauis
708 5348 882 5388 annos
914 5332 1190 5388 sexdecim
1226 5333 1517 5400 imperavit
1545 5331 1654 5385 Leo
1687 5331 1912 5403 Magnus
1935 5373 1948 5397 ,
2000 5335 2076 5388 id-

498 5438 604 5489 que
645 5438 790 5475 anno
837 5424 993 5493 regni
1028 5422 1246 5475 Phiruzi
1281 5421 1393 5475 lilii.
1423 5419 1748 5490 Yazdcjerdi
1782 5421 2071 5476 Persarum

500 5514 641 5581 rugis
707 5514 975 5569 secundo.
1036 5512 1268 5579 Fuiltlue
1321 5513 1483 5566 etiam
1549 5510 1656 5567 L80
1710 5515 2071 5577 οτιῖιυιιυλυε,

501 5604 779 5659 lilclchita.
830 5607 1187 5663 Alexandrini
1232 5608 1718 5660 atulitotnortuuut
1768 5622 1890 5661 esse
1940 5607 2075 5660 illar-

505 5693 719 5744 cianum
821 5696 1202 5766 imperatorem
1314 5696 1619 5752 I’rt‘tlel'ittttt
1717 5698 2072 5768 patriarrltatn

509 5782 939 5842 Alexandrinum
981 5790 1154 5846 adorti
1212 5792 1384 5861 ipsum
1448 5790 1834 5847 interfecerunt
1884 5791 1933 5844 in
1987 5807 2075 5847 cc-

2182 3213 2342 3278 setlit,
2385 3215 2507 3269 dein
2566 3226 2819 3270 mortuus
2871 3225 2978 3271 est.
3033 3216 3208 3286 Atque
3258 3217 3348 3270 hic
3408 3215 3754 3271 Timotheum

2179 3304 2419 3358 Anatolii
2458 3305 2682 3360 fratrem
2734 3307 3107 3376 patriarcham
3153 3307 3589 3362 Alexandrinum
3622 3322 3757 3361 ana-

2181 3393 2420 3449 themate
2449 3396 2742 3464 percussit.

2252 3483 2464 3537 lllortuo
2516 3484 2699 3540 Leone
2743 3485 2939 3555 Magno
2980 3484 3353 3540 Romanorum
3399 3487 3753 3555 imperatore,

2179 3575 2425 3644 regnavit
2461 3586 2579 3645 post
2617 3577 2796 3643 ipsum
2826 3578 2878 3631 in
2901 3578 3175 3631 Romanos
3209 3593 3409 3631 annum
3448 3594 3611 3630 unum
3646 3577 3763 3630 Leo

2179 3664 2406 3730 Parvus,
2443 3669 2531 3736 qui
2567 3666 2813 3723 Jacobita
2835 3679 2976 3736 erat,
3022 3670 3183 3740 idque
3228 3686 3373 3723 anno
3424 3672 3575 3740 regni
3623 3671 3751 3723 Phi-

2180 3757 2293 3811 ruzi
2332 3759 2424 3813 lilii
2470 3758 2788 3831 Yazdejerdi
2815 3761 3103 3816 Persarum
3134 3763 3277 3833 regis
3299 3763 3514 3818 decimo
3533 3773 3750 3819 octavo.

2180 3850 2396 3907 Mortuo
2427 3852 2625 3908 deinde
2654 3853 2837 3910 Leone
2883 3854 3055 3910 Parvo
3106 3855 3481 3910 Romanorum
3516 3857 3753 3925 impera-

2181 3950 2299 4000 tore
2316 3945 2601 4015 imperavit
2624 3945 2814 4001 iisdem
2839 3955 2961 4015 post
2986 3947 3163 4017 ipsum
3184 3947 3326 4002 filius
3351 3948 3525 4017 ipsius
3549 3949 3762 4019 Zenon,

2177 4037 2272 4105 qui
2305 4036 2473 4091 etiam
2510 4036 2764 4092 Jacobita
2798 4040 2921 4094 fuit.
2957 4039 3124 4110 quue
3158 4055 3303 4094 anno
3334 4042 3486 4109 regni
3526 4042 3759 4097 Phiruzi

2178 4129 2470 4185 Persarum
2504 4131 2647 4201 regis
2683 4132 2896 4187 decimo
2926 4148 3095 4187 nono.
3138 4131 3393 4188 Profecto
3429 4144 3609 4189 autem
3649 4134 3753 4190 Ze-

2179 4239 2323 4279 none
2382 4228 2437 4278 in
2496 4224 2677 4278 locum
2741 4225 3067 4293 appellatum
3128 4224 3312 4279 Surab
3369 4226 3754 4283 oblectationis

2178 4330 2366 4379 causa,
2400 4316 2485 4370 vir
2523 4317 2744 4385 quidam
2782 4318 3001 4371 nomine
3031 4316 3305 4372 Basilicus
3340 4334 3446 4371 una
3484 4334 3605 4374 cum
3642 4322 3761 4375 tilio

2181 4421 2283 4459 Suo
2318 4402 2523 4470 Marco,
2573 4408 2852 4462 mensibus
2902 4408 3092 4477 viginti
3145 4424 3369 4477 regnum
3416 4412 3755 4480 occupavit:

2178 4516 2317 4569 quos
2352 4507 2475 4569 post
2504 4502 2824 4555 centiuuum
2884 4503 3023 4557 inter
3056 4502 3206 4572 ipsos
3238 4506 3438 4559 bellum
3472 4508 3757 4574 superavit

2177 4590 2344 4655 Zeno,
2395 4607 2458 4645 ac
2492 4590 3024 4662 Constantinopolim
3072 4595 3355 4665 ingressus
3388 4596 3645 4660 Basilieo,
3699 4606 3755 4651 et

2176 4683 2287 4737 lilio
2316 4683 2491 4752 ipsius
2530 4682 2833 4739 interfectis
2868 4686 3015 4740 aedes
3066 4686 3310 4755 ipsorum
3351 4696 3405 4743 et
3447 4705 3577 4759 opes
3612 4691 3752 4745 diri-

2176 4776 2326 4845 puit;
2355 4791 2544 4830 eorum
2568 4777 2740 4830 etiam
2765 4793 3031 4847 sequaces
3062 4781 3356 4835 interemit.
3398 4782 3759 4853 105-107

2178 4867 2381 4921 Eodem
2429 4880 2671 4936 tempore
2710 4871 2909 4924 accidit
2964 4871 3435 4942 Constantinopoli
3470 4884 3756 4929 terramte-

2175 4968 2265 5013 tus
2296 4960 2505 5031 ingens.
2550 4962 2801 5029 Eclipsim
2831 4964 2992 5015 etiam
3044 4979 3238 5031 passus
3276 4975 3358 5022 est
3391 4968 3495 5032 sol,
3526 4968 3663 5022 adeo
3698 4978 3757 5020 ut

2176 5053 2348 5106 stellae
2381 5054 2615 5108 interdiu
2651 5065 2996 5124 apparerent.
3032 5056 3234 5112 Domus
3266 5060 3426 5113 etiam
3448 5076 3607 5129 quant
3636 5064 3751 5124 plu-

2178 5145 2327 5198 rima:
2377 5155 2724 5211 corruerunt,
2773 5162 2835 5199 ac
2879 5163 3076 5217 magna
3126 5150 3407 5203 hominum
3462 5154 3763 5207 multitudo

2178 5244 2488 5290 tert'temotu
2522 5237 2703 5305 periit;
2736 5236 2894 5307 idque
2944 5254 3087 5293 anno
3123 5240 3334 5309 imperii
3368 5241 3604 5296 Zenonis
3643 5247 3754 5299 im-

2154 5318 2445 5396 peratoris
2472 5326 2847 5382 Romanorum
2879 5346 3041 5384 nono.
3094 5330 3262 5403 Regni
3291 5334 3461 5401 ipsius
3494 5352 3637 5387 anno
3674 5354 3759 5391 sc-

2177 5420 2358 5475 cundo
2420 5419 2554 5490 fugit
2602 5419 2924 5477 Timotheus
2984 5434 3353 5492 cognomento
3421 5429 3599 5482 Surus
3661 5445 3763 5498 pa-

2180 5510 2419 5564 triarcha
2441 5512 2842 5566 Alexandrinus
2867 5515 2917 5566 in
2947 5516 3135 5568 vallem
3161 5514 3354 5583 llabilt,
3390 5534 3759 5589 reversusque

2181 5601 2502 5657 Timotheus
2538 5604 2775 5657 Anatolii
2816 5605 2987 5659 frater
3015 5624 3041 5659 a
3075 5606 3390 5678 Marsupltin
3427 5612 3491 5664 ad
3524 5612 3757 5680 patriar-

2179 5696 2397 5749 chatum
2442 5695 2802 5760 Alexandrizc,
2868 5698 3063 5751 ibidem
3120 5700 3338 5755 biennio
3396 5704 3556 5765 sedit,
3627 5703 3759 5757 dein

2180 5796 2428 5845 nortuus
2482 5799 2586 5843 est.
2646 5788 2956 5859 [tactusque
3007 5800 3083 5846 est
3142 5803 3263 5861 post
3329 5796 3502 5863 ipsum
3559 5794 3761 5851 Petrus
