4034 6214
306 257 447 323 1057

1741 251 2117 316 ANNALES.

3426 248 3566 311 1058

307 369 423 440 (qui
458 364 888 423 archidiaconus
938 361 1140 433 fuerat)
1171 360 1487 433 patriarcha
1518 361 1717 417 ibidem
1744 381 1760 429 ;
1793 361 1883 416 Ja—
1912 362 1963 423 Α
1987 362 2073 416 nis
2105 360 2454 432 imperatoris
2483 360 2644 416 Rom.
2677 359 2991 415 undecimo.
3024 356 3185 415 Anno
3217 361 3429 414 decimo
3457 378 3562 415 ter-

308 462 488 515 rohito
524 459 662 524 fuit;
696 458 1032 512 seditannos
1066 471 1161 511 sex
1227 464 1282 513 et
1313 454 1429 510 dies
1464 456 1706 526 triginta,
1753 455 1880 510 dein

306 548 840 618 ConstantinOpolim
878 548 1013 617 fugit
1042 562 1415 617 reversusque
1446 559 1528 600 est
1563 545 1882 600 Timotheus

308 643 635 711 cognomine
697 641 874 696 Surus
922 656 954 696 a
1010 640 1150 695 valle
1207 640 1383 695 ilabih
1430 640 1547 711 (vel
1575 638 1882 694 secundum

309 732 454 787 aliud
482 731 778 800 exemplar,
800 731 1131 786 monasterio
1167 728 1361 794 llabib,
1396 730 1542 800 quod
1572 726 1690 783 sine
1718 728 1887 783 dubio

308 826 495 878 verius
527 832 656 889 est),
680 831 735 877 et
764 837 885 876 cum
913 824 967 877 iu
999 821 1255 877 cathedra
1278 820 1629 890 patriarchali
1653 830 1888 891 quatuor

308 917 472 970 annis
524 914 759 971 sedisset
806 924 1059 970 mortuus
1100 921 1205 969 est.
1235 914 1394 967 Anno
1435 914 1587 985 regni
1636 914 1885 983 ejusdem

314 1007 554 1063 Zenonis
601 1021 746 1059 nono
798 1004 1141 1060 Alexandria:
1174 1004 1396 1074 quidam
1449 1005 1624 1074 ipsius
1666 1005 1889 1059 nomine

310 1102 602 1172 praefectus
668 1099 782 1152 Ehn
831 1096 1037 1153 Gustus
1089 1095 1357 1151 Joannem
1404 1096 1603 1151 ibidem
1654 1096 1887 1168 patriar—

314 1197 473 1249 charn
508 1192 819 1256 constituit,
843 1190 937 1260 qui
969 1189 1217 1245 Jacobita
1246 1189 1372 1253 fuit,
1398 1189 1581 1258 ibique
1612 1204 1707 1243 sex
1740 1202 1892 1243 men-

315 1304 403 1343 scs
465 1286 623 1340 sedit.
662 1284 869 1339 Deinde
936 1283 1079 1338 alius
1136 1283 1524 1337 Alexandriam
1579 1295 1632 1341 a,
1672 1280 1891 1335 Zenone

316 1380 609 1451 praefectus
652 1376 875 1431 nomine
902 1375 1262 1446 Augustalius
1306 1376 1508 1430 missus
1530 1384 1633 1441 est,
1673 1389 1893 1446 unaque

314 1486 440 1526 cum
489 1471 607 1539 ipso
637 1468 831 1523 Petrus
875 1468 1183 1538 patriarcha
1238 1468 1333 1537 qui
1374 1467 1890 1537 Constantinopolin

316 1564 551 1631 ingerat.
581 1561 696 1616 Ehn
730 1559 935 1616 Gustus
967 1575 1097 1615 vero
1138 1559 1429 1630 praefectus
1464 1560 1535 1615 ab
1572 1560 1894 1631 Augustalio

319 1657 444 1726 fuga
486 1668 545 1709 se
591 1652 880 1725 proripuit,
938 1668 1044 1708 una
1074 1654 1237 1707 etiam
1286 1652 1525 1723 fugiente
1555 1653 1767 1708 Joanne
1798 1669 1890 1724 pa-

319 1747 581 1802 triarcha.
626 1744 1015 1815 Reversusque
1047 1746 1207 1816 108
1233 1746 1428 1801 Petrus
1458 1746 1769 1815 patriarcha
1802 1749 1894 1817 qui

320 1842 553 1911 fugerat,
593 1842 649 1894 in
710 1840 892 1894 locum
941 1856 1125 1904 suum,
1170 1854 1345 1906 annos
1391 1848 1516 1893 octo
1566 1840 1727 1905 sedit,
1769 1841 1895 1896 dein

319 1943 572 1989 martuus
602 1943 703 1989 est.
765 1934 923 1988 Anno
953 1934 1169 1989 decimo
1217 1943 1375 1988 sexto
1419 1934 1631 2003 imperii
1664 1934 1898 1993 Zenonis

323 2028 499 2081 factus
564 2035 649 2082 est
698 2026 908 2081 Abinas
960 2026 1274 2096 patriarcha
1326 2027 1755 2093 Alexandrinus,
1804 2030 1898 2098 qui

318 2119 563 2175 Jacobita
615 2118 741 2181 fuit,
799 2128 1009 2188 septem
1051 2132 1226 2172 annos
1268 2117 1431 2183 sedit,
1489 2120 1616 2176 dein
1649 2128 1902 2177 mortuus

320 2221 424 2266 est.
457 2211 649 2265 Multas
676 2209 1019 2265 Alexandriae
1048 2210 1313 2266 ecclesias
1341 2214 1642 2279 exstruxit,
1694 2213 1897 2267 multa-

320 2320 430 2375 que
460 2313 832 2358 monumenta.
858 2301 935 2355 Eo
956 2311 1199 2372 tempore
1222 2302 1577 2374 conﬂagravit
1599 2305 1903 2376 llippodro-

330 2410 449 2448 mus
482 2409 712 2462 magnus
753 2393 845 2462 qui
876 2409 907 2446 a
939 2391 1235 2446 Ptolomzeo
1260 2394 1349 2461 qui
1381 2396 1796 2463 cognominatus
1819 2404 1904 2452 est

322 2485 499 2555 Lagus
517 2485 859 2539 Alexandriae
881 2492 1197 2539 exstructus
1217 2483 1419 2549 fuerat,
1435 2486 1489 2539 in
1508 2502 1616 2555 quo
1630 2497 1904 2543 crematus

322 2577 500 2631 fuerat
541 2575 821 2631 Pruterius
859 2576 1190 2645 patriarcha.
1232 2577 1391 2630 Anno
1417 2578 1652 2646 septimo
1688 2578 1904 2648 imperii

325 2668 560 2723 Zenonis
573 2670 908 2724 constitutus
926 2676 1011 2723 est
1032 2665 1245 2723 Melitus
1268 2669 1576 2737 patriarcha
1596 2667 1906 2741 Hierosoly-

324 2761 585 2823 mitauus,
599 2760 688 2829 qui
704 2758 953 2813 Jacobita
971 2757 1093 2825 fuit,
1110 2768 1236 2814 octo
1252 2775 1427 2815 annos
1439 2761 1742 2830 sedit,jdein
1765 2777 1909 2816 rnor-

326 2861 456 2905 tuus
495 2860 599 2905 est.
634 2852 795 2904 Auno
829 2852 1040 2920 imperii
1065 2853 1309 2919 ejusdem
1348 2853 1559 2909 decimo
1581 2862 1736 2910 sexto
1754 2870 1907 2910 crea-

326 2952 417 2995 tus
445 2953 527 2995 est
550 2940 661 2994 Elia
696 2942 1011 3010 patriarcha
1033 2941 1568 3015 Hierosolymitauns
1596 2946 1687 3015 qui
1731 2959 1907 3000 annos

1987 454 2064 507 tio
2093 454 2305 523 imperii
2332 452 2579 523 ejusdem
2603 452 2938 520 constitutus
2967 460 3050 506 est
3075 451 3222 508 Felix
3249 453 3560 521 patriarcha

1986 544 2289 612 Romanus,
2327 547 2417 614 qui
2451 561 2626 602 annos
2665 555 2790 600 octo
2816 546 2979 605 sedit.
3022 543 3146 598 dein
3182 554 3434 598 mortuus
3466 554 3570 599 est.

1986 639 2157 695 Porro
2185 642 2383 695 Phiruz
2410 640 2736 711 Yazdejerdi
2772 640 2936 702 filius,
2972 639 3260 692 Persarum
3289 653 3405 701 rex,
3438 638 3573 691 duas

1989 734 2044 788 in
2074 734 2277 789 Cascar
2320 736 2484 791 urbes
2512 734 2788 797 condidit,
2814 748 3045 804 quarum
3070 746 3173 785 una
3201 729 3357 782 Duris
3389 728 3574 788 F.ruz.

1988 834 2162 886 altera
2191 831 2328 885 Ram
2358 831 2520 885 Firuz
2548 848 2561 896 ;
2601 830 2802 884 deinde
2832 830 3020 897 capias
3043 843 3172 883 suas
3198 826 3571 879 Chorasanum

1988 932 2186 981 versus
2216 924 2405 979 eduxit
2441 924 2507 977 ad
2564 923 2933 977 invadendum
2961 921 3337 975 Chashnawar
3380 935 3395 971 :
3429 918 3574 985 tlttml

1989 1032 2112 1072 cum
2170 1016 2551 1070 Chashuawnr
2599 1011 2865 1083 lliyatelm
2922 1027 3012 1066 rex
3069 1008 3254 1063 Belchi
3312 1008 3579 1069 audisset,

1991 1119 2139 1163 metu
2188 1107 2474 1177 perculsus
2516 1106 2834 1161 convocatis
2885 1119 3111 1158 suorum
3181 1102 3413 1154 maxime
3456 1101 3581 1153 tidis

1990 1201 2290 1258 consilium
2358 1200 2426 1254 ab
2484 1199 2624 1269 ipsis
2691 1198 2866 1268 petiit.
2919 1197 3166 1263 Quorum
3235 1208 3367 1264 ergo
3432 1178 3579 1246 unus

1992 1296 2168 1366 ipsum
2206 1294 2364 1363 112
2398 1294 2470 1347 ita
2523 1291 2718 1345 aﬂatus
2746 1300 2831 1345 est
2864 1307 2878 1344 :
2912 1288 2968 1343 Si
2999 1296 3216 1357 pactum
3248 1301 3458 1340 mecum
3493 1286 3582 1338 lir—

1992 1400 2141 1440 mum
2174 1384 2387 1449 inieris,
2435 1383 2520 1436 cui
2556 1392 2674 1436 tuto
2701 1379 2979 1435 cenfidere
3016 1368 3245 1448 po'ssitn,
3279 1384 3333 1429 te
3360 1375 3581 1429 familia:

1992 1487 2048 1533 et
2079 1478 2378 1531 liberorum
2410 1466 2659 1529 meorum
2688 1473 3010 1527 alendorum
3047 1484 3233 1525 curam
3272 1476 3580 1538 gesturum,

1993 1586 2225 1641 meaque
2256 1570 2373 1623 vice
2398 1569 2531 1637 ipsis
2564 1568 2831 1629 futurum,
2864 1566 3148 1621 ostendam
3185 1562 3285 1616 tibi
3328 1577 3441 1615 rem
3475 1575 3583 1629 qua

2003 1664 2145 1720 Deus
2170 1663 2468 1717 Phiruzum
2505 1662 2559 1715 in
2592 1669 2919 1729 potestatem
2954 1668 3104 1712 tuam
3132 1655 3361 1723 rediget.
3418 1653 3587 1706 Cum-

2002 1772 2110 1827 que
2130 1755 2235 1810 hoc
2276 1770 2368 1809 rex
2411 1754 2513 1824 ipsi
2572 1760 2767 1823 pactus
2814 1759 2960 1806 esset
2995 1766 3010 1804 :
3045 1748 3348 1815 Colligatis,
3407 1747 3587 1813 inquit

1999 1849 2134 1903 mihi
2192 1846 2446 1901 manibus
2497 1854 2552 1899 et
2603 1843 2860 1913 pedibus,
2917 1846 2995 1910 (at
3033 1841 3087 1894 in
3131 1838 3238 1893 alio
3288 1835 3584 1903 exemplari

2000 1940 2293 2009 abscissis,
2330 1938 2476 2008 quod
2530 1936 2653 1991 sine
2683 1935 2852 1990 dubio
2894 1933 3099 1988 rectius
3129 1930 3235 2001 est)
3287 1945 3373 1982 me
3415 1930 3466 1980 in
3502 1926 3585 1979 via

2000 2032 2239 2089 Phiruzo
2273 2034 2530 2102 objicias,
2583 2032 2658 2083 ita
2686 2044 2789 2098 ego
2834 2038 2887 2083 te
2920 2028 2988 2081 ab
3018 2026 3190 2096 ipsius
3233 2024 3455 2077 incursu
3486 2019 3590 2073 im-

2001 2144 2222 2184 munem
2252 2127 2547 2197 praestabo.
2600 2122 2756 2189 Quod
2796 2136 2922 2176 cum
2969 2121 3046 2175 illi
3088 2118 3309 2174 fecisset
3336 2115 3591 2170 sublatus

2001 2231 2107 2283 est.
2150 2229 2313 2290 atque
2345 2220 2398 2273 in
2431 2219 2612 2272 locum
2645 2231 2803 2284 quem
2833 2215 3079 2282 jusserat
3109 2212 3407 2279 projectus,
3469 2206 3597 2261 red-

2005 2314 2267 2369 euntibus
2290 2312 2403 2384 [qui
2430 2311 2580 2364 illum
2613 2323 2679 2362 eo
2705 2303 3090 2374 deduxerant].
3113 2301 3215 2357 Ubi
3248 2316 3376 2370 ergo
3393 2300 3593 2353 Phiruz

2004 2407 2129 2460 illac
2160 2404 2448 2467 transiret,
2490 2413 2786 2469 Ipsumque
2832 2396 2963 2465 quid
2996 2394 3099 2463 ipsi
3132 2394 3403 2448 evenisst-t
3431 2404 3593 2459 roga-

2008 2502 2087 2551 ret
2118 2510 2134 2548 :
2167 2492 2279 2561 Ego
2311 2490 2534 2559 (inquit)
2567 2504 2597 2542 e
2621 2487 2942 2556 proceribus
2968 2483 3045 2537 fui
3085 2482 3466 2544 llitalensium,
3500 2496 3548 2548 (ιι
3578 2478 3594 2530 i

2007 2601 2130 2640 cum
2164 2598 2424 2637 accessus
2464 2581 2539 2635 lui
2580 2580 2722 2633 fama
2770 2577 2836 2631 ad
2874 2592 2970 2630 nos
3016 2575 3361 2645 pervenisset
3404 2589 3431 2624 a
3471 2588 3596 2639 rege

2006 2674 2386 2732 Chashnawar
2418 2672 2561 2725 inter
2609 2669 2855 2738 reliquos
2893 2666 3065 2736 ipsius
3116 2665 3345 2719 comites
3379 2672 3599 2716 senten-

2008 2769 2139 2821 tiam
2182 2771 2425 2834 rogatus,
2456 2763 2634 2832 Palam
2668 2760 2781 2815 dixi
2817 2776 2922 2814 non
2954 2774 3116 2828 posse
3151 2758 3330 2827 ipsum
3360 2757 3598 2811 Phiruzo

2011 2875 2112 2929 pro
2177 2856 2381 2923 insigni
2450 2856 2621 2924 ipsius
2678 2852 3001 2907 fortitudine
3069 2851 3376 2913 obsistere,
3430 2865 3598 2917 quam

2010 2953 2184 3011 satius
2214 2950 2484 3021 (inquam)
2512 2947 2613 3002 tibi
2653 2956 2739 3002 est
2773 2957 2831 3000 ut
2862 2949 3043 3015 ipsum
3074 2945 3285 3000 tributo
3330 2953 3385 2997 et
3420 2943 3597 3013 pretio

324 3033 516 3099 viginti
556 3040 794 3102 quatuor
820 3033 963 3088 sedit
986 3033 1092 3103 (vel
1123 3038 1426 3090 secundum
1453 3036 1601 3090 aliud
1629 3038 1908 3107 exemplar
1936 3055 1981 3111 ο
2015 3056 2123 3113 quo
2155 3051 2207 3096 te
2230 3042 2471 3096 redimas
2506 3039 2868 3110 aggrediaris.
2910 3037 3003 3091 Ille
3037 3051 3169 3104 ergo
3199 3035 3280 3088 ira
3306 3034 3360 3087 in
3394 3049 3479 3087 me
3510 3047 3602 3086 ac—

326 3122 767 3192 quatuordecim)
814 3124 1416 3193 struxitqueecciesias
1458 3125 1628 3198 [inter
1660 3128 1907 3201 caeteras]

324 3216 615 3271 ecclesiam
640 3214 875 3279 llelenaa,
906 3232 1068 3285 quam
1093 3231 1199 3270 non
1218 3217 1449 3285 perfecit
1478 3236 1493 3273 :
1527 3222 1906 3291 relegatosque

329 3318 411 3360 est
448 3308 599 3361 llam.
634 3306 711 3360 Eo
742 3316 985 3375 tempore
1020 3307 1418 3379 Hierosolymis
1439 3308 1704 3364 fuitAnba
1728 3309 1909 3364 Theo-

329 3398 517 3452 dosius
566 3397 798 3453 coenobii
829 3398 1189 3475 Aldawacesi,
1214 3400 1367 3454 Anha
1387 3399 1648 3455 Charitan
1673 3402 1912 3458 ccenobii

329 3490 392 3542 AI
422 3489 565 3573 Saiki
594 3489 816 3555 veteris,
863 3488 1016 3543 Anba
1068 3490 1211 3544 Saba
1254 3491 1461 3546 Alsaiki
1512 3493 1660 3558 novi,
1707 3510 1915 3564 praepo-

333 3583 447 3637 siti.
480 3584 634 3634 Anno
671 3590 828 3636 sexto
857 3582 1074 3650 imperii
1112 3581 1353 3636 Zenonis
1391 3581 1570 3639 factus
1604 3583 1913 3654 Euphuitus

333 3674 644 3744 patriarcha
689 3673 1335 3740 ConstantinOpolitanus
1365 3716 1379 3739 ,
1440 3676 1687 3744 quinque
1741 3692 1915 3731 annos

336 3765 496 3829 sedit,
530 3765 653 3818 dein
686 3771 934 3818 mortuus
959 3771 1063 3818 est.
1091 3762 1250 3817 Anno
1286 3764 1501 3833 imperii
1530 3766 1771 3833 ejusdem
1809 3783 1915 3820 un-

338 3858 556 3910 decimo
605 3858 713 3928 (vel
764 3856 1066 3909 secundum
1120 3856 1267 3909 aliud
1319 3857 1602 3925 exemplar
1654 3858 1917 3912 vicesimo

336 3949 539 4017 primo)
569 3948 910 4002 constitutus
950 3956 1034 4001 est
1069 3947 1396 4019 Euthymius
1421 3948 1739 4017 patriarcha
1768 3949 1918 4004 Con-

340 4041 883 4109 stantianiolitanus,
957 4040 1050 4108 qui
1103 4041 1292 4093 decem
1352 4055 1526 4095 annos
1572 4041 1737 4106 sedit,
1790 4041 1914 4096 dein

342 4144 592 4189 mortuus
624 4143 729 4187 est.
758 4133 915 4186 Anno
965 4130 1320 4201 109-111
1359 4132 1536 4201 primo
1566 4130 1780 4201 imperii
1822 4133 1921 4186 Ze-

342 4230 501 4282 uouis
539 4226 845 4282 Antiochiae
878 4228 1189 4295 patriarcha
1246 4225 1540 4293 prmfeetus
1579 4233 1663 4280 est
1701 4226 1916 4290 Petrus,

342 4331 706 4390 cognomento
743 4318 920 4382 Fullo,
968 4316 1219 4373 Jacobita
1254 4317 1379 4384 fuit,
1428 4333 1523 4374 sex
1552 4333 1727 4373 annos
1752 4317 1919 4383 sedit,

2014 3151 2239 3200 census,
2272 3135 2345 3189 ita
2380 3149 2469 3189 me
2505 3134 2580 3187 uti
2614 3131 2771 3186 vides
2801 3131 3029 3183 tractari
3056 3127 3241 3198 jussit,
3307 3126 3455 3181 illum
3491 3124 3601 3195 (u-

2014 3230 2232 3299 quiens)
2271 3242 2433 3296 quem
2477 3233 2764 3294 tantopere
2800 3223 2991 3276 laudas
3038 3221 3206 3273 adeas
3243 3237 3258 3273 :
3291 3218 3602 3275 accersitis-

2012 3336 2119 3390 que
2148 3335 2178 3374 e
2210 3319 2476 3393 militibus
2515 3318 2634 3372 suis
2668 3314 2995 3384 quibusdam
3025 3327 3039 3365 :
3087 3309 3325 3365 Profecti
3381 3308 3551 3378 (inqui
3581 3308 3601 3375 )

2016 3415 2162 3467 hunc
2194 3412 2261 3465 ad
2290 3410 2593 3464 Phiruzum
2624 3406 2856 3462 deferte.
2904 3403 3336 3459 Misericordiam
3387 3417 3519 3470 ergo
3549 3412 3599 3454 et

2015 3506 2361 3561 clementiam
2420 3512 2571 3556 tuam
2618 3500 2756 3554 mihi
2812 3498 3115 3554 extendens
3160 3511 3246 3550 me
3284 3506 3459 3549 tecum
3508 3493 3606 3547 ab-

2017 3600 2143 3653 duci
2172 3599 2367 3666 jubeas
2403 3586 2469 3650 ne
2500 3610 2529 3648 a
2560 3592 2691 3648 feris
2727 3592 2826 3647 hoc
2855 3591 2913 3644 in
2948 3590 3167 3645 deserto
3197 3572 3448 3642 dilanier.
3492 3584 3609 3653 Ego

2016 3690 2164 3745 enim
2195 3689 2350 3744 vobis
2375 3685 2731 3757 113-115
2780 3684 2927 3738 viam
2982 3684 3086 3738 ista
3129 3681 3433 3735 breviorem
3466 3678 3609 3732 indi.

2020 3781 2159 3834 cabo
2186 3794 2297 3849 qua
2322 3778 2829 3832 Achashuawarum
2860 3776 2915 3829 in
2944 3775 3012 3829 iis
3042 3775 3135 3829 ubi
3164 3791 3223 3829 se
3255 3773 3494 3827 maxime
3525 3780 3607 3824 tu-

2022 3879 2130 3923 tum
2184 3877 2359 3937 put-at,
2408 3868 2545 3922 locis
2601 3866 2925 3921 adoriamini
2986 3874 3049 3919 ut.
3122 3866 3415 3919 vindictam
3472 3863 3606 3917 mihi

2024 3960 2167 4015 Deus
2199 3959 2265 4014 de
2290 3962 2409 4030 ipso
2441 3964 2646 4014 sumat.
2679 3955 2779 4010 Via
2808 3965 2986 4009 autem
3026 3972 3188 4026 quam
3230 3957 3384 4010 vobis
3413 3965 3597 4010 osten-

2022 4065 2194 4105 surus
2219 4064 2341 4105 sum
2368 4049 2519 4104 hidui
2550 4057 2757 4102 tantum
2792 4048 2896 4101 iter
2922 4057 3003 4101 est
3023 4086 3038 4111 ,
3063 4063 3173 4117 quo
3203 4062 3269 4100 eo
3301 4062 3408 4114 quo
3444 4047 3613 4099 vultis

2023 4141 2375 4213 perveniatis.
2412 4139 2538 4196 Haec
2569 4140 2657 4195 ubi
2696 4139 3004 4193 audiissent
3032 4138 3124 4207 qui
3151 4136 3387 4191 Pltiruzo
3422 4151 3450 4188 a
3476 4151 3612 4191 cou-

2025 4234 2166 4289 siliis
2188 4242 2369 4297 erant,
2396 4233 2583 4287 dolum
2611 4232 2683 4286 al)
2708 4231 3129 4287 Achsltanwaro
3177 4237 3448 4283 structum
3485 4242 3613 4298 per-

2026 4321 2321 4393 cipientes,
2350 4322 2611 4377 dixerunt
2644 4321 2748 4392 ipsi
2790 4337 2806 4375 :
2838 4320 2935 4375 Vir
2966 4322 3069 4375 iste
3106 4319 3160 4373 in
3193 4318 3487 4373 consilium
3518 4333 3616 4372 vo-

342 4415 468 4468 dein
505 4415 779 4483 relegatus
825 4419 909 4467 est
976 4411 1082 4481 (vel
1120 4412 1420 4466 secundum
1461 4409 1607 4465 aliud
1639 4412 1917 4481 exemplar
1954 4395 1998 4451 Ῐ)
2027 4422 2186 4471 catus
2228 4429 2326 4484 pro
2352 4413 2597 4469 scientiae
2629 4422 2685 4467 et
2728 4412 3033 4483 prudentia:
3067 4425 3182 4465 suae
3211 4409 3393 4475 modo,
3426 4409 3616 4464 censi-

345 4508 479 4559 duos
523 4503 744 4573 annos),
795 4507 847 4556 in
874 4517 1035 4573 quem
1067 4502 1353 4556 anathema
1384 4501 1520 4555 dixit
1554 4501 1791 4557 Basilius
1824 4517 1920 4572 pa-

347 4596 582 4650 triarcha
618 4596 942 4659 Romanus,
990 4594 1280 4662 ipsumque
1314 4591 1447 4647 sede
1477 4592 1659 4662 ejecit.

418 4688 538 4755 Quo
595 4688 773 4758 pulso,
807 4686 1113 4741 Antiochia:
1166 4686 1477 4757 patriarcha
1554 4694 1681 4755 post
1744 4685 1922 4754 ipsum

346 4781 679 4835 crmstitutus
716 4789 799 4833 est
831 4776 1181 4849 Stephanus;
1232 4778 1323 4846 qui
1355 4793 1479 4830 cum
1516 4792 1717 4829 anitum
1755 4791 1920 4830 unum

350 4872 605 4935 sedisset,
661 4878 911 4924 mortuus
960 4877 1065 4925 est.
1110 4866 1220 4938 ipsi
1246 4868 1442 4923 ibidem
1493 4868 1760 4922 successit
1809 4867 1927 4923 Ste-

349 4966 568 5033 phanus
596 4962 732 5017 alter
759 5004 774 5029 ,
831 4964 924 5034 qui
973 4979 1065 5019 sex
1090 4977 1307 5018 menses
1378 4962 1519 5017 sedit
1554 5002 1569 5027 ,
1601 4962 1725 5014 dein
1778 4977 1926 5016 mor-

350 5066 475 5108 tuus
530 5063 633 5109 est.
686 5054 817 5108 Post
906 5055 1085 5124 ipsum
1147 5054 1344 5107 ibidem
1409 5052 1718 5121 patriarcha
1800 5068 1930 5108 eon-

352 5146 579 5198 stitutus
622 5154 705 5199 est
747 5144 986 5209 Clidion,
1016 5145 1108 5215 qui
1163 5141 1524 5203 Nestorianus
1554 5142 1657 5195 fuit
1697 5160 1709 5197 :
1756 5159 1930 5199 annos

354 5251 590 5306 quatuor
666 5238 857 5305 sedit,
931 5237 1053 5291 dein
1110 5246 1355 5290 mortuus
1415 5244 1518 5289 est.
1572 5233 1710 5287 Tum
1748 5250 1931 5290 rever»

355 5344 451 5382 sus
503 5328 701 5384 Petrus
775 5327 935 5383 Fullo
1002 5328 1310 5398 patriarcha
1367 5327 1933 5396 Antioclrenus,focto

354 5435 527 5475 annos
580 5408 753 5485 sedit,
800 5422 925 5475 dein
996 5428 1238 5472 mortuus
1312 5428 1395 5472 est
1462 5418 1580 5487 (vel
1635 5420 1933 5473 secundum

358 5508 508 5564 aliud
569 5510 848 5579 exemplar
901 5522 1012 5564 tres
1057 5507 1275 5574 annos).
1317 5505 1447 5561 Post
1503 5510 1681 5577 ipsum
1734 5508 1933 5563 ibidem

359 5603 898 5672 patriarchatfactus
943 5612 1027 5658 est
1072 5598 1349 5663 Paladius,
1399 5601 1492 5669 qui
1534 5600 1719 5655 decem
1761 5616 1937 5656 annos

359 5696 519 5765 sedit,
554 5699 679 5753 dein
712 5708 963 5754 mortuus
988 5695 1092 5765 est,
1134 5694 1299 5765 idque
1331 5708 1473 5749 attito
1506 5694 1720 5767 imperii
1756 5694 1934 5751 Zeno-

2027 4508 2158 4563 lium
2193 4506 2367 4573 dedit,
2393 4507 2545 4577 quod.
2574 4507 2643 4561 ah
2672 4506 2794 4576 ipso
2826 4505 2953 4560 dolo
2990 4503 3219 4559 factum.
3271 4502 3429 4569 Quod
3456 4503 3501 4557 si
3539 4502 3615 4555 ita

2028 4600 2184 4655 illum
2230 4598 2569 4653 Acshanwar
2615 4598 2695 4650 ira
2730 4605 3039 4652 commotus
3077 4595 3367 4650 multasset
3413 4609 3618 4665 nequa-

2028 4707 2195 4764 quam
2242 4690 2420 4760 ipsum
2470 4690 2628 4745 nobis
2665 4689 2727 4744 in
2762 4689 2867 4743 hoc
2906 4689 3123 4743 deserto
3168 4687 3490 4757 objecisset.
3536 4686 3618 4741 Ne

2031 4785 2203 4855 igitur
2235 4783 2397 4837 dictis
2422 4782 2593 4851 ipsius
2619 4780 2837 4835 eredas.
2890 4779 2970 4834 Ac
3020 4778 3621 4833 forsan‘Achshauwar

2031 4890 2157 4930 cum
2181 4874 2451 4929 comitatu
2482 4888 2582 4927 suo
2629 4873 2695 4926 ad
2746 4873 2916 4926 istum
2967 4871 3147 4925 locum
3177 4871 3424 4939 pervenit
3454 4884 3620 4938 quem

2032 4963 2321 5031 descripsit
2349 4961 2428 5014 vir
2461 4960 2587 5024 iste,
2641 4974 2706 5014 ae
2759 4958 2834 5013 ibi
2878 4968 3013 5028 quot
3046 4961 3181 5012 satis
3237 4958 3365 5023 sint,
3420 4958 3624 5010 milites

2033 5056 2281 5125 reliquit.
2334 5053 2521 5108 Noluit
2578 5060 2763 5105 autem
2825 5049 3027 5105 Phiruz
3090 5050 3223 5120 ipsis
3288 5049 3623 5105 auscultare.

2037 5147 2225 5203 Secuti
2274 5155 2403 5203 sunt
2432 5160 2564 5216 ergo
2597 5146 2776 5200 virum
2822 5146 2983 5202 istum
3028 5160 3138 5214 qua
3188 5145 3337 5214 ipsos
3373 5140 3621 5203 duceret,

2039 5240 2228 5305 biduo,
2259 5238 2490 5293 necdum
2518 5238 2796 5293 desertum
2836 5237 3197 5294 transierunt.
3237 5233 3353 5299 Qua
3395 5234 3460 5287 de
3502 5248 3560 5288 re
3594 5249 3622 5286 a

2042 5330 2279 5385 Phiruzo
2307 5332 2677 5399 interrogatus
2704 5345 2719 5382 :
2752 5328 2970 5383 Fefellit
3004 5342 3090 5380 me
3106 5324 3329 5394 (inquit)
3360 5324 3461 5379 vim
3492 5340 3623 5394 spa-

2039 5422 2197 5489 tium,
2227 5421 2390 5475 hodie
2430 5430 2613 5475 autem
2667 5419 2849 5491 ipsum
2904 5415 3331 5489 pert'ransihitis.
3374 5418 3625 5486 Cumque

2038 5511 2394 5583 prmteriisset
2450 5522 2505 5567 et
2554 5512 2672 5566 dies
2764 5511 2890 5573 iste,
2938 5508 3373 5580 quotiescunque
3435 5512 3614 5581 ipsum

2038 5614 2307 5675 quantum
2357 5603 2463 5659 sibi
2517 5605 2615 5657 vim
2658 5601 2931 5667 reliquum
2989 5608 3134 5655 esset
3192 5602 3618 5673 interrogarent,

2042 5714 2140 5770 pro
2170 5696 2320 5754 brevi
2362 5697 2655 5754 admodum
2686 5708 2749 5775 ac
2789 5693 2937 5775 facili
2972 5694 3278 5764 venditare,
3320 5696 3496 5755 donec
3532 5698 3623 5752 ubi
