4034 6214
3485 297 3490 300 .
3546 239 3693 299 ἶΟὸἱ)

433 418 657 489 penitus
684 407 956 466 defecisse
989 405 1198 459 videret
1221 397 1487 471 quidquid
1520 395 1660 465 apud
1695 393 1842 462 ipsos
1866 396 2014 442 esset
2042 383 2090 446 Α
2120 381 2340 454 prolirio
2383 379 2561 440 cedat,
2620 373 2736 429 sive
2792 377 2847 422 ut
2895 367 3110 421 dicatur
3145 378 3157 416 :
3207 357 3440 426 Quidam
3497 353 3706 424 aliquid

1725 486 1733 489 -
1867 483 1879 489 -
2397 487 2408 489 -
2467 469 2541 489 me
2577 461 2906 489 --_n_.:_....t..
2965 472 3073 489 nnn
3122 454 3218 489 fuit
3302 447 3475 489 Imclic'
3522 454 3705 489 mutam

435 447 657 489 νιςηιιυο
684 447 956 466 “busy-way
999 447 1198 459 ‘Iuvuvv
1222 447 1487 471 .1--..-1.-_,_
1524 447 1577 465 ,r
1715 447 1732 462 .
2121 447 2136 454 '

435 507 622 566 viatici
656 515 708 560 et
741 518 932 572 aquae,
991 496 1243 566 atquein
1298 493 1475 545 locum
1516 486 1829 558 pervenisse
1867 483 2016 550 ipsos
2125 487 2416 546 aggressus
2465 469 2543 524 illi
2577 461 2906 536 perficiendo
2965 472 3075 512 non
3121 454 3244 517 fuit,
3301 447 3476 504 hostis
3522 454 3706 501 autem

2127 569 2138 572 Δ
2217 569 2228 572 ⁸
2337 567 2348 572 ’
2489 564 2522 572 ⁵⁵
2772 556 2784 568 ⁸
2847 567 2959 572 ί-ΑΑλ-Α
3005 551 3121 572 ε---Α
3157 551 3306 572 Α-Δ-.
3349 540 3600 572 curn-:n’
3627 535 3706 572 '1‘-

439 535 622 566 VlatIUI
656 535 708 560 CI.
741 535 932 572 aqum,
991 535 1153 566 «μιν-ν
1191 535 1243 548 ιιι
1298 535 1475 545 -ι-ν--η-
1519 535 1600 558 ιη,-
1629 535 1824 540 .---,__-
1873 535 1901 550 ν,
2001 535 2008 536 ,
2160 535 2221 546 Vw
2587 535 2591 536 γ

439 602 583 656 unde
605 598 782 652 redire
812 593 1123 662 nequirent,
1159 599 1348 640 verum
1382 582 1515 652 ipsis
1549 580 1832 634 fateretur.
1875 572 2016 626 Tum
2125 569 2301 637 ipsius
2337 567 2457 636 ipso
2489 564 2664 630 iisque
2692 556 2786 628 qui
2837 567 2963 608 cum
3005 551 3124 618 ipso
3154 551 3313 601 erant
3348 540 3600 612 superior
3627 535 3712 591 fa-

2399 658 2410 662 ·
2540 658 2548 662 -
2627 653 2640 662 -
2845 655 2886 662 -κ
2910 659 2964 662 η-
3011 641 3133 662 εει--
3167 640 3304 662 ε-ε...
3340 642 3500 662 ...ιλιι-ι
3548 630 3712 662 ,κως-

440 630 583 656 unus:
607 630 782 652 Ιυυιιυ
812 630 1123 662 "usqu-uva",
1171 630 1347 640 ..μ-..-
1385 630 1512 652 .ι.-η
1549 630 1588 634 ν
1611 630 1671 632 _-,
1699 630 1710 631 κ
1822 630 1826 631 γ
2151 630 2161 637 _
2359 630 2375 636 _

439 691 657 748 l’liiruzi
683 688 934 750 comites,
954 697 1140 738 verum
1161 674 1484 750 (inquiunt),
1508 687 1540 728 ο
1571 687 1690 738 rex,
1726 668 1888 738 116
1919 665 2016 720 tibi
2126 674 2248 718 ctus
2274 658 2504 728 gratiam
2539 653 2676 724 ipsis
2701 655 2970 720 praestans
3011 641 3137 697 illos
3167 640 3307 693 inito
3340 642 3500 706 pacto
3547 630 3714 686 dimi-

2403 749 2414 750 ί
2532 746 2564 750 “
2732 741 2750 750 “
2831 739 2871 750 κ
2945 735 2960 750 ¹
3076 748 3087 750 -
3114 748 3125 750 ι
3186 736 3398 750 -λΑιημ
3463 721 3680 750 ..ιΛΙηιςῖι

442 784 709 846 diximus,
738 789 793 834 at
824 791 1012 832 aurem
1043 772 1205 827 nobis
1239 768 1483 840 praebere
1513 762 1759 823 noluisti,
1782 760 1893 829 jam
1921 771 2020 810 au-

445 887 552 931 tem
576 872 868 929 consilium
895 876 977 922 est
1007 873 1064 919 ut
1093 869 1236 918 recta
1263 871 1574 932 pergamus,
1609 853 1793 908 forsan
1823 861 2022 918 aquam

444 963 719 1037 repertori
748 975 965 1018 sumus.
993 957 1228 1011 Profecti
1257 962 1388 1008 sunt
1411 966 1542 1020 ergo
1578 947 1928 1002 dextrorsum
1960 952 2024 992 ac

443 1060 820 1114 sinistrorsum
867 1051 1100 1121 sparsim
1135 1060 1332 1123 aquam
1373 1041 1663 1114 quaesitum
1699 1079 1715 1103 ,
1764 1033 2028 1087 maxima-

445 1166 552 1220 que
601 1150 849 1218 ipsorum
901 1158 1028 1212 pars
1072 1140 1163 1195 siti
1212 1136 1396 1207 periit,
1462 1130 1610 1186 haud
1669 1124 2029 1184 evadentibus

446 1259 554 1298 una
584 1256 709 1296 cum
736 1238 974 1291 Pliiruzo
1009 1231 1256 1301 exceptis
1301 1226 1490 1298 paucis
1518 1223 1730 1292 aliquot
1785 1234 1815 1273 e
1856 1215 2029 1272 comi-

447 1347 560 1389 tum
588 1331 932 1393 fortissimis,
966 1327 1061 1397 qui
1092 1326 1273 1396 ipsutn
1312 1317 1562 1375 comitati
1598 1323 1747 1374 sunt,
1770 1311 1944 1365 donec
1964 1305 2032 1359 ab

449 1428 702 1482 hostibus
735 1436 904 1493 prope
936 1420 1216 1479 abessent,
1241 1426 1380 1482 quos
1409 1408 1600 1463 eadem
1639 1412 1819 1464 nocte,
1858 1413 2033 1468 eoque

449 1538 558 1592 quo
590 1525 748 1573 erant
770 1523 911 1569 statu
930 1509 1554 1580 aggressi,superarunt.
1579 1497 1718 1550 Tum
1745 1493 2035 1549 Achsbau-

451 1625 684 1672 warum,
721 1602 932 1673 rogavit
956 1601 1153 1654 Phiruz
1185 1605 1242 1650 ut
1267 1595 1368 1662 ipsi
1401 1601 1453 1647 et
1485 1589 1778 1645 comitibus
1809 1583 1899 1653 qui
1937 1597 2036 1636 su-

453 1706 708 1772 pererant
756 1699 874 1750 suis
932 1691 1163 1761 gratiam
1231 1687 1438 1740 faciens
1493 1683 1644 1752 ipsos
1695 1680 1749 1732 in
1803 1675 2031 1745 patriam

453 1809 610 1850 suam
652 1790 974 1849 dimitteret,
1015 1796 1188 1849 seque
1228 1792 1352 1832 eum
1391 1761 1726 1844 ipso'fcedus
1771 1770 2037 1824 initurum

457 1883 602 1938 haud
639 1893 881 1948 unquam
916 1890 975 1930 se
1018 1872 1248 1942 posthac
1280 1869 1408 1921 dum
1444 1866 1648 1919 viveret
1680 1863 1860 1933 ipsum
1896 1857 2040 1913 bello

458 1984 865 2043 aggressurum,
945 1962 1265 2019 constitutio
1318 1960 1459 2012 inter
1520 1957 1666 2026 ipsos
1713 1963 1766 2008 et
1815 1963 2038 2020 regnum

459 2079 615 2117 suum
674 2060 909 2114 termino
957 2070 1120 2124 quem
1162 2065 1445 2121 nunquam
1491 2057 1639 2103 esset
1682 2045 2039 2100 transiturus.

457 2156 557 2209 Cui
605 2168 727 2206 cum
785 2144 1506 2204 annuisset’Achsbauwar,
1547 2138 1752 2207 scripto
1791 2137 1893 2190 hoc
1938 2131 2045 2201 ipsi

461 2239 800 2297 continuavit
829 2239 1029 2291 Pliiruz
1090 2233 1281 2289 ascitis
1310 2232 1545 2285 testibus
1571 2269 1583 2289 ,
1620 2229 2044 2297 juratnentoque

463 2351 521 2388 se
565 2332 917 2398 obstringens
963 2327 1169 2380 nullam
1215 2339 1274 2377 se
1321 2322 1398 2375 illi
1438 2319 1686 2374 fraudein
1740 2317 2040 2382 facturum,

464 2439 625 2496 atque
659 2426 731 2478 ita
763 2425 815 2476 in
854 2435 1077 2490 regnum
1106 2431 1268 2471 suum
1301 2427 1556 2468 reversus
1584 2417 1687 2464 est.

541 2519 638 2573 Ubi
674 2526 960 2588 postquam
999 2512 1066 2566 ad
1126 2521 1340 2578 tempus
1396 2505 1614 2574 aliquod
1671 2499 2044 2563 substitisset,

468 2615 520 2664 in
557 2609 878 2662 memoriam
909 2604 1009 2674 ipsi
1036 2603 1203 2656 subiit
1239 2599 1372 2669 quid
1411 2597 1518 2652 sibi
1550 2598 1617 2650 ab
1643 2594 2054 2648 Achshauwaro

463 2703 671 2756 dudum
704 2701 996 2754 evenisset.
1018 2694 1191 2763 Cujus
1225 2706 1349 2745 cum
1383 2690 1537 2743 illum
1563 2687 1810 2756 puderet,
1854 2682 2049 2736 metuit

465 2807 647 2847 tamen
696 2807 819 2844 cuiu
875 2789 990 2856 ipso
1031 2786 1220 2840 dolose
1254 2796 1433 2852 agere.
1472 2778 1690 2848 Impulit
1714 2791 1841 2845 ergo
1875 2775 2052 2844 ipsum

471 2889 574 2939 hoc
605 2894 662 2936 ut
692 2897 813 2937 eum
845 2892 1038 2933 rursus
1067 2877 1207 2931 bello
1231 2873 1638 2944 aggrederetur.
1675 2868 1941 2922 Dixerunt
1960 2881 2056 2919 au-

470 2989 578 3028 tem
609 2975 709 3043 ipsi
736 2970 1034 3026 consiliarii
1057 2968 1268 3038 ipsius:
1307 2962 1662 3035 117-119
1694 2960 2054 3017 Foeduscum

472 3068 594 3136 ipso
623 3066 820 3126 iuiisti,
845 3063 1145 3115 metuimus
1186 3075 1252 3113 ne
1273 3058 1412 3112 tuale
1443 3056 1540 3111 tibi
1573 3055 1725 3108 fraus
1755 3061 1808 3108 et
1861 3051 2061 3122 injuria

449 3157 794 3215 succedant.
855 3152 1156 3222 Respondit
1202 3151 1309 3205 illis
1360 3146 1560 3202 Pliiru'z
1611 3164 1627 3204 :
1687 3146 1888 3200 Pactus
1947 3159 2066 3198 sum

474 3267 602 3306 cum
634 3250 752 3319 ipso
778 3264 862 3302 me
897 3246 1127 3315 lapidem
1165 3239 1559 3317 [designatum]
1615 3237 1758 3293 haud
1801 3236 2067 3292 transitu-

483 3361 628 3398 rum.
655 3340 912 3410 Lapidem
946 3353 1076 3407 ergo
1108 3338 1354 3402 plaustro
1391 3331 1702 3400 impositmu
1748 3341 1932 3382 coram
1970 3340 2070 3378 no-

477 3437 561 3491 bis
593 3434 788 3497 feram,
825 3445 1002 3500 neque
1031 3444 1059 3481 a
1103 3437 1255 3496 tergo
1310 3437 1548 3492 unquam
1614 3419 1941 3486 relinquam.
2001 3413 2071 3468 At

479 3529 602 3581 illi:
637 3525 841 3579 Foedus
881 3518 1189 3593 (inquiunt)
1224 3531 1328 3570 non
1365 3522 1526 3584 prout
1569 3522 1623 3565 tu
1676 3512 2069 3579 interpretatus

485 3633 569 3678 es,
598 3617 692 3670 sed
714 3615 871 3682 juxta
902 3610 1252 3664 manifestum
1281 3605 1599 3678 [verborum
1641 3601 1886 3674 sensum]
1911 3603 2072 3657 intel-

475 3705 752 3778 ligendum
770 3711 875 3756 est.
895 3701 1097 3754 Phiruz
1119 3707 1322 3762 autem,
1339 3705 1524 3766 spreto
1550 3697 1797 3766 ipsorum
1817 3695 2068 3759 consilio,

419 3879 423 3882 Ι
484 3800 554 3855 ad
581 3797 783 3854 bellum
816 3793 1230 3850 Acbsbanwaro
1275 3790 1622 3845 inferendum
1657 3789 1939 3860 profectus
1966 3797 2070 3844 est.

483 3892 607 3956 Quo
644 3887 834 3942 audito
869 3899 1202 3957 magnopere
1257 3884 1488 3936 miratus
1523 3881 1919 3948 Acltshanwar,
1971 3894 2074 3935 nec

487 3983 750 4038 dubitans
775 3978 972 4034 fraude
1004 3991 1231 4031 usurum
1265 3975 1464 4029 Pliiruz
1509 3973 1730 4042 scriptis
1773 3974 1841 4027 ad
1893 3973 2072 4043 ipsum

492 4075 715 4136 litteris,
751 4079 972 4142 paetum
1039 4083 1223 4123 secum
1281 4066 1477 4120 initum
1535 4065 1609 4118 illi
1651 4066 1704 4118 in
1752 4066 2072 4119 memoriam

489 4167 792 4230 revocavit,
825 4177 1026 4232 rogans
1059 4170 1118 4213 ut
1163 4167 1576 4223 reverteretur;
1639 4167 1695 4211 at
1747 4158 1836 4212 ille
1874 4173 2078 4228 nequa-

486 4275 648 4328 quam
688 4258 802 4312 haec
826 4262 1072 4308 moratus
1099 4249 1362 4321 perrexit,
1390 4250 1567 4304 donec
1602 4249 1856 4321 lliyatela
1884 4266 2077 4321 perve-

491 4351 675 4405 niret:
715 4361 950 4416 cumque
1001 4344 1202 4400 vallum
1263 4344 1405 4397 inter
1457 4358 1611 4397 suam
1643 4350 1696 4396 et
1735 4341 1956 4396 Pliiruzi
1989 4342 2076 4397 di-

2130 757 2234 819 sit;
2259 755 2372 808 sive
2396 749 2482 822 [ut
2514 721 2752 814 dicatur]
2785 752 2798 792 ε
2831 735 3033 793 Fcedus
3069 748 3132 788 ac
3185 736 3400 817 pactqm
3463 721 3716 788 violavit,

2130 857 2184 903 et
2211 861 2310 916 pro
2339 845 2486 898 bono
2507 838 2708 892 malum
2761 829 3030 901 rependit.
3081 825 3300 881 Norunt
3326 805 3508 874 autem
3537 815 3719 869 comi-

2131 908 2324 990 tes.ttti
2359 941 2409 987 te
2450 931 2599 999 ipsos
2650 925 2719 980 ad
2788 923 3037 992 iniquum
3087 914 3291 985 aliquid
3343 908 3715 982 praestandum

2135 1028 2376 1097 adigere.
2411 1023 2624 1090 Quibus
2661 1018 2798 1074 adde
2839 1029 2938 1070 nec
2972 1023 3025 1067 te
3057 1009 3301 1064 victoria:
3332 1016 3541 1060 certum
3571 1013 3715 1062 esse,

2138 1122 2234 1176 sed
2257 1115 2533 1189 ejusmodi
2581 1129 2693 1168 rem
2727 1123 2972 1181 sperare,
3031 1121 3153 1175 quae
3180 1113 3232 1156 et
3261 1099 3328 1152 de
3363 1107 3415 1152 te
3445 1103 3716 1165 speretur.

2138 1212 2295 1280 Quod
2332 1213 2376 1267 si
2404 1207 2603 1263 viceris
2630 1220 2728 1260 uec
2768 1203 2909 1257 bona
2941 1198 3044 1254 erit
3087 1196 3232 1250 fama
3265 1202 3380 1256 tua,
3417 1203 3517 1243 nec
3571 1184 3718 1256 quod

2142 1310 2336 1364 feceris
2387 1305 2550 1360 laude
2590 1302 2840 1370 dignum.
2901 1291 3056 1360 Quod
3107 1291 3152 1344 si
3213 1287 3393 1340 victus
3448 1281 3720 1344 fueris,et

2142 1403 2376 1471 teipsum
2422 1406 2475 1454 et
2507 1395 2786 1450 exercitus
2841 1397 2966 1441 tuos
3014 1381 3248 1437 infames
3286 1374 3492 1431 reddis.
3546 1372 3719 1427 Penes

2141 1510 2272 1565 ergo
2305 1489 2588 1544 arbitrium
2631 1495 2784 1538 tuum
2820 1493 2906 1533 res
2966 1483 3070 1530 est.
3096 1470 3208 1540 Ego
3236 1476 3286 1524 te
3320 1452 3598 1526 admonui,
3629 1476 3724 1514 ne-

2145 1603 2250 1657 que
2277 1601 2360 1639 me
2383 1582 2448 1636 ad
2480 1581 2597 1633 hinc
2622 1592 2741 1647 qua:
2783 1571 2940 1626 audis
2998 1568 3229 1622 dicenda
3263 1567 3446 1614 movet
3488 1551 3728 1610 imbecil-

2145 1680 2292 1740 litas,
2324 1674 2485 1742 cujus
2504 1670 2588 1724 vel
2620 1685 2684 1722 ex
2714 1679 2855 1727 mea,
2910 1660 2996 1714 vel
3028 1674 3092 1712 ex
3147 1653 3430 1723 c0piarum
3485 1655 3726 1698 tueaium

2068 1748 2114 1807 Β
2151 1780 2308 1842 parte
2352 1766 2614 1821 conscius
2673 1775 2818 1823 sum,
2881 1767 3071 1807 verum
3114 1756 3173 1803 ttt
3227 1743 3439 1799 fortiori
3490 1735 3631 1807 apud
3673 1743 3729 1788 te

2153 1870 2277 1918 utar
2313 1863 2658 1928 argumento,
2683 1865 2787 1904 nec
2829 1841 3194 1900 incolumitati
3256 1835 3552 1905 quidquam
3583 1825 3728 1896 quod

2153 1969 2321 2026 penes
2345 1921 2430 2004 uie
2461 1957 2542 2003 est
2568 1941 2818 2016 praefero.
2852 1933 3151 2004 Respondit
3175 1928 3376 1983 Phiruz
3415 1943 3427 1978 :
3463 1921 3579 1975 Non
3610 1931 3730 1971 sunt

2149 2063 2252 2118 ego
2281 2046 2327 2100 is
2351 2041 2695 2113 quetujminze
2719 2050 2828 2105 [πω
2859 2039 3006 2085 metu
3045 2027 3114 2081 ab
3139 2026 3205 2080 iis
3234 2036 3353 2092 quae
3384 2017 3547 2086 cupio
3578 2028 3731 2066 aver-

2155 2106 2295 2197 ιξηι.
2333 2106 2486 2203 Quod
2517 2106 2561 2188 si
2591 2130 2878 2184 videretur
2930 2120 3061 2177 mihi
3121 2117 3199 2172 illi
3232 2113 3376 2185 quod
3424 2106 3732 2179 aggredior,

2155 2232 2310 2287 fraus
2343 2202 2546 2288 inesse,
2579 2237 2687 2275 non
2722 2218 2868 2270 alius
2924 2210 3057 2266 illud
3113 2206 3288 2276 magis
3321 2202 3538 2269 indigne
3572 2207 3735 2264 quam

2155 2327 2276 2396 ipse
2299 2338 2329 2377 a
2357 2334 2442 2374 me
2466 2331 2589 2387 ego,
2617 2312 2808 2367 ferret.
2864 2307 2976 2374 Ego
3016 2310 3197 2355 autem
3227 2293 3374 2350 haud
3407 2292 3529 2344 aliis
3557 2295 3736 2341 tecum

2159 2385 2567 2473 c.0t'tditi0u'tbua
2592 2404 2768 2461 f'tedus
2787 2397 2941 2472 12],
2956 2391 3136 2463 -123
3157 2385 3402 2460 percussi
3428 2397 3584 2452 qttam
3601 2390 3739 2447 quas

2162 2505 2361 2578 ipsein
2387 2509 2611 2572 pectore
2631 2493 2827 2550 celavi.
2853 2489 2929 2543 Ne
2959 2501 3088 2556 ergo
3110 2493 3163 2537 te
3187 2477 3422 2548 decipiat
3447 2474 3537 2526 illa
3571 2482 3736 2538 quant

2165 2563 2344 2673 primo
2371 2598 2438 2650 de
2460 2592 2620 2647 nobis
2643 2581 2968 2654 concepisti,
2994 2573 3291 2649 paucitatis
3323 2577 3378 2623 et
3409 2563 3744 2634 impotentia:

2167 2653 2243 2673 τη
2819 2653 2829 2654 ,

2167 2693 2354 2764 opinio
2388 2709 2402 2745 :
2433 2699 2623 2741 verum
2649 2680 2794 2737 scias
2828 2691 2913 2729 me
2965 2670 3388 2737 haudquaquam
3449 2670 3500 2713 te
3551 2653 3749 2710 dereli-

2174 2797 2424 2848 cturum,
2454 2781 2628 2835 donec
2659 2772 2792 2828 illud
2821 2769 2887 2824 de
2916 2753 2968 2820 te
2995 2763 3271 2819 obtineam
3300 2751 3445 2826 quod
3477 2761 3534 2804 tu
3564 2747 3631 2823 de
3664 2759 3750 2798 me

2174 2881 2524 2937 obtinueras.
2580 2869 2724 2924 Dixit
2792 2861 3201 2918 Aclislianwar:
3259 2850 3338 2906 Ne
3391 2860 3442 2902 te
3491 2841 3748 2911 decipiat,

2173 2933 2311 3029 illud
2337 2985 2446 3041 quo
2497 2963 2552 3020 t'e
2610 2947 2986 3031 ipsumfallis,
3019 2950 3147 3006 dum
3177 2958 3364 3000 coram
3407 2950 3459 2992 te
3516 2933 3751 3004 lapidem

2175 3063 2500 3138 gestandum
2558 3069 2742 3110 cures.
2781 3048 2948 3102 Pacta
2990 3040 3260 3112 siquidem
3290 3042 3344 3090 et
3391 3031 3626 3094 foedera,
3663 3039 3754 3079 se-

2172 3136 2411 3215 cundum
2451 3150 2744 3206 verborum
2798 3144 2997 3197 sonuin
3051 3137 3331 3193 iueuntur,
3394 3140 3500 3180 non
3555 3136 3755 3178 secun-

2173 3251 2302 3305 dum
2359 3242 2497 3300 illud
2545 3237 2694 3311 quod
2745 3233 3024 3290 occultum
3092 3227 3407 3281 retinetur:
3460 3225 3757 3282 rerumque

2173 3341 2419 3397 omnium
2447 3332 2830 3405 turpissimum
2879 3333 2962 3381 est
3021 3322 3289 3376 fmderutu
3357 3327 3410 3372 et
3469 3323 3755 3384 pactorum

2173 3432 2415 3490 violatio.
2448 3404 2556 3483 ille"
2607 3439 2736 3479 vero
2782 3420 2886 3491 ipsi
2960 3415 3275 3472 auscultare
3304 3410 3499 3465 noluit.
3558 3404 3756 3458 Statim

2172 3539 2302 3596 ergo
2354 3519 2564 3577 reversi
2603 3524 2756 3572 sunt.
2795 3511 2943 3566 Dixit
2993 3515 3174 3562 autem
3215 3504 3412 3559 Pliiruz
3469 3497 3759 3554 comitibus

2177 3617 2298 3674 suis
2335 3632 2348 3669 :
2394 3614 2518 3667 Erat
2546 3611 2930 3666 Acbshanwar
2961 3614 3258 3672 congressu
3291 3597 3582 3665 egregius;
3619 3605 3761 3642 nuu-

2174 3725 2338 3782 quam
2387 3717 2572 3761 autem
2635 3702 2745 3756 vidi
2783 3712 2949 3769 equo,
3002 3694 3092 3749 cui
3140 3689 3436 3753 insidebat,
3487 3686 3630 3740 inter
3675 3681 3764 3749 ju-

2176 3810 2358 3858 menta
2387 3797 2643 3855 similem.
2680 3791 2853 3847 Pedes
2879 3788 3027 3844 enim
3071 3783 3217 3839 baud
3281 3779 3510 3835 omnino
3565 3773 3763 3833 movit,

2177 3907 2354 3962 neque
2399 3889 2632 3957 ungulas
2657 3885 2779 3939 loco
2815 3881 3064 3947 sustulit,
3094 3889 3270 3946 neque
3303 3869 3561 3934 hinnivit,
3587 3879 3768 3935 neque

2177 3985 2383 4040 excidit
2411 3983 2517 4054 ipsi
2573 3978 2779 4049 aliquid
2813 3974 2963 4047 quod
3014 3969 3346 4040 colloquium
3398 3966 3768 4029 interrunpe-

2179 4087 2262 4133 ret
2298 4069 2413 4131 tcto
2439 4088 2552 4145 quo
2610 4071 2776 4131 simul
2827 4067 3037 4123 fuimus
3070 4074 3336 4132 tempore.
3390 4055 3769 4112 Achshanvvar

2180 4183 2310 4223 vero
2348 4166 2512 4222 suis:
2553 4161 2822 4227 Conveni,
2874 4164 3041 4230 prout
3085 4153 3222 4209 milii
3256 4149 3527 4220 vobisque
3585 4147 3766 4200 visum

2180 4271 2286 4324 est,
2319 4259 2617 4314 Pliiruzum
2651 4257 2863 4324 integre
2915 4257 3210 4313 armatum,
3265 4256 3550 4312 nunquam
3583 4247 3768 4292 autem

2181 4369 2240 4410 se
2272 4353 2327 4407 in
2364 4365 2508 4420 equo
2529 4364 2631 4404 suo
2659 4347 2851 4411 movit,
2894 4359 2996 4398 nec
3043 4355 3286 4412 unquam
3327 4339 3519 4408 pedem
3555 4335 3621 4389 de
3649 4342 3772 4386 sta-

491 4446 694 4500 tionem
765 4441 1032 4496 effuderat
1081 4437 1479 4504 Aebslianvrar,
1535 4452 1698 4506 super
1747 4437 1841 4491 illo
1881 4446 2071 4506 pontes
2105 4451 2148 4504 ι)
2181 4446 2315 4517 pede
2353 4441 2636 4502 subduxit,
2663 4453 2839 4508 neque
2887 4445 3100 4505 tergum
3136 4432 3363 4496 inquit,
3400 4445 3500 4483 nec
3531 4443 3589 4482 se
3636 4423 3778 4478 ἀει..

496 4533 708 4590 exstrui
731 4534 900 4602 jussit
927 4531 1158 4595 Pliiruz,
1205 4532 1407 4599 quibus
1467 4531 1765 4584 transiret:
1804 4530 2076 4597 impositis

487 4627 652 4680 etiam
714 4625 978 4694 pontibus
1043 4621 1254 4678 vexillis
1303 4637 1426 4692 qua:
1499 4621 1749 4676 redeunti
1809 4623 1861 4674 in
1925 4623 2081 4690 signa

485 4722 694 4771 essent.
723 4714 860 4768 Cum
891 4727 1021 4783 ergo
1046 4713 1160 4782 jam
1193 4713 1246 4766 in
1289 4715 1576 4783 procinctu
1602 4721 1784 4768 essent
1805 4712 2081 4767 exercitus

487 4804 713 4860 mittens
745 4805 809 4858 ad
852 4802 1146 4857 l’biruzum
1195 4802 1596 4868 Acbshauwar,
1648 4803 1860 4872 rogavit
1897 4809 1957 4856 ut
2014 4798 2083 4854 ad

493 4903 677 4971 ipsum
709 4899 890 4953 medio
916 4899 1058 4952 inter
1079 4899 1355 4953 exercitus
1384 4888 1562 4967 spatio
1622 4896 1690 4951 ad
1743 4895 2078 4966 colloquium

487 4993 754 5064 prodiret.
782 4992 886 5058 Qui
916 5008 1038 5046 cum
1068 4991 1380 5062 prodiisset,
1405 4991 1541 5045 dixit
1567 4991 1644 5045 illi
1665 4991 2039 5045 Achshauwar
2066 5008 2081 5046 :

489 5085 666 5139 Credo
697 5085 949 5154 equidem
983 5097 1087 5153 ego
1131 5098 1239 5137 nou
1285 5083 1431 5136 aliud
1468 5091 1520 5136 te
1573 5081 1640 5136 ad
1686 5081 1865 5136 locum
1915 5080 2080 5135 istum

488 5190 782 5242 evocasse,
815 5191 980 5242 quam
1019 5175 1283 5243 pudorem
1318 5176 1389 5227 ob
1413 5174 1648 5227 reditum
1681 5179 1838 5226 tuum
1879 5185 1945 5226 eo
1975 5187 2086 5242 quo

501 5280 760 5320 reversus
790 5281 850 5319 es
879 5265 1060 5319 modo.
1087 5267 1164 5317 Ac
1203 5279 1298 5333 per
1330 5264 1494 5317 vitam
1534 5277 1709 5316 meam
1763 5263 1820 5316 si'
1848 5277 1950 5317 nos
1989 5261 2085 5317 tibi

490 5357 595 5412 hoc
608 5358 774 5412 modo
792 5356 1038 5409 fraudem
1063 5355 1406 5417 fecissemus,
1433 5355 1612 5424 majus
1634 5354 1841 5424 aliquid
1873 5371 1899 5406 a
1925 5353 2085 5409 nobis

494 5455 766 5521 petiisses.
795 5449 1043 5507 Fmderis
1094 5451 1256 5520 120
1287 5461 1468 5504 autem
1509 5464 1538 5502 a
1586 5459 1637 5503 te
1679 5435 1825 5518 pacti
1868 5449 2088 5502 violatio

495 5559 582 5598 res
617 5556 703 5599 est
741 5546 900 5615 cujus
929 5546 1104 5615 magis
1137 5547 1339 5612 pudere
1386 5543 1565 5608 debet,
1597 5558 1760 5611 quam
1798 5541 1916 5608 ejus
1939 5541 2085 5611 quod

497 5636 594 5690 tibi
624 5639 876 5706 contigit.
908 5637 1024 5693 Hoc
1069 5654 1202 5709 ergo
1231 5637 1416 5690 animo
1448 5636 1741 5706 perpende,
1778 5649 1939 5706 atque
1976 5640 2089 5692 haec

493 5727 603 5780 duo
637 5725 781 5781 inter
812 5742 872 5784 se
909 5729 1102 5786 confer
1135 5741 1194 5787 ut
1239 5732 1448 5802 videas,
1516 5743 1700 5788 utrum
1753 5730 1951 5803 majori
1993 5746 2088 5786 οο·

2185 4548 2429 4591 trorsum
2466 4529 2550 4583 vel
2589 4529 2978 4583 sinistrorsum
3028 4520 3323 4578 convertit.
3384 4519 3494 4586 Ego
3550 4513 3772 4569 interim

2185 4625 2384 4694 saipius
2420 4619 2611 4675 femori
2650 4619 2873 4671 innixus
2899 4631 3017 4670 sum
3043 4628 3185 4683 equo
3216 4611 3497 4685 insistens,
3529 4621 3593 4660 ac
3627 4603 3766 4657 sub-

2199 4718 2325 4772 inde
2375 4713 2613 4782 respexi.
2670 4710 2794 4764 dein
2853 4709 2906 4762 in
2939 4723 3004 4763 ea
3036 4722 3160 4778 quae
3204 4715 3332 4759 aute
3380 4703 3558 4774 posita
3615 4705 3777 4751 erant

2204 4808 2394 4863 oculos
2422 4803 2656 4873 conjeci,
2699 4801 2818 4870 ipso
2848 4801 2955 4853 fixo
2983 4814 3045 4853 ac
3079 4798 3266 4867 quieto
3297 4803 3572 4848 manente.
3613 4787 3779 4860 125.

2189 4901 2250 4956 ιιι
2293 4910 2475 4955 autetu
2495 4897 2791 4952 voluerunt
2811 4892 3014 4946 Phiruz
3032 4889 3133 4963 [et]
3147 4889 3526 4945 Acbsbanwar
3543 4886 3628 4939 bis
3643 4899 3781 4938 nar-

2191 4990 2400 5055 randis,
2437 4996 2811 5042 utseruiones
2845 4984 2936 5044 isti
2976 5000 3072 5053 per
3127 4982 3405 5036 exercitus
3436 4995 3570 5035 suos
3618 4993 3784 5046 spar-

2188 5092 2472 5154 gerentur,
2502 5079 2692 5150 quojiis
2711 5076 2962 5147 occupati
2993 5076 3242 5132 homines
3273 5073 3783 5143 baudinquirerent

2192 5179 2242 5231 in
2271 5191 2333 5231 ea
2365 5190 2485 5245 quae
2515 5187 2710 5228 mutuo
2746 5171 3009 5226 collocuti
3057 5171 3297 5225 fuerant.
3331 5169 3486 5222 Mane
3514 5166 3784 5237 ergojam

2191 5270 2333 5324 facto
2381 5269 2751 5338 syngrapham
2812 5279 2978 5334 quam
3050 5264 3155 5334 ipsi
3216 5265 3520 5331 scripserat
3577 5258 3789 5313 Pliiruz

2198 5358 2517 5429 predum-am
2559 5356 2729 5412 hastae
2786 5357 3046 5426 imposuit
3098 5356 3495 5418 Acbsbaim‘ar,
3548 5367 3657 5423 quo
3717 5354 3790 5406 ab

2206 5453 2449 5506 exercitu
2507 5453 2944 5520 conspiceretur,
3000 5463 3064 5502 ac
3105 5449 3334 5502 victoria
3376 5448 3430 5501 iu
3486 5447 3791 5500 Phiruzum

2191 5537 2396 5625 potitus
2425 5551 2550 5608 est;
2586 5543 2821 5611 quicum
2870 5542 2923 5595 in
2983 5540 3168 5609 fugam
3237 5554 3537 5594 conversus
3588 5553 3616 5592 a
3661 5537 3794 5592 loco

2193 5637 2500 5704 signorum,
2533 5649 2653 5704 quae
2683 5633 2750 5686 ad
2807 5641 3001 5704 pontes
3060 5647 3167 5702 qua
3220 5631 3462 5686 eundum
3517 5638 3634 5684 erat
3681 5630 3797 5699 ipsi

2197 5731 2414 5798 fixerat,
2440 5727 2730 5784 abcrrans.
2759 5726 2822 5781 a-l
2861 5726 3073 5784 fossam
3120 5741 3179 5783 se
3215 5729 3443 5801 recepit,
3483 5723 3573 5779 ubi
3615 5725 3801 5778 comi-
