4034 6214
337 259 469 324 1061
541 326 546 330 κ

1779 275 2145 337 ANNALES.

3455 290 3594 354 1062

1277 331 1289 352 δ
1782 331 1789 332 “
1833 331 2145 337 ⁷““““““-’““⁷’
2466 367 2478 373 _
2607 359 2610 364 .

333 383 416 429 tes
449 373 620 443 ipsius
653 374 743 430 alii
781 376 834 430 in
864 377 999 432 alios
1043 379 1347 436 irruerunt.
1381 382 1538 453 Cepit
1583 399 1714 453 ergo
1765 385 1918 438 Ach-
1953 389 1996 443 A
2020 387 2240 452 Iobitum
2268 390 2438 458 patris
2469 391 2790 446 adversatus
2826 392 2974 458 mihi
3015 395 3183 452 frater
3219 411 3443 468 regnum
3501 419 3595 460 oc-

333 472 594 520 sl:-anwar
624 469 885 538 quidquid
917 470 1153 528 Phiruzo
1189 476 1289 528 fuit
1315 492 1418 529 una
1465 492 1585 530 cum
1631 478 1806 546 ipsius
1846 479 1913 531 li-

334 563 502 624 beris,
533 577 776 631 apesque
824 565 942 632 ejus
995 569 1266 622 exercitus
1322 571 1556 624 ducibus
1609 569 1909 636 distribuit,

338 653 515 720 iisque
545 653 636 720 qui
658 651 955 710 Phiruzum
988 660 1230 713 comitati
1265 668 1394 715 sunt
1419 703 1433 727 ,
1467 663 1645 727 Quare
1688 663 1907 734 (inquit)

329 760 439 797 non
470 743 697 799 dedistis
732 745 969 802 Pltiruzo
1003 750 1292 804 consilium
1328 767 1564 821 eumque
1617 754 1908 807 admonui-

329 836 465 890 stis?
489 835 569 889 llli
601 850 729 890 vero
755 854 768 890 :
799 837 1311 912 Fecimus(inquit),
1333 850 1387 896 at
1422 844 1581 899 nobis
1597 845 1907 902 auscultare

327 930 526 983 noluit.

398 1021 843 1078 Praeeratautem
879 1026 1167 1095 Sejestano
1196 1029 1282 1083 vir
1322 1030 1544 1098 quidam
1601 1045 1664 1085 ex
1723 1031 1901 1087 Azda-

326 1115 459 1170 shiri
493 1117 973 1182 amicis,'nomine
1028 1121 1302 1189 Suchran,
1333 1139 1361 1178 e
1409 1123 1608 1180 Persice
1656 1126 1903 1196 proceri-

323 1207 453 1273 bus,
493 1209 634 1274 apud
665 1226 827 1279 quem
853 1221 1012 1266 erant
1045 1223 1098 1266 et
1133 1229 1164 1267 e
1197 1215 1434 1271 ducibus
1472 1217 1644 1287 ipsius
1680 1219 1896 1284 amicis,

325 1299 598 1352 nonnulli.
627 1299 726 1354 llic
760 1301 937 1357 delata
971 1303 1037 1357 ad
1072 1304 1252 1374 ipsum
1284 1322 1469 1362 eorum
1503 1324 1624 1379 quae
1663 1309 1898 1365 Pbiruzo

321 1391 640 1445 acciderant
671 1391 835 1458 fama,
866 1397 1051 1450 statim
1094 1413 1200 1453 una
1263 1413 1385 1454 cum
1457 1401 1748 1456 comitibus
1781 1404 1897 1458 suis

325 1481 623 1554 lliyatelam
650 1500 839 1541 versus
871 1487 1150 1556 profectus
1186 1492 1252 1544 ad
1309 1506 1368 1546 se
1421 1491 1641 1547 Phiruzi
1709 1496 1895 1565 copias

323 1577 546 1646 colligit,
582 1577 718 1632 adeo
749 1586 805 1632 ut
848 1581 914 1634 ad
947 1597 1198 1650 magnam
1259 1585 1556 1652 pntentiam
1599 1600 1888 1644 cresceret.

323 1668 466 1722 Cum
528 1685 658 1740 ergo
737 1687 903 1742 pr0pe
955 1674 1068 1742 jam
1135 1675 1203 1728 ab
1261 1676 1639 1732 Achshanwar
1697 1683 1893 1737 castris

320 1765 556 1827 abesset,
593 1764 740 1818 misit
773 1766 864 1834 qui
891 1767 990 1834 ipsi
1018 1765 1261 1822 dicerent
1289 1787 1303 1822 :
1338 1768 1454 1824 Non
1483 1772 1759 1841 ideo,veni
1787 1789 1887 1845 ego

324 1865 379 1907 ut
413 1864 462 1908 te
491 1856 628 1909 bello
657 1857 920 1912 lacessam
943 1901 956 1922 ,
999 1875 1189 1913 verum
1217 1876 1338 1915 eum
1371 1858 1424 1916 in
1465 1868 1626 1920 linem
1661 1877 1720 1921 ut
1749 1867 1884 1924 illud

318 1945 458 2014 quod
485 1945 551 1999 de
577 1947 932 2017 125-127
965 1949 1183 2003 Phiruzi
1214 1948 1565 2007 facultatibus
1600 1954 1654 2007 in
1687 1970 1884 2011 manus

317 2049 440 2094 tuas
465 2042 728 2108 pervenit,
769 2042 988 2103 reddas,
1024 2050 1076 2096 et
1107 2043 1198 2112 qui
1227 2045 1371 2112 apud
1405 2053 1459 2100 te
1489 2049 1885 2118 suntcaptivos

319 2132 589 2193 dimittas,
639 2142 699 2184 ut
760 2133 832 2184 sit
887 2133 990 2186 hoc
1032 2133 1174 2187 inter
1241 2150 1342 2188 nos
1391 2139 1541 2204 pacis
1593 2137 1883 2212 [conditio]

319 2239 529 2291 nosque
553 2238 583 2276 a
613 2231 665 2275 te
705 2224 964 2293 impetum
998 2235 1247 2280 nostrum
1282 2238 1626 2296 avertamus;
1660 2231 1805 2300 quod
1837 2231 1882 2287 si

314 2315 576 2378 volueris,
603 2316 698 2369 illo
733 2332 760 2368 a
801 2327 852 2370 te
878 2326 1101 2386 accepto
1125 2327 1492 2385 revertemur;
1521 2323 1605 2376 sin
1626 2325 1884 2390 nolueris,

325 2421 600 2480 icreorne
639 2417 689 2460 te
721 2409 999 2480 poeniteat.
1029 2410 1294 2465 Annucns
1338 2427 1465 2480 ergo
1510 2415 1886 2470 Achshanwar

315 2477 594 2551 Suchrano
617 2498 669 2549 in
695 2513 757 2551 eo
778 2499 921 2566 quod
960 2500 1133 2570 petiit,
1166 2503 1412 2571 captivos
1436 2519 1624 2558 eorum
1653 2505 1884 2574 dimisit,

312 2587 598 2656 spoliaque
625 2589 833 2642 reddita
867 2590 1100 2655 remisit,
1129 2592 1264 2646 adeo
1297 2603 1354 2646 ut
1399 2595 1540 2648 inter
1597 2598 1770 2664 ipsum
1804 2610 1886 2652 at-

311 2693 418 2745 que
457 2678 587 2732 illos
613 2691 1069 2748 compouercntur
1127 2667 1237 2736 res.
1296 2680 1433 2736 Tum
1495 2700 1746 2740 reversus
1801 2698 1886 2742 est

312 2769 560 2822 Suchran
644 2770 710 2824 ad
786 2773 849 2824 Al
924 2771 1192 2842 Madyen,
1244 2775 1675 2832 fobservantibus
1749 2779 1883 2833 Per-

311 2857 388 2909 sis
441 2859 701 2926 quidquid
731 2861 900 2928 petiit,
929 2863 1141 2930 ipsique
1169 2863 1292 2918 idco
1319 2867 1522 2933 gratias
1571 2870 1879 2937 agentibus.

390 2948 637 3004 Mortuus
674 2958 918 3021 estergo
972 2953 1172 3008 Phiruz
1220 2972 1341 3010 cum
1376 2969 1654 3028 regnasset
1710 2977 1883 3018 annos

311 3038 505 3105 viginti
541 3049 772 3108 septem.
809 3041 1330 3115 Coiitenderuntque
1364 3047 1504 3102 inter
1532 3064 1590 3103 se
1619 3050 1684 3104 de
1715 3068 1884 3122 regno

313 3128 404 3181 lilii
434 3129 607 3197 ipsius
655 3132 848 3186 Kobad
907 3143 958 3186 et
1016 3133 1264 3202 Balabes,
1319 3138 1491 3192 donec
1537 3138 1764 3196 Balabes
1806 3144 1879 3196 vi-

312 3231 458 3275 ctum
521 3220 803 3274 linhadum
862 3238 926 3276 eo
991 3225 1288 3293 abdicaret,
1353 3230 1446 3297 qui
1505 3231 1883 3288 Chorasanum

311 3323 440 3378 ergo
477 3311 628 3378 petiit
661 3313 923 3366 auxilium
973 3330 1002 3368 a
1055 3317 1310 3372 (lbakano
1349 3319 1650 3376 Turcarum
1712 3325 1886 3394 impc-

314 3411 493 3454 izztore
533 3412 725 3453 contra
758 3401 981 3456 fratrem
1013 3399 1173 3458 suum
1227 3406 1476 3470 petitum.
1512 3407 1883 3480 Regnavitque

309 3492 536 3546 Balahes
576 3492 714 3546 bene
769 3509 827 3546 se
863 3495 916 3547 in
975 3498 1231 3552 omnibus
1276 3515 1493 3569 gerens.
1553 3504 1884 3573 conditaque

312 3585 441 3638 urbe
474 3586 644 3653 ipsam
703 3584 930 3638 Balasur
983 3588 1292 3655 appellavit.
1352 3592 1420 3644 At
1471 3609 1594 3646 cum
1647 3607 1883 3663 quatuor

310 3692 481 3731 annos
510 3683 790 3746 regnasset
828 3676 938 3730 fato
979 3675 1199 3732 functus
1229 3689 1333 3744 est,
1386 3681 1547 3749 idque
1578 3698 1721 3737 anno
1778 3685 1882 3738 im-

312 3768 446 3836 perii
511 3766 750 3820 Zenonis
806 3765 1178 3821 Romanorum
1241 3769 1586 3838 imperatoris
1646 3773 1880 3828 decimo.

309 3858 445 3912 Cum
493 3862 674 3913 autem
740 3859 1180 3928 proficisceretur
1248 3859 1433 3914 Kobad
1499 3863 1876 3918 Chorasanum

315 3952 490 4018 ipsum
517 3950 811 4006 comitatus
833 3957 916 4004 est
954 3949 1253 4005 Zormabar
1290 3951 1557 4005 Suchrani
1599 3954 1775 4018 filius;
1814 3970 1880 4011 eo

312 4042 480 4109 igitur
509 4057 632 4095 cum
664 4041 1044 4110 pervenissent
1073 4039 1331 4094 diversati
1364 4047 1486 4094 sunt
1513 4043 1655 4111 apud
1680 4058 1879 4111 quem-

313 4129 736 4187 dameducibus
768 4131 1010 4200 ipsorum
1031 4129 1384 4200 primoribus,
1413 4146 1572 4198 quem
1602 4134 1876 4200 negotium

311 4239 472 4278 suum
531 4223 798 4277 celarunt.
826 4222 972 4276 Dixit
1022 4231 1202 4276 autem
1254 4220 1586 4276 Zormabaro
1644 4221 1876 4279 Kobad:

312 4315 503 4381 Quaere
531 4315 691 4384 128
708 4314 840 4366 mihi
864 4314 1098 4382 aliquam
1127 4311 1368 4368 melioris
1386 4313 1550 4368 sortis
1569 4315 1875 4373 mulierem.

2021 481 2283 546 cupavit:
2341 495 2404 534 ac
2447 480 2721 550 pollicitus
2759 483 2837 537 illi
2900 499 2957 537 se
2997 501 3152 554 opem
3205 490 3304 558 ipsi
3357 491 3593 548 laturum

2018 583 2364 641 regnumque
2434 583 2911 640 recuperaturum,
2965 587 3198 645 quatuor
3239 582 3396 635 annis
3452 586 3594 654 apud

2013 658 2165 711 illum
2202 662 2467 726 substitit,
2506 665 2708 732 quibus
2743 666 2922 734 ipsum
2947 667 3180 723 distulit.
3209 671 3403 725 Posma
3427 691 3593 729 exer-

2012 751 2123 804 citu
2169 751 2294 805 forti
2323 753 2501 809 abillo
2533 756 2834 812 instructus
2871 759 3148 828 profectus
3205 761 3392 815 Kobad
3419 763 3593 818 donec

2009 843 2456 900 Abrahasahrum
2526 851 2857 916 perveniret,
2920 867 2981 906 ac
3036 851 3227 906 eodem
3283 854 3402 907 loco
3460 854 3592 926 [quo

2005 935 2194 1006 antea]
2243 936 2556 995 diversatus
2600 940 2666 996 de
2700 945 2933 998 muliere
2977 945 3079 998 ista
3123 947 3437 1003 sciscitatus
3482 960 3588 1015 est,

2006 1026 2222 1095 quaead
2256 1028 2406 1082 illum
2444 1035 2680 1088 accessit
2729 1051 2833 1088 una
2867 1051 2992 1090 cum
3051 1038 3165 1092 ﬁlio
3214 1054 3372 1106 quem
3423 1058 3591 1111 pepe—

2008 1116 2286 1186 reratjam
2321 1121 2523 1177 trienni
2557 1124 2733 1193 ipsum
2785 1143 2947 1180 manu
2983 1136 3193 1185 tenens.
3230 1130 3589 1202 Bogaateque

2002 1207 2261 1264 Kobado:
2288 1211 2549 1277 Quisnam
2583 1227 2668 1270 est
2698 1218 2781 1272 hic
2806 1223 2977 1288 puer?
3005 1222 3155 1279 Tuus
3187 1226 3404 1294 (inquit)
3441 1228 3585 1283 filius

2001 1311 2105 1355 est.
2127 1301 2340 1358 Certior
2365 1305 2543 1376 129-
2559 1309 2710 1379 131
2727 1327 2853 1382 ergo
2870 1329 2898 1366 a
2920 1313 3251 1372 Zormabaro
3274 1319 3448 1374 factus
3463 1335 3586 1376 esse

2002 1391 2152 1448 illam
2190 1397 2362 1465 patris
2397 1396 2622 1453 familiae
2663 1402 2853 1464 filiam,
2890 1403 3107 1461 laetatus
3134 1417 3244 1479 est,
3297 1410 3583 1480 ipsamque

2000 1499 2107 1538 una
2141 1501 2264 1540 cum
2305 1488 2437 1556 filio,
2481 1492 2570 1544 cui
2606 1507 2803 1548 nomen
2865 1506 2979 1550 erat
3029 1497 3350 1554 Babudacht
3394 1517 3578 1557 secum

1999 1580 2318 1647 assumpsit.
2354 1579 2487 1634 Cum
2517 1593 2700 1637 autem
2754 1586 2820 1638 Al
2897 1587 3160 1660 Madayen
3220 1596 3577 1662 pervenisset,

2001 1667 2224 1724 fratrem
2261 1687 2420 1726 suum
2445 1674 2723 1730 interiisse
2781 1681 3007 1748 reperit,
3060 1699 3336 1754 regnoque
3371 1689 3579 1755 potitus

1999 1772 2100 1816 est.
2129 1763 2395 1834 Regnavit
2421 1783 2550 1836 ergo
2575 1768 2763 1823 Kobad
2803 1770 3020 1828 Phiruzi
3065 1776 3210 1830 filius
3242 1794 3416 1834 annos
3437 1797 3575 1849 qua-

1998 1855 2252 1923 draginta
2288 1866 2423 1922 tres,
2461 1861 2626 1934 idque
2661 1877 2806 1916 anno
2849 1865 3060 1934 imperii
3092 1869 3329 1924 Zenonis
3374 1871 3579 1924 Roma-

1994 1963 2190 2002 norum
2228 1949 2573 2019 imperatoris
2603 1932 2815 2008 decimo
2841 1970 3061 2023 quarto.
3095 1957 3343 2029 Regnum
3387 1974 3570 2019 autem

2000 2036 2297 2093 Suchrauo
2358 2043 2579 2112 ﬁlioque
2608 2045 2780 2113 ipsius
2817 2046 3152 2104 Zormabaro
3183 2051 3575 2110 administrau-

1995 2129 2122 2183 dum
2159 2133 2453 2199 commisit,
2502 2137 2803 2206 urbemque
2861 2140 3002 2194 inter
3047 2142 3248 2196 Ahwaz
3297 2156 3350 2199 et
3393 2146 3574 2203 Persi-

1994 2222 2116 2275 dem
2141 2225 2405 2289 condidit,
2438 2243 2599 2295 quam
2635 2227 2824 2284 Kobad
2855 2232 3072 2287 Chorth
3117 2237 3426 2303 appellavit,
3451 2255 3574 2308 qua:

1993 2322 2046 2366 et
2075 2313 2313 2382 AFRajan
2380 2325 2462 2369 est
2507 2357 2522 2380 ,
2579 2319 2633 2372 in
2696 2337 2803 2390 qua
2861 2325 3106 2392 captivos
3165 2325 3571 2384 llamdancnses

1993 2405 2302 2469 collocavit,
2336 2408 2524 2461 urbem
2557 2410 2724 2463 etiam
2761 2427 2928 2480 prope
2975 2414 3249 2478 Alilahat,
3316 2433 3434 2486 qna:
3466 2420 3573 2472 lla-

1995 2515 2176 2552 rawan
2203 2501 2532 2568 appellatur,
2568 2517 2666 2557 nec
2707 2520 2815 2558 non
2858 2506 3018 2560 aliam
3063 2508 3115 2561 in
3159 2509 3393 2563 Axdshir
3429 2511 3571 2564 Cho-

1993 2591 2114 2652 rab,
2151 2607 2272 2659 qua:
2304 2592 2498 2645 Kobad
2555 2594 2772 2650 Chorab
2836 2597 3028 2666 audit;
3090 2602 3399 2670 multasque
3437 2585 3570 2671 pric-

1995 2691 2143 2736 terea
2179 2685 2340 2738 urbes
2387 2686 2645 2756 vicosque
2695 2690 2966 2756 condidit,
3019 2707 3320 2763 atnneSque
3358 2695 3567 2765 ell‘odit,

1992 2791 2269 2845 arcusque
2297 2786 2351 2830 et
2375 2788 2565 2846 pontes
2593 2785 2885 2838 exstruxit.

2065 2867 2212 2923 Obiit
2242 2880 2424 2923 autem
2459 2870 2643 2925 Zenon
2674 2873 3048 2929 Romanorum
3086 2877 3384 2948 imperator
3417 2890 3564 2950 post-

1991 2975 2152 3022 quam
2193 2976 2367 3018 annos
2408 2963 2799 3028 septemdecim
2828 2965 3175 3034 imperasset,
3210 2970 3372 3038 idque
3420 2987 3566 3025 anno

1949 3085 1958 3131 ε
1993 3053 2139 3121 regni
2173 3053 2413 3108 Kobadis
2443 3054 2534 3108 filii
2579 3055 2799 3109 Phiruzi
2839 3059 2980 3125 regis
3033 3057 3325 3115 Persarum
3350 3064 3562 3131 quitito,

1991 3144 2294 3210 imperante
2343 3152 2464 3210 post
2516 3145 2692 3214 ipsum
2735 3145 2998 3202 Romanis
3046 3149 3338 3204 Anastasio
3386 3168 3561 3206 annos

1987 3235 2178 3305 viginti
2245 3247 2480 3305 septem.
2540 3235 2669 3289 Fuit
2719 3237 2808 3292 hic
2856 3239 3128 3302 Jacobita,
3183 3241 3558 3297 Melchitarum

1987 3327 2254 3380 doctrina:
2303 3328 2606 3392 adversus;
2665 3338 2830 3383 natus
2872 3331 2924 3384 in
2968 3333 3102 3387 urbe
3155 3331 3346 3399 llania,
3399 3352 3558 3404 quam

1984 3420 2245 3474 aedificari
2308 3435 2370 3473 ac
2427 3421 2630 3474 muniri
2683 3421 2874 3489 jussit,
2934 3438 3061 3477 arce
3117 3424 3322 3478 biennii
3383 3428 3560 3495 spatio

1985 3511 2230 3566 condita.
2264 3509 2560 3580 Postquam
2605 3528 2736 3566 vero
2779 3514 2966 3568 decem
3006 3515 3116 3583 jam
3169 3516 3328 3571 anuis
3382 3518 3554 3588 impe—

1982 3613 2185 3669 rasset,
2220 3603 2450 3673 contigit
2481 3604 2796 3660 hominibus
2821 3605 2874 3658 in
2899 3607 3122 3661 Oriente
3155 3606 3326 3663 fames
3355 3610 3556 3677 gravis,

1981 3709 2287 3764 magnaque
2318 3696 2664 3750 locustarum
2699 3698 2876 3764 copia.
2911 3697 3080 3752 Porro
3107 3699 3264 3769 132
3303 3699 3557 3757 Kobades

1982 3783 2272 3838 Persarum
2307 3801 2400 3838 rex
2439 3784 2702 3856 [urbem]
2738 3790 3004 3843 Amedum
3045 3805 3339 3860 aggressus
3377 3794 3554 3862 ipsam

1981 3876 2269 3937 vastavit,“
2299 3877 2581 3946 missoque
2629 3877 3016 3933 Alexandriam
3073 3885 3314 3937 exercitu
3361 3901 3556 3955 magno

1980 3965 2244 4035 quidquid
2274 3975 2428 4020 extra
2465 3967 2654 4022 urbem
2701 3967 2808 4022 fuit
2842 3969 3110 4026 incendit.
3171 3972 3449 4044 Multaque
3502 3989 3558 4032 et

1982 4055 2167 4124 gravia
2196 4055 2402 4130 praslia,
2429 4070 2734 4126 pugnaeque
2766 4053 3112 4124 frequentes,
3135 4057 3284 4130 inter
3316 4059 3558 4116 Kobadis

1984 4146 2134 4214 regis
2167 4144 2458 4202 Persarum
2484 4156 2538 4202 et
2577 4147 2857 4203 Anastasii
2893 4145 3269 4202 Romanorum
3320 4150 3557 4220 impera-

1982 4238 2117 4292 toris
2149 4239 2380 4294 comites
2414 4240 2759 4294 aecidcrunt.
2821 4237 2947 4292 Fuit
2993 4246 3178 4296 autem
3215 4241 3557 4298 Alexandria:

1978 4328 2268 4398 praefectus
2289 4345 2353 4384 ex
2380 4338 2534 4399 parte
2557 4331 2843 4384 Anastasii
2869 4329 3222 4400 imperatoris
3253 4329 3552 4387 Eustatius.

313 4406 552 4460 Femina:
603 4407 747 4459 enim
782 4404 1055 4459 desiderio
1094 4415 1299 4468 teneor,
1351 4394 1532 4459 metuo
1562 4415 1744 4461 autem
1807 4423 1874 4463 ne
1903 4419 1954 4478 Ῑ)
1981 4394 2194 4478 Accidit
2225 4394 2396 4478 etiam-
2422 4432 2544 4492 ροει
2582 4423 2718 4478 illud
2762 4425 2817 4477 in
2851 4424 3178 4480 Alexandria
3225 4435 3280 4479 ει
3321 4424 3553 4496 Αεὲδοριο

311 4497 366 4550 in
417 4495 712 4565 ignobilem
757 4495 992 4564 aliquam
1049 4496 1094 4548 si
1143 4495 1379 4549 incidam
1435 4512 1552 4566 qua:
1604 4499 1876 4568 pepererit

314 4583 553 4637 nobisin
594 4584 944 4652 ignominiam
979 4582 1154 4637 cedet.
1213 4584 1338 4638 Fuit
1386 4601 1516 4654 ergo
1579 4589 1771 4642 donius
1820 4590 1873 4643 in

310 4691 419 4746 qua
449 4674 708 4730 diversatl
745 4685 873 4729 sunt
903 4675 1124 4730 domino
1164 4677 1272 4730 filia
1329 4679 1502 4748 virgo,
1556 4681 1714 4750 cujus
1758 4697 1878 4734 ma-

309 4775 447 4819 trem
472 4765 666 4817 adiens
697 4762 995 4816 Zormabar
1053 4762 1226 4830 ipsam
1271 4773 1330 4816 ut
1371 4775 1425 4818 et
1482 4774 1688 4831 patrem
1740 4765 1875 4819 allo-

309 4868 466 4910 cutus
491 4867 592 4920 e3t,
631 4855 832 4925 quibus
862 4871 984 4909 cum
1022 4856 1260 4924 placeret
1285 4855 1414 4908 illud
1459 4857 1601 4924 quod
1645 4856 1713 4910 ab
1743 4856 1877 4926 ipsis

309 4949 488 5014 petiit,
514 4949 614 5016 ipsi
637 4955 970 5002 annuerant.
1018 4947 1359 5002 Pernoctavit
1405 4962 1535 5014 ergo
1580 4956 1763 5015 postea
1805 4949 1878 5002 fe-

310 5041 455 5092 mina
491 5040 594 5093 ista
622 5055 743 5092 cum
779 5040 1029 5103 Kobado,
1055 5049 1218 5107 atque
1257 5052 1322 5092 ex
1351 5053 1416 5092 eo
1465 5039 1686 5106 gravida
1736 5039 1874 5094 facta

309 5139 413 5184 est.
444 5131 671 5196 Quoties
698 5139 877 5185 autem
902 5131 966 5183 ad
1021 5131 1192 5200 ipsam
1229 5129 1488 5185 accedere
1524 5130 1684 5185 vellet
1707 5131 1877 5201 jussit

310 5235 429 5274 eam
487 5231 748 5276 retectam
800 5236 942 5275 esse.
1023 5221 1395 5290 lnterrogante
1466 5233 1646 5278 autem
1701 5233 1878 5279 matre

311 5309 486 5372 ipsius
518 5311 585 5364 de
611 5320 752 5364 statu
788 5310 1020 5374 Kobadi,
1055 5326 1179 5364 cum
1211 5313 1286 5364 illi
1344 5313 1606 5368 indicaret
1670 5314 1874 5369 vidisse

311 5417 370 5455 se
426 5403 702 5468 femoralia
765 5405 934 5472 ipsius
997 5404 1299 5458 boloserica
1369 5420 1505 5458 auro
1563 5407 1872 5474 intertexta,

307 5495 562 5562 cognovit
595 5505 779 5551 mater.
807 5496 987 5566 ipsum
1019 5510 1051 5551 ο
1087 5495 1290 5550 familia
1321 5499 1463 5567 regia
1483 5514 1624 5562 esse,
1657 5515 1721 5554 ac
1779 5501 1872 5555 la:-

310 5598 416 5640 tata
456 5595 560 5642 est.
598 5588 877 5644 Accedens
909 5599 1087 5665 autem
1120 5589 1307 5645 Kobad
1348 5592 1413 5645 ad
1465 5593 1817 5647 Cbachanum
1854 5610 1868 5648 :

311 5679 418 5749 Ego
444 5679 667 5751 (inquit)
705 5679 846 5739 filius
904 5698 1032 5749 sunt
1074 5685 1218 5756 regis
1277 5684 1586 5752 Persarum,
1639 5695 1693 5740 at
1752 5696 1871 5758 post

1981 4514 2156 4570 fames
2188 4517 2394 4586 gravis,
2431 4515 2568 4570 adeo
2599 4525 2658 4570 ut
2684 4517 2866 4571 inedia
2901 4527 3249 4571 morerentur
3276 4517 3550 4585 homines,

1980 4604 2350 4675 desolataque
2405 4614 2591 4660 essent
2640 4605 2970 4660 Alexandria
3026 4613 3080 4660 et
3121 4604 3389 4675 Egyptus
3445 4620 3554 4674 prae

1985 4704 2140 4764 peste
2187 4703 2241 4750 et
2285 4704 2459 4750 morte
2491 4711 2610 4764 quae
2645 4695 2893 4750 homines
2940 4697 3161 4750 invasit.
3209 4696 3331 4749 Erat
3372 4705 3550 4749 autem

1980 4786 2331 4840 Alexandria:
2393 4783 2616 4840 Judaeus
2683 4787 2908 4856 quidam
2977 4788 3265 4855 opulentus
3331 4787 3550 4842 nomine

1982 4879 2158 4934 Urbib
2201 4877 2318 4950 (qui
2353 4887 2540 4947 postea
2595 4879 3064 4934 Christianismum
3108 4881 3389 4950 amplexus
3420 4882 3546 4951 est),
3633 4905 3640 4912 -
3705 4862 3751 4909 ”

1981 4969 2074 5039 qui
2109 4969 2440 5038 pauperibus
2483 4969 2713 5025 mortuis
2763 4969 3045 5026 involucra
3092 4973 3361 5040 prtestitit.
3402 4970 3546 5024 Idem

1978 5060 2067 5114 die
2097 5058 2380 5114 Paschalis
2413 5059 2694 5115 Dominico
2741 5077 2969 5132 magnas
3002 5061 3287 5143 distribui;
3318 5063 3544 5116 eleemo~

1981 5165 2151 5221 synas
2211 5151 2266 5204 in
2323 5151 2568 5206 Ecclesia
2620 5151 2838 5207 Arcadii
2877 5151 3022 5224 [quo
3075 5151 3353 5224 tempore]
3391 5152 3548 5206 turba

1979 5241 2283 5309 compressi
2326 5243 2527 5300 mortui
2576 5251 2704 5296 sunt
2738 5243 2843 5296 viri
2893 5246 3146 5298 trecenti.
3194 5243 3366 5296 Porro
3403 5255 3548 5295 anno

1978 5329 2195 5399 imperii
2227 5332 2507 5387 Anastasii
2561 5331 2936 5388 Romanorum
2988 5332 3338 5402 imperatoris
3389 5346 3547 5387 seno

1980 5422 2317 5477 constitutus
2378 5433 2462 5477 est
2531 5423 2772 5480 Joannes
2845 5426 3147 5481 monachus
3232 5427 3544 5495 patriarcha

1977 5509 2401 5574 Alexandrinus,
2433 5513 2524 5581 qui
2551 5511 2798 5568 Jacobita
2858 5513 3004 5567 fuit:
3038 5515 3179 5568 sedit
3226 5531 3400 5572 annos
3451 5533 3546 5572 no-

1978 5613 2119 5665 vem,
2157 5600 2282 5655 dein
2317 5612 2568 5659 mortuus
2594 5613 2699 5659 est.
2731 5604 3125 5674 Annoimperii
3166 5607 3408 5678 ejusdem
3445 5610 3543 5664 de-

1976 5691 2116 5778 cimp
2147 5693 2341 5780 quinto
2393 5694 2613 5780 factus
2641 5704 2724 5752 est
2765 5695 3006 5756 Joannes
3040 5698 3175 5756 alter
3229 5701 3541 5771 patriarcha
