4034 6214
504 290 649 354 1063

1521 290 1893 352 EUTYClllI
1937 288 2243 348 ALEXAN
2258 287 2479 349 DRlNl
2514 288 2732 348 PATR.

3628 273 3772 335 1061

505 398 934 463 Alexandrinus,
970 395 1062 467 qui
1114 397 1280 453 etiam
1320 396 1591 461 Jacobita,
1640 407 1696 451 et
1750 411 1872 451 cum
1906 399 2153 456 annosA
2191 410 2333 459 rum,
2369 394 2553 464 ibique
2602 392 2916 465 degentium
2973 396 3139 445 statu.
3208 386 3306 442 Ille
3347 399 3480 456 ergo
3530 383 3658 452 ipsi,
3723 391 3780 435 et

508 490 760 547 undecim
794 489 1029 545 sedisset
1061 497 1313 544 mortuus
1340 498 1443 544 est.
1477 488 1636 543 Anno
1660 488 1902 559 ejusdem
1932 488 2079 541 vice-

502 585 645 637 siiuo
681 590 839 638 sexto
896 581 1072 637 [actus
1115 592 1201 636 est
1263 580 1563 636 Dioscorus
1596 579 1905 649 patriarcha
1957 578 2082 632 Alc-

504 675 828 739 xandrinus,
864 672 1110 728 Jacobita
1159 673 1349 737 etiam,
1404 670 1758 743 133-135
1810 670 1903 741 qui
1952 684 2076 724 cum

504 782 709 819 annum
752 782 920 819 unum
959 766 1195 819 sedisset
1228 776 1481 820 mortuus
1512 772 1616 821 est.
1649 764 1809 817 Anno
1832 760 2077 831 ejusdem

500 856 767 911 vicesimo
796 856 1029 925 septimo
1064 857 1405 911 constitutus
1437 864 1519 909 est
1540 853 1857 907 Timotheus
1879 852 2079 907 ibidem

501 950 860 1017 patriarcha:
903 948 990 1003 hic
1046 948 1210 1003 etiam
1271 948 1521 1003 Jacobita
1572 946 1693 1013 fuit,
1738 947 1875 1001 duos
1908 960 2084 999 annos

503 1041 664 1102 sedit,
696 1040 820 1094 dein
850 1039 970 1093 loco
1003 1037 1288 1093 abdicatus
1315 1048 1425 1095 est.
1461 1036 1618 1092 Anno
1660 1038 1872 1107 imperii
1906 1036 2079 1107 ipsius

501 1142 700 1201 quarto
745 1132 1078 1186 censtitutus
1111 1139 1194 1185 est
1281 1131 1597 1187 Timotheus
1640 1130 1746 1200 (vel
1775 1130 2077 1183 secundum

502 1223 649 1277 aliud
683 1221 963 1291 exemplar
997 1220 1405 1291 Macedonius),
1436 1222 1745 1292 patriarcha
1766 1219 2083 1275 Constanti-

502 1317 860 1385 nopolitanus
899 1330 1037 1369 :sex
1071 1330 1245 1369 annos
1300 1316 1463 1380 sedit,
1491 1314 1613 1368 dein
1670 1324 1919 1367 mortuus
1972 1320 2078 1369 est.

500 1410 660 1462 Anno
690 1406 933 1475 ejusdem
968 1420 1110 1458 nono
1138 1406 1475 1459 constitutus
1507 1413 1593 1459 est
1633 1402 1956 1457 Timotheus
1986 1417 2081 1471 pa-

504 1499 744 1552 triarcha
810 1497 1509 1565 Constantinopolitanus,
1569 1496 1661 1565 qui
1734 1511 1826 1549 sex
1907 1510 2079 1550 annos

502 1591 664 1653 sedit,
692 1590 819 1643 dein
880 1600 1125 1643 mortuus
1177 1600 1297 1643 est.
1357 1590 1517 1642 Anno
1564 1588 1806 1656 ejusdem
1869 1584 2082 1640 decimo

502 1681 697 1750 quinto
751 1678 929 1734 factus
982 1691 1066 1735 est
1120 1679 1365 1735 Joannes
1410 1678 1713 1749 Cappadox
1770 1679 2079 1746 patriarcha

504 1772 733 1835 ibidem,
776 1774 868 1841 qui
896 1788 1090 1827 novem
1121 1788 1298 1826 annos
1336 1772 1496 1835 sedit,
1529 1770 1653 1824 dein
1688 1780 1941 1824 mortuus
1975 1779 2079 1824 est.
2115 1758 2158 1813 Β

501 1869 661 1917 Anno
688 1864 937 1933 ejusdem
977 1865 1244 1919 vicesimo
1284 1873 1483 1933 quarto
1537 1863 1714 1918 factus
1748 1872 1831 1918 est
1875 1863 2085 1933 Anthy—

506 1974 626 2011 nius
655 1958 964 2026 patriarcha
1028 1956 1253 2019 ibidem,
1312 1956 1408 2025 qui
1440 1954 1687 2012 Jacobita
1730 1956 1855 2021 fuit,
1909 1972 2083 2011 annos

450 2090 453 2093 -
501 2052 745 2120 quinque
778 2051 940 2112 sedit,
972 2050 1098 2103 dein
1164 2049 1441 2119 relegatus
1498 2058 1602 2101 est.
1659 2049 1818 2101 Anno
1870 2044 2084 2115 imperii

502 2146 673 2213 ipsius
704 2151 899 2214 quarto
933 2143 1264 2196 constitutus
1300 2151 1383 2196 est
1450 2139 1708 2208 Pelagius
1772 2139 2083 2209 patriarcha

502 2234 919 2303 Romanus,qui
944 2243 1181 2303 quatuor
1232 2248 1410 2287 annos
1462 2234 1626 2295 sedit,
1675 2232 1799 2286 dein
1834 2240 2085 2286 mortuus

501 2337 606 2383 est.
644 2330 799 2381 Anno
835 2327 1078 2396 ejusdem
1112 2334 1309 2379 octavo
1350 2327 1687 2380 constitutus
1726 2334 1810 2378 est
1840 2326 2085 2379 Anasta-

502 2424 617 2473 sius
647 2419 959 2487 patriarcha
988 2416 1294 2481 Romanus,
1326 2419 1418 2487 qui
1451 2434 1576 2470 cum
1612 2434 1816 2470 anuutn
1852 2418 2086 2472 sedisset

503 2522 751 2567 mortuus
780 2520 884 2565 est.
930 2511 1087 2564 Anno
1124 2509 1369 2578 ejusdem
1403 2526 1547 2564 nono
1594 2509 1770 2565 factus
1797 2518 1878 2564 est
1922 2510 2083 2581 Sym-

502 2599 727 2652 machus
758 2596 957 2651 ibidem
996 2598 1310 2665 patriarcha
1337 2598 1431 2667 qui
1467 2614 1642 2652 annos
1668 2599 2083 2667 quatuordecim

500 2692 661 2753 sedit,
718 2690 847 2745 dein
902 2700 1157 2745 m0rtuus
1212 2700 1318 2743 est.
1374 2690 1532 2745 Anno
1586 2692 1801 2761 imperii
1839 2692 2084 2759 ejusdem

500 2793 699 2851 quarto
730 2784 1067 2836 constitutus
1093 2794 1176 2837 est
1209 2782 1505 2836 Flavianus
1539 2784 1855 2850 patriarcha
1891 2785 2084 2837 Antio-

500 2875 711 2928 thcnus
765 2876 856 2943 qui
919 2890 1095 2929 annos
1149 2874 1570 2943 quatuordecim
1624 2875 1789 2938 sedit,
1842 2876 1967 2929 dein
2029 2876 2083 2929 in

500 2967 756 3020 exsilium
799 2967 991 3035 pulsus
1032 2976 1137 3021 est.
1182 2965 1310 3019 Fuit
1369 2976 1552 3021 autem
1603 2967 1925 3021 Anastasius
1982 2968 2083 3021 im-

406 3114 409 3115 .
502 3066 723 3126 pcrator
777 3060 1060 3113 sententiae
1112 3057 1499 3113 Melchitarum
1558 3060 1845 3124 adversus,
1894 3068 2082 3130 utpote

506 3150 668 3221 136
714 3149 988 3205 Jacobita.
1042 3150 1225 3217 Quare
1258 3152 1483 3221 scriptis
1532 3152 1598 3206 ad
1651 3152 1830 3223 ipsum
1883 3152 2080 3209 litteris

504 3238 650 3292 Elias
680 3241 992 3307 patriarcha
1020 3240 1558 3312 Hierosolymitanus
1615 3243 1903 3296 veritatem
1954 3257 2083 3296 sen-

502 3334 688 3386 tentia;
726 3330 1102 3386 Melcbitarum
1161 3333 1265 3403 ipsi
1322 3333 1599 3403 exposuit,
1648 3342 1701 3387 et
1768 3332 2083 3403 quicunque

500 3426 843 3477 contrarium
898 3424 1033 3494 ipsis
1080 3435 1351 3479 assereret
1405 3425 1753 3478 maledictum
1801 3438 1943 3478 esse.
1981 3423 2083 3477 Mi-

506 3515 686 3582 sitque
742 3512 811 3568 ad
864 3513 1044 3581 ipsum
1105 3514 1487 3567 ctenobiorum
1542 3513 1890 3582 prmpositos,
1945 3514 2088 3567 inter

504 3618 645 3670 quos
689 3610 847 3655 erant
879 3602 1227 3659 Theodosius
1279 3603 1577 3672 przefectus
1614 3605 1941 3659 monasterii
1995 3605 2089 3658 Al-

508 3691 806 3757 dawakesi,
836 3692 1171 3747 Charitanus
1194 3694 1493 3762 praefectus
1530 3695 1753 3751 AlSaiki
1781 3699 2002 3763 veteris,
2034 3707 2089 3753 et

508 3784 655 3839 Salia
688 3783 980 3855 praefectus
1009 3785 1079 3840 Al
1109 3784 1265 3842 Saiki
1309 3790 1458 3856 novi,
1494 3790 1587 3860 qui
1610 3791 1868 3847 omnibus
1905 3792 2085 3863 (locis)

509 3877 861 3933 hoc‘nomine
888 3880 1181 3949 appellatis
1218 3891 1473 3951 praeerat,
1512 3890 1565 3937 et
1596 3882 1759 3938 Saiko
1816 3887 2009 3952 veteri,
2037 3888 2086 3941 ei

504 3970 720 4024 scilicet
749 3970 842 4039 qui
871 3969 1155 4027 Charitani
1175 3981 1316 4040 erat,
1349 3989 1471 4029 cum
1506 3976 1695 4032 multis
1727 3992 1757 4032 e
1787 3978 2088 4034 monacho-

507 4077 630 4118 rum
648 4062 945 4133 prrefectis,
977 4063 1125 4119 inter
1147 4081 1287 4136 quos
1320 4076 1373 4122 et
1400 4068 1733 4127 sacerdotes.
1762 4068 1887 4125 Haec
1904 4080 2089 4126 autem

513 4152 732 4222 scripsit
761 4170 773 4206 :
798 4150 921 4208 Misi
948 4154 1011 4208 ad
1033 4162 1087 4209 t'e
1105 4154 1311 4210 multos
1330 4170 1361 4211 e
1379 4155 1471 4211 Dei
1500 4158 1693 4220 servis.
1718 4166 1772 4213 et
1792 4160 2089 4214 monacho-

506 4258 629 4296 rum
652 4243 853 4298 deserti
868 4244 1044 4300 nostri
1063 4245 1372 4316 praelectos,
1401 4248 1702 4320 interfquos
1725 4259 1782 4305 et
1804 4249 1948 4307 Saba
1972 4252 2090 4307 exi-

512 4340 656 4392 mius
678 4338 769 4393 ille
797 4339 893 4408 qui
915 4341 1194 4394 desertum
1224 4353 1474 4397 nostrum
1504 4344 1558 4398 in
1591 4346 1756 4400 urbes
1788 4344 2083 4413 convertit,

2196 487 2387 541 urbem
2421 496 2475 540 et
2509 486 2601 556 qui
2634 499 2753 540 eam
2794 483 3098 538 incolerent
3125 480 3265 535 bene
3290 493 3349 534 se
3384 476 3584 532 habere
3611 476 3773 530 dixit.

2194 578 2574 634 Melchitarum
2626 577 2793 633 etiam
2858 574 3164 630 doctrinam
3209 569 3438 641 ejusque
3483 568 3770 623 veritatem

2192 673 2297 744 ipsi
2327 673 2626 743 exposuit;
2660 679 2713 727 et
2737 670 3056 741 quicunque
3090 672 3281 723 contra
3342 663 3575 720 sentiret
3614 677 3772 716 exse-

2194 763 2456 819 Crabilem
2513 777 2659 817 esse.
2723 761 2871 815 Dixit
2927 760 3092 815 etiam
3155 758 3307 829 ipsi:
3370 755 3652 824 Rogamus
3722 760 3771 804 te

2196 854 2496 911 Ecclesiam
2530 869 2599 909 ne
2633 854 2859 918 turbes;
2915 851 3157 922 quandiu
3186 848 3332 904 enim
3380 847 3437 902 in
3482 860 3614 915 pace
3658 860 3771 895 ma-

2193 955 2287 1002 net
2331 946 2602 1010 Ecclesia,
2653 960 2753 999 nos
2792 944 2957 999 etiam
3024 940 3424 1011 tranquillitate
3474 936 3710 991 fruimur
3759 949 3770 985 :

2196 1054 2261 1093 ne
2296 1048 2477 1093 autem
2520 1036 2982 1091 heterodoxorum
3014 1034 3339 1089 sententiam
3394 1027 3768 1099 amplectaris.

2190 1131 2402 1184 Annuit
2427 1144 2556 1197 ergo
2581 1144 2675 1183 rex
2706 1127 2811 1197 ipsi
2841 1128 2893 1181 in
2920 1127 2988 1181 iis
3009 1141 3129 1195 qua:
3154 1124 3306 1193 petiit
3333 1120 3765 1185 monachosque,

2196 1222 2421 1277 collatis
2451 1220 2505 1275 in
2533 1220 2686 1290 ipsos
2717 1219 3060 1284 muneribus,
3108 1216 3485 1284 Hierosolyma
3574 1212 3767 1266 reverti

2186 1315 2378 1384 jussit,
2408 1312 2631 1382 scriptis
2660 1313 2725 1366 ad
2755 1312 2923 1365 Eliaut
2963 1310 3330 1381 patriarcham
3371 1304 3769 1373 Hierosolymi-

2194 1415 2382 1460 tanum
2430 1405 2629 1460 litteris
2660 1405 2863 1474 quibus
2933 1405 3107 1474 ipsius
3165 1401 3411 1471 epistola:
3463 1398 3765 1467 respondit.

2196 1499 2396 1553 Sabatn
2459 1505 2641 1552 autem
2698 1496 2844 1567 apud
2895 1512 2953 1551 se
3003 1509 3227 1549 manere
3265 1494 3450 1562 jussit.
3480 1491 3584 1557 Qui
3614 1505 3766 1558 ergo,

2194 1592 2429 1646 reversis
2464 1588 2747 1645 monachis
2776 1588 3171 1658 Hierosolyma.
3199 1587 3272 1642 ibi
3305 1587 3568 1649 substitit,
3592 1584 3768 1638 donec

2195 1689 2318 1750 post
2344 1696 2547 1735 annum
2580 1680 2817 1735 abeundi
2844 1682 3305 1749 copiarmpetetts,
3338 1678 3629 1738 obtineret,
3654 1686 3767 1728 tra-

2188 1776 2452 1844 deretque
2508 1774 2614 1845 ipsi
2672 1773 2971 1843 imperator
3008 1774 3091 1829 bis
3142 1772 3290 1826 mille
3334 1785 3557 1835 aureos,
3602 1767 3771 1824 Utere

2189 1865 2472 1937 (inqucns)
2502 1868 2745 1921 nummis
2778 1865 2901 1920 istis
2930 1866 2994 1918 ad
3030 1863 3363 1918 monasteria
3398 1860 3761 1917 exstruenda.

2188 1956 2333 2013 Saba
2362 1974 2494 2030 ergo
2527 1957 2915 2029 Hierosolyma
2943 1957 3126 2012 rediit.

2261 2052 2433 2105 Porro
2464 2050 2563 2105 l‘uit
2597 2050 3081 2120 Constantinopoli
3137 2050 3221 2103 vir
3263 2048 3488 2118 quidam
3543 2048 3768 2103 nomine

2190 2140 2451 2205 Severus,
2510 2142 2605 2210 qui
2643 2141 2891 2196 Dioscuri
2918 2149 2971 2194 et
2996 2140 3249 2211 Eutychii
3290 2140 3618 2194 sententiam
3649 2152 3768 2191 am—

2189 2232 2384 2301 plexus
2439 2243 2544 2295 est.
2600 2250 2764 2287 unam
2825 2248 3082 2289 asserens
3144 2240 3423 2296 naturam,
3478 2244 3765 2300 personam

2188 2338 2373 2385 unam,
2403 2325 2737 2378 voluntatem
2774 2340 2958 2380 unam.
2993 2323 3093 2380 llic
3120 2324 3187 2377 ad
3216 2323 3573 2379 Anastasium
3598 2324 3771 2391 impe-

2187 2425 2425 2469 ratorem
2463 2418 2758 2481 accedens,
2796 2418 2936 2471 dixit
2986 2417 3092 2486 ipsi
3122 2417 3413 2487 episcopos
3462 2418 3598 2472 istos
3643 2433 3767 2472 sex-

2188 2516 2379 2562 centos
2409 2516 2462 2563 et
2491 2507 2715 2577 triginta
2750 2510 2843 2579 qui
2878 2510 2933 2563 in
2993 2509 3130 2563 urbe
3170 2508 3522 2562 Chalcedone.
3562 2524 3764 2563 conve-

2188 2598 2404 2652 nientes
2460 2598 2515 2652 in
2578 2599 2904 2653 Dioscorum
2956 2612 3010 2655 et
3076 2598 3408 2668 Eutychium
3473 2604 3763 2652 anathema

2194 2692 2353 2764 14.0
2393 2693 2674 2755 dixerunt,
2702 2692 2844 2745 male
2894 2693 2951 2746 in
2982 2693 3085 2746 hoc
3116 2691 3349 2746 fecisse:
3392 2706 3579 2744 veram
3618 2691 3766 2743 Stili-

2187 2795 2273 2837 cet
2308 2786 2469 2839 fidem
2525 2800 2651 2840 esse
2688 2800 2851 2854 quam
2905 2782 3142 2864 professi
3195 2792 3325 2839 sunt
3381 2784 3682 2854 Eutychius
3708 2792 3766 2837 et

2188 2875 2504 2931 Dioscorus.
2540 2877 2659 2931 Noli
2694 2891 2824 2947 ergo
2855 2875 3078 2946 (inquit)
3124 2874 3522 2929 monachorum
3548 2875 3642 2943 qui
3697 2874 3763 2926 ad

2188 2975 2239 3020 te
2300 2968 2700 3039 Hierosolymis
2751 2975 3023 3021 venerunt
3077 2968 3412 3021 sententiam
3470 2966 3763 3035 amplecti,

2191 3068 2379 3128 utpote
2403 3077 2526 3129 quae
2554 3059 2690 3115 falsa
2722 3060 2796 3113 sit
2834 3076 2849 3115 :
2895 3073 3085 3113 verum
3128 3058 3449 3129 perscriptis
3481 3057 3549 3111 ad
3574 3072 3766 3111 omnes

2188 3146 2429 3201 ditiones
2481 3160 2603 3202 tuas
2640 3148 2838 3202 litteris
2866 3147 3063 3216 jnbeas
3120 3150 3396 3205 sexcentis
3441 3157 3495 3202 et
3536 3148 3762 3217 triginta

2186 3242 2457 3313 episcopis
2497 3241 2591 3311 qui
2637 3240 2973 3296 Chalcedoni
3026 3250 3406 3297 convenerunt
3463 3243 3759 3296 anathema

2186 3331 2525 3398 denuntiari,
2548 3333 2909 3401 hominesque
2934 3334 3182 3404 impellas
3203 3333 3267 3388 ad
3298 3349 3463 3388 unam
3484 3344 3766 3397 naturam,

2188 3424 2524 3478 voluntatem
2552 3439 2738 3488 unam,
2772 3441 3045 3497 unamque
3073 3441 3362 3496 personam
3382 3426 3765 3497 profitendam.

2188 3513 2246 3568 lu
2282 3530 2393 3584 quo
2421 3516 2616 3570 annuit
2677 3517 2779 3587 ipsi
2832 3518 3152 3588 imperator.
3210 3520 3411 3575 Audito
3466 3533 3595 3587 ergo
3631 3517 3763 3586 quid

2192 3609 2375 3663 facere
2402 3610 2681 3664 statuisset
2716 3611 3043 3666 Anastasius
3066 3612 3388 3682 imperator,
3428 3612 3650 3681 scripsit
3698 3611 3765 3663 ad

2191 3703 2369 3772 ipsutn
2413 3698 2711 3757 Flavianus
2745 3704 3058 3772 patriarcha
3093 3700 3499 3768 Antiochenus,
3528 3704 3768 3759 suadens

2190 3812 2261 3851 ne
2319 3796 2447 3851 illud
2509 3797 2657 3866 quod
2712 3776 2925 3853 diceret
2985 3799 3221 3853 Severus
3272 3799 3502 3853 faceret.
3565 3796 3769 3852 Verum

2188 3892 2333 3945 enim
2376 3891 2657 3962 amplexos
2693 3907 2819 3947 esse
2876 3892 3166 3963 episcopos
3206 3902 3501 3948 sexcentos
3549 3892 3770 3961 triginta

2190 3984 2284 4055 qui
2316 3983 2652 4038 Chalcedoni
2696 3993 3097 4050 convenerunt,
3138 3993 3191 4039 et
3224 3985 3316 4055 qui
3361 3986 3651 4038 sententias
3685 3984 3771 4052 ip-

2192 4090 2381 4131 sorum
2414 4075 2822 4130 contradiceret
2862 4076 3254 4131 exsecrabilem
3288 4092 3435 4131 esse.
3467 4076 3551 4130 ira
3584 4084 3765 4130 autem

2192 4181 2460 4222 accensus
2521 4168 2824 4238 imperator
2880 4167 3067 4222 missis
3126 4166 3379 4241 [nuntiis]
3446 4165 3765 4221 Flavianum

2194 4257 2567 4328 patriarcham
2598 4257 3005 4313 Antiochenum
3036 4257 3291 4314 exsulare
3322 4258 3507 4328 jussit,
3540 4256 3766 4312 suﬂecto

2192 4348 2313 4405 vice
2342 4350 2517 4422 ipsius
2551 4349 2603 4403 in
2633 4350 3065 4419 patriarchatum
3118 4350 3319 4406 ibidem
3372 4350 3600 4407 Severo.
3631 4350 3769 4404 Cum

511 4444 806 4499 ipsumque
842 4430 1076 4485 habitari
1132 4431 1280 4495 fecit,
1321 4435 1415 4503 qui
1461 4444 1515 4489 et
1570 4434 1876 4491 Palaestinae
1925 4435 2085 4491 stella
2119 4455 2163 4511 υ
2192 4454 2325 4509 ergo
2373 4439 2640 4496 audiisset
2695 4437 2812 4494 Elia
2844 4440 3179 4511 {patriarcha
3233 4440 3768 4512 Hierosolymitanus

508 4530 619 4575 est.
683 4522 821 4576 Cum
870 4533 1054 4576 autem
1111 4521 1647 4596 Constantinopolim
1714 4528 2091 4598 pervenissent

514 4611 771 4665 monachi
806 4612 1025 4680 copiam
1066 4612 1409 4686 (accedendi)
1454 4618 1522 4672 ab
1576 4617 1871 4674 Anastasio
1921 4618 2092 4688 petie-

516 4714 666 4766 runt,
708 4704 803 4775 qui
853 4704 992 4772 ipsis
1046 4706 1365 4765 introeundi
1410 4712 1626 4766 veniam
1679 4712 1976 4768 concessit.
2007 4712 2089 4766 Ad

513 4810 697 4863 regem
731 4810 863 4865 ergo
892 4797 1130 4865 ingressi
1166 4810 1316 4857 sunt.
1354 4800 1479 4857 Fuit
1528 4815 1710 4859 autem
1755 4804 1898 4859 Saba
1928 4805 2092 4860 vesti-

518 4888 625 4942 bus
654 4887 797 4942 tritis
822 4889 1266 4963 indutus,quare
1285 4909 1411 4947 cum
1443 4910 1582 4965 pone
1606 4907 1835 4952 caeteros
1851 4912 1909 4951 se
1926 4898 2093 4952 conti-

518 4985 691 5042 nerct,
740 4979 1140 5048 prohibuerunt
1190 4984 1365 5052 ipsum
1398 4987 1607 5040 ostiarii
1669 4987 1736 5041 ab
1802 4989 2088 5057 ingressu.

518 5070 651 5123 Cum
703 5086 835 5141 ergo
895 5072 1119 5142 legisset
1184 5077 1514 5132 Anastasius
1589 5079 1889 5149 imperator
1962 5082 2093 5136 Elin

520 5164 841 5232 patriarchae
902 5163 1391 5239 llicrosolymitani
1451 5170 1765 5239 epistolam,
1824 5171 2088 5238 Quisnam

519 5258 723 5326 (inquit
760 5258 1068 5330 monachis)
1125 5274 1155 5312 e
1215 5260 1371 5314 vobis
1420 5272 1504 5316 est
1560 5261 1697 5315 Saba
1763 5265 1865 5319 iste
1915 5265 1967 5319 in
2007 5267 2092 5322 his

519 5349 719 5405 litteris
746 5350 1041 5406 laudatus?
1073 5350 1151 5404 Illi
1200 5352 1709 5423 circumspicientes
1764 5373 1889 5412 cum
1946 5359 2091 5416 haud

520 5440 715 5498 adesse
777 5442 956 5511 ipsum
1013 5443 1285 5511 viderent,
1350 5446 1532 5515 ipsum
1599 5463 1903 5506 accersere.
1954 5452 2091 5507 Cum

523 5539 702 5583 autem
762 5530 828 5585 ad
907 5533 1288 5603 imperatorem
1352 5536 1719 5610 137-139
1813 5542 2095 5613 ingressus

521 5629 692 5685 esset,
728 5622 819 5677 ille
845 5627 908 5677 ad
950 5639 1010 5680 se
1039 5629 1264 5699 propius
1315 5631 1577 5687 accedere
1626 5631 1867 5703 jussum,
1902 5635 2090 5705 juxta-

522 5722 631 5777 que
663 5724 722 5765 se
752 5712 1098 5785 collocatum,
1155 5722 1509 5803 interrogavit
1562 5723 1629 5781 de
1685 5721 2094 5799 Hierosolymo-

2192 4530 2514 4607 Flavianum
2548 4531 2605 4585 in
2641 4530 2899 4586 exsilium
2930 4533 3145 4602 pulsum
3198 4548 3345 4598 esse,
3401 4546 3466 4586 ac
3504 4534 3769 4586 Severum

2193 4625 2246 4680 in
2277 4624 2456 4678 locum
2490 4625 2665 4693 ipsius
2714 4622 3025 4691 suﬂ‘ectum,
3071 4627 3399 4680 convocavit
3443 4640 3628 4680 coram
3678 4623 3769 4677 Se-

2194 4714 2384 4783 pulcro
2413 4720 2467 4767 et
2497 4713 2771 4783 Golgotlta
2805 4716 3130 4779 monachos,
3171 4716 3264 4785 qui
3304 4715 3361 4769 in
3414 4715 3771 4768 Anastasium

2196 4806 2581 4875 imperatorem
2613 4815 2667 4860 et
2687 4806 2948 4862 Severum
2981 4807 3382 4877 patriarcham,
3415 4816 3471 4861 et
3499 4815 3770 4876 quotquot

2196 4897 2370 4967 ipsius
2408 4898 2740 4952 sententiam
2778 4899 3267 4969 amplecterentur,
3326 4900 3619 4953 anathema
3674 4901 3778 4952 de-

2203 4988 2550 5043 nuntiarunt.
2579 4990 2908 5046 Anastasius
2939 4992 3070 5059 e'rgo
3101 4992 3399 5060 imperator
3423 4992 3610 5046 audito
3636 4990 3773 5060 quid

2198 5080 2413 5136 fecisset
2446 5081 2560 5135 Elia
2615 5083 2928 5152 patriarcha
2964 5082 3320 5155 141-143
3378 5082 3773 5151 Hierosolymi-

2196 5182 2380 5239 tantis,
2416 5176 2660 5241 mittens,
2691 5174 2872 5245 ipsum
2913 5176 3043 5231 llam
3092 5176 3357 5246 relegavit
3388 5177 3576 5247 (idque
3625 5188 3777 5227 anno

2198 5266 2413 5335 imperii
2477 5266 2755 5321 Anastasii
2815 5266 3086 5322 vicesimo
3146 5267 3356 5337 tertio),
3416 5267 3781 5338 praefecitquc

2196 5356 2589 5429 Hierosolymis
2615 5360 2984 5429 patriarcham
3021 5360 3313 5429 quemdam
3338 5363 3560 5415 nomine
3603 5358 3780 5413 Joauo

2198 5466 2343 5517 nem,
2403 5457 2592 5521 utpote
2643 5450 2736 5520 qui
2794 5450 2899 5521 ipsi
2931 5452 3263 5522 promiserat
3301 5468 3359 5507 se
3392 5453 3445 5506 in
3484 5452 3780 5522 episcopos

2199 5552 2493 5598 sexcentos
2523 5542 2746 5612 triginta
2773 5543 3212 5613 quiChalcedoui
3244 5544 3614 5601 interfuerunt
3641 5559 3781 5599 ana-

2198 5634 2382 5688 thema
2410 5633 2710 5689 dicturum.
2740 5633 2843 5691 Ubi
2869 5651 2998 5708 ergo
3022 5636 3402 5708 Hierosolyma
3424 5638 3782 5703 accessisset,

2199 5727 2618 5791 convenientes.
2664 5730 2843 5788 insunt
2876 5730 3132 5789 monachi
3169 5739 3223 5789 et
3258 5730 3439 5793 Saba°
3486 5728 3606 5787 Noli
3665 5730 3781 5801 (in-
