4034 6214
370 250 508 315 1065

361 446 1125 533 Chalcedonensepropugna:
1147 466 1312 539 [quod
1329 473 1371 525 si
1394 474 1937 547 feceris],nosouines

360 565 389 603 a
429 551 677 619 partibus
707 554 814 608 tuis
856 556 1147 614 stabimus.
1185 560 1338 626 Quod
1368 564 1457 619 ille
1482 566 1612 636 ipsis
1639 570 1934 639 pollicitus,

362 644 695 697 contrarium
734 648 781 699 ei
851 649 995 716 quod
1070 651 1172 721 ipsi
1227 656 1578 713 mandaverat
1638 661 1936 730 imperator

360 732 509 788 fecit.
578 734 749 806 Cujus
840 739 917 793 rei
985 745 1185 797 certior
1252 745 1427 801 factus
1512 750 1828 821 imperator,
1904 771 1935 810 e

359 825 596 879 ducibus
646 831 760 883 suis
814 834 1106 901 quemdam
1158 838 1329 902 misit,
1375 843 1464 909 qui
1513 840 1778 902 Joannem
1834 867 1933 921 pa-

358 916 652 984 triarcliam
718 920 1302 995 llierosolymitanmu,
1360 933 1489 987 illud
1550 936 1726 992 facere
1784 949 1928 1011 quod

357 1010 685 1077 pruiniserat
748 1026 1015 1080 moneret,
1090 1029 1264 1089 utque
1352 1028 1565 1081 concilii
1625 1031 1928 1088 Chalcedo-

357 1104 542 1156 nensis
595 1106 924 1159 mentionem
974 1107 1158 1164 facere
1214 1113 1527 1180 desisteret,
1581 1121 1665 1175 sin
1722 1125 1927 1190 minus,

354 1191 617 1247 cathedra
661 1194 963 1252 abdicaret.
1006 1202 1289 1259 Accedens
1315 1221 1445 1277 ergo
1478 1210 1586 1264 dux
1621 1214 1718 1267 iste
1759 1215 1927 1270 Joan-

356 1299 475 1349 nent
506 1286 875 1353 patriarcbam
906 1289 1236 1358 prehensum
1270 1292 1321 1348 iit
1354 1312 1630 1354 carcerem
1663 1306 1924 1375 conjecit.

352 1372 521 1440 Quem
560 1376 629 1430 ibi
664 1376 928 1434 adeuntes
971 1385 1221 1437 monachi
1272 1386 1320 1438 ei
1357 1402 1647 1444 suaserunt
1681 1405 1737 1447 ut
1786 1397 1925 1451 idem

350 1467 476 1521 dttci
535 1483 594 1521 se
651 1468 921 1525 faeturum
974 1475 1348 1543 polliceretur,
1394 1482 1535 1549 quod
1610 1487 1923 1554 imperatori

353 1558 630 1626 pollicitus
666 1559 860 1625 fuerat,
886 1578 1008 1615 cum
1046 1575 1226 1619 autem
1275 1570 1488 1624 adesset
1551 1588 1740 1629 omnes
1800 1578 1924 1635 illos

347 1648 695 1703 anathemate
737 1650 918 1705 feriret
963 1670 1100 1723 quos
1144 1658 1745 1721 anathematizaverant
1810 1687 1925 1725 nio-

350 1740 533 1794 nachi.
563 1740 718 1806 Quod
757 1758 881 1796 cum
924 1745 1164 1813 fecisset,
1199 1754 1587 1810 convenientes
1646 1764 1918 1829 uzonaehi,
1956 1739 1995 1793 Β

350 1850 577 1887 numero
602 1835 821 1889 circiter
875 1837 1059 1893 decies
1106 1841 1255 1895 mille
1301 1844 1444 1899 inter
1495 1862 1636 1916 quos
1665 1849 1920 1907 Theodo-

349 1924 489 1991 sius,
516 1928 805 1991 tibaritan,
839 1938 891 1982 et
919 1928 1059 1984 Saba
1091 1936 1471 1992 cinnobiornm
1526 1948 1827 2012 pra'positi,
1867 1951 1919 2001 in

349 2018 696 2083 Dioscorum,
760 2020 1114 2091 Eutycbiutn,
1169 2024 1430 2082 Severum
1488 2042 1541 2084 et
1606 2036 1920 2108 quicunque

345 2111 640 2164 concilium
701 2112 1146 2172 Chalcedonense
1203 2119 1364 2192 144
1428 2138 1538 2177 non
1618 2130 1914 2198 reciperent

349 2203 640 2257 anathema
709 2204 992 2260 dixerunt.
1060 2208 1249 2263 Metuit
1325 2224 1506 2269 autem
1572 2218 1917 2288 imperatoris

343 2292 616 2361 legatusa
651 2299 955 2352 monachis.
1001 2301 1207 2354 Aderat
1267 2306 1429 2358 ctiam
1498 2324 1603 2362 una
1681 2311 1916 2382 impeta-

343 2390 482 2438 toris
515 2395 806 2452 cognatus,
844 2389 932 2442 cui
984 2405 1111 2443 cuin
1169 2394 1221 2446 id
1259 2411 1421 2463 grave
1464 2411 1629 2463 esset,
1668 2407 1920 2470 promisit

341 2477 458 2544 ipse
496 2478 781 2532 monachis
811 2495 1162 2535 reversurum
1199 2486 1583 2554 imperatorem
1628 2493 1697 2545 ab
1746 2494 1917 2548 altera

340 2569 447 2621 ista
503 2568 567 2621 ad
607 2568 853 2638 ipsorum
902 2575 1227 2627 sententiam
1261 2587 1310 2629 et
1354 2577 1420 2630 ad
1454 2584 1753 2639 Veritatem.
1786 2588 1915 2639 Cum

339 2673 470 2726 ergo
553 2659 1091 2731 Constantinopolim
1145 2668 1494 2734 pervenisset
1570 2673 1917 2742 imperatoris

338 2760 606 2819 cognatus
653 2752 775 2813 istc,
816 2754 946 2820 quid
1004 2756 1205 2808 factum
1257 2772 1400 2813 esset
1463 2764 1562 2830 ipsi
1622 2768 1913 2823 nuntiavit.

334 2842 580 2911 Cumth
616 2844 667 2896 in
700 2848 883 2898 animo
922 2847 1145 2900 haberet
1206 2850 1498 2919 imperitior
1542 2857 1704 2909 etiam
1752 2857 1914 2912 Joan-

338 2949 459 2988 nem
494 2938 863 3006 patriarchain
930 2919 1492 3010 llieiosrilytiiitarittnt
1554 2949 1607 3000 in
1660 2952 1913 3005 exsilium

336 3027 574 3091 mittere,
610 3030 925 3099 congregati
974 3034 1228 3086 monachi
1272 3043 1325 3088 et
1357 3038 1597 3108 episcopi
1628 3042 1693 3095 ad
1735 3045 1911 3113 ipsum
1942 3079 1981 3113 ρ

332 3120 703 3187 scripserunt,
735 3137 795 3175 se
828 3121 1013 3176 Severi
1064 3126 1144 3179 vel
1182 3127 1491 3183 heterodoxi
1525 3133 1756 3203 alicujus
1792 3153 1918 3189 sen-

332 3212 559 3264 tentiam
604 3213 1030 3284 haudquaquam
1088 3218 1462 3287 amplexuros,
1518 3227 1732 3281 etiamsi
1788 3244 1914 3281 san-

331 3304 545 3371 guinem
572 3306 812 3372 ipsoruin
884 3306 1165 3373 funderet;
1227 3323 1481 3379 rogantes
1508 3316 1671 3370 iliani
1703 3320 1905 3388 ipsum,

333 3405 447 3447 uta
483 3397 626 3449 malo
670 3398 803 3465 ipsis
856 3400 1141 3453 inferendo
1192 3401 1503 3460 desisteret.
1556 3408 1688 3462 Cum
1746 3417 1906 3467 etiam

332 3488 599 3541 andiisset
647 3488 1008 3558 Symmachus
1063 3492 1373 3559 patriarcha
1440 3495 1716 3554 Romanus
1780 3503 1909 3568 quid

336 3577 553 3633 fecisset
581 3582 903 3636 Anastasius
931 3623 945 3645 ,
976 3585 1195 3652 scriptis
1232 3590 1298 3639 ad
1335 3589 1512 3656 ipsum
1578 3592 1772 3645 litteris
1820 3595 1902 3645 fa-

330 3679 476 3725 ctum
497 3672 614 3740 ejus
630 3676 974 3742 vituperavit.
1006 3677 1215 3744 ipsique
1235 3681 1522 3732 anathema
1544 3683 1913 3738 denuntiavit.

401 3762 755 3834 Mortuusque
788 3775 872 3819 est
908 3767 1276 3835 Symmachus
1310 3774 1621 3839 patriarcha
1652 3790 1772 3826 eum
1808 3792 1904 3826 an-

332 3872 433 3909 nos
457 3859 874 3925 quatuordecim
917 3860 1176 3913 sedisset.
1210 3858 1339 3914 Post
1370 3878 1532 3930 quem
1569 3870 1908 3920 constitutus

327 3962 410 4003 est
445 3949 642 4003 ibidem
700 3952 1014 4019 patriarcha
1068 3951 1381 4019 llormistla,
1418 3956 1508 4023 qui
1558 3957 1757 4009 Severo
1817 3973 1909 4026 pa-

330 4043 961 4097 triarchasAntioclieno
994 4056 1047 4097 et
1094 4055 1370 4116 quotquot
1423 4048 1563 4101 idem
1612 4066 1732 4100 cum
1788 4052 1906 4117 ipso

329 4146 637 4189 asSercrent
670 4137 972 4201 maledixit,
1007 4138 1171 4207 idque
1203 4154 1347 4192 anno
1382 4141 1594 4208 imperii
1630 4144 1902 4195 Anastasii

328 4226 693 4280 Romanorum
733 4230 1080 4297 imperatoris
1116 4232 1375 4284 vicesimo
1404 4233 1583 4283 tertio.
1620 4229 1771 4285 Sedit
1800 4248 1900 4285 au-

328 4329 432 4372 tem
471 4318 755 4389 llpvtnisda
787 4321 1097 4387 patriarcha
1138 4321 1628 4375 liontannsannos
1660 4332 1894 4390 Septem.

326 4411 451 4462 dein
489 4418 736 4463 mortuus
760 4420 863 4463 est.
911 4409 1100 4474 Porro,
1167 4410 1268 4463 fuit
1332 4412 1537 4466 Severo
1598 4415 1899 4483 discipulus
1934 4395 1975 4451 ί)

328 4502 548 4554 nomine
579 4501 835 4566 Jacobns,
893 4502 978 4554 cui
1044 4505 1276 4557 amictus
1327 4512 1443 4556 erat
1493 4521 1522 4558 e
1570 4508 1900 4569 si-gminibus

326 4591 616 4644 Albaradei
642 4607 737 4646 seu
764 4592 1100 4646 dorsualium
1154 4591 1503 4665 145147
1541 4610 1660 4663 quae
1687 4596 1903 4663 jumen—

325 4684 394 4739 tis
425 4686 648 4737 insterni
679 4684 854 4737 solent
885 4684 1153 4752 consutis,
1189 4690 1331 4740 unde
1359 4701 1659 4755 cognomen
1714 4685 1899 4741 Jacobi

325 4779 747 4832 Albaiadiensis
805 4779 1039 4847 accepit,
1102 4780 1258 4848 cujus
1316 4782 1564 4833 doctrina
1618 4790 1735 4833 erat
1779 4796 1902 4836 esse

322 4873 544 4927 Christo
580 4883 833 4924 naturam
888 4885 1049 4923 unam
1091 4888 1120 4925 e
1151 4872 1363 4925 duabus
1399 4873 1607 4925 naturis
1657 4874 1899 4942 [compo-

321 4962 531 5034 sitam,|
567 4964 925 5017 substantiam
952 4980 980 5015 e
1006 4963 1329 5017 substantiis
1359 4963 1587 5029 duabus,
1621 4978 1673 5017 et
1704 4966 1897 5018 volun-

322 5068 486 5110 tatem
521 5072 706 5120 unam,
733 5056 1029 5111 secundum
1066 5056 1392 5110 sententiam
1418 5056 1625 5121 Severi,
1653 5055 1895 5127 Dioscori

318 5157 374 5201 et
423 5147 672 5217 liutychii
738 5146 1172 5199 maledictorum.
1227 5145 1513 5201 Profectus
1567 5147 1653 5201 hic
1707 5164 1899 5203 versus

254 5278 259 5289 .
322 5236 788 5304 Mesopotamiam,
855 5233 1080 5297 Gizani,
1139 5234 1455 5299 Tacritnm,
1513 5236 1789 5291 llaranum
1840 5249 1895 5295 et

318 5325 634 5379 Armeniam
666 5327 825 5380 fidem
860 5326 1139 5378 hominum
1174 5331 1441 5395 corrupit,
1472 5343 1738 5398 suamque
1771 5331 1893 5384 illos

317 5421 623 5473 doctrinam
678 5421 931 5488 amplecti
988 5419 1136 5473 fecit.
1188 5419 1319 5473 Inde
1384 5422 1475 5489 qui
1530 5419 1714 5476 Jacobi
1771 5425 1893 5477 ttdei

316 5521 737 5575 consenserunt,
765 5512 1018 5578 idemque
1034 5523 1158 5561 eum
1188 5512 1306 5579 ipso
1332 5524 1615 5565 asseruere
1632 5512 1895 5570 Jacobita:

316 5606 575 5675 appellati
612 5613 761 5667 sunt,
802 5603 869 5656 ab
918 5602 1093 5669 ipsius
1146 5601 1366 5658 homine
1423 5602 1650 5659 Jaeobo.
1710 5609 1889 5677 lnquit

316 5698 441 5755 Said
470 5698 585 5753 Ebn
611 5696 793 5750 Batrik
826 5697 1109 5752 medicus:
1141 5694 1327 5752 Visum
1365 5712 1443 5754 cst
1477 5703 1609 5757 inihi
1641 5704 1739 5758 hoc
1766 5706 1885 5758 loco

634 5796 900 5857 ΡΑτιιοι..
932 5798 1047 5857 Gn.
1087 5795 1240 5860 CXI.

1807 276 2174 340 ANNAIES.

363 366 584 433 quium)
616 363 801 420 Severi
834 373 1155 427 sententiain
1187 380 1458 447 amplecti,
1507 384 1601 437 sed
1636 388 1930 441 concilium
1966 412 2009 457 Α
2040 392 2308 449 Jacobitis
2347 395 2701 467 respondere,
2730 414 2783 456 et
2812 403 3026 459 doctrin

3034 426 3075 460 :e
3110 410 3354 479 ipsorum
3399 415 3614 474 falsita—

2042 494 2221 541 temet
2247 489 2637 564 absurditatem
2660 495 2969 551 estendere.
3006 497 3226 555 Dicatur
3258 504 3361 560 illis
3396 524 3410 560 :
3443 506 3613 566 Dicite

2042 576 2196 634 nobis
2229 578 2382 650 [quid
2410 583 2685 656 sentiatis]
2718 586 2785 639 de
2834 603 3064 654 persona
3099 589 3259 648 Verbi
3314 596 3432 662 Dei,
3491 617 3612 671 quae

2040 669 2156 724 ﬁeri
2191 687 2299 726 non
2328 684 2524 743 potest,
2556 679 2686 748 qttin
2722 679 2803 731 vel
2853 684 3148 749 sumpserit
3194 687 3323 755 quid
3371 690 3437 746 de
3482 669 3615 749 sub-

2040 766 2241 818 stantia
2296 768 2655 825 humanitatis
2710 774 2870 844 eiquc
2931 778 3083 831 unita
3137 778 3319 844 fuerit,
3369 784 3449 838 vel
3505 802 3610 840 non

2037 857 2351 925 sumpserit.
2397 860 2453 914 Si
2484 861 2740 917 dixeritis
2776 867 2910 920 nihil
2948 871 3249 939 accepisse,
3289 872 3486 929 falsum
3530 888 3611 932 est

2038 960 2324 1012 personam
2351 966 2512 1018 quam
2536 952 2755 1008 Christo
2783 958 3081 1014 attribuitis
3105 964 3461 1031 compositam
3489 982 3613 1023 csse
3646 1020 3647 1023 η

2037 1053 2100 1089 ex
2135 1039 2419 1094 divinitate
2454 1053 2506 1095 ct
2550 1044 2911 1104 humanitate.
2947 1050 3102 1116 Quod
3127 1052 3173 1107 si
3207 1055 3337 1123 quid
3366 1072 3613 1127 sumpse-

2038 1129 2127 1195 rit,
2159 1146 2384 1187 necesse.
2431 1144 2509 1188 est
2539 1144 2616 1200 ut,
2649 1139 2792 1205 quod
2826 1153 3101 1211 sumptum
3150 1145 3311 1200 fuerit
3345 1163 3412 1203 cx
3442 1148 3609 1206 Maria

2040 1218 2382 1292 Virgine,sit
2435 1227 2743 1282 substantia
2784 1236 2866 1287 vel
2911 1238 3221 1292 communis
3250 1240 3332 1293 vel
3367 1244 3605 1308 particu-

2035 1313 2206 1379 larls;
2240 1318 2283 1370 si
2320 1322 2631 1374 communis
2667 1320 2851 1389 fuerit,
2886 1325 3009 1379 inde
3041 1338 3302 1397 sequetur
3327 1348 3449 1388 esse
3483 1338 3610 1389 sub-

2034 1394 2293 1460 stantiam
2333 1410 2572 1465 divinam
2608 1421 2661 1467 et
2687 1415 3028 1474 substantias
3070 1421 3355 1487 humanas,
3384 1440 3606 1496 compo-

2032 1499 2203 1563 sitas,
2263 1502 2501 1566 multas;
2572 1504 2717 1573 quod
2786 1507 3125 1577 impossibile
3186 1521 3292 1567 est.
3359 1515 3511 1581 Quod
3561 1521 3603 1570 si

2033 1590 2339 1644 substantia
2380 1596 2728 1661 particularis
2752 1614 2873 1667 qua:
2914 1601 3145 1656 iudicari
3200 1616 3401 1672 potest,
3448 1609 3610 1682 148

2035 1690 2145 1735 tum
2178 1692 2305 1736 sunt
2342 1684 2562 1740 (lbristo
2595 1689 2923 1746 substantia:
2979 1694 3118 1760 duae,
3172 1698 3355 1753 divina
3410 1716 3606 1771 nempe

2025 1780 2078 1824 et
2108 1773 2367 1839 humana,
2400 1788 2453 1830 at
2483 1779 2842 1838 subsistantia
2880 1801 3008 1848 una,
3042 1797 3095 1841 et
3123 1791 3417 1860 unicuique
3478 1798 3609 1849 sul.»-

2025 1868 2236 1920 stantire
2279 1878 2474 1922 natura
2527 1886 2625 1925 sua
2682 1890 2694 1926 :
2747 1886 2908 1944 atque
2959 1879 3041 1933 ha:
3091 1880 3211 1935 dua:
3265 1886 3604 1942 Sttbstanlizr.

2025 1965 2232 2011 natura:
2262 1959 2403 2024 duas,
2450 1963 2809 2019 subsistentia
2846 1984 2973 2034 una,
3024 1982 3077 2026 et
3136 1989 3362 2031 necesse
3414 1979 3517 2032 erit
3552 1993 3608 2032 ut

2022 2048 2148 2098 dum
2179 2051 2345 2102 unita:
2375 2050 2575 2107 fuerint
2597 2054 2715 2108 dum
2747 2058 3089 2127 substantia),
3116 2076 3337 2123 mutatae
3360 2068 3557 2125 fuerint
3592 2094 3601 2125 :

2024 2143 2163 2208 quoi
2199 2142 2242 2194 si
2285 2157 2312 2194 a
2352 2144 2661 2201 substantia
2699 2165 2795 2203 sua
2838 2163 3055 2208 mutatae
3088 2157 3307 2225 fuerint,
3346 2162 3462 2218 ﬁeri
3497 2181 3601 2217 non

2025 2242 2203 2299 potest
2240 2236 2371 2303 quin
2407 2246 2464 2289 ut
2504 2239 2584 2291 vel
2642 2250 2848 2296 mutata
2886 2245 3045 2299 fuerit
3079 2248 3392 2307 substantia
3420 2256 3602 2311 divina

2025 2324 2074 2373 in
2128 2325 2488 2379 substantiam
2542 2330 2856 2398 humanam,
2890 2345 2943 2388 et
2989 2336 3127 2392 facta
3151 2342 3221 2394 sit
3256 2343 3458 2403 homo:
3524 2351 3603 2402 \cl

2024 2414 2331 2467 substantia
2370 2418 2604 2472 humana
2647 2422 2700 2474 in
2730 2422 2991 2487 divinant,
3026 2428 3276 2499 factaque
3315 2435 3385 2489 sit
3415 2436 3597 2498 Deus;

2025 2514 2117 2557 aut
2162 2516 2217 2559 ut
2252 2516 2492 2578 utrmque
2522 2512 2590 2567 ab
2621 2514 2858 2567 issentia
2901 2532 2997 2569 sua
3057 2519 3111 2572 in
3166 2523 3326 2576 aliam
3381 2541 3601 2583 mutat-te

2021 2596 2132 2649 sint
2162 2598 2486 2665 essentiam,
2522 2610 2580 2655 ut
2624 2608 2694 2657 ita
2733 2622 2794 2659 ex
2834 2608 2917 2681 iis
2976 2609 3112 2665 facta
3179 2617 3250 2670 sit
3296 2619 3600 2677 substantia

2020 2687 2145 2752 alia,
2181 2695 2233 2741 et
2261 2700 2452 2743 natura
2487 2694 2612 2748 alia.
2650 2696 2799 2762 Qnol
2836 2700 2880 2753 si
2909 2701 2982 2756 ita
3025 2718 3083 2757 se
3110 2705 3365 2763 habuerit
3399 2726 3507 2777 res,
3540 2727 3596 2770 et

2020 2794 2277 2834 conversa
2311 2780 2474 2837 fuerit
2499 2785 2755 2843 divinitas
2788 2794 2837 2842 in
2873 2793 3288 2864 humanitatem,
3321 2811 3435 2858 tum
3496 2821 3598 2860 n3-

2020 2882 2139 2925 tura
2175 2873 2377 2928 Christi
2418 2877 2581 2931 homo
2614 2892 2724 2947 est,
2770 2900 2877 2938 non
2931 2885 3114 2950 licus;
3170 2902 3223 2946 et
3285 2901 3596 2953 necessario

2019 2966 2347 3022 attribuetur
2385 2984 2546 3039 poena
2585 2973 2902 3031 substantiae
2931 2979 2960 3032 «ι
2992 2982 3252 3049 vinitatis,
3294 2997 3346 3041 et
3378 2989 3595 3047 invadet

1942 3079 1982 3139 ε
2020 3055 2191 3125 ipsam
2222 3063 2544 3130 corruptio;
2601 3065 2703 3119 hoc
2734 3077 2913 3123 autem
2950 3072 3370 3141 impossibiliuni
3400 3084 3595 3139 absur-

2018 3146 2303 3204 dissimum
2337 3161 2440 3206 est.
2466 3154 2564 3207 Sin
2594 3172 2857 3213 conversa
2884 3161 3044 3217 fuerit
3066 3168 3373 3226 substantia
3404 3175 3596 3229 huma—

2017 3240 2206 3294 nitatis
2258 3246 2311 3295 iii
2368 3246 2730 3303 substantiam
2800 3252 3120 3320 divinitatis,
3154 3264 3285 3314 'erit
3337 3264 3592 3321 Christus

2016 3328 2183 3395 Deus,
2251 3351 2356 3388 non
2413 3337 2600 3403 homo,
2649 3349 2701 3395 et
2761 3348 3012 3413 sequitur
3080 3350 3247 3407 fuisse
3303 3355 3479 3424 ipsum
3525 3360 3592 3413 de

2013 3436 2153 3475 novo
2184 3436 2386 3487 ortum,
2424 3440 2476 3481 rt
2515 3430 2714 3485 factum
2751 3449 2872 3490 esse
2904 3449 3193 3507 aeternum,
3232 3448 3381 3516 quod
3410 3458 3464 3504 et
3509 3455 3593 3505 ἱιιο

2012 3518 2488 3585 terizupossibilia
2542 3540 2756 3581 sumine
2810 3531 3106 3587 absurdum
3164 3548 3269 3593 est.
3335 3540 3489 3606 Quod
3542 3548 3586 3598 si

1996 3596 2259 3678 'utraeque
2298 3611 2460 3665 simul
2493 3628 2522 3665 a
2549 3616 2855 3673 substantia
2893 3638 2992 3676 sua
3024 3636 3245 3683 mutata:
3277 3630 3501 3692 fuerint.
3536 3650 3588 3690 ct

2007 3712 2034 3746 a
2073 3708 2264 3751 natura
2297 3717 2360 3755 ac
2392 3706 2633 3759 essentia
2685 3725 2782 3763 sua
2818 3726 3099 3769 conversa:
3131 3719 3183 3771 iii
3220 3722 3583 3780 snbstantiain

2012 3788 2167 3841 aliam
2210 3806 2273 3843 ac
2316 3803 2567 3847 naturam
2605 3800 2787 3862 aliam,
2827 3802 2939 3870 jam
2997 3806 3254 3867 Christus
3304 3830 3403 3869 nec
3443 3817 3585 3871 Dens

2010 3879 2137 3941 crit,
2173 3896 2269 3935 nec
2302 3885 2486 3949 homo,
2518 3899 2573 3939 ut
2602 3892 2935 3948 orichalcum
2964 3901 3107 3965 quod
3143 3918 3240 3956 nec
3264 3922 3337 3961 aes
3369 3916 3453 3963 est
3486 3926 3584 3964 nec
3654 3934 3659 3937 *

2010 3971 2314 4038 plumbum,
2347 3984 2441 4024 aut
2469 3987 2663 4032 natura
2694 3984 2823 4035 muli
2856 4002 2978 4054 qua:
3020 4005 3116 4044 nec
3141 3994 3281 4048 asini
3330 4013 3426 4053 nec
3457 4007 3581 4070 equi

2009 4070 2204 4116 natura
2243 4062 2591 4136 149-151
2645 4080 2746 4124 est.
2809 4075 2964 4140 Quod
3020 4079 3066 4131 si
3115 4092 3322 4139 natura:
3368 4062 3519 4144 binae
3552 4113 3580 4145 a

2004 4155 2311 4227 substantia
2344 4172 2443 4212 sua
2475 4174 2595 4228 post
2630 4164 2882 4219 unionem
2908 4185 3184 4227 conversze
3218 4191 3325 4229 non
3357 4179 3579 4244 fuerint,

2006 4260 2107 4298 nec
2142 4246 2208 4299 ab
2244 4251 2482 4302 essentia
2518 4268 2615 4306 sua
2654 4265 2892 4322 mutatae,
2923 4260 3014 4314 sed
3042 4271 3269 4334 utraque
3303 4269 3355 4322 in
3382 4280 3576 4327 naturai

2008 4353 2072 4392 ar.
2103 4342 2406 4395 substantia
2461 4360 2557 4398 sua
2595 4347 2809 4402 stabilis
2866 4366 3182 4418 permaneat
3231 4372 3355 4414 cum
3401 4365 3579 4418 subsi-

2010 4436 2202 4489 stentia
2246 4451 2373 4498 una,
2409 4453 2529 4505 qua
2580 4447 2664 4492 est
2709 4442 3070 4500 subsistentia
3108 4447 3291 4517 Verbi,
3322 4454 3434 4523 jam
3468 4473 3581 4510 ma-

2012 4523 2262 4579 nifestum
2289 4536 2371 4581 est
2404 4543 2467 4581 ac
2514 4542 2723 4584 certum
2769 4534 3045 4589 Christum
3100 4554 3223 4595 esse
3287 4558 3577 4611 persona-4i

2008 4631 2191 4683 unam,
2242 4618 2379 4673 duas
2430 4618 2738 4690 [habentem
2774 4627 3049 4700 naturas],
3090 4631 3226 4687 duas
3247 4635 3575 4699 voluntates.

2004 4707 2252 4776 duasque
2283 4710 2546 4777 actiones,
2579 4726 2703 4766 cum
2741 4716 2947 4771 unitate
2997 4720 3360 4779 subsistentia:
3391 4728 3572 4789 unius.

2006 4795 2255 4850 videlicet
2308 4798 2677 4855 subsistentia)
2725 4800 2884 4858 Verbi
2911 4810 3055 4875 quod
3089 4820 3171 4865 est
3207 4812 3373 4870 Filius
3418 4828 3547 4873 :rler

2008 4903 2130 4952 nus,
2164 4897 2327 4957 atque
2366 4888 2470 4943 hoc
2513 4892 2673 4945 modo
2723 4895 2988 4949 evertitur
3033 4898 3164 4954 fides
3203 4888 3611 4994 Jacobitaruui:

2003 4980 2343 5053 [dicentium]
2375 4999 2493 5039 esse
2523 4984 2798 5041 Christum
2828 4992 3190 5049 substantiam
3222 5013 3380 5052 unam
3403 5012 3456 5054 et
3478 5017 3541 5053 na

2005 4983 2343 5053 [dicentium]
2375 4999 2493 5039 esse
2523 4984 2798 5041 Christum
2828 4992 3190 5049 substantiam
3222 5013 3380 5052 unam
3403 5012 3456 5054 et
3478 5017 3541 5053 na
3587 4983 3611 4994 ’

2005 5081 2178 5125 tttratn
2219 5088 2403 5127 unam.
3578 4983 3618 5247 ἢ

2075 5160 2291 5217 Dicetur
2321 5166 2482 5221 etiam
2516 5168 2623 5224 illis
2650 5186 2663 5223 :
2695 5171 2865 5229 Dicite
2893 5177 3077 5242 nobis,
3103 5179 3215 5236 hinc
3244 5191 3437 5237 natura
3463 5200 3565 5238 tina

2075 5160 2291 5217 Dicetur
2321 5166 2482 5221 etiam
2516 5168 2623 5224 illis
2650 5186 2663 5223 :
2695 5171 2865 5229 Dicite
2893 5177 3077 5242 nobis,
3103 5179 3215 5236 hinc
3244 5191 3437 5237 natura
3463 5200 3565 5238 tina

2000 5270 2164 5323 quam
2190 5256 2412 5312 Christo
2446 5259 2710 5327 tribuitis,
2738 5272 2895 5320 estne
2912 5281 2976 5321 ea
2999 5270 3181 5325 divina
3208 5286 3275 5325 an
3300 5274 3571 5331 humana?

2000 5356 2093 5401 ant
2129 5345 2312 5401 divina
2341 5348 2503 5402 simul
2538 5359 2592 5405 et
2620 5351 2895 5408 humana?
2934 5363 3029 5410 aut
3086 5373 3187 5413 nee
3235 5360 3420 5417 divina
3472 5382 3573 5419 nec,

2014 5437 2253 5491 humana
2281 5439 2303 5491 ?
2340 5439 2397 5493 Si
2430 5441 2673 5496 dixerint
2704 5459 2802 5500 nec
2833 5446 3073 5500 divinam
3110 5464 3232 5505 esse
3260 5468 3357 5508 nec
3388 5455 3573 5510 humas

1997 5545 2145 5593 nam,
2178 5530 2289 5599 jam
2328 5533 2395 5587 ad
2426 5534 2803 5589 infidelitatem
2852 5537 3061 5607 delapsi
3111 5540 3388 5599 Christum
3454 5559 3571 5603 sta-

1996 5630 2213 5675 tuerunt
2247 5637 2345 5676 nec
2372 5622 2541 5678 Deum
2569 5639 2694 5680 esse
2716 5640 2817 5680 nec
2843 5628 3143 5698 hominem,
3181 5637 3324 5702 quod
3358 5637 3562 5709 inipos-
3585 5713 3601 5719 _

1989 5712 2148 5771 sibile
2181 5724 2267 5787 est
2302 5733 2314 5769 :
2352 5715 2497 5786 quod
2548 5718 2591 5770 si
2624 5716 2862 5774 divinam
2915 5735 3035 5791 esse
3080 5740 3187 5778 non
3248 5727 3573 5811 humanam,

3172 5819 3248 5883 34

3592 4764 3621 4945 ί
