4034 6214
507 293 639 355 1067

1520 296 1813 354 ΕΗῚὟΕΙΙ
1832 294 1881 350 ll
1926 290 2459 351 ALEXANDlilNl
2500 291 2584 350 PA
2600 292 2712 349 I'R.

3608 287 3736 347 1063

476 411 605 479 ‘jatn
655 408 1053 462 humanitatem
1095 420 1400 479 negarunt;
1457 408 1542 462 sin
1602 411 1891 462 humanam
1947 422 2071 461 esse
2099 419 2141 473 Α
2175 404 2344 460 fuisse
2374 422 2439 460 eo
2471 417 2720 476 tempore
2768 404 3034 458 accidisse
3066 401 3533 471 Constantinopoli
3567 403 3733 469 fulgur

497 508 784 555 autument
838 514 945 554 non
1009 500 1271 565 divinam,
1325 499 1664 554 divinitatem
1722 507 1942 568 negant,
2012 510 2066 553 et

495 590 769 647 Christum
801 592 1146 647 constituunt
1176 595 1267 662 qui
1304 593 1446 647 Deus
1491 608 1599 645 non
1626 592 1698 646 sit
1733 612 1745 646 :
1778 593 1820 647 si
1855 607 1985 645 vero
2011 601 2066 645 et

499 684 793 739 humanam
820 692 881 738 et
921 684 1160 738 divinam
1188 700 1311 738 esse
1364 695 1634 750 asseram,
1675 685 1777 738 hoc
1810 693 1971 754 pacto
2011 692 2066 738 et

498 783 598 826 sos
615 770 884 835 homines,
910 780 963 825 et
991 772 1201 824 Patrem
1230 769 1424 826 Filium
1447 782 1499 826 et
1523 772 1784 842 Spiritum
1814 782 2062 828 sanetum

502 863 667 916 unius
697 870 944 917 statuunt
974 872 1201 931 natura}.
1240 864 1393 929 Quod
1445 864 1490 919 si
1524 866 1764 920 dixerint
1793 868 1933 919 hanc
1964 880 2065 919 na-

501 963 674 1007 turam
728 970 887 1008 unam
922 970 1041 1020 qum
1078 954 1296 1008 Christo
1338 966 1441 1019 est,
1503 971 1599 1009 uec
1650 956 1887 1011 divinam
1944 971 2066 1011 esse

499 1059 600 1099 nec
633 1044 949 1108 humanam,
997 1045 1277 1100 Christum
1308 1045 1518 1115 ﬁngunt
1552 1047 1644 1115 qui
1680 1061 1779 1101 nec
1819 1047 1889 1101 sit
1923 1047 2064 1102 Deus

500 1152 602 1193 nec
633 1137 835 1201 homo;
888 1136 1131 1205 adeoque
1177 1137 1336 1208 152
1372 1139 1640 1193 sententia
1679 1138 1924 1209 ipsorum
1959 1156 2064 1195 ωι-

496 1228 660 1297 dique
690 1228 1026 1284 absurditate
1071 1229 1333 1299 cingitur,
1370 1241 1420 1284 et
1454 1231 1808 1301 abuegatione
1835 1232 2062 1289 Christi.

497 1319 719 1375 Dicetur
771 1319 992 1389 insuper
1051 1320 1157 1375 illis
1224 1339 1236 1375 :
1300 1323 1495 1375 Annon
1552 1320 1800 1376 Christus
1870 1331 2061 1376 natura

493 1412 717 1481 aequalis
739 1420 821 1465 est
849 1409 991 1464 Patri
1025 1420 1079 1464 et
1104 1410 1360 1481 Spiritui?
1395 1409 1711 1465 Dicentibtts
1733 1412 1836 1465 illis
1868 1428 1881 1464 :
1915 1412 2062 1477 luto;

496 1512 797 1570 regeretur,
832 1500 999 1554 Dicite
1028 1501 1454 1557 nobiszNatura
1509 1503 1610 1557 ista
1661 1486 1765 1571 qua
1818 1500 1963 1556 Patri
2011 1514 2065 1557 et

497 1593 722 1662 Spiritui
756 1594 981 1662 aequalis
1010 1603 1115 1659 est,
1162 1609 1286 1647 num
1328 1601 1382 1648 et
1431 1594 1742 1649 hominibus
1796 1595 2065 1663 aequalis?

495 1683 552 1737 Si
610 1685 833 1738 dicant:
872 1682 1066 1748 Etiam,
1112 1685 1222 1755 jam
1256 1686 1499 1739 homines
1525 1686 1746 1754 quosvis
1774 1698 1823 1739 et
1849 1684 2061 1741 Patrem

495 1785 551 1831 et
585 1775 779 1829 Filium
818 1786 875 1829 et
907 1776 1169 1856 Spiritum
1220 1786 1473 1831 sanctum
1527 1778 1690 1832 unius
1730 1789 1936 1833 naturai
1983 1779 2063 1833 fa-
2096 1770 2137 1825 Β

491 1870 664 1933 ciunt,
691 1882 811 1936 quae
844 1867 999 1936 longe
1028 1866 1347 1935 turpissima
1379 1877 1461 1922 est
1495 1866 1551 1921 in
1585 1866 1776 1931 Deum,
1809 1885 1915 1923 non
1944 1870 2063 1923 sine

491 1959 857 2013 celebratione
890 1958 1304 2012 memorandum
1334 1998 1348 2021 ,
1408 1958 1762 2029 blasphemia.
1817 1960 1968 2026 Quod
2015 1962 2061 2017 si

490 2050 727 2104 dixerint
754 2059 1001 2104 naturam
1032 2066 1137 2120 qua
1163 2051 1385 2120 aequalis
1420 2060 1503 2105 est
1546 2051 1693 2105 Patri
1742 2064 1796 2107 et
1834 2053 2059 2123 Spiritui

490 2151 683 2197 sancto
707 2143 868 2196 aliain
892 2158 1012 2198 esse
1036 2144 1103 2198 ab
1130 2156 1195 2196 ea
1228 2158 1331 2213 qua
1358 2145 1582 2213 aequalis
1606 2157 1687 2199 est
1722 2147 2055 2213 hominibus,

488 2236 595 2305 jam
630 2246 825 2305 negant
878 2235 1024 2305 quod
1078 2235 1500 2300 allirmaverant,
1535 2242 1589 2290 et
1635 2253 1855 2293 necesse
1887 2248 1969 2293 est
2004 2248 2062 2293 ut

488 2326 673 2381 dicant
720 2326 942 2383 Christo
1000 2325 1137 2380 duas
1184 2340 1307 2380 esse
1357 2336 1604 2390 naturas,
1668 2335 1892 2383 alteram
1953 2345 2060 2399 qua

487 2420 713 2490 aequalis
744 2429 825 2473 est
856 2417 1001 2473 Patri
1026 2425 1078 2473 et
1112 2416 1364 2488 Spiritui,
1409 2419 1634 2474 alteram
1669 2435 1774 2488 qua
1824 2421 2061 2475 homini-

488 2508 589 2563 bus
646 2508 914 2577 a'qttalis;
955 2508 1196 2576 adquue
1232 2508 1515 2562 tnauiftsta
1565 2510 1701 2563 facta
1747 2521 1825 2564 est
1856 2520 1907 2564 et
1936 2527 2056 2565 vera

485 2601 838 2669 comprobata
874 2598 1008 2653 ﬁdes
1039 2598 1438 2663 Melchitarum,
1474 2608 1527 2653 et
1574 2610 1794 2653 ostensa
1850 2601 2059 2655 falsitas

484 2689 603 2759 ejus
626 2688 770 2758 quod
800 2696 1055 2744 asserunt
1083 2688 1364 2744 Jacobitae.

554 2778 672 2833 Jam
710 2796 833 2834 vero
870 2788 929 2834 ut
960 2780 1026 2833 ad
1055 2795 1201 2844 eam,
1238 2780 1290 2833 in
1341 2795 1446 2849 qua
1503 2782 1772 2837 narranda
1832 2783 2054 2851 fuimus,

486 2870 767 2925 historiam
836 2879 1194 2933 revertamur,
1249 2883 1461 2925 mortuo
1507 2874 1708 2928 Severo
1748 2877 2054 2944 patriarcha

481 2960 847 3022 Autiochcno,
875 2962 1203 3016 constitutus
1235 2968 1318 3016 est
1349 2972 1476 3032 post
1507 2962 1681 3033 ipsum
1723 2964 1924 3019 Paulus
1952 2967 2054 3021 ibi-

484 3053 606 3105 dem
660 3053 988 3123 patriarcha,
1037 3054 1130 3124 qui
1165 3068 1288 3108 cum
1320 3055 1561 3124 quinque
1593 3071 1765 3112 annos
1801 3061 2051 3122 sedisset,

485 3152 734 3197 mortuus
773 3155 900 3215 est;
959 3144 1063 3217 [vel
1118 3145 1419 3200 secundum
1476 3147 1705 3203 alterum
1753 3152 2049 3221 exemplar,

481 3248 605 3287 cum
636 3231 839 3305 duos];
873 3234 1159 3304 factusque
1197 3245 1280 3289 est
1316 3244 1438 3306 post
1479 3237 1653 3307 ipsmn
1700 3239 1897 3294 ibidem
1952 3256 2049 3309 pas

481 3325 717 3379 triarclia
744 3326 1106 3395 Euphrasius,
1137 3330 1227 3399 qui
1261 3329 1501 3397 quinque
1538 3345 1709 3384 annos
1740 3331 1899 3393 sedit,
1926 3332 2048 3385 dein

482 3430 729 3471 mortuus
756 3426 857 3473 est.
888 3418 945 3471 ld
975 3436 1121 3472 anno
1153 3419 1365 3489 imperii
1398 3420 1674 3474 Anastasii
1701 3421 2051 3491 imperatoris

476 3507 846 3563 Romanorum
897 3511 1158 3564 vicesimo
1209 3491 1381 3563 sexto.
1448 3514 1604 3563 Anno
1652 3512 1858 3580 imperii
1899 3511 2062 3589 ejus;

478 3600 602 3653 dem
656 3600 915 3653 vicesimo
956 3601 1115 3654 tertio
1165 3609 1451 3670 pestquam
1486 3602 1538 3654 in
1572 3602 1820 3655 exsiliunt
1858 3604 2046 3671 pulsus

482 3686 855 3759 145147·
891 3689 993 3742 fuit
1018 3689 1131 3743 Elia
1165 3689 1469 3758 patriarcha
1516 3676 2048 3759 Hierosolyinitanus

478 3780 678 3834 accidit
710 3780 762 3834 in
810 3762 1098 3835 Palaestina
1127 3790 1183 3835 et
1211 3782 1605 3853 Hierosolymis
1653 3782 1874 3837 aﬂlietio
1932 3799 2046 3838 ma-

476 3888 604 3940 gua,
642 3886 767 3925 cum
799 3872 972 3935 fante,
1011 3883 1185 3942 peste,
1217 3872 1526 3928 calamitate
1562 3890 1775 3945 magna,
1809 3876 2047 3931 locusta-

474 3979 595 4018 rum
643 3967 821 4034 copia,
854 3973 907 4020 et
943 3968 1311 4033 mortalitate;
1340 3984 1436 4022 nec
1470 3984 1564 4037 per
1591 3971 1858 4039 integrum
1885 3972 2046 4040 quin-

474 4056 770 4123 quennium
802 4057 939 4127 pluit
968 4074 981 4110 :
1015 4073 1270 4129 annoque
1310 4060 1577 4115 siccitatis
1620 4062 1813 4130 quinto
1847 4077 2037 4132 magna

476 4146 599 4210 luit,
618 4163 726 4217 prae
740 4162 893 4218 aquai
910 4150 1115 4219 inopia,
1138 4151 1382 4221 angustia
1404 4150 1809 4223 Hierosolymis,
1829 4154 1965 4209 adeo
1985 4164 2042 4208 ιιι

472 4243 783 4296 exsiccatus
807 4252 951 4297 esset
981 4242 1104 4296 fons
1141 4243 1419 4305 Silowani,
1455 4245 1812 4314 hominesque
1840 4246 2041 4317 ubique

474 4332 742 4388 fodientes
767 4349 961 4402 aquam
1003 4342 1182 4388 tamen
1212 4350 1320 4387 non
1361 4335 1685 4390 invenirent.
1718 4335 1841 4392 Fuit
1874 4340 2039 4394 etiam

472 4424 776 4478 Antiochia:
814 4433 971 4479 terra:
1014 4437 1198 4479 monts
1232 4425 1441 4496 ingens,
1487 4442 1595 4496 quo
1625 4430 1877 4498 collapsa:
1902 4438 2029 4486 sunt
2061 4454 2108 4511 ι)

467 4517 610 4570 aedes
642 4516 845 4582 multae,
874 4532 1183 4586 magnaque
1228 4518 1508 4571 hominum
1554 4521 1848 4575 multitudo
1888 4524 2031 4576 occi-

466 4605 565 4658 dit.
598 4606 889 4674 Postquam
914 4616 1092 4659 autetu
1135 4607 1247 4675 jam
1290 4609 1662 4677 quinquennio
1688 4613 2030 4668 exsulaverat

467 4697 580 4750 Elia
619 4699 922 4762 patriarcha
959 4697 1489 4769 Hierosolymitanus
1522 4702 1573 4756 in
1620 4703 1753 4758 urbe
1790 4706 1921 4771 llah,
1963 4723 2029 4762 eo

452 4790 530 4855 ad
560 4789 735 4858 ipsum
778 4788 1003 4857 profecti
1036 4802 1163 4846 sunt
1203 4794 1577 4847 coenobiorum
1611 4794 1866 4863 praefecti,
1894 4813 2027 4850 una-

462 4897 569 4951 que
604 4880 769 4938 Saba.
821 4880 970 4949 Quos
1024 4898 1147 4937 cum
1210 4901 1404 4954 magno
1458 4887 1659 4956 gaudio
1718 4890 2027 4957 excepisset

462 4975 598 5043 ipse,
636 4973 708 5027 ibi
741 4977 880 5045 apud
910 4992 1035 5030 eum
1066 4988 1270 5040 septem
1316 4977 1432 5031 dies
1469 4979 1857 5046 substiterunt,
1904 4990 2025 5050 post

458 5082 597 5134 quas
629 5063 767 5119 dixit
800 5068 934 5135 ipsis
963 5084 978 5121 :
1012 5066 1131 5121 1am
1178 5077 1428 5124 mortuus
1460 5081 1539 5125 est
1568 5073 1890 5127 Anastasius
1925 5076 2024 5127 im-

457 5165 1055 5227 p.~rator,egoquepost
1076 5157 1261 5211 decem
1303 5158 1420 5214 dies
1474 5160 1652 5229 ipsum
1711 5178 1932 5232 sequar,
1966 5173 2022 5220 et

456 5262 642 5301 coram
676 5247 902 5301 Domino
952 5256 1143 5301 nostro
1167 5246 1415 5313 Christo,
1466 5267 1589 5304 eum
1642 5251 1759 5321 ipso
1810 5253 2018 5322 judicio

455 5337 805 5393 contendam.
839 5336 970 5392 Post
1000 5354 1129 5409 ergo
1170 5339 1359 5395 decem
1390 5340 1511 5396 dies
1539 5345 1871 5400 obdormivit
1900 5345 2016 5401 Elia

454 5430 785 5496 patriarcha,
837 5444 1016 5488 anuos
1048 5442 1209 5485 natus
1252 5431 1524 5500 octoginta
1580 5443 1725 5498 octo,
1782 5451 2013 5506 quorum

452 5519 644 5585 viginti
701 5528 940 5591 quatuor
985 5522 1330 5591 patriarcliali
1364 5538 1589 5579 munere
1642 5524 1863 5581 functus
1907 5539 2012 5583 est.

454 5604 654 5660 Ferunt
689 5619 939 5665 sanctum
967 5611 1144 5667 Saban
1173 5612 1459 5668 observato
1486 5621 1745 5683 tempore,
1780 5617 1846 5669 de
1870 5617 2015 5670 Ana-

453 5698 622 5751 stasio
668 5699 991 5764 imperatore
1044 5706 1385 5771 quaesivisse,
1443 5709 1862 5773 nuntiatumque
1903 5709 2012 5773 ipsi

2167 507 2219 552 ct
2251 498 2455 551 tonitru
2497 497 2721 565 grande,
2754 499 2895 549 unde
2928 492 3218 548 Anastasio
3249 492 3566 562 imperatori
3598 495 3732 547 acci-

2166 590 2246 643 dit
2280 592 2335 644 in
2370 590 2596 644 cerebro
2628 587 2872 651 morbus,
2898 587 3121 641 adeout
3149 601 3311 639 manu
3337 597 3497 654 caput
3529 594 3732 647 tenens.

2168 689 2330 750 atque
2365 684 2676 736 exclamans
2711 694 2977 750 opemque
3014 676 3196 749 158‘
3230 691 3417 749 petens
3440 693 3467 729 a
3492 676 3651 731 domo
3682 680 3731 731 in

2167 773 2387 826 dommn
2424 772 2656 842 fugeret,
2684 773 2855 826 donec
2883 780 3129 825 assecuta
3166 770 3341 839 ipsum
3383 785 3412 822 a
3441 768 3551 821 Deo
3580 785 3731 837 poena

2168 863 2330 916 vitam
2366 864 2466 931 ipsi
2495 865 2753 932 eriperet.
2797 863 2939 916 Ante
2971 871 3201 914 mortem
3237 875 3390 915 suam
3427 875 3557 916 vero
3598 863 3729 913 scri-

2168 956 2275 1022 ptis
2309 954 2504 1009 litteris
2529 955 2772 1023 jusserat
2796 954 3122 1008 Anastasius
3158 953 3449 1021 imperator
3484 961 3729 1007 sanctum

2171 1045 2543 1099 Theodosium
2608 1044 2931 1099 monaSIerii
2995 1040 3340 1097 Aldawaeesi
3398 1041 3728 1109 praafectuui,

2166 1136 2562 1207 Hierosolymis
2613 1137 2762 1206 pelli.
2795 1135 3101 1205 Antequam
3142 1133 3725 1205 autemIHierosolyma

2166 1230 2535 1299 pertingerent
2578 1228 2789 1292 litteras,
2839 1240 3090 1281 mortuus
3126 1234 3207 1281 est
3254 1226 3589 1296 imperator;
3639 1228 3725 1280 ἱιιιο

2165 1320 2482 1390 peravitque
2532 1331 2649 1388 post.
2706 1320 2883 1388 ipsum
2926 1317 3189 1373 Romanis
3243 1315 3514 1382 Justinus,
3546 1332 3578 1373 ε
3613 1332 3720 1388 pro-

2167 1412 2343 1468 vincia
2370 1410 2618 1465 Thracite
2644 1411 2933 1474 oriundus,
2965 1426 3138 1465 annos
3170 1425 3386 1475 navem,
3412 1410 3573 1481 idque
3592 1404 3721 1465 anne

2167 1503 2314 1572 regni
2334 1501 2599 1567 Kobadis,
2628 1501 2724 1556 lilii
2747 1502 2965 1556 Phiruzi
3001 1500 3287 1556 Persarum
3307 1503 3718 1573 registricesnzc

2166 1594 2423 1649 secundo.

2235 1732 2360 1787 Fuit
2397 1744 2579 1788 autem
2606 1732 2857 1789 Justinus
2904 1735 3201 1804 imperator
3228 1734 3330 1789 fide
3372 1734 3720 1797 orthodoxus,

2165 1828 2277 1880 reri
2305 1835 2490 1881 tenax.
2516 1825 2688 1883 Jussit
2717 1843 2850 1897 ergo
2883 1843 3241 1898 quoscunque
3271 1827 3324 1881 in
3358 1830 3604 1882 exsilium
3637 1844 3717 1895 pe-

2162 1919 2396 1989 pulisset
2420 1921 2744 1976 Anastasius
2779 1921 3099 1990 imperator,
3141 1920 3194 1974 iti
3232 1920 3348 1975 loca
3399 1934 3499 1975 sua
3529 1920 3718 1975 redire.

2162 2010 2431 2081 ﬁdemque
2456 2027 2609 2066 suam
2639 2014 2829 2068 litteris
2866 2014 3131 2085 signatam
3163 2011 3529 2083 Hierosolyma
3559 2014 3716 2067 misit.

2160 2103 2540 2159 Convenerttnt
2594 2120 2726 2176 ergo
2760 2108 3010 2164 monachi
3055 2107 3346 2160 laetabundi
3397 2115 3715 2175 ostensaque

2160 2195 2505 2264 imperatoris
2534 2197 2762 2265 epistola
2800 2197 2998 2251 festum
3036 2198 3245 2252 illustre
3278 2196 3645 2259 celebrarunt,
3671 2207 3717 2251 et

2112 2338 2119 2343 .
2158 2289 2452 2343 concilium
2494 2298 2750 2357 quartum
2799 2292 3180 2359 episcoporum
3217 2292 3597 2344 Sexcentortttn
3626 2290 3713 2342 tri-

2159 2381 2331 2451 ginta,
2369 2382 2461 2451 qui
2494 2381 2828 2441 Clialeedoni
2879 2382 3188 2451 congregati
3238 2389 3386 2444 sunt,
3441 2381 3714 2435 confirma-

2159 2479 2308 2526 runt.
2342 2473 2503 2526 Anno
2535 2473 2743 2542 imperii
2782 2470 2980 2525 Justiui
3021 2472 3210 2542 quinto
3254 2472 3585 2526 constitutus
3643 2481 3716 2526 est

2155 2563 2390 2619 Joannes
2422 2564 2729 2633 patriarcha
2777 2564 3075 2628 Romanus,
3101 2565 3190 2635 qui
3222 2580 3346 2619 cum
3379 2565 3598 2618 biennio
3630 2579 3716 2619 se-

2156 2657 2324 2712 disset
2348 2667 2596 2711 mortuus
2621 2665 2723 2711 est.
2762 2658 2922 2711 Anno
2967 2658 3177 2727 imperii
3209 2657 3451 2728 ejusdem
3487 2659 3719 2727 septimo

2156 2761 2374 2804 creatus
2405 2759 2484 2802 est
2538 2747 2689 2802 Felix
2726 2748 2923 2803 ibidem
2962 2749 3306 2819 patriarcha;
3355 2750 3445 2819 qui
3489 2761 3715 2819 quatuor

2157 2856 2328 2895 annos
2362 2841 2526 2905 sedit,
2559 2840 2686 2895 dein
2721 2850 2968 2895 mortuus
3002 2841 3289 2914 esu/Anno
3334 2841 3546 2911 imperii
3580 2842 3717 2908 eju.»

2156 2932 2277 2984 detn
2314 2933 2553 2986 secundo
2585 2933 2915 2986 constitutus
2934 2942 3017 2988 est
3045 2930 3388 2987 Theodosius
3413 2932 3715 3001 patriarcha

2156 3022 2577 3090 Alexandrinus,
2608 3024 2700 3093 qui
2729 3021 2977 3078 Jacobita
3024 3023 3149 3088 fuit,
3186 3034 3242 3078 et
3283 3025 3539 3094 scriptor.
3584 3023 3717 3080 Tres

2081 3112 2125 3172 ο
2157 3127 2332 3169 annos
2366 3115 2529 3181 sedit,
2571 3114 2696 3169 dein
2726 3115 2844 3169 loco
2878 3114 3168 3171 abdicatus
3191 3124 3298 3180 est,
3343 3125 3397 3170 et
3431 3118 3487 3170 in
3540 3118 3715 3171 locum

2152 3206 2326 3273 ipsius
2353 3207 2615 3263 suffectus
2650 3206 2817 3262 Caius
2851 3209 3157 3278 patriarcha
3186 3225 3201 3273 ;
3250 3211 3343 3279 qui
3386 3208 3714 3263 Manichzeus

2154 3295 2276 3357 fuit,
2313 3308 2364 3350 et
2406 3296 2782 3369 lis-151‘
2840 3300 3265 3357 archidiaconus
3326 3303 3537 3364 fuerat;
3590 3318 3711 3355 cum

2149 3387 2288 3443 duos
2319 3403 2492 3442 annos
2532 3391 2792 3453 sedisset,
2827 3392 2946 3444 loco
2997 3392 3282 3447 abdicatus
3298 3403 3405 3456 est,
3454 3395 3711 3449 redemte

2151 3477 2486 3546 Theodosio,
2531 3481 2624 3549 qui
2691 3483 2964 3553 relegatus
3020 3485 3220 3547 fuerat,
3275 3485 3341 3538 ad
3378 3486 3708 3546 cathedram,

2148 3583 2310 3638 quam
2346 3584 2470 3623 cum
2504 3572 2745 3641 quinque
2768 3589 2942 3628 annos
2966 3584 3299 3642 occupasset
3326 3575 3579 3629 exsulare
3601 3577 3711 3643 jus-

2147 3673 2241 3713 sus
2279 3669 2528 3717 mortuus
2556 3670 2662 3717 est.
2692 3663 2849 3717 Anno
2877 3664 3092 3734 imperii
3136 3666 3310 3735 ipsius
3358 3667 3555 3735 primo,
3587 3683 3708 3721 cusu

2150 3752 2458 3808 nuntiatum
2499 3753 2601 3823 ipsi
2632 3764 2777 3810 esset
2811 3757 3143 3827 Autliymum
3174 3760 3537 3826 patriarcham
3567 3762 3707 3812 Con.

2148 3841 2695 3912 stantiuopolitanom
2726 3842 3034 3899 Jacobitani
3078 3862 3225 3914 esse,
3259 3847 3433 3916 ipsum
3466 3848 3583 3901 loco
3610 3848 3706 3902 ab-

2145 3929 2369 3997 dicavit,
2403 3934 2517 3988 viee
2559 3935 2734 4004 ipsius
2769 3936 2822 3989 in
2852 3930 3284 4006 patriarchatum
3315 3940 3706 3994 Constantino-

2144 4020 2445 4087 politanum
2478 4023 2711 4078 suﬂecto
2763 4023 2956 4081 Menua
3009 4030 3099 4097 qui
3160 4036 3287 4082 octo
3338 4043 3513 4081 annos
3568 4030 3711 4083 sedit

2144 4112 2270 4165 dein
2306 4123 2555 4169 mortuus
2584 4126 2689 4169 est.
2718 4118 2876 4171 Anno
2925 4119 3145 4188 imperii
3195 4118 3435 4187 ejusdem
3492 4122 3704 4186 quinto,

2144 4205 2481 4260 conStitutus
2518 4216 2603 4261 est
2638 4206 2903 4277 Ephraim.
2949 4210 3256 4279 patriarcha
3310 4211 3704 4275 Antiochenus,

2142 4296 2231 4348 ubi
2260 4298 2558 4352 octodecim
2592 4313 2763 4355 annos
2794 4301 2952 4364 sedit,
2983 4303 3105 4356 dein
3131 4311 3374 4357 mortuus
3401 4312 3504 4357 est.
3542 4303 3604 4356 .Io
3638 4320 3704 4355 ri-

2141 4401 2240 4441 nes
2269 4396 2444 4443 autem
2474 4392 2777 4459 patriarcha
2809 4392 3354 4465 Hierosolymitanus,
3387 4399 3481 4465 qui
3532 4397 3582 4450 in
3614 4396 3703 4449 1».

2134 4491 2257 4533 cum
2287 4480 2419 4535 Elia:
2459 4484 2677 4551 relegati
2700 4485 3027 4540 substitutus
3055 4496 3162 4552 est,
3198 4487 3340 4541 sedit
3363 4499 3565 4557 septem
3595 4504 3703 4541 au-

2133 4583 2256 4633 nos,
2291 4569 2417 4625 dein
2451 4583 2698 4629 mortuus
2721 4584 2823 4631 est.
2850 4578 3009 4632 Auuo
3046 4593 3173 4645 ergo
3226 4580 3434 4647 imperii
3496 4580 3699 4637 Justini

2132 4661 2292 4715 tertio
2334 4667 2663 4719 constitutos
2708 4676 2791 4720 est
2828 4667 3021 4722 Petrus
3080 4672 3388 4737 patriarcha
3444 4670 3700 4727 Hieroso-

2130 4753 2445 4822 lymitanus.
2482 4758 2570 4825 qui
2599 4774 2664 4811 ex
2702 4759 2892 4813 incolis
2920 4758 3124 4815 Jabrini
3158 4761 3278 4826 fuit,
3308 4780 3479 4818 annos
3505 4765 3697 4819 decem

2127 4846 2285 4909 sedit,
2312 4846 2438 4900 dein
2462 4860 2709 4903 mortuus
2736 4860 2818 4903 est
2852 4849 2977 4922 iret,
3012 4855 3311 4907 secundum
3342 4857 3487 4909 aliud
3514 4871 3700 4909 exem-

2124 4935 2266 5003 plar,
2298 4937 2487 5006 viginti
2518 4940 2743 5011 annos.]
2775 4940 2920 4996 Misit
2952 4956 3132 4998 autem
3162 4944 3415 5001 Justinus
3456 4949 3700 5017 impera-

2124 5035 2211 5081 tor
2239 5027 2295 5081 in
2333 5043 2521 5085 omnes
2548 5033 2795 5100 regiones
2815 5032 3037 5104 [j'ubens
3076 5036 3355 5110 homines]
3400 5042 3697 5094 concilio."

2121 5110 2569 5177 Chalcedonense
2606 5126 2953 5191 continuare,
2988 5127 3112 5181 dein
3139 5137 3391 5185 mortuus
3423 5141 3504 5185 est
3526 5129 3699 5183 luvi-

2121 5224 2228 5266 nus
2252 5192 2623 5267 Romanorum
2651 5215 2967 5283 imperator,
3021 5218 3326 5288 imperante
3358 5232 3481 5289 post
3511 5222 3696 5289 ipsum

2121 5302 2381 5358 Romanis
2405 5303 2719 5363 Iustiniano
2756 5323 2930 5366 annos
2970 5313 3191 5381 triginta
3249 5329 3466 5377 novem,
3526 5315 3699 5382 idque

2119 5396 2448 5466 ahnoregni
2474 5398 2664 5452 Kobad
2698 5397 2790 5453 lilii
2835 5399 3015 5456 Ftruzi
3049 5405 3188 5472 regis
3232 5401 3523 5458 Persarum
3550 5422 3685 5473 qua-

2117 5484 2425 5555 dragesimo
2464 5490 2662 5557 primo.
2696 5487 2821 5545 Fuit
2843 5501 3026 5547 autem
3058 5492 3407 5551 Justinianus
3461 5496 3695 5562 impeta-

2119 5588 2202 5632 tor
2227 5577 2541 5648 imperatori
2570 5578 2788 5637 Iustino
2823 5584 3021 5639 aﬂinis.

2183 5709 2522 5772 Justiniauus
2554 5731 2703 5771 anno
2728 5717 2940 5779 imperii
2968 5718 3051 5773 sui
3088 5719 3266 5779 primo
3298 5720 3686 5776 Alexandriam
