4034 6214
377 273 396 334 l
409 278 513 335 ι’)ιιει

1769 277 2133 339 AXNALES.

3471 276 3605 344 toto

377 395 618 454 Iltillt'lts,
652 389 1013 445 Theodosium
1054 390 1230 462 152‘
1270 391 1632 461 patriarchatn
1663 392 1933 446 Constan-
1966 405 2010 457 Α
2043 404 2226 447 serant
2270 392 2550 456 Jacobitzr,
2602 400 2862 462 ceperunt
2912 400 3078 463 atque
3117 408 3470 464 occuparunt.
3502 397 3605 449 Ita-

373 484 654 552 tinopolim
681 481 1007 537 accersitum
1036 482 1205 551 jussit
1248 482 1619 535 Jacobitarum
1653 482 1938 535 sententia:

373 574 703 639 renuntiare,
725 581 778 626 et
802 574 868 627 ad
898 576 1179 627 veritatem
1212 575 1420 637 redire;
1448 573 1589 642 quod
1612 587 1734 625 cum
1762 574 1939 627 facere

373 673 675 728 recusaret,
716 666 770 718 in
802 664 987 718 animo
1020 665 1205 717 habuit
1241 665 1417 732 ipsutn
1463 673 1635 717 morte
1681 664 1934 726 multare,

372 767 422 810 at
474 771 596 811 eum
635 757 704 810 ab
734 758 850 825 ipso
884 756 1253 825 impetratum,
1301 769 1435 808 uxor
1476 756 1663 824 ipsius,
1724 754 1939 809 nomine

378 848 678 913 l‘heodora,
728 850 971 911 dimisit;
1023 848 1112 915 qtti
1140 862 1268 917 ergo
1328 845 1620 916 Egyptutn
1682 861 1936 901 reversus

370 946 490 996 loco
521 940 755 1012 quodam
795 942 943 996 dicto
978 941 1131 994 Masil
1169 951 1218 993 et
1274 939 1538 1002 Lamidis,
1568 955 1599 993 e
1641 940 1936 1008 provinciis

370 1034 583 1107 [Egypti
623 1036 1082 1097 occidentalibus,
1145 1033 1397 1097 delituit;
1440 1032 1723 1095 doctrinae,
1772 1046 1933 1100 quam

370 1131 649 1198 amplexus
674 1128 841 1181 fuerat
875 1125 1242 1181 Jacobitarum
1272 1127 1583 1179 adhaerens:
1609 1140 1841 1192 cumque
1869 1124 1934 1175 ad

370 1238 543 1291 ipsum
580 1231 1046 1289 congregarentur
1082 1220 1331 1273 homines
1361 1220 1594 1287 ejusque
1658 1216 1733 1269 rei
1790 1216 1933 1268 fama

370 1313 431 1365 ad
465 1314 842 1381 imperatorem
880 1312 1238 1385 pervenisset,
1265 1313 1483 1366 mittens
1515 1311 1603 1364 ille
1639 1310 1814 1379 ipsum
1843 1324 1937 1361 ex-

369 1408 548 1459 sulare
593 1406 762 1474 jussit
802 1398 1055 1475 praefecto
1093 1405 1432 1459 Alexandria:
1492 1403 1801 1474 patriarcha
1849 1402 1932 1455 cui

345 1513 562 1553 “nomen
593 1499 815 1559 Paulus,
844 1500 937 1569 qtti
967 1499 1224 1552 Melchita
1260 1500 1380 1560 fttit,
1422 1511 1656 1565 cumque
1717 1494 1935 1548 biennio

367 1589 600 1645 sedisset
631 1591 907 1644 irruentes
940 1589 990 1641 in
1042 1591 1215 1658 ipsum
1253 1585 1511 1641 Jacobitaa
1540 1594 1713 1639 tnorte
1758 1585 1932 1653 ipsum

368 1681 669 1735 affecerunt
701 1701 713 1736 :
753 1683 806 1735 in
836 1682 994 1750 cujus
1023 1680 1199 1734 locum
1236 1678 1563 1733 substitutus
1592 1687 1673 1731 est
1706 1677 1937 1746 patriar-

2043 500 2149 553 quc
2193 486 2495 555 coiuposita
2536 495 2619 541 est
2662 485 2814 539 urbs.

2113 574 2237 628 Fuit
2282 585 2459 630 autern
2495 576 2595 628 hoc
2627 591 2771 628 anno
2801 574 3014 644 imperii
3042 573 3336 629 Justiniani
3374 576 3605 649 impera-

2042 673 2177 724 toris
2229 669 2445 724 decimo
2490 671 2701 739 quinto.
2750 671 2928 739 Atque
2959 684 3019 720 ex
3066 670 3170 721 isto
3210 679 3449 737 tempore
3506 672 3605 725 fuit

2037 760 2410 816 Jacobitarum
2447 761 2711 815 cathedra
2758 761 2810 814 in
2857 761 3193 815 monasterio
3224 762 3343 816 Abu
3376 762 3598 818 Makarii

2039 853 2105 906 ad
2153 853 2296 907 diem
2351 867 2523 920 usque
2570 851 2915 907 hodiernum.
2974 852 3091 907 Jam
3140 868 3168 906 a
3204 864 3446 918 tempore
3494 872 3601 926 quo

2042 944 2370 998 interfectus
2422 954 2504 999 est
2555 942 2842 998 Proterins
2891 944 3235 1000 Alexandria:
3298 947 3604 1015 patriarcha

2039 1046 2203 1104 atque
2231 1035 2355 1104 igne
2382 1043 2685 1098 crematus,
2716 1035 2780 1087 ad
2810 1034 2911 1087 hoc
2937 1050 3044 1104 quo
3064 1034 3324 1090 Jacobitae
3347 1036 3415 1090 ab
3443 1036 3605 1106 Apol-

2040 1127 2236 1181 linario
2290 1127 2462 1182 occisi
2536 1135 2667 1181 sunt
2722 1134 2777 1185 et
2833 1127 3137 1181 seutentia~
3170 1126 3602 1183 orthodoxornm

2040 1220 2257 1289 publice
2310 1218 2569 1284 obtinuit,
2621 1217 2748 1272 anni
2786 1227 2913 1272 sunt
2965 1218 3187 1285 triginta
3222 1217 3486 1287 quinque,
3517 1221 3603 1272 vel

2038 1311 2339 1365 secundum
2373 1310 2522 1373 aliud
2550 1310 2847 1378 exemplar,
2879 1311 3006 1363 anni
3034 1310 3308 1377 octoginta
3336 1311 3601 1380 quinque.

2037 1405 2344 1458 luraluerat
2377 1404 2646 1475 siquidem
2677 1405 2731 1458 in
2763 1403 3094 1458 Alexandria
3125 1412 3343 1471 totaque
3368 1400 3605 1473 Egypto

2035 1494 2415 1549 Jacobitarum
2486 1495 2810 1559 sententia;
2883 1495 3211 1563 fuerantque
3280 1494 3604 1564 patriarcha:

2036 1585 2391 1641 Alexandrini
2434 1584 2711 1650 Jacobitze,
2758 1594 2816 1638 ιιι
2846 1594 2901 1638 et
2933 1600 2999 1639 ex
3049 1586 3473 1654 imperatoribus
3500 1583 3607 1638 Ro-

2039 1680 2217 1734 manis
2272 1680 2413 1738 inter
2447 1688 2695 1749 caderes,
2735 1676 2847 1737 Leo
2880 1679 3115 1741 Parvus,
3171 1675 3339 1740 Zeno,
3375 1675 3607 1732 Anasta-

368 1773 491 1834 cha,
528 1775 746 1828 nomine
777 1773 1039 1834 Daltnius,
1064 1772 1157 1841 qtti
1180 1782 1231 1825 el
1262 1770 1513 1824 Melchita
1540 1769 1659 1833 fuit,
1687 1769 1933 1834 seditque
1967 1760 2005 1815 Β
2036 1771 2172 1838 δίης,
2223 1774 2425 1844 aliique
2453 1790 2591 1844 quos
2630 1776 2683 1828 in
2726 1776 3156 1844 praecedentibus
3201 1768 3579 1829 rcceus‘uimns

370 1878 542 1917 annos
574 1864 832 1932 quinque,
866 1878 1089 1932 magnas
1140 1861 1419 1914 molestias
1452 1867 1505 1912 et
1539 1859 1681 1910 ttiala
1739 1869 1932 1926 passus

368 1974 397 2008 a
428 1954 717 2017 Jacobitis,
752 1956 846 2025 qui
876 1968 929 2010 et
964 1958 1140 2025 ipsum
1165 1970 1195 2007 e
1239 1954 1420 2007 medio
1459 1951 1649 2005 tollere
1706 1946 1931 2002 studue-

366 2059 523 2113 runt;
564 2051 658 2119 qui
681 2064 808 2119 ergo
846 2048 1078 2118 fugiens,
1102 2062 1225 2101 cum
1258 2045 1501 2116 quinque
1527 2051 1699 2097 annos
1726 2043 1779 2095 in
1804 2041 1928 2110 fuga

364 2144 686 2211 perstitisset
707 2149 948 2195 mortuus
963 2138 1257 2194 est.Delato
1272 2153 1401 2205 ergo
1419 2134 1685 2205 nuntioad
1706 2135 1927 2202 impera-

364 2244 531 2287 torem
553 2230 940 2296 Justinianum,
958 2230 1238 2285 Jacobitas
1258 2226 1644 2283 Alexandriam
1684 2232 1739 2280 et
1766 2223 1929 2294 Λεων-

364 2334 508 2393 ριιιιιι
536 2338 857 2390 occupasse,
877 2332 931 2374 et
950 2323 1289 2389 patriarchas
1314 2328 1583 2389 quotquot
1605 2316 1736 2384 ipsis
1758 2313 1932 2383 prteli-
1948 2333 1967 2350 ο

364 2423 620 2469 cereutur
658 2416 930 2465 trucidare
974 2428 988 2468 :
1035 2411 1148 2479 ipse
1176 2410 1252 2463 ira
1283 2410 1522 2479 percitus
1551 2408 1743 2461 ducem
1766 2420 1796 2459 e
1816 2404 1932 2459 suis

364 2505 649 2575 quemdam
670 2503 1031 2573 patriarcltant
1054 2500 1395 2556 Alexandria
1414 2498 1719 2559 constituit,
1739 2495 1931 2564 adjun-

365 2608 558 2667 ctoqne
588 2596 689 2664 ipsi
719 2594 962 2648 exercitu
987 2606 1303 2655 numeroso,
1332 2608 1396 2645 eo
1416 2591 1593 2659 ipsum
1621 2588 1765 2642 misit
1794 2604 1808 2641 :
1837 2602 1931 2640 no-

364 2706 483 2744 men
510 2690 609 2760 ipsi
650 2688 1016 2758 Apollinarius
1061 2684 1182 2739 fuit.
1232 2682 1348 2737 Dux
1383 2696 1509 2751 ergo
1554 2683 1655 2735 iste
1697 2680 1930 2755 Alexan-

362 2783 534 2836 driam
566 2781 890 2852 perveniens
908 2794 1026 2833 eam
1056 2777 1338 2844 ingressus
1372 2784 1474 2833 est.
1501 2773 1685 2826 habitu
1708 2769 1927 2823 militari

373 2870 721 2944 153-155
751 2871 995 2934 indutus,
1040 2876 1225 2937 utpote
1245 2867 1368 2920 ciex
1405 2874 1556 2933 parte
1586 2862 1930 2931 imperatoris

367 2966 683 3037 praefectus.
718 2963 798 3017 Ad
834 2962 1122 3015 ecclesiam
1160 2968 1340 3012 autem
1378 2957 1467 3009 ubi
1540 2956 1797 3017 venisset,
1833 2967 1931 3006 ex—

365 3062 473 3114 utis
506 3058 750 3112 vestibus
806 3056 926 3109 istis
976 3054 1330 3120 habitumque
1381 3046 1797 3119 patriarcbaletn
1847 3043 1931 3097 in-

362 3152 578 3215 duens,’
612 3152 881 3204 accedens
923 3162 1078 3201 sacra
1111 3144 1420 3200 celebravit.
1476 3143 1768 3210 Coeperunt
1801 3150 1930 3205 ergo

360 3244 713 3296 Alexandrini
750 3258 814 3295 ex
863 3241 1012 3294 omni
1050 3237 1250 3305 angulo
1285 3250 1348 3287 ac
1384 3244 1537 3303 parte
1568 3233 1749 3300 ipsum
1782 3230 1929 3283 saxis

266 3324 277 3329 ’
362 3346 417 3389 et
471 3334 743 3404 lapidibus
794 3341 997 3401 petere,
1047 3330 1184 3382 adeo
1237 3338 1295 3379 ut
1328 3328 1439 3379 fere
1471 3326 1537 3378 ab
1564 3324 1694 3394 ipsis
1727 3322 1932 3376 interii-

368 3435 605 3480 ceretur.
659 3422 853 3477 Statim
889 3435 1020 3490 ergo
1049 3418 1118 3473 ab
1156 3419 1291 3488 ipsis
1326 3433 1384 3471 se
1416 3416 1770 3479 subtrahens,
1806 3420 1930 3482 post

370 3520 605 3572 triduum
639 3514 889 3569 obtendit
914 3514 1151 3581 perlatas
1182 3526 1304 3563 esse
1328 3509 1393 3562 ad
1425 3524 1483 3562 se
1509 3508 1575 3559 ab
1602 3507 1929 3575 imperatore

364 3611 575 3663 litteras
623 3624 743 3677 quae
778 3619 959 3659 coram
1009 3602 1209 3672 populo
1260 3601 1497 3668 legendae
1527 3607 1732 3652 essent.
1765 3597 1925 3677 Gam-

363 3711 502 3765 paua
546 3709 680 3765 ergo
713 3696 924 3763 pulsata
967 3691 1228 3759 populum
1277 3689 1485 3741 monuit
1526 3698 1582 3740 ut
1614 3687 1703 3741 die
1753 3686 1931 3739 Domi-

366 3790 490 3841 nico
550 3788 603 3840 in
662 3785 953 3840 ecclesiam
1017 3782 1377 3835 convenirent
1423 3794 1533 3848 quo
1586 3776 1930 3847 imperatoris

362 3879 574 3933 litteras
610 3878 885 3931 audirent.
938 3876 1072 3927 Cum
1108 3887 1239 3939 ergo
1287 3872 1505 3926 adesset
1539 3870 1655 3923 dies
1691 3867 1932 3922 Domini-

361 3989 481 4034 cus,
528 3987 634 4025 non
681 3972 903 4025 relictus
935 3977 1018 4023 est
1045 3967 1316 4036 quispiam
1354 3964 1444 4033 qui
1486 3980 1591 4018 non
1624 3963 1928 4017 accederet.

372 4062 446 4117 De
482 4062 584 4115 hoc
625 4069 804 4114 autem
861 4061 1002 4112 inter
1037 4057 1429 4125 Apollinarium
1467 4054 1832 4124 patriarcbam
1878 4061 1931 4106 ct

368 4158 598 4211 comites
642 4168 774 4206 suos
825 4160 1181 4213 convenerat,
1218 4157 1275 4201 ut
1304 4164 1428 4201 cum
1466 4149 1680 4217 signum
1713 4146 1814 4201 sibi
1849 4146 1933 4214 ip-

368 4251 557 4316 sisque
587 4257 769 4300 notum
802 4245 978 4308 daret,
1010 4243 1191 4313 gladio
1218 4256 1409 4296 ontnes
1439 4240 1493 4294 in
1523 4241 1753 4295 ecclesia
1796 4256 1933 4310 pra:-

363 4348 549 4394 sentes
584 4338 830 4391 ferirent.
868 4335 981 4404 Ipse
1014 4348 1145 4404 ergo
1174 4346 1406 4386 ascenso
1469 4340 1751 4401 suggesta.
1783 4330 1930 4384 lleus

2040 1866 2209 1920 Porro
2267 1883 2413 1923 anno
2469 1867 2685 1936 imperii
2740 1868 3042 1921 Justiniaui
3106 1868 3368 1922 vicesimo
3428 1870 3603 1936 primo

2037 1962 2371 2016 Samaritani
2427 1961 2482 2014 in
2536 1960 2827 2015 Palmstina
2882 1960 3087 2029 impetu
3142 1959 3286 2014 facto
3340 1960 3602 2014 ecclesias

2035 2068 2224 2108 omnes
2287 2053 2598 2119 diruerunt,
2653 2062 2708 2108 ct
2770 2053 2824 2105 in
2876 2066 2971 2107 eas
3037 2055 3212 2120 ignem
3276 2051 3601 2121 injecerunt.

2033 2144 2379 2199 Christianos
2413 2144 2576 2198 etiam
2611 2159 2717 2198 non
2763 2159 2978 2212 paucos
3014 2144 3427 2208 interfecerunt,
3476 2161 3603 2213 gra-

2036 2236 2304 2305 vibusque
2334 2235 2673 2291 cruciatibus
2700 2233 3020 2296 affecerunt,
3048 2245 3098 2288 et
3122 2235 3435 2304 episcopum
3462 2233 3603 2288 Neo-

2037 2329 2333 2393 politanum
2352 2325 2713 2379 trucidarunt.
2736 2325 2854 2390 Quo
2875 2325 3059 2378 audito
3078 2322 3605 2394 Justiuianusitnpe-
3652 2332 3655 2333 ⁷

2036 2430 2183 2471 rator
2215 2419 2384 2471 misso
2411 2417 2655 2471 exercitu
2691 2417 2885 2485 grandi
2941 2432 3192 2486 magnam
3226 2417 3601 2471 Samaritano-

2034 2524 2152 2562 rum
2194 2508 2595 2563 multitudinem
2617 2508 2841 2563 occidit.
2874 2506 3231 2579 157-159
3261 2509 3337 2563 Eo
3357 2520 3602 2579 tempore

2036 2601 2247 2665 rogavit
2293 2598 2489 2654 Petrus
2541 2599 2852 2669 patriarcha
2907 2598 3439 2670 Hierosolymitanus
3489 2600 3602 2655 Mar

2036 2690 2230 2745 Sabam
2275 2704 2334 2746 ut
2361 2690 2888 2761 Constantinopolim
2932 2692 3232 2763 profectus,
3267 2695 3336 2747 ab
3368 2694 3598 2763 impera-

2035 2792 2151 2837 tore
2206 2793 2416 2853 peteret
2473 2785 2675 2839 remitti
2732 2785 2799 2839 de
2851 2786 3055 2841 tributo
3100 2787 3244 2855 quod
3302 2787 3602 2856 penderent

2034 2872 2339 2928 l'alaastiuae
2366 2874 2560 2930 incolae
2604 2874 2835 2944 aliquid,
2885 2882 3135 2945 respectu
3177 2875 3296 2943 ejus
3344 2890 3509 2945 quam
3545 2877 3600 2929 in

2035 2983 2097 3021 ea
2133 2966 2375 3021 fecerant
2405 2966 2733 3022 Samaritani
2763 2968 3181 3023 desolationem.
3209 2967 3493 3023 Profectus
3519 2980 3605 3023 est

2034 3074 2163 3127 ergo
2193 3057 2307 3113 Mar
2335 3058 2478 3114 Saba
2509 3057 3064 3129 Constantinopolim,
3096 3076 3255 3130 quem
3303 3061 3456 3116 lattus
3503 3076 3602 3117 ex-

2032 3152 2177 3219 cepit
2228 3152 2547 3220 imperator,
2601 3165 2836 3220 cumque
2881 3152 2949 3204 ab
2976 3151 3096 3221 ipso
3121 3152 3331 3207 litteras
3369 3155 3601 3222 patriar-

2032 3242 2150 3295 chae
2181 3240 2661 3312 Hierosolymitani
2708 3243 3034 3311 accepisset,
3066 3243 3300 3307 rogavit,
3338 3243 3601 3313 quidnam

2033 3332 2137 3401 ipsi
2173 3333 2379 3403 negotii
2419 3343 2589 3389 esset.
2622 3335 2721 3388 Cui
2751 3333 2865 3387 Mar
2896 3331 3036 3387 Saba
3069 3347 3085 3386 :
3119 3331 3252 3388 Peto
3284 3334 3517 3404 (inquit)
3545 3345 3603 3389 ut

2032 3425 2098 3478 de
2133 3425 2336 3479 tributo
2366 3424 2666 3480 Pala-stinte
2714 3425 2980 3481 remittas.
3033 3424 3313 3494 Siquidem
3363 3424 3605 3479 Samario

2033 3518 2145 3572 tani
2191 3517 2312 3584 ejus
2364 3517 2562 3573 incolis
2594 3516 2901 3572 interfectis
2938 3517 3111 3586 ipsam
3160 3523 3445 3570 vastarunt
3477 3534 3491 3570 :
3514 3517 3605 3587 ju-

2032 3609 2268 3677 bcatque
2295 3608 2589 3678 imperator
2612 3608 2818 3663 exstrui
2844 3607 3105 3662 ecclesias
3128 3622 3265 3677 quas
3287 3618 3602 3662 cremarunt

2034 3698 2391 3765 Samaritani,
2446 3714 2549 3753 nec
2595 3712 2703 3753 non
2753 3698 3012 3754 fabricari
3063 3696 3457 3769 Hierosolymis
3505 3714 3602 3769 pro

2032 3790 2330 3858 peregrinis
2372 3790 2784 3854 nosocornium;
2834 3799 3000 3860 utque
3043 3791 3358 3860 perficiatur
3388 3790 3602 3847 Helenae

2008 3880 2303 3948 -tetnplnm
2338 3879 2485 3948 quod
2529 3889 2820 3935 exstruere
2851 3890 3096 3950 coeperat
3127 3880 3239 3935 Elia
3283 3884 3598 3952 patriarcha

2030 3970 2581 4041 llierosolymitanus.
2630 3970 2687 4024 lu
2735 3971 2938 4040 quibus
2968 3973 3226 4028 omnibus
3273 3976 3466 4029 annuit
3496 3979 3599 4045 ipsi

2036 4062 2367 4130 imperator;
2412 4074 2512 4115 nec
2542 4076 2653 4115 non
2687 4061 2740 4114 in
2775 4062 2988 4117 caeteris
3017 4077 3361 4131 quacunque
3390 4066 3459 4119 ab
3484 4067 3604 4134 ipso

2032 4162 2243 4222 peteret
2283 4166 2349 4207 ac
2382 4162 2617 4221 regeret.
2672 4152 2926 4221 Misitque
2970 4169 3095 4206 eum
3131 4155 3182 4207 itt
3219 4154 3378 4208 linem
3429 4160 3601 4223 impe—

2033 4253 2183 4299 rator
2233 4260 2339 4299 una
2378 4260 2503 4298 cum
2547 4244 2668 4313 ipso
2714 4244 2981 4313 legatum,
3026 4231 3211 4301 multis
3264 4244 3596 4300 instructum

2032 4335 2253 4405 opibus,
2307 4336 2638 4406 scripsitque
2692 4335 2759 4388 ad
2802 4333 3109 4390 Palmstina:
3148 4333 3488 4405 praefectum,
3543 4348 3601 4390 ut

362 4429 614 4498 (inquit)
663 4428 1008 4480 Alexandria:
1065 4424 1338 4492 inquilini,
1413 4424 1459 4477 si
1517 4422 1585 4477 ad
1639 4423 1926 4478 veritatem
1962 4440 2004 4495 υ
2030 4426 2332 4482 Palaestina:
2362 4428 2626 4480 tributum
2658 4426 2839 4497 legato
2868 4425 3111 4480 traderet
3143 4427 3210 4480 ad
3246 4440 3309 4479 ea
3341 4440 3464 4496 qua:
3495 4428 3596 4493 ipsi

369 4521 742 4580 revertamini,
794 4528 847 4573 et
897 4534 925 4571 a
973 4519 1246 4571 sententia
1294 4514 1592 4570 Jacobitica
1640 4516 1930 4580 recedatis,

364 4612 525 4684 [bene
574 4611 704 4684 cst,]
757 4614 841 4666 sin
885 4614 1090 4673 minus,
1124 4599 1285 4664 timeo
1333 4609 1508 4671 vobis,
1541 4624 1609 4663 ne
1656 4609 1835 4662 mittat
1865 4606 1933 4662 ad

361 4723 458 4761 vos
526 4707 823 4774 imperator
884 4704 976 4774 qui
1036 4703 1356 4770 sanguinem
1420 4713 1664 4757 vestrum
1723 4700 1930 4756 elIundi

364 4800 689 4869 permittat,’
725 4812 928 4851 uxores
986 4796 1240 4864 prostitui
1296 4804 1349 4847 et
1398 4795 1600 4849 liberos
1653 4795 1933 4863 orplianos

363 4895 504 4948 fieri.
574 4894 670 4946 llis
718 4893 844 4945 dum
883 4891 1007 4944 illos
1055 4888 1445 4958 alloqueretur,
1501 4886 1601 4954 ipsi
1654 4887 1929 4957 lapidibus

363 5002 487 5039 eum
523 4995 730 5055 petere,
764 4982 900 5036 adeo
935 4992 993 5035 ut
1033 4963 1156 5033 vitae
1200 4994 1313 5034 suae
1353 4980 1570 5032 timeret
1613 4993 1626 5031 :
1660 4991 1829 5046 quare
1855 4980 1929 5032 si-

364 5090 531 5146 gnum
568 5075 697 5129 illud
743 5073 912 5128 sociis
949 5075 1066 5127 suis
1112 5069 1279 5134 dedit,
1312 5069 1405 5137 qui
1451 5066 1633 5135 gladio
1662 5075 1929 5136 quotquot

364 5171 418 5225 in
456 5169 709 5235 ecclesia
762 5167 980 5222 fuerant
1032 5164 1270 5233 aggressi
1328 5171 1502 5216 sunt:
1544 5159 1929 5230 interfectique

365 5272 493 5318 sunt
544 5262 685 5315 intra
717 5268 770 5314 et
811 5268 967 5315 extra
1014 5256 1302 5311 ecclesiam
1336 5254 1585 5309 homines
1630 5251 1924 5316 innumeri,

364 5356 499 5409 adeo
538 5364 595 5409 ut
630 5356 939 5407 occisorum
965 5350 1187 5417 sanguis
1214 5346 1373 5418 156
1404 5345 1664 5415 usquead
1697 5346 1923 5398 militum

362 5465 537 5519 genua
567 5449 915 5517 pertingeret.
945 5441 1134 5511 Magna
1166 5454 1296 5493 vero
1324 5440 1602 5492 hominum
1637 5434 1924 5489 multitudo

362 5544 430 5595 ab
482 5542 614 5608 ipsis
662 5538 785 5609 fuga
832 5534 1066 5607 prolapsi
1118 5539 1245 5585 sunt
1292 5529 1345 5583 in
1393 5530 1584 5581 vallem
1641 5526 1814 5582 llabib
1856 5526 1924 5578 ad

363 5634 755 5687 monasterium
805 5630 918 5682 Abu
958 5624 1205 5680 Makarii.
1244 5620 1449 5675 Exinde
1482 5620 1657 5689 palam
1689 5618 1923 5671 obtinuit

364 5724 747 5785 Melcbitarum
780 5720 1074 5784 sententia,
1110 5716 1321 5786 ipsique
1353 5712 1576 5784 templa,
1607 5727 1726 5783 quae
1761 5710 1917 5766 inva-
1980 5799 1985 5803 .

2036 4518 2089 4572 in
2148 4518 2419 4574 mandatis
2454 4516 2677 4572 dederat
2715 4515 3013 4587 imperator
3040 4517 3389 4572 exstruenda.
3433 4517 3601 4573 Jussit

2034 4608 2201 4662 etiam
2235 4607 2530 4677 imperator
2554 4607 2791 4677 legatum
2824 4606 3113 4661 ecclesiam
3138 4605 3597 4662 Bethleemiticam

2033 4715 2152 4770 quae
2199 4714 2363 4770 parva
2414 4698 2518 4752 fuit
2570 4698 2813 4766 diruere,
2854 4697 3131 4771 aliamque
3180 4699 3437 4768 amplam,
3490 4714 3601 4752 tua-

2035 4808 2194 4865 gnam
2234 4800 2285 4849 et
2324 4791 2607 4863 pulchram
2658 4792 2969 4857 fabricare;
3019 4794 3156 4850 adeo
3210 4800 3266 4848 ut
3320 4807 3423 4849 non
3459 4804 3601 4851 ess-et

2035 4885 2429 4955 Hierosolymis
2462 4882 2723 4954 templum
2765 4884 2883 4954 ipsa
2913 4884 3234 4954 ,pulchrius.
3272 4883 3600 4940 Perveuieus

2031 4991 2162 5046 ergo
2202 4976 2411 5045 legatus
2457 4974 2857 5049 Hierosolyma,
2906 4979 3283 5032 nosocomiutn
3322 4978 3480 5048 ιω
3505 4992 3598 5046 pe-

2032 5066 2265 5135 regrinis
2318 5066 2581 5129 condtdit,
2634 5076 2690 5120 et
2748 5067 3041 5123 ecclesiam
3083 5067 3299 5124 Helena:
3350 5070 3595 5137 perfecit,
3666 5068 3669 5069 ⁷

2032 5159 2340 5230 templaque
2390 5174 2510 5229 qtae
2562 5157 2921 5215 incenderant
2951 5159 3279 5215 Samaritani
3326 5160 3595 5213 instaura-

2029 5253 2129 5317 vit,
2180 5267 2414 5307 necnon
2467 5253 2801 5307 monasteria
2852 5254 3250 5325 quamplurima
3309 5255 3596 5314 exstruxit,

2028 5345 2317 5412 dirutaque
2367 5344 2600 5398 ecclesia
2655 5344 3061 5401 Bethleemitica
3095 5343 3339 5398 eamdem
3374 5356 3440 5397 eo
3491 5360 3599 5413 quo

2023 5436 2135 5505 jam
2186 5450 2244 5489 se
2270 5436 2428 5490 habet
2475 5436 2635 5490 modo
2664 5424 2977 5491 aedificavit.
3027 5435 3272 5505 Cumque
3301 5436 3388 5491 bis
3419 5439 3597 5491 omni-

2027 5528 2131 5582 bus
2160 5526 2421 5581 absolutis
2452 5529 2518 5582 ad
2554 5528 2944 5597 imperatorem
2991 5541 3246 5582 reversus
3275 5538 3447 5591 esset.
3479 5531 3594 5594 irle,

2019 5617 2292 5672 ‘Describe
2345 5618 2477 5672 mihi
2532 5618 2793 5688 (inquit)
2841 5619 3117 5688 quomodo
3149 5620 3443 5675 ecclesiam
3500 5621 3598 5673 Br-

2033 5710 2424 5767 thlcetuiticam
2460 5710 2803 5767 exstruxisti.
2863 5708 3037 5775 Quam
3070 5726 3195 5767 cum
3252 5713 3355 5783 ipsi
3389 5714 3601 5770 descri-
