4014 6218
438 279 564 347 1011

1450 269 1813 352 EU'ri'cnn
1858 289 2386 350 ALEXANDRINI
2427 289 2643 346 l—‘A'I‘R.

3537 282 3678 344 1072

435 400 655 467 psisset,
719 399 859 454 haud
912 400 1195 468 probavi.-
1227 402 1523 471 imperator
1583 399 2007 467 descriptionem
2041 418 2079 466 Α
2114 397 2344 450 illustria
2377 412 2438 450 ac
2464 409 2632 463 aquas
2657 393 2940 447 :edilieavit
2971 411 2982 455 ;
3015 400 3066 444 at
3103 390 3365 459 templum
3399 390 3450 442 iu
3480 392 3680 445 montis

443 492 628 551 istam,
665 506 762 544 nec
791 493 1060 546 ullatenus
1105 492 1204 562 ipsi
1237 492 1474 562 placuit;
1507 509 1673 560 quare
1707 493 1858 543 valde
1892 491 1991 560 ipsi

438 584 605 635 iratus
645 583 978 652 :Aeeeptos,
1041 583 1243 651 inquit,
1296 599 1547 637 nummos
1592 583 1688 636 tibi
1736 582 1836 652 ipsi
1862 599 1997 636 con-

433 675 675 742 gessisti,
727 667 1226 728 :ediﬁcium'autem
1257 676 1574 730 exstruxisti
1609 675 1747 729 male
1775 690 1997 740 compa-

431 771 602 822 ctutu,
646 773 697 813 et
729 762 1018 816 ecclesiam
1059 765 1405 818 tenebrosam
1459 763 1770 826 confecisti,
1824 763 1999 815 nulla-

433 864 592 906 tenus
639 867 704 906 ex
753 863 936 908 mente
988 869 1106 908 mea
1161 853 1505 919 fabricatam,
1556 869 1656 909 nec
1703 855 1994 907 consilium

436 960 612 998 uicum
665 954 889 1000 secutus
929 961 1010 999 es.
1058 946 1359 1016 Capiteque
1389 948 1569 1016 ipsum
1622 946 1780 1016 plecti
1809 946 1994 1013 jussit.

435 1037 651 1087 Struxit
687 1035 849 1089 etiam
884 1035 1232 1090 Justinianus
1282 1040 1578 1107 imperator
1608 1039 2002 1090 Constantino-

435 1126 542 1194 poli
611 1126 866 1195 templum
911 1125 1126 1180 Sancta:
1173 1125 1413 1197 Sophim,
1462 1125 1667 1182 fabrica
1706 1127 1999 1182 admodum

433 1217 688 1284 eleganti.

505 1308 672 1361 Porro
724 1318 977 1364 mortuus
1000 1319 1084 1365 est
1109 1309 1228 1364 Mar
1249 1307 1391 1365 Saba
1429 1325 1600 1364 annos
1635 1318 1794 1364 natus
1826 1325 2002 1364 nona-

435 1403 582 1465 ginta
638 1411 892 1470 quatuor.
960 1403 1096 1457 Cum
1159 1409 1337 1456 autem
1391 1403 1691 1458 audiissent
1748 1404 2001 1456 monachi

435 1494 634 1548 montis
671 1492 815 1548 Sinae
851 1495 917 1549 de
958 1494 1097 1549 bona
1131 1494 1788 1564 imperatorisJustiniaui
1823 1497 2004 1550 inten-

435 1590 602 1647 tione,
646 1601 918 1656 quamque
940 1587 1238 1640 cnudendis
1269 1587 1518 1642 ecclesiis
1562 1596 1613 1640 et
1659 1587 2006 1641 monasteriis

435 1681 715 1733 struendis
744 1679 1132 1744 delectaretur,
1164 1679 1232 1733 ad
1261 1679 1435 1748 ipsqu
1463 1679 1716 1748 profecti,
1758 1695 2004 1749 conque-

2096 491 2302 544 vertice
2329 504 2500 564 supra
2532 489 2710 543 locum
2743 487 2797 540 in
2833 501 2939 554 quo
2969 484 3147 539 Moses
3211 483 3382 552 legem
3426 487 3629 550 acer-pit
3663 502 3676 536 :

2096 599 2296 636 nomen
2325 581 2585 651 przefecto
2620 579 2938 632 monasterii
2969 587 3085 630 erat
3137 576 3328 630 Doula.
3405 575 3681 632 licversus

2097 685 2276 728 autem
2308 674 2369 725 ad
2395 671 2764 725 Iustinianum
2818 670 3198 738 imperatorem
3231 669 3440 735 legatus
3494 685 3681 722 narra-

2098 766 2174 817 vit
2219 763 2320 831 ipsi
2355 779 2618 830 qtlas‘nztnt
2664 761 2926 814 ecclesias
2948 769 3005 813 'et
3046 775 3165 827 quaa
3213 760 3544 813 monasteria
3578 777 3676 814 ex-

2098 865 2376 911 struxerat
2407 871 2420 918 ;
2464 855 2755 922 descripsit
2805 854 2968 906 etiam
3013 852 3110 920 ipsi
3147 869 3257 920 quo
3295 854 3456 907 modo
3487 869 3678 905 mona-

2098 947 2324 1003 sterium
2359 949 2560 999 montis
2594 943 2739 999 Sinze
2767 944 3149 998 azdilicaverat.
3183 943 3285 997 Cui
3342 945 3394 998 in
3422 960 3636 1012 perator
3664 961 3678 996 :

2100 1039 2337 1102 Errasti,
2395 1039 2592 1108 inquit,
2623 1047 2676 1091 et
2709 1039 2993 1091 monachis
3028 1037 3284 1103 injuriam
3319 1037 3678 1105 feci.~ti,quos

2101 1135 2154 1187 in
2193 1133 2545 1186 inimicorum
2582 1147 2775 1185 manus
2810 1130 3107 1184 tradidisti.
3138 1129 3317 1194 Quare
3353 1144 3532 1183 autem
3569 1145 3676 1182 nou

2103 1223 2156 1276 in
2199 1223 2402 1278 montis
2440 1223 2655 1276 vertice
2693 1224 3082 1275 monasterium
3145 1221 3506 1276 exstruxisti?
3543 1219 3686 1274 Res-

2104 1312 2293 1384 pondit
2322 1314 2530 1384 legatus
2577 1333 2588 1366 :
2638 1312 2812 1381 Ipsum
2839 1312 2989 1380 juxta
3017 1311 3212 1364 rubum
3237 1322 3288 1364 et
3321 1325 3485 1380 prope
3511 1325 3682 1379 aquas

2106 1407 2298 1478 posui;
2330 1407 2473 1476 quod
2502 1407 2546 1460 si
2581 1408 2630 1458 in
2664 1406 2865 1458 montis
2903 1404 3116 1472 fastigio
3143 1412 3482 1458 exstructum
3551 1405 3683 1455 litis-

2083 1508 2207 1563 "set,
2234 1499 2542 1553 caruissent
2595 1497 2847 1550 monachi
2885 1510 3046 1565 aqua,
3081 1497 3212 1550 adeo
3264 1504 3324 1548 ttt
3357 1497 3400 1549 si
3429 1497 3680 1548 obsessis

2105 1591 2395 1661 aliquando
2423 1590 2558 1659 ipsis
2587 1589 2883 1643 interclusa
2937 1598 3086 1642 esset
3118 1603 3280 1657 aqua,
3316 1604 3424 1658 pra:
3451 1589 3542 1641 siti
3564 1603 3682 1638 mo-

2111 1690 2360 1734 rcrentur
2392 1698 2404 1744 ;
2443 1681 2656 1750 longius
2688 1677 3039 1750 165-167
3067 1679 3288 1747 insuper
3318 1679 3386 1731 ab
3422 1679 3548 1745 ipsis
3583 1679 3684 1731 ab.

451 1774 520 1824 sti
553 1781 679 1826 sunt
733 1771 936 1825 Arabes
961 1771 1257 1826 lsmaelitas
1310 1772 1441 1840 ipsis
1472 1773 1729 1825 damnum
1782 1772 2005 1836 inferre,
2042 1760 2080 1812 Β
2113 1773 2165 1827 fu
2195 1783 2305 1826 sset
2377 1774 2565 1831 rubus.
2605 1773 2748 1824 Dixit
2805 1773 3138 1839 imperator:
3196 1769 3517 1838 Equaudus
3553 1785 3684 1835 ergo

442 1879 635 1931 penum
663 1865 902 1932 ipsorum
958 1864 1270 1916 devorando
1301 1864 1526 1933 locaque
1553 1865 1843 1930 diruendo,
1900 1865 2008 1917 cel-

438 1959 624 2022 lasqne
660 1956 1024 2024 ingredientes
1053 1953 1324 2022 quidquid
1353 1955 1427 2007 ibi
1476 1964 1619 2008 esset
1663 1955 1926 2021 diripere,
1957 1965 2011 2008 et

439 2051 490 2100 in
528 2046 788 2100 ecclesias
823 2045 1098 2098 irruentes
1135 2041 1537 2098 Eucliaristiam
1566 2047 1857 2115 deglutire.
1889 2047 1999 2099 lio-

435 2144 595 2203 gante
620 2150 750 2205 ergo
783 2136 1128 2203 imperatore,
1181 2135 1309 2205 quid
1344 2136 1560 2198 vellent,
1599 2135 1953 2206 161-163
1992 2151 2005 2187 :

440 2229 732 2298 lioganrus,
788 2228 1066 2302 inquiunt,
1117 2245 1150 2281 ο
1180 2243 1296 2293 rex,
1333 2236 1388 2280 ut
1425 2229 1581 2281 nobis
1614 2232 2007 2281 monasterium

437 2332 688 2377 exstruas
719 2322 771 2374 in
804 2336 913 2390 quo
939 2322 1267 2373 muniantur.
1315 2319 1522 2390 (Neque
1553 2323 1698 2374 enim
1762 2329 1886 2373 ante
1945 2321 2011 2372 il-

441 2413 530 2468 hrd
561 2423 773 2484 tempus
821 2415 992 2466 ullum
1051 2413 1154 2467 fuit
1197 2414 1268 2466 lin
1302 2421 1482 2467 monte
1541 2413 1670 2466 Sina
1701 2413 2009 2468 emnohium

440 2509 493 2560 in
544 2522 652 2574 quo
708 2505 1064 2560 convenirent
1127 2504 1403 2564 monachi,
1467 2506 1562 2556 sed
1613 2503 1666 2554 iu
1705 2502 2013 2580 .tnontibtts

439 2612 502 2648 ac
532 2597 759 2650 vallibus
803 2597 947 2648 circa
988 2595 1182 2648 rubum
1219 2611 1248 2648 e
1277 2611 1386 2662 quo
1425 2595 1566 2647 Dens
1597 2593 1784 2647 Mosen
1809 2596 2014 2647 allocu-

440 2699 528 2741 tus
549 2697 654 2745 cst.
693 2688 925 2756 sparsim
958 2685 1248 2757 (legerunt.
1276 2683 1402 2737 Fuit
1433 2693 1644 2738 tantmu
1683 2687 1814 2754 ipsis
1845 2700 2008 2753 supra

442 2782 637 2835 rubum
679 2781 844 2834 turris
879 2794 1093 2849 magna,
1117 2794 1239 2848 qum
1273 2787 1325 2832 et
1358 2778 1514 2832 hodie
1547 2791 1819 2847 superest,
1852 2789 2014 2847 atque

441 2875 493 2926 in
528 2889 588 2927 ea
629 2873 893 2942 templum
927 2872 1140 2926 Sanctae
1175 2871 1380 2936 Mariae,
1416 2870 1481 2922 ad
1522 2886 1684 2940 quam
1734 2871 2011 2933 monachi,

441 2966 734 3019 act-edente
764 2967 1016 3034 quopiam
1052 2980 1220 3033 aquo
1282 2963 1556 3024 timerent,
1610 2963 2008 3033 confugientes,

446 3060 500 3111 in
530 3056 718 3110 eadem
784 3057 996 3110 munire
1044 3071 1102 3110 se
1146 3056 1410 3111 solebant.
1448 3055 1592 3109 Misit
1624 3070 1753 3124 ergo
1778 3056 2011 3124 impera-

446 3163 528 3204 tor
561 3165 669 3202 una
709 3163 831 3202 cum
881 3149 1014 3218 ipsis
1061 3147 1297 3216 legatum
1349 3147 1543 3216 opibus
1568 3149 1754 3201 multis
1801 3149 2011 3200 instru-

440 3251 610 3301 ctum,
635 3239 855 3308 scriptis
883 3239 1047 3292 etiam
1078 3240 1153 3298 ad.
1178 3237 1398 3308 Aigypti
1431 3238 1744 3308 praefectum
1783 3239 2006 3300 litteris,

442 3342 499 3384 ut
547 3333 718 3385 eidem
753 3343 1018 3401 quantum
1049 3330 1212 3384 vellet
1248 3345 1597 3384 nummorum
1656 3332 1914 3393 traderet,
1949 3347 2011 3383 ac

443 3425 588 3476 viros
645 3425 808 3476 etiam
886 3422 1280 3491 suppeditaret,
1340 3421 1552 3491 ipsique
1608 3435 1880 3474 annonam
1947 3438 2011 3474 ex

442 3515 676 3582 A'Igypto
707 3515 1050 3567 deferendam
1082 3520 1348 3576 curaret;
1407 3513 1584 3580 legato
1640 3513 1693 3564 in
1741 3511 2010 3565 mandatis

441 3607 567 3657 dato
605 3615 657 3656 ut
694 3603 983 3656 ecclesiam
1045 3603 1097 3671 in
1130 3601 1350 3655 Kalzem
1417 3611 1743 3658 exstrueret.
1803 3619 2012 3658 necnon

443 3693 826 3746 monasterium
864 3693 1040 3760 ηυξ-ω,
1085 3701 1252 3758 utque
1286 3691 1339 3744 in
1385 3701 1570 3745 monte.
1637 3692 1766 3746 Sina
1828 3711 2014 3747 mona-

439 3785 666 3838 sterium
703 3782 1022 3844 aediﬁcaret,
1088 3783 1340 3852 idemque
1384 3785 1739 3853 permuniret,
1791 3787 1925 3840 adeo
1955 3796 2015 3838 ut

443 3890 549 3928 nou
575 3873 701 3926 alibi
735 3873 788 3925 in
831 3881 944 3926 toto
974 3872 1176 3926 mundo
1209 3875 1383 3944 magis
1415 3876 1688 3929 tuunitum
1745 3878 2015 3944 reperire.
2043 3899 2056 3905 -

441 3977 528 4016 tnl'
553 3963 796 4031 adeoque
835 3962 1106 4015 [innatum
1147 3963 1326 4027 daret,
1359 3973 1418 4017 ut
1443 3978 1548 4017 non
1600 3965 1795 4020 alicubi
1866 3969 2016 4020 lue-us

361 4123 376 4138 π
442 4056 638 4126 aliquis
689 4062 834 4108 esset
889 4057 1032 4110 unde
1087 4055 1166 4108 vel
1224 4058 1556 4110 monasterio
1588 4058 1670 4109 vel
1728 4058 2015 4110 monachis

441 4149 699 4201 damnum
735 4145 1076 4200 inferendum
1115 4155 1469 4201 metueretur.
1530 4150 1664 4214 Cum
1723 4164 1854 4217 ergo
1887 4149 2017 4202 Kal-

443 4253 653 4292 zenium
686 4238 1023 4308 pervenisset
1053 4238 1260 4307 legatus
1296 4240 1396 4298 iste
1434 4241 1680 4294 condidit
1709 4242 1778 4294 ibi
1841 4245 2015 4295 cccle-

441 4333 576 4383 siam
599 4331 656 4383 S.
681 4329 964 4384 Athanasii
991 4331 1409 4400 ;exstruxitque
1431 4335 1823 4386 monasterium
1855 4332 2016 4406 Raya:

2129 1864 2224 1916 tibi
2261 1879 2383 1914 cum
2429 1873 2568 1916 terra
2615 1860 2711 1914 fuit
2750 1876 2905 1914 mons
2945 1861 3048 1914 iste
3079 1859 3172 1929 qui
3234 1875 3262 1912 a
3315 1860 3684 1928 septentrione

2115 1954 2444 2006 monasterio
2471 1951 2738 2006 imminet.
2783 1950 2883 2003 Cui
2924 1951 3130 2018 legatus
3175 1966 3188 2001 :
3227 1948 3281 2003 Si
3341 1960 3482 2001 totas
3529 1960 3684 2001 terra:

2113 2045 2508 2109 Romanorum,
2558 2042 2799 2113 ngypti,
2835 2052 2887 2094 et
2937 2042 3106 2112 Syrim
3165 2058 3296 2112 Opes
3327 2041 3683 2108 impendisse-

2115 2151 2254 2197 mus,
2313 2134 2454 2187 haud
2519 2149 2802 2203 possemus
2849 2141 3089 2185 montem
3145 2132 3308 2186 istum
3377 2132 3683 2184 absolvere.

2113 2228 2287 2280 Iratus
2322 2243 2451 2295 ergo
2487 2226 2783 2296 imperator
2812 2233 2972 2294 caput
3008 2225 3111 2293 ipsi
3174 2225 3448 2294 amputari
3494 2223 3682 2292 jussit.

2073 2309 2087 2322 ”
2115 2319 2312 2373 Deinde
2343 2320 2504 2372 alimu
2541 2318 2688 2372 misit
2741 2317 3001 2387 legatum,
3037 2333 3257 2386 unaque
3313 2332 3436 2370 cum
3485 2317 3626 2384 ipso,
3653 2331 3684 2368 c

2113 2412 2296 2468 vernis
2325 2411 2695 2466 Romanorum
2734 2427 2841 2463 una
2900 2425 3024 2462 cum
3067 2409 3252 2463 liberis
3302 2418 3356 2463 et
3424 2410 3684 2462 uxoribus

2114 2506 2356 2574 ipsorum
2407 2515 2622 2557 centum
2653 2503 2821 2562 viros,
2851 2501 3051 2571 jubens
3085 2503 3244 2554 etiam
3273 2511 3326 2552 ut
3361 2516 3423 2553 ex
3448 2499 3684 2569 zEgypto

2113 2597 2251 2649 alios
2280 2605 2499 2648 eeutum
2542 2609 2645 2646 una
2697 2609 2820 2645 eum
2852 2595 3096 2660 ipsorum
3159 2592 3424 2644 uxoribus
3461 2603 3513 2643 et
3552 2591 3682 2642 lihe-

2113 2689 2188 2742 ris
2219 2682 2731 2755 acciperet,quibus
2774 2695 2926 2737 extra
2963 2693 3205 2736 montem
3243 2683 3432 2736 Sinam
3495 2684 3684 2737 domus

2113 2785 2420 2834 exstrueret
2458 2778 2509 2831 in
2543 2777 2745 2846 quibus
2773 2776 2846 2829 ibi
2896 2777 3178 2846 degerent,
3239 2791 3348 2844 quo
3405 2783 3682 2828 monaste-

2119 2873 2262 2925 rium
2299 2881 2350 2925 et
2405 2872 2708 2925 monachos
2760 2870 3145 2935 custodirent;
3182 2879 3234 2924 et
3293 2873 3492 2923 victum
3555 2867 3683 2936 ipsis

2115 2961 2568 3031 Suppeditaudum
2599 2971 2840 3025 curaret,
2873 2962 3117 3030 ipsiSque
3140 2969 3192 3013 et
3227 2961 3555 3014 monasterio
3620 2974 3682 3010 ex

2118 3053 2351 3125 A‘Igypto
2387 3068 2617 3108 annonae
2657 3062 2920 3122 quantum
2957 3051 3253 3114 sufficeret,
3309 3051 3684 3106 deferendum.

2071 3136 2083 3159 ⁵
2115 3145 2248 3198 Cum
2291 3159 2420 3214 ergo
2453 3143 2519 3198 ad
2548 3155 2787 3198 montem
2848 3141 3034 3196 Sinam
3091 3143 3429 3213 perveniSset
3482 3143 3683 3210 legazus

2113 3248 2268 3290 (’Xll‘a
2305 3235 2699 3290 monasterium
2730 3234 3007 3289 Orientem
3030 3250 3223 3288 versus
3265 3235 3433 3288 multa
3465 3244 3680 3287 exstru‘

2114 3329 2191 3382 xit
2231 3327 2532 3391 domicilia,
2569 3327 2868 3397 eademque
2901 3342 3030 3381 arce
3057 3327 3441 3386 communivit,
3482 3325 3535 3378 iu
3561 3328 3682 3392 qui-

2115 3421 2216 3474 bus
2240 3435 2428 3475 servos
2455 3420 2591 3474 istos
2620 3419 2907 3473 collocavit
2941 3437 3048 3488 quo
3079 3420 3468 3475 mooasterium
3501 3434 3593 3471 cus
3624 3437 3678 3465 o-

2113 3515 2312 3573 dircnt,
2346 3513 2486 3567 idem
2512 3531 2598 3582 lue
2635 3525 2918 3566 tuerentur
2944 3528 2959 3576 ;
2989 3513 3078 3580 qui
3103 3512 3256 3565 locus
3275 3512 3340 3564 ad
3379 3511 3478 3564 hoc
3514 3526 3676 3574 uSqur.

2115 3615 2332 3675 tempus
2371 3606 2460 3658 Dir
2487 3609 2536 3658 ol
2567 3605 2728 3666 Abii,
2797 3620 2913 3667 seu,
2956 3605 3348 3656 monasterium
3403 3618 3680 3654 servorum

2115 3695 2462 3761 appellatum.
2497 3692 2630 3746 Cum
2669 3708 2794 3746 vero
2827 3693 3028 3760 genitis
3080 3693 3266 3745 liberis
3316 3692 3677 3761 multiplicati,

2115 3782 2203 3834 diu
2245 3783 2315 3834 ibi
2348 3783 2748 3845 substitissent,
2781 3797 2842 3836 ac
2899 3782 3492 3837 Moliammcdanismus
3547 3784 3677 3834 Olifl-

2115 3883 2266 3928 neret
2293 3859 2474 3944 (qttod'
2495 3875 2596 3927 sub
2651 3873 2859 3928 Chalifa
2895 3875 3051 3928 Abdil
3088 3874 3258 3928 Malee
3308 3877 3422 3930 Elin
3455 3874 3666 3929 Meitvar

2116 3967 2334 4036 accidit)
2370 3967 2457 4020 alii
2495 3969 2548 4020 in
2589 3970 2728 4022 alios
2765 3969 3037 4021 irruentes
3070 3969 3274 4021 mutuis
3312 3985 3370 4022 se
3437 3971 3676 4022 ca-drlms

2115 4061 2483 4122 sustulerunt,
2517 4061 2677 4113 (τρεῖς)
2699 4061 2842 4123 aliis,
2871 4061 2996 4114 aliis
3025 4061 3383 4130 fugientibus,
3414 4063 3537 4116 aliis
3572 4060 3674 4112 Mn.
3747 4063 3752 4065 ’

2119 4151 2648 4206 hammcdauismum
2679 4153 2964 4222 auzplexis,
2986 4169 3216 4221 quorum
3257 4155 3411 4208 liberi
3438 4154 3502 4207 ad
3529 4155 3681 4224 168

2118 4245 2265 4296 hunc
2318 4258 2492 4311 usque
2524 4245 2664 4296 diem
2698 4245 2750 4296 in
2780 4247 3150 4308 monasteriis,
3193 4247 3340 4299 illam
3376 4249 3684 4316 religionem

2116 4333 2432 4402 profitentes
2464 4333 2616 4388 Banu
2665 4333 2867 4400 Salehi,
2897 4338 3258 4406 appellantur,
3292 4349 3344 4392 et
3388 4340 3536 4407 pueri
3563 4331 3676 4409 [seu

443 4433 553 4472 tum
585 4419 652 4474 ad
688 4429 926 4474 montem
968 4420 1158 4474 Sinam
1217 4421 1495 4489 profectus
1528 4423 1610 4482 ibi,
1637 4430 1833 4476 rubum
1862 4427 2010 4478 inve-
2046 4443 2090 4498 ῃ
2118 4427 2259 4477 servi
2293 4423 2313 4494 ]
2372 4429 2688 4480 monasterii
2729 4427 2961 4481 audiunt
2995 4445 3008 4493 ;
3037 4441 3274 4496 suntque
3299 4446 3364 4485 ex
3414 4431 3547 4500 ipsis
3578 4427 3675 4481 La-

443 4513 520 4565 nit
580 4513 633 4566 in
674 4511 794 4565 loco
823 4513 966 4565 inter
992 4512 1128 4565 duos
1149 4521 1366 4566 montes
1396 4522 1650 4584 augusto,
1690 4515 2007 4585 ibidemque

443 4603 641 4656 turrim
665 4619 830 4672 prope
851 4605 1044 4657 rubum
1067 4612 1420 4670 exstructam,
1445 4622 1653 4661 necnon
1678 4608 1836 4680 164
1857 4625 2010 4678 aqua:

440 4697 618 4748 I‘ontes
649 4707 816 4761 prope
843 4693 1094 4747 eumdem
1153 4695 1541 4761 scaturieutes,
1597 4704 1650 4749 at
1713 4701 2010 4752 u—ronachos

442 4801 534 4854 per
568 4785 736 4838 valles
769 4784 1066 4852 dispersos.
1123 4784 1179 4838 In
1205 4789 1390 4841 animo
1424 4802 1554 4857 ergo
1587 4787 1775 4841 habuit
1818 4805 2010 4843 mona-

439 4876 664 4931 sterium
693 4889 856 4946 supra
892 4884 1130 4929 montem
1199 4887 1485 4932 exstruere
1543 4880 1731 4933 relicto
1781 4883 1898 4934 rubi
1956 4891 2011 4935 et

439 4968 607 5022 turris
643 4966 782 5020 loco.
802 4966 956 5032 Quod
989 4975 1167 5019 tamen
1208 4984 1396 5022 rursus
1422 4984 1579 5037 aqua}
1599 4970 1768 5038 gratia
1807 4971 2011 5038 impro-

440 5059 608 5122 havit,
635 5057 755 5111 ideo
787 5058 932 5125 quod
967 5058 1112 5110 trulla
1153 5070 1300 5112 esset
1330 5076 1493 5128 supra
1539 5073 1775 5113 montem
1845 5077 2008 5128 aqua.

441 5153 718 5208 l-Lxstruxit
774 5166 902 5220 ergo
963 5153 1356 5204 tuonastcrium
1415 5153 1569 5219 juxta
1615 5153 1830 5205 'rubum
1887 5153 2009 5206 loco

439 5245 627 5311 turris,
661 5247 792 5300 turri
833 5246 884 5296 in
913 5243 1246 5296 monasterio
1279 5243 1512 5296 inclusa.
1552 5241 1782 5312 Fuitque
1816 5258 2008 5297 mona-

359 5404 378 5412 ⁵
438 5339 660 5392 sterium
691 5337 830 5391 inter
856 5335 996 5388 duos
1049 5344 1262 5388 montes
1315 5335 1728 5402 locoangusto,
1758 5335 1892 5389 adeo
1951 5344 2007 5388 ut

437 5431 480 5478 si
530 5428 655 5493 quis
686 5427 887 5482 mOutis
920 5425 1196 5494 fastigium
1245 5425 1676 5493 septentriOnale
1729 5439 2005 5481 conscen-

439 5527 570 5576 dens
599 5520 826 5589 lapidem
847 5519 1075 5588 jaceret,
1113 5516 1167 5570 in
1228 5515 1468 5570 medium
1501 5516 1760 5572 decidens
1818 5533 2007 5584 inena-

438 5611 666 5661 sterium
691 5609 970 5664 monachis
999 5616 1238 5663 noceret.
1276 5605 1339 5660 Et
1375 5608 1767 5663 monasterium
1789 5610 2004 5677 quidem

441 5708 496 5746 in
535 5692 653 5746 loco
693 5696 796 5748 isto
827 5706 1058 5764 angusto
1085 5694 1238 5762 juxta
1290 5697 1483 5750 rubum
1543 5706 1595 5751 et
1654 5711 2006 5756 monumenta

2115 4515 2451 4569 eluuienscs.
2505 4514 2799 4570 Diruerunt
2863 4527 3044 4570 autem
3106 4521 3360 4573 monachi
3415 4519 3677 4572 domicilia

2111 4621 2388 4658 servorum
2420 4616 2708 4676 postquam
2769 4607 3160 4663 Moliarumedis
3199 4611 3516 4680 religionem
3571 4626 3683 4663 am-

2112 4699 2252 4766 plexi
2284 4708 2409 4751 sunt
2437 4717 2500 4752 ne
2529 4702 2654 4769 quis
2683 4716 2746 4754 ea
2786 4703 3069 4767 incoleret,
3093 4719 3214 4773 qua:
3244 4697 3382 4774 ergo
3411 4716 3466 4757 et
3522 4703 3686 4756 hodie

2111 4790 2349 4841 tlesofata
2389 4801 2626 4845 manent.

2183 4881 2354 4936 l'urro
2378 4901 2523 4938 anno
2575 4886 2784 4953 imperii
2832 4886 3129 4942 Justiniani
3175 4890 3416 4944 secundo
3483 4889 3690 4943 consti-

2112 4981 2258 5027 tutus
2298 4985 2382 5027 est
2426 4973 2740 5030 Bonifacius
2797 4981 3111 5047 patriarcha
3140 4978 3470 5046 Romanus;
3531 4995 3688 5033 cum-

2111 5081 2215 5134 que
2245 5067 2384 5120 duos
2415 5083 2590 5121 annos
2622 5069 2850 5123 sedisset
2882 5075 3127 5129 morthus
3157 5085 3260 5129 est.
3310 5076 3468 5129 Anno
3507 5073 3691 5141 impe-

2113 5157 2176 5210 rii
2208 5157 2448 5225 ejusdem
2488 5169 2683 5229 quarto
2718 5163 3055 5218 constitutus
3087 5175 3172 5220 est
3211 5165 3414 5219 ibidem
3441 5165 3685 5234 patriar-

2111 5251 2213 5303 eha
2254 5247 2515 5315 Joannes,
2547 5254 2639 5321 qui
2670 5259 2722 5304 et
2757 5253 2894 5307 duos
2939 5270 3113 5308 annos
3143 5257 3306 5322 sedit,
3336 5257 3461 5310 dein
3529 5271 3681 5308 ωπον.

2111 5353 2248 5401 tuus.
2268 5351 2372 5395 est.
2432 5343 2592 5395 Anno
2620 5342 2862 5412 ejusdem
2893 5355 3069 5406 Sexto,
3116 5348 3293 5402 factus
3334 5357 3417 5402 est
3479 5347 3690 5401 ibidem

2114 5434 2415 5502 patriarcha
2444 5421 2736 5504 Agtlpetus,
2772 5438 2864 5505 qui
2902 5455 3024 5490 eum
3061 5455 3224 5491 unum
3253 5456 3456 5494 annum
3494 5439 3689 5493 sedas-

2113 5536 2194 5578 sct
2251 5534 2500 5580 mortuus
2529 5535 2632 5581 est.
2671 5530 2827 5582 Auno
2860 5530 3103 5598 cjuslmn
3137 5533 3372 5602 septimo
3398 5531 3677 5585 constitu-

2113 5625 2200 5668 tus
2246 5626 2325 5669 est
2353 5617 2421 5670 ibi
2481 5618 2791 5685 patriarcha
2828 5620 3144 5690 Sylverius;
3209 5639 3383 5676 annos
3441 5623 3691 5690 quinque

2110 5707 2268 5773 sedit,
2301 5707 2431 5762 dein
2455 5719 2700 5764 mortuus
2731 5724 2831 5766 est.
2870 5716 3024 5765 Anno
3052 5714 3295 5777 ejusdem
3336 5715 3546 5768 der-imo
3577 5724 3690 5767 ter-
