4014 6218
390 357 524 422 1θῖ3

1806 362 2189 426 ANNALES.

3512 354 3647 425 10⁵³1

387 476 462 523 1ιο
516 472 849 526 constitutus
872 481 954 528 est
984 473 1186 546 ibidem
1221 473 1532 542 patriarcha
1564 472 1794 542 Vigilius
1823 491 1836 536 ;
1872 474 1965 543 qui
1996 473 2046 532 Α
2073 473 2144 526 lio
2170 471 2469 543 Eutychius
2506 473 2814 541 patriarcha
2838 471 3504 540 Constantinopolitauus.
3547 471 3666 523 Non

385 565 687 617 octodecim
724 579 898 618 annos
951 567 1115 631 sedit,
1157 566 1282 621 dein
1341 575 1600 621 mortuus
1651 575 1765 631 est;
1809 567 1967 632 cujus

387 655 717 723 praefecturae
780 674 923 714 anno
988 659 1204 714 decimo
1256 661 1448 728 quinto
1522 659 1622 712 fuit
1677 659 1969 720 concilium

383 748 658 817 quintum.
720 751 876 804 Auno
907 750 1117 820 imperii
1151 750 1394 820 ejusdem
1450 748 1765 815 (Iustiniani
1819 750 1969 803 scili-

383 842 512 906 ωι.)
547 840 783 907 decium,
812 847 1146 898 constitutus
1183 853 1266 899 est
1296 843 1631 913 Epiphanius
1664 843 1884 913 patriari
1906 843 1973 896 ha

382 935 1040 1002 Constantinapolitanns,
1079 937 1170 1008 qui
1195 935 1444 991 Jacobita
1477 935 1576 989 fuit
1605 953 1621 988 :
1655 935 1797 989 sedit
1854 954 1953 987 an-

384 1041 485 1080 nos
517 1042 632 1086 sex.
664 1027 788 1080 dein
823 1039 1073 1082 mortuus
1120 1037 1226 1084 est.
1279 1026 1514 1095 Scripsit
1568 1037 1750 1081 autem
1801 1025 1975 1080 Justi-

384 1119 578 1172 nianus
630 1121 926 1188 imperator
992 1121 1283 1190 epistolam
1340 1135 1590 1190 magnam
1669 1135 1789 1188 qua:
1845 1120 1982 1187 jura

384 1213 556 1265 multa
591 1221 642 1265 et
677 1214 823 1282 leges
867 1214 1198 1268 contineret.
1241 1213 1401 1268 Anno
1459 1213 1670 1282 imperii
1726 1213 1970 1283 ejusdem

383 1304 598 1358 decimo
658 1305 892 1374 septimo
947 1305 1126 1361 factus
1173 1314 1258 1360 est
1303 1305 1604 1374 Entychius
1667 1306 1972 1373 patriarcha

381 1398 1026 1467 Cunsiantiuopolilanus
1060 1417 1075 1463 ;
1106 1400 1196 1467 qui
1237 1379 1527 1466 postquam
1565 1399 1852 1455 duodecim
1877 1414 1976 1452 an-

385 1507 487 1545 nos
543 1489 774 1544 sedisset
836 1490 890 1544 in
930 1491 1281 1563 169-171
1318 1491 1571 1545 exsilium
1612 1491 1812 1545 missus
1867 1499 1972 1545 est.

382 1585 542 1637 Auno
609 1584 946 1652 praefectura:
995 1586 1114 1653 ejus
1173 1587 1462 1642 undecimo
1518 1586 1622 1640 fuit
1667 1584 1967 1641 concilium

381 1675 663 1742 quintum.
703 1675 859 1728 Anno
894 1676 1106 1743 imperii
1169 1674 1466 1732 Iustiniani
1499 1677 1718 1731 decimo
1776 1686 1972 1743 quarto

381 1770 716 1823 constitutus
763 1777 848 1822 est
899 1767 1174 1823 Macarius
1213 1770 1523 1839 patriarcha
1577 1768 1968 1839 Hierosolymi-

2085 566 2259 621 adfuit
2308 569 2526 636 quidem
2570 567 2884 637 patriarcha
2947 565 3504 635 liicrosolymitamis.
3575 570 3668 618 sed

2085 659 2377 728 deputatus
2415 677 2544 716 suos
2574 663 2743 716 misit.
2777 663 2856 716 Ita
2893 675 2994 714 nec
3047 659 3298 714 interfurit
3361 657 3676 726 patriarcha

2086 753 2388 814 liomanus,
2419 770 2515 806 nec
2547 752 2648 807 fuit
2681 754 2783 822 ipsi
2810 753 3107 823 deputatus
3139 767 3156 818 ;
3190 765 3315 806 cum
3384 751 3519 818 ipsis
3590 761 3674 802 ιιι--

2085 857 2206 898 men
2257 846 2561 904 consensit.
2637 860 2938 915 eorumque
2992 845 3321 900 sententiam
3374 843 3657 909 amplexus

2081 945 2187 989 est.
2236 934 2585 1006 173-175
2615 937 2847 1004 Fnitque
2879 952 3146 991 numerus
3172 935 3559 1005 episcoporum
3580 953 3648 1003 qu

2085 1026 2136 1078 in
2175 1025 2278 1080 hoc
2335 1027 2568 1080 concilio
2599 1029 2795 1095 quinto
2829 1034 3209 1082 convenerunt
3257 1035 3480 1082 centum
3515 1040 3643 1080 sexa

2082 1115 2231 1186 ginta
2269 1129 2527 1187 quatuor,
2556 1135 2664 1188 quo
2705 1120 2758 1174 in
2781 1121 3072 1190 episcopos
3109 1121 3246 1176 istos
3273 1131 3328 1176 et
3357 1136 3551 1175 omnes
3577 1121 3670 1188 qui

2091 1208 2236 1262 idem
2293 1226 2415 1264 cum
2463 1213 2597 1277 ipsis
2631 1226 2954 1269 assererem
3013 1215 3303 1269 anathema
3363 1215 3668 1268 dixerunt:

2081 1301 2315 1364 (scilicet
2375 1303 2427 1357 in
2489 1303 2776 1375 Origenem
2839 1308 3185 1376 episcopum,
3229 1306 3669 1378 Manliagensen-,

2084 1393 2417 1450 Thaddaeum
2442 1397 2764 1467 episcopum
2815 1398 3219 1455 Massisiensem
3233 1439 3246 1462 .
3273 1399 3418 1454 Ibant
3455 1401 3666 1470 episeo-

2084 1503 2210 1556 pum
2249 1487 2554 1543 ltohensem
2590 1498 2648 1546 et
2672 1489 3060 1547 Theodorittnn
3105 1494 3427 1562 episcoaum
3490 1495 3663 1563 Ani-y-

2081 1581 2320 1635 ritanutn
2353 1597 2368 1634 :
2407 1588 2718 1638 astruentes
2757 1599 2961 1653 corpus
3001 1584 3204 1640 Christi
3241 1584 3457 1639 Domini
3486 1588 3663 1640 nostri

2084 1688 2272 1726 verum
2310 1672 2505 1737 fuisse,
2538 1689 2647 1730 non
2685 1653 3096 1746 phanfasucnm
3133 1695 3148 1742 ;
3196 1692 3427 1746 esseque
3495 1679 3671 1746 ipsmn

2085 1763 2252 1818 Deum
2301 1767 2628 1834 perfectum,
2661 1777 2714 1821 et
2761 1769 3032 1822 hominem
3091 1770 3419 1840 perfectum,
3450 1768 3668 1821 naturis

384 1871 550 1915 tanus
581 1877 596 1924 ;
629 1860 722 1930 qui
758 1860 896 1914 duos
931 1876 1107 1915 annos
1172 1862 1336 1923 sedit.
1367 1862 1494 1916 dein
1553 1873 1806 1916 mottuus
1872 1873 1978 1915 est.
2013 1841 2054 1896 Β
2085 1856 2323 1921 duabus,
2391 1857 2774 1912 voluntatibus
2825 1859 3062 1920 duabus,
3117 1860 3352 1916 duorum
3411 1871 3670 1927 generum

388 1957 546 2008 Anno
587 1953 800 2017 imperii
850 1952 1100 2020 ejusdem
1137 1953 1350 2008 decimo
1392 1956 1629 2025 septima
1671 1954 1853 2008 factus
1883 1963 1970 2008 est

388 2046 689 2118 Entycliius
731 2044 1039 2114 patriarcha
1086 2047 1642 2118 llierosulymitanus,
1703 2048 1794 2118 qui
1829 2047 1974 2101 duo-

383 2139 562 2193 decim
599 2152 774 2191 annos
804 2137 966 2199 sedit,
993 2137 1118 2191 dein
1155 2147 1406 2192 tnortuus
1455 2147 1538 2193 est
1577 2156 1590 2192 :
1630 2137 1791 2206 cujus
1838 2153 1980 2206 prte-

386 2231 612 2285 fccturte
638 2245 783 2284 anno
819 2229 1112 2285 undecimo
1161 2231 1267 2284 fuit
1335 2232 1631 2286 concilium
1687 2231 1975 2299 quintum.

385 2323 544 2377 Anno
577 2322 789 2389 imperii
850 2320 1101 2389 ejusdem
1158 2323 1374 2377 tlet'iuto
1420 2324 1615 2392 quinto
1670 2324 1848 2378 fartus
1898 2331 1982 2378 est

391 2413 635 2467 Domnus
693 2414 1000 2480 patriarcha
1034 2415 1450 2479 Antiuchenus,
1489 2415 1580 2483 qui
1641 2415 1977 2481 quatuorde-

387 2505 498 2558 ciui
529 2519 705 2560 annos
769 2506 934 2569 sedit,
987 2506 1110 2558 dellt
1151 2515 1403 2560 mortuus
1436 2516 1538 2560 est.
1607 2505 1737 2574 lfjtts
1798 2505 1983 2574 pra-fc-

387 2608 558 2652 cturte
585 2613 732 2651 anno
773 2597 986 2651 decimo
1028 2598 1190 2652 tertio
1222 2598 1324 2652 fuit
1362 2599 1659 2653 concilium
1699 2598 1978 2665 quintum.

389 2693 563 2748 Porro
595 2703 839 2763 ten-pore
884 2694 1180 2750 Iustiniani
1212 2697 1561 2766 imperatoris
1599 2699 1858 2765 apparuit
1922 2697 1976 2748 iu

386 2788 532 2842 cmlo
556 2790 710 2842 stella
741 2795 934 2859 magna
962 2805 1083 2857 qua:
1113 2790 1532 2854 qnatuordccim
1566 2790 1685 2843 dies
1721 2789 1939 2843 duravit
1964 2801 1976 2841 :

389 2897 454 2935 ac
486 2888 673 2950 postea
705 2883 956 2949 apparuit
993 2882 1044 2934 in
1079 2883 1222 2937 caelo
1277 2886 1431 2937 hasta
1467 2885 1624 2952 ignea
1678 2898 1800 2951 quae
1858 2882 1978 2936 dies

391 2972 596 3040 aliquot
656 2973 879 3026 mansit.
935 2972 1059 3028 Fuit
1127 2976 1291 3029 etiam
1355 2986 1599 3045 tempore
1680 2974 1977 3030 Iustiniani

391 3063 652 3131 Origenes
680 3068 971 3134 cpiscopus
1013 3066 1396 3137 Manhagensis
1423 3069 1514 3137 qui
1543 3067 1985 3139 inetempsycho-

2083 1949 2418 2013 actionibus,
2450 1960 2505 2004 at
2540 1966 2771 2019 persona
2812 1967 2918 2006 una
2947 1953 3221 2023 pgu’tum.
3257 1951 3672 2006 Contirmarunt

2083 2043 2251 2098 etiam
2305 2045 2639 2098 sententiam
2679 2054 2920 2114 quatuor
2961 2044 3324 2100 conciliorum
3355 2044 3675 2114 praacedeu-

2082 2135 2240 2198 tium,
2294 2150 2528 2206 esseque
2576 2137 2840 2190 mundum
2874 2137 3019 2191 hunc
3068 2138 3358 2202 caducum,
3405 2147 3460 2192 et
3487 2153 3673 2191 resur-

2081 2227 2381 2282 rectionem
2423 2229 2737 2283 necessario
2796 2228 3061 2293 futuram,
3113 2240 3518 2298 venturumque
3573 2231 3674 2283 hu-

2084 2321 2294 2374 minum
2331 2328 2578 2373 nostrum
2627 2319 2911 2375 Christum
2971 2335 3096 2374 cum
3130 2322 3300 2390 gloria
3341 2338 3558 2389 magna.
3620 2332 3676 2376 et

2080 2413 2456 2479 judicaturum
2479 2411 2633 2464 vivus
2663 2419 2715 2464 et
2744 2422 2993 2466 mortuos
3023 2414 3485 2480 quemmhmulum
3525 2416 3672 2468 allic-

2087 2511 2306 2557 iuarunt
2336 2503 2567 2557 trecenti
2603 2502 2908 2558 octodecim
2965 2501 3227 2573 [Patres].
3261 2504 3389 2559 Dein
3420 2507 3673 2562 honorati

2087 2601 2392 2655 red-ierunt.

2056 2724 2078 2736 -
2153 2691 2271 2746 1am
2307 2708 2336 2746 a
2369 2693 2620 2748 concilio-
2647 2702 2844 2762 quarto
2875 2701 3262 2748 sexcentarqu
3303 2694 3522 2762 triginta
3569 2708 3668 2746 eo-

2089 2803 2208 2838 rum
2246 2785 2339 2853 (ιυὶ
2383 2786 2720 2842 Chalcedoui
2753 2794 3151 2848 convenerunt,
3187 2802 3251 2838 ae.
3291 2787 3582 2840 anathema
3622 2787 3675 2840 itt

2083 2876 2367 2934 Jacobitas
2413 2879 2831 2938 denuntiarunt,
2877 2879 2942 2932 ad
2990 2877 3286 2933 concilium
3334 2877 3481 2931 istud
3519 2877 3677 2947 quin—

2085 2980 2200 3026 tum
2252 2981 2474 3026 erutum
2521 2972 2800 3040 sexaginta
2847 2981 3089 3040 quatuor
3125 2971 3534 3039 episcoporum,
3584 2971 3676 3031 uni

2085 3063 2565 3134 Constantinopoli
2593 3051 2992 3125 convenerunt.
3024 3063 3148 3117 anni
3192 3073 3323 3118 sunt
3355 3072 3576 3116 centmn
3615 3077 3670 3114 et

393 3156 478 3210 sin
501 3158 761 3220 asseruit,
786 3160 1244 3215 resurrectionem
1271 3177 1495 3231 negans.
1532 3160 1780 3216 Fuerunt
1805 3163 1974 3216 etiam
2011 3193 2053 3249 ο
2089 3165 2240 3220 tres;
2283 3156 2494 3225 fuitque
2533 3154 2636 3210 hoc
2671 3171 2817 3210 anno
2851 3156 3063 3224 imperii
3098 3155 3400 3210 Iustiniani
3441 3157 3677 3224 impera-

395 3246 517 3302 lhas
549 3247 840 3316 episcopus
871 3247 1166 3315 Rohensis,
1197 3250 1498 3307 Thadtlaeus
1516 3253 1808 3322 episcopus
1847 3252 1984 3308 Mas-

391 3339 642 3405 sisensis,
700 3338 1180 3404 ct,'l'heodoritus
1253 3345 1550 3412 episcopus
1627 3346 1982 3415 Ancyrensis,

389 3431 489 3500 qui
549 3441 910 3487 asseruerunt
961 3449 1166 3504 corpus
1223 3437 1436 3490 Domini
1510 3438 1683 3488 nostri
1747 3435 1979 3500 Christi,

393 3524 803 3588 phantasticum
856 3526 1047 3590 fuisse.
1083 3528 1217 3581 nihil
1263 3530 1314 3581 in
1347 3545 1408 3582 se
1437 3529 1550 3583 veri
1591 3529 1824 3584 habens:
1853 3543 1985 3598 quo-

397 3633 520 3671 rmn
589 3619 864 3673 sententia
928 3620 1138 3678 audita.
1197 3621 1418 3674 mittens
1495 3623 1791 3689 imperator
1836 3621 1984 3691 ipsos

396 3706 934 3776 ConstantinOpolim
965 3710 1274 3775 accersivit,
1317 3710 1454 3778 ipsis
1482 3725 1547 3764 ac
1583 3711 1850 3781 Eutycltio
1886 3729 1983 3780 pa.

398 3798 634 3852 triarcha
651 3798 1254 3868 Constantirmpolitano
1269 3802 1559 3855 convenire
1574 3800 1762 3868 jussis.
1779 3801 1984 3866 Quibus

402 3891 562 3960 172
587 3891 920 3961 patriarcha,
951 3891 1004 3945 Si
1061 3889 1228 3945 fuerit
1262 3891 1484 3960 (inquit)
1533 3906 1736 3961 corpus
1777 3891 1983 3948 Christi

401 3985 710 4053 phantasia,
737 3985 833 4051 (uti
867 3986 1172 4040 autumatis
1213 3985 1357 4053 vos.)
1390 3993 1555 4039 erunt
1591 3987 1756 4040 etiam
1793 3987 1971 4040 actio-

403 4093 501 4130 nes
531 4086 586 4131 et
611 4092 790 4132 sermo
823 4077 998 4145 ipsius
1043 4076 1352 4146 phantasia,
1397 4091 1461 4131 ac
1492 4078 1722 4145 proinde
1752 4078 1985 4145 quodvis

401 4183 603 4238 corpus
619 4169 761 4238 quod
782 4167 945 4222 alicui
977 4167 1259 4222 hominum
1283 4167 1597 4244 tribuim_ns,
1635 4176 1725 4221 aut
1752 4167 1982 4232 factum,

401 4269 498 4313 aut
531 4260 762 4323 dictum,
793 4260 989 4314 eodem
1028 4257 1192 4314 modo
1225 4274 1284 4314 se
1323 4259 1567 4314 habebit.
1640 4257 1785 4312 Dixit
1820 4259 1984 4312 etiam

401 4352 662 4421 episcopo
702 4349 1100 4421 Manbageusi:
1161 4350 1414 4404 Surrexit
1485 4349 1750 4404 Dominus
1801 4358 1987 4404 noster

401 4441 659 4497 Christus
715 4458 745 4494 a
794 4444 1048 4507 mortuis,
1103 4441 1404 4510 eodemque
1454 4443 1618 4495 modo
1650 4442 1861 4495 scimus
1892 4441 1981 4495 die

2091 3248 2225 3303 toris
2259 3247 2640 3303 Romanorum
2673 3249 2937 3303 vicesimo
2979 3250 3240 3318 septimo.
3271 3247 3428 3314 Quod
3471 3246 3538 3300 ad
3565 3247 3674 3300 lio-

2089 3342 2284 3396 badem
2342 3340 2565 3396 Phiruzi
2637 3342 2806 3396 filium
2870 3341 3164 3397 Persarum
3222 3357 3445 3411 regem.
3496 3341 3674 3409 ipsmu

2089 3434 2324 3486 aversati
2363 3434 2613 3486 homines
2638 3450 2669 3487 e
2702 3432 2882 3488 medio
2913 3435 3101 3489 tollere
3135 3435 3485 3496 studui-runt,
3522 3433 3681 3502 176

2087 3523 2194 3577 uisi
2231 3523 2376 3593 quod
2410 3540 2440 3577 a
2482 3525 2690 3578 vicario
2720 3525 2895 3592 ipsius
2923 3525 3210 3580 Soacbero
3249 3526 3528 3579 timerent.
3560 3523 3678 3576 Non

2086 3616 2417 3669 destiterunt
2446 3630 2578 3684 ergo
2612 3617 2788 3684 ipsum
2817 3628 3011 3670 contra
3044 3615 3313 3670 vicarium
3356 3630 3514 3666 suum
3548 3614 3680 3666 Soa-

2087 3707 2319 3760 cherum
2373 3708 2502 3762 dolo
2563 3709 2795 3764 incitare
2849 3709 3024 3764 donec
3072 3709 3252 3779 ipsum
3307 3707 3680 3772 interficeret;

2087 3813 2247 3865 quem
2277 3799 2367 3851 ubi
2400 3799 2790 3866 interfecisset,
2814 3816 3105 3872 aggressus
3136 3802 3313 3870 ipsum
3339 3800 3560 3870 quidam
3586 3814 3683 3854 no-

2091 3885 2237 3939 mine
2279 3885 2506 3941 Mazdck
2531 3904 2656 3942 cum
2697 3892 2868 3945 sociis
2913 3894 3055 3952 suis,
3101 3890 3242 3945 dixit
3275 3891 3375 3960 ipsi
3421 3890 3682 3946 :Consti-

2091 3977 2194 4032 tuit
2248 3977 2401 4033 Deus
2439 3978 2775 4052 [hominum]
2819 3981 3075 4038 dimensa
3111 3982 3164 4036 in
3207 3992 3352 4039 terra
3405 3993 3465 4038 ut
3512 3992 3568 4038 tu
3618 3999 3679 4037 ea

2087 4069 2373 4138 a-qualiter
2425 4070 2564 4140 ipsis
2624 4072 2964 4136 distributis,
3019 4087 3088 4128 ne
3145 4073 3218 4128 sit
3268 4075 3505 4144 cuipiam
3559 4075 3680 4143 plus

2089 4177 2254 4230 quam
2313 4163 2522 4230 alteri;
2581 4179 2774 4219 verum
2837 4165 3090 4221 homines
3161 4165 3360 4234 injuria
3423 4168 3565 4221 inter
3623 4183 3682 4221 se

2090 4263 2282 4324 agunt,
2334 4269 2668 4326 unoquoque
2714 4271 2774 4311 se
2823 4258 2978 4312 fratri
3030 4273 3132 4313 suo
3165 4257 3538 4327 praeferente:
3583 4246 3681 4315 nos

2089 4358 2224 4413 ergo
2250 4346 2354 4400 hac
2397 4346 2466 4402 de
2509 4362 2569 4402 re
2602 4347 2982 4415 dispicientes,
3017 4350 3354 4420 pauperibus
3390 4350 3618 4424 [debita]
3651 4370 3678 4406 a

2075 4436 2358 4492 .divitibus
2410 4440 2776 4510 accipiemus,
2811 4450 2865 4496 et
2913 4441 2984 4497 ab
3035 4442 3101 4497 iis
3151 4444 3351 4512 quibus
3386 4445 3509 4514 plus
3547 4447 3681 4500 satis

403 4531 592 4599 iudicii
627 4531 875 4588 homines
931 4541 1370 4588 resurrecturus.
1410 4532 1558 4587 Dixit
1613 4533 1760 4588 enim
1821 4532 1984 4587 nobis
2015 4539 2175 4599 Dest
2218 4528 2540 4604 [detracta]
2590 4532 2962 4604 indigentibus
3014 4535 3347 4603 reddemus;
3400 4550 3454 4592 et
3505 4540 3550 4592 si
3590 4541 3678 4593 cui

407 4628 459 4680 in
521 4625 813 4696 Evangelia
887 4640 988 4680 suo
1034 4636 1272 4680 saneto:
1336 4625 1528 4681 Veniet
1588 4627 1718 4680 hora
1763 4627 1985 4694 quando

408 4736 596 4774 omnes
627 4719 721 4789 qui
755 4726 884 4774 sunt
924 4719 976 4771 iu
1027 4719 1294 4784 sepulcris
1351 4719 1638 4774 audientes
1668 4734 1860 4774 vocem
1896 4718 1988 4774 Fi-

404 4813 459 4865 lii
504 4809 598 4865 Dci
638 4811 834 4866 victuri
865 4811 996 4864 sint.
1021 4807 1310 4874 Quomodo
1348 4825 1478 4876 ergo
1511 4809 1698 4864 dicitis
1729 4825 1836 4862 non
1899 4810 1987 4862 [ιι-

407 4918 584 4958 turam
637 4899 1141 4958 resurrectionem?
1190 4899 1373 4966 Quare
1403 4900 1552 4966 ipsos
1605 4904 1986 4957 excommuni-

405 4995 549 5051 cavit
594 5005 647 5050 et
677 4995 1030 5050 anathemate
1065 4994 1306 5049 devovit.
1347 4993 1526 5048 Jussit
1554 4995 1717 5050 etiam
1756 4995 1992 5065 impera-

405 5103 488 5143 tor
555 5089 719 5142 indici
765 5088 904 5153 ipsis
954 5087 1278 5148 concilium.
1348 5087 1400 5140 in
1469 5102 1582 5154 quo
1637 5089 1992 5143 anathemate

404 5179 723 5236 t't-rirentur.
787 5179 1020 5249 Scriptis
1077 5194 1209 5250 ergo
1235 5178 1301 5233 ad
1355 5187 1594 5248 quatuor
1650 5180 1992 5247 patriarchas

407 5269 609 5324 litteris
645 5285 740 5324 eos
773 5269 1067 5324 convenire
1094 5269 1294 5337 jussit;
1351 5269 1605 5323 videlicet
1651 5269 1717 5321 ad
1788 5271 1994 5339 Apolli-

413 5363 624 5416 natium
657 5361 1022 5433 patriarcltam
1073 5361 1528 5423 Alexandrinum,
1571 5359 1837 5414 Domuum
1895 5379 1990 5431 pa-

414 5455 710 5509 triarcham
742 5453 1176 5512 Antiochenam,
1221 5451 1549 5522 Entychium
1615 5456 1986 5520 patriarcham

415 5547 990 5617 Hierosolytuitanutu,
1042 5553 1094 5600 et
1144 5543 1414 5613 ~\Figilium
1462 5545 1832 5613 patriarcliam
1885 5546 1991 5602 ιιυ-

416 5659 634 5695 tnauum
667 5657 680 5704 ;
709 5649 766 5692 ut
811 5637 1348 5706 Constantinopolim
1382 5639 1731 5700 accederent,
1766 5639 1857 5706 qui
1905 5640 1982 5693 is-

417 5741 596 5787 torum
650 5731 1035 5800 episcoporum
1091 5727 1642 5781 anathematizationl
1710 5729 1988 5786 adessent.

419 5825 519 5890 Qui
569 5839 698 5894 ergo
751 5830 1121 5879 accesserunt.
1158 5819 1411 5876 Interfuit
1437 5824 1600 5875 ctiam
1632 5820 1759 5875 huic
1795 5822 1989 5877 conci-

2098 4624 2226 4692 plus
2251 4639 2414 4694 quam
2463 4640 2560 4694 par
2594 4636 2682 4681 est
2724 4628 2892 4682 fuerit
2926 4643 3114 4698 opum,
3151 4633 3462 4696 muliermn,
3497 4648 3682 4688 servo-

2097 4731 2242 4778 rum,
2298 4727 2354 4770 et
2402 4718 2785 4787 supellectilis,
2844 4721 2974 4774 illttd
3043 4723 3146 4792 ipsi
3192 4724 3510 4793 eripienms,
3572 4740 3682 4793 quo

2099 4807 2277 4876 ipsqu
2325 4818 2379 4864 et
2428 4811 2566 4864 alios
2619 4810 2762 4866 inter
2792 4826 2852 4867 se
2888 4827 3047 4882 pares
3092 4813 3381 4880 faciamus,
3415 4832 3515 4870 nec
3557 4817 3681 4883 quis

2099 4916 2211 4970 prae
2257 4901 2381 4956 aliis
2426 4905 2492 4954 ad
2546 4917 2660 4958 rem
2706 4904 2948 4974 aliquam
2980 4905 3072 4975 jus
3121 4905 3338 4961 haheat.
3386 4907 3683 4975 Coeperunt

2100 4994 2268 5067 igitur
2306 4995 2586 5050 hominum
2625 4996 2840 5062 domos,
2868 5000 3123 5054 mulieres
3153 5008 3208 5054 et
3239 5015 3368 5069 opes
3399 4998 3678 5053 invadere.

2069 5087 2347 5156 -Cutnque
2400 5087 2785 5154 invaluissent,
2813 5088 3070 5145 Kobadeo
3111 5088 3330 5145 Phiruzi
3370 5090 3536 5143 tilium
3561 5091 3681 5145 luco

2101 5178 2337 5248 quodam
2376 5178 2722 5234 includentes
2756 5182 2846 5234 ubi
2893 5183 3095 5238 nemini
3148 5182 3326 5252 ipsum
3375 5181 3525 5237 adire
3556 5199 3682 5252 per-

2103 5269 2356 5329 missum.
2383 5271 2673 5338 quemdam
2717 5273 2939 5328 nomine
2965 5273 3247 5341 Ramasph
3295 5272 3470 5341 ipsius
3513 5289 3684 5329 avun-

2101 5361 2284 5413 culum
2328 5360 2380 5413 in
2430 5361 2608 5415 locum
2661 5361 2780 5429 ejus
2813 5362 3170 5417 suﬂ‘ecerunt.
3219 5360 3340 5428 Quo
3384 5376 3683 5434 conspectu

2100 5452 2250 5520 ipsos
2293 5453 2519 5508 adortus
2568 5453 2902 5509 Bazarmahr
2951 5469 3072 5508 cum
3123 5455 3330 5524 aliquot
3371 5458 3676 5512 Persarum

2101 5545 2404 5608 nobilibus,
2450 5547 2636 5601 multis
2672 5563 2704 5599 e
2734 5545 2974 5599 Mazdeki
3011 5547 3305 5602 comitibus
3357 5550 3680 5610 interfeCtis,

2099 5637 2354 5691 Kobaden
2392 5636 2614 5690 Phirnzi
2669 5637 2839 5689 filium
2877 5637 3000 5690 loco
3056 5653 3337 5708 regnoque
3386 5655 3488 5694 suo
3521 5645 3681 5695 resti-

2102 5731 2228 5787 tuit.
2262 5729 2440 5798 cjecto
2470 5728 2794 5794 Ιῖιιιιιιιεριιο.
2829 5729 2891 5780 At
2931 5745 3034 5783 non
3086 5731 3414 5786 destiterunt
3463 5734 3554 5800 qui
3591 5749 3685 5785 su-

2104 5830 2356 5890 pcrct'ant
2399 5835 2426 5874 c
2469 5817 2834 5874 hlazdeliianis
2883 5820 3136 5877 Koltaden
3179 5824 3454 5891 pellicere,
3498 5822 3678 5875 donec
