4014 6218
408 311 552 382 1075
592 318 602 328 '

1440 324 1804 384 EUTYCHll
1842 324 2375 385 ALEXANDRINI
2413 327 2629 387 PATR.

3524 316 3662 382 1075

406 430 581 484 Bazar
627 429 872 485 Maurum
908 445 1082 488 morte
1125 436 1429 493 multasset.
1470 438 1602 492 lndc
1644 451 1979 495 commotum
2013 456 2054 507 Α
2088 441 2345 496 tiochiam
2378 438 2743 507 discrepantia
2774 445 2916 491 esset
2950 451 3071 509 qua:
3100 436 3261 492 oculo
3291 435 3493 506 percipi
3531 452 3695 506 pos-,

404 532 484 575 est
526 530 718 575 contra
772 523 1131 596 177-179
1171 528 1351 599 ipsum
1407 545 1635 602 regnum
1684 532 1878 601 ipsius,
1928 544 1983 591 et

405 611 728 678 prodierunt
759 615 851 685 qui
889 616 1241 673 rebelliOnem
1278 622 1645 678 concitarent.
1687 624 1822 680 Cum
1852 641 1982 698 ergo

403 704 613 759 videret
644 722 754 775 quo
806 709 1178 777 pervenissent
1218 728 1305 768 res
1350 730 1483 780 suae,
1537 720 1860 787 paenitentia
1912 722 1983 776 ob

403 793 738 850 Soaclierem
780 800 987 869 liliique
1023 801 1194 871 ipsius
1235 797 1434 861 caedem
1473 810 1672 865 ductus
1705 822 1811 866 est.
1849 811 1980 867 Dein

406 899 656 944 mortuus
678 902 756 944 est
782 891 1055 959 Kobades,
1081 912 1202 951 cum
1229 910 1373 955 esset
1400 909 1574 956 totum
1600 919 1711 973 quo
1738 906 1982 973 regnavit

404 982 665 1050 spatium,
701 1000 808 1038 una
842 1002 966 1042 cum
998 990 1160 1046 annis
1194 991 1401 1059 quibus
1437 1010 1663 1065 regnum
1694 1000 1983 1069 occupavit

406 1071 704 1144 itainasph,
752 1091 1019 1134 annorum
1071 1082 1429 1154 quadraginta
1469 1088 1657 1141 trium.
1703 1088 1982 1146 Successit

405 1164 504 1233 ipsi
537 1167 682 1223 ﬁlius
716 1169 890 1236 ipsius
927 1172 1092 1228 Cesra
1124 1175 1363 1232 Kobadis
1405 1178 1549 1235 illius
1580 1179 1722 1235 idem
1754 1183 1846 1252 qui
1886 1198 1981 1253 ap-

404 1256 635 1325 pellatus
684 1269 769 1314 est
807 1263 973 1317 etiam
1022 1265 1402 1323 Auusherwan
1436 1286 1450 1335 ;
1490 1272 1585 1341 qui
1634 1287 1810 1327 annos
1846 1288 1982 1344 qua-

404 1348 654 1419 draginta
696 1365 904 1425 septeni
954 1369 1010 1414 ct
1052 1375 1150 1415 sex
1208 1378 1427 1418 menses
1476 1366 1764 1435 regnavit;
1819 1367 1983 1436 idque

402 1460 546 1500 anno
592 1448 805 1518 imperii
852 1451 1146 1510 Jnstiniani
1207 1454 1578 1513 Romanorum
1628 1460 1978 1530 imperatoris

403 1546 621 1604 quarto.
662 1539 831 1597 Ccsra
883 1554 1066 1601 autem
1115 1546 1595 1604 Mazdekianorum
1641 1549 1980 1621 principibus
2022 1574 2025 1577 ·

404 1644 573 1701 regno
602 1647 704 1687 suo
754 1635 947 1704 pulsis,
992 1652 1126 1706 opes
1172 1654 1313 1709 quas
1354 1640 1402 1695 vi
1448 1640 1789 1711 eripuerant,
1833 1642 1980 1695 acci-

403 1724 557 1790 piens
594 1723 834 1782 dominis
868 1728 1105 1784 reddidit
1137 1746 1152 1795 ;
1194 1739 1249 1787 et
1293 1731 1339 1785 si
1370 1724 1624 1800 cuipiam’
1651 1746 1759 1786 non
1786 1745 1980 1801 super-

2084 542 2167 588 set
2214 551 2227 586 :
2285 533 2464 600 qualis
2511 532 2603 587 ubi
2664 537 2943 592 exstructa
2988 538 3133 583 esset
3183 525 3354 596 ipsam
3406 527 3680 595 Romiam,‘

2085 624 2402 695 appellavit,
2434 638 2609 694 eoque
2652 622 2957 677 Antiochia:
2996 620 3207 675 incolas
3248 618 3551 682 transtulit,
3587 614 3671 685 ad,

2083 732 2202 772 eam
2250 716 2614 771 incolendam.
2661 714 2761 781 Qui
2798 714 2889 767 ubi
2939 712 3004 766 ad
3056 713 3251 781 ipsam.
3277 712 3666 781 pervenientes
3704 770 3707 771 ν

2085 810 2234 862 urbis
2270 817 2483 877 portam
2519 807 2750 875 ingressi
2783 813 2991 867 essent,
3022 804 3278 857 abierunt
3310 802 3539 869 singulm
3574 804 3658 854 fa-

2084 898 2247 952 milia:
2286 900 2342 952 in
2376 898 2521 952 mdes
2552 897 2668 951 suis
2694 895 2919 959 similes,
2957 911 3020 950 ac
3059 894 3102 949 si
3134 893 3419 947 Antiochia
3449 892 3657 963 egressi

2085 989 2137 1043 in
2171 990 2419 1044 eamdem
2456 988 2655 1043 reversi
2687 996 2893 1043 essent.

2157 1080 2328 1137 Porro
2354 1096 2500 1135 anno
2540 1077 2750 1150 imperii
2792 1075 3111 1133 Justiniani.
3142 1074 3515 1129 Romanorum
3551 1073 3662 1127 im-

2083 1189 2197 1245 per.
2232 1172 2508 1228 tricesimo
2539 1172 2715 1242 primo
2734 1170 3067 1225 constitutus
3114 1177 3200 1222 est
3248 1166 3504 1237 Pelagius
3561 1180 3662 1232 pa—

2084 1265 2320 1320 triarcha
2365 1261 2666 1327 Romanus,
2700 1264 2792 1333 qui
2842 1277 2966 1317 cum
3000 1270 3234 1331 quatuor
3274 1273 3450 1314 annos
3486 1259 3660 1312 sedis-

2082 1365 2163 1412 set
2204 1366 2455 1411 mortuus
2481 1364 2586 1412 est.
2628 1357 2787 1409 Anno
2827 1352 3045 1424 imperii
3088 1352 3337 1422 ejusdem
3381 1350 3659 1405 tricesimo

2080 1448 2272 1519 quinto
2291 1448 2626 1505 constitutus
2642 1456 2726 1501 est
2750 1444 2989 1501 Joannes
3016 1442 3329 1515 patriarcha
3354 1442 3655 1501 Romanus,

2080 1540 2367 1597 duodecim
2389 1556 2562 1613 annos
2591 1541 2753 1603 sedit,
2790 1539 2914 1594 dein
2944 1547 3196 1593 mortuus
3227 1541 3332 1591 est.
3358 1537 3516 1590 Anno
3542 1534 3636 1587 im-

2081 1633 2216 1703 perii
2272 1632 2445 1703 ipsius
2495 1631 2775 1688 tricesimo
2819 1630 3155 1685 constitutus
3189 1635 3277 1684 est
3331 1626 3657 1681 Anastasius

2082 1742 2312 1795 magnus
2347 1725 2657 1795 patriarcha
2690 1715 3090 1785 Antiochenus,
3129 1720 3223 1792 qui
3260 1734 3383 1775 cum
3416 1734 3509 1774 sex
3556 1732 3659 1771 an-

320 1862 344 1875 ,
403 1824 545 1869 esset
584 1815 757 1872 heres
805 1817 913 1891 [cui
942 1822 1320 1896 redderentur]
1358 1838 1454 1879 eas
1479 1825 1622 1895 apud
1653 1841 1713 1881 se
1740 1825 1976 1881 detinuit
2007 1827 2051 1886 Β
2080 1833 2179 1872 nos
2212 1818 2444 1873 sedisset
2488 1816 2557 1872 ab
2592 1815 2947 1871 Antioebcnis
2978 1814 3153 1884 stupri
3212 1820 3502 1868 accusatus
3542 1821 3648 1864 est.

403 1906 463 1960 ad
513 1910 874 1977 reparandum
920 1915 1067 1981 quod
1119 1923 1467 1984 corruptum,
1500 1924 1554 1972 et
1600 1917 1981 1973 aediﬁcandum

403 2000 543 2066 quod
596 2001 837 2058 dirutum
890 2005 1090 2063 fuerat.
1143 2007 1209 2061 Et
1261 2010 1307 2064 si
1344 2010 1433 2065 cui
1475 2012 1525 2065 vi
1579 2011 1757 2065 ablata
1806 2011 1985 2067 fuerat

403 2092 620 2155 domus.
654 2096 736 2151 vel
777 2112 925 2167 ager.
982 2115 1042 2155 re
1095 2112 1385 2172 perspecta
1429 2118 1493 2157 ea
1548 2104 1651 2174 ipsi
1698 2104 1982 2171 restituit;

402 2196 461 2237 ac
506 2184 555 2238 si
584 2174 1029 2257 quisimulierem
1062 2191 1169 2247 sibi
1211 2194 1263 2247 vi
1295 2204 1544 2265 ceperat,
1592 2195 1840 2251 eamdem
1878 2196 1981 2267 ipsi

402 2276 660 2336 auferens
696 2280 881 2339 dotem
930 2301 1059 2350 una,
1102 2286 1272 2357 duplo
1315 2287 1445 2343 dote
1487 2289 1661 2360 ipsius
1694 2290 1982 2359 majorem,

403 2371 656 2440 sumpsit,
693 2374 798 2430 nisi
825 2390 950 2431 cum
988 2378 1038 2433 ei
1070 2393 1168 2448 par
1203 2390 1370 2444 esset,
1402 2398 1637 2452 eamque
1676 2383 1746 2437 ab
1776 2383 1895 2453 ipso
1930 2384 1982 2437 in

403 2478 625 2520 uxorem
652 2467 925 2525 obtineret
950 2488 965 2526 :
992 2473 1142 2542 quod
1172 2474 1218 2528 si
1244 2476 1292 2529 ei
1330 2479 1564 2531 maritus
1587 2484 1755 2542 esset,
1788 2476 1984 2530 marito

403 2552 546 2609 dotis
593 2565 827 2625 tantum,
870 2571 1165 2632 quantum,
1203 2579 1327 2619 cum
1374 2581 1494 2620 eam
1548 2568 1724 2637 primo
1757 2567 1985 2623 duceret

402 2659 710 2717 acceperat,
745 2652 897 2706 dedit
925 2670 940 2717 ;
974 2670 1209 2726 eamque
1246 2657 1500 2721 maritus,
1535 2658 1582 2713 si
1622 2673 1685 2713 ea
1715 2658 1817 2729 ipsi
1845 2673 1986 2727 opus

402 2751 567 2805 esset,
607 2743 712 2797 sibi
760 2744 971 2801 habuit.
1010 2748 1140 2803 Illud
1191 2759 1375 2805 autem
1410 2752 1554 2820 quod
1601 2753 1777 2821 ipsum
1819 2752 1987 2807 movit

408 2836 705 2900 quominus
740 2838 1068 2907 supplicium
1117 2842 1183 2897 iis
1229 2842 1321 2911 qui
1353 2844 1562 2898 nefaria
1594 2844 1987 2899 commiserant

402 2923 649 2989 inferret,
692 2925 816 2992 fuit,
859 2930 1005 2998 quod
1048 2933 1234 3001 populi
1286 2934 1448 3004 180
1495 2948 1684 2989 curam
1739 2935 1983 2999 haberet,

402 3030 556 3082 quem
581 3017 797 3086 penitus
825 3021 1053 3089 perdere
1088 3026 1284 3080 noluit.
1319 3024 1491 3081 Jussit
1512 3025 1680 3080 etiam
1704 3027 1981 3081 numerari

400 3107 597 3165 liberos
619 3112 1077 3179 patrumfamilias
1114 3129 1167 3173 et
1191 3117 1452 3173 nobilium
1485 3119 1599 3187 qui,
1630 3135 1754 3173 cum
1788 3121 1983 3189 periis-

400 3202 624 3270 scntqni
645 3218 834 3259 eorum
867 3220 1055 3262 curam
1091 3224 1282 3280 gerere
1316 3209 1604 3275 deberent,
1635 3213 1701 3264 ad
1736 3209 1975 3281 inopiam

402 3290 606 3347 redacti
637 3304 789 3361 sunt,
828 3306 883 3351 et
914 3297 966 3352 in
1004 3300 1246 3370 ipsorum
1278 3302 1559 3370 orphanos
1591 3302 1685 3369 qui
1721 3316 1978 3371 Supereso

399 3395 522 3440 sent
551 3396 606 3441 ct
654 3389 848 3445 viduas
898 3389 1175 3464 [inquiri],
1217 3393 1465 3463 ipsisque
1515 3397 1658 3463 quod
1704 3392 1971 3449 sulIiceret

400 3479 757 3548 suppeditari,
811 3497 909 3536 nec
955 3499 1064 3538 non
1100 3485 1322 3538 edoceri
1366 3484 1510 3539 ﬁlios
1549 3484 1791 3553 ipsorum
1827 3495 1976 3540 artes

399 3569 596 3636 quibus
638 3569 815 3624 idonci
853 3582 1060 3635 essent,
1095 3572 1235 3625 ﬁlias
1282 3579 1466 3625 autem
1512 3572 1746 3636 paribus
1797 3571 1914 3627 suis
1945 3588 1976 3628 e

400 3658 692 3715 ditioribus
723 3672 950 3727 nuptum
976 3662 1117 3717 dari.
1142 3662 1316 3718 Jussit
1337 3662 1504 3717 etiam
1542 3664 1745 3732 inquiri
1775 3663 1830 3719 in
1856 3665 1974 3720 loca

398 3762 449 3805 et
491 3751 690 3821 praedia
752 3768 989 3822 quorum
1041 3753 1257 3809 Domini
1310 3769 1435 3809 cum
1485 3756 1753 3811 tenuioris
1810 3757 1976 3813 sortis

399 3856 578 3901 essent
614 3847 681 3900 iis
711 3846 954 3901 colendis
1006 3863 1116 3903 non
1153 3858 1332 3912 erant,
1371 3859 1428 3903 ut
1476 3849 1697 3905 effossis
1725 3849 1897 3904 alveis
1922 3860 1977 3905 et

399 3936 680 3992 canalibus
730 3939 1120 3995 derivarcntur
1165 3941 1232 3996 ad
1281 3958 1344 3997 ea
1398 3942 1572 4009 ﬂuvii,
1621 3944 1975 4012 ipsorumque

398 4030 638 4085 dominis
666 4032 1002 4101 suppeditari
1033 4034 1178 4103 quod
1210 4043 1502 4105 erogarent
1534 4035 1589 4089 in
1618 4035 1764 4103 agris
1792 4051 1978 4090 seren-

398 4124 479 4178 dis
503 4140 566 4177 ac
598 4139 797 4193 pecore
819 4125 1091 4187 curando.
1117 4127 1387 4181 rationem
1418 4128 1582 4182 etiam
1613 4128 1798 4183 haberi
1832 4128 1979 4182 vico-

398 4231 515 4269 rum
561 4217 654 4284 qui
695 4216 926 4271 desolati
968 4216 1223 4285 fuerant;
1262 4233 1326 4272 ac
1372 4218 1581 4274 exstrui
1628 4234 1785 4273 arces
1831 4220 1977 4274 unde

399 4315 577 4362 metus
608 4322 729 4363 esse
768 4318 977 4377 posset.
1005 4309 1139 4364 Tum
1170 4311 1541 4374 consiliarios,
1562 4311 1864 4382 "praefectos
1922 4321 1976 4365 ct

398 4399 609 4465 iudices
640 4401 845 4457 electos
875 4402 927 4455 in
966 4404 1265 4470 provinciis
1295 4404 1607 4459 collocavit.
1646 4404 1699 4459 ln
1737 4405 1972 4460 medium

2085 1908 2237 1981 Fuga
2292 1923 2423 1981 ergo
2472 1924 2534 1965 se
2578 1908 2648 1965 ab
2692 1908 2799 1963 illis
2852 1907 3165 1976 subripiens
3222 1914 3403 1959 vestes
3457 1902 3660 1972 quibus

2085 2016 2242 2057 sacra
2279 2016 2539 2072 peragere
2581 2001 2779 2057 solitus
2830 2000 3029 2062 fuerat,
3068 1995 3342 2068 sepelivit,
3392 2009 3457 2049 ac
3499 1991 3659 2047 dissi-

2084 2093 2294 2148 mulato
2334 2092 2523 2147 habitu
2564 2091 2941 2163 Hierosolyma
2980 2088 3258 2161 profectus
3303 2094 3431 2150 est;
3470 2085 3560 2137 ubi
3604 2082 3658 2135 in

2085 2185 2289 2256 templo
2328 2182 2777 2239 Resurrcctionis
2812 2182 3135 2250 candelapta
3171 2181 3371 2242 factus,
3404 2178 3659 2232 lucernas

2087 2276 2385 2343 accendit;
2436 2290 2613 2346 eoque
2676 2291 2906 2330 munere
2964 2272 3157 2344 viginti
3208 2279 3446 2342 quatuor
3499 2269 3659 2323 anuis

2087 2369 2307 2427 functus
2336 2377 2443 2437 est,
2473 2368 2733 2425 Ecclesia:
2774 2368 2863 2423 isti
2903 2366 3065 2439 185
3098 2366 3427 2425 inserviens,
3481 2363 3661 2416 lucer-

2087 2480 2185 2519 nas
2249 2464 2305 2519 in
2356 2463 2473 2533 ipsa
2528 2461 2901 2524 accendendo,
2947 2459 3165 2515 nemine
3214 2458 3430 2513 interim
3482 2456 3658 2526 ipsum

2087 2558 2464 2628 patriarchatu
2504 2557 2748 2612 functum
2786 2571 2913 2611 esse
2955 2554 3359 2624 dignosccnte:
3396 2552 3449 2605 in
3483 2551 3659 2602 locum

2086 2661 2269 2706 autem
2319 2651 2493 2721 ipsius
2529 2649 2863 2706 substitutus
2899 2655 2986 2702 est
3014 2644 3312 2716 Gregorius
3352 2643 3659 2712 patriarcha

2085 2743 2487 2807 Antiochenus,
2514 2742 2609 2813 qui
2644 2741 2839 2813 viginti
2867 2750 3105 2809 quatuor
3133 2735 3314 2792 'annos
3340 2737 3505 2798 sedit,
3535 2735 3659 2788 dein

2088 2845 2354 2900 mortuus.
2379 2842 2484 2889 est.
2520 2833 2681 2888 Anno
2710 2841 2893 2888 autem
2933 2830 3147 2901 imperii
3192 2828 3486 2885 Justiniani
3519 2826 3659 2880 vice-

2085 2931 2226 2987 simo
2262 2945 2407 2985 nono
2446 2929 2783 2986 constitutus
2827 2937 2913 2983 est
2946 2926 3218 2981 Macarius
3260 2922 3537 2980 secundus
3576 2935 3663 2989 pa-

2086 3025 2327 3078 triarcha
2364 3021 2915 3092 Hierosolymitanus,
2946 3020 3037 3090 qui
3086 3025 3325 3087 quatuor
3357 3029 3532 3069 annos
3580 3027 3661 3067 se-

2086 3111 2191 3178 dit,
2225 3112 2351 3168 dein
2379 3120 2632 3167 mortuus
2653 3121 2758 3166 est.
2791 3110 2950 3164 Anno
2984 3107 3194 3178 imperii
3224 3104 3469 3175 ejusdem
3499 3101 3659 3156 trice~

2084 3210 2225 3264 simo
2292 3210 2457 3264 tertio
2521 3210 2859 3264 constitutus
2922 3216 3006 3262 est
3077 3204 3279 3260 ibidem
3351 3198 3658 3271 patriarcha

2076 3300 2341 3367 Joannes,
2396 3303 2488 3370 qui
2548 3304 2736 3357 decem
2791 3316 2967 3355 annos
3018 3298 3180 3362 sedit,
3233 3295 3360 3350 dein
3411 3298 3657 3346 mortuus
3698 3302 3711 3305 -

2078 3403 2183 3448 est.
2214 3396 2374 3449 Anno
2399 3411 2531 3450 vero
2574 3393 2793 3465 imperii
2825 3393 2911 3450 sui
2942 3392 3206 3447 vicesimo
3235 3396 3436 3444 octavo
3460 3383 3673 3440 certior

2080 3485 2260 3542 factus
2292 3485 2626 3557 Eutychium
2677 3486 3045 3557 patriarcham
3094 3476 3655 3547 Constantinopolita-

2079 3597 2207 3636 nmn
2234 3580 2451 3636 veritati
2468 3581 2850 3635 contradicere
2871 3593 2936 3633 ac
2952 3576 3256 3633 Jacobitam
3284 3574 3489 3628 factum
3514 3586 3655 3635 esse,

2081 3674 2257 3744 ipsum
2292 3674 2347 3728 in
2394 3673 2648 3728 exsilium
2675 3671 2857 3741 ejecit,
2892 3670 3053 3740 cujus
3099 3669 3152 3722 in
3187 3668 3365 3723 locum
3397 3664 3654 3721 suffectus

2078 3774 2163 3820 est
2192 3766 2265 3821 ibi
2313 3764 2556 3823 Joannes
2603 3775 2663 3820 ut
2713 3765 3121 3836 patriarcbatus
3150 3756 3653 3825 Constantinopoli-

2082 3859 2193 3912 tani
2249 3874 2479 3914 munere
2515 3858 2869 3929 fungeretur,
2908 3856 3000 3923 qui
3047 3862 3255 3925 septem
3303 3867 3479 3906 annos
3518 3850 3651 3905 sedit

2078 3953 2202 4007 dein
2248 3964 2502 4008 mortuus
2531 3964 2634 4008 est.
2670 3951 2811 4006 Tum
2844 3949 3143 4020 Eutychius
3173 3946 3484 4018 patriarcha
3520 3942 3653 3998 re'c-

2079 4052 2236 4110 gatns
2270 4045 2658 4111 imperatorem
2702 4057 2997 4113 aggressus
3040 4050 3124 4096 est
3171 4056 3275 4111 ope
3305 4036 3652 4093 consiliario-

2082 4150 2199 4187 rum
2227 4143 2279 4187 ct
2304 4135 2530 4196 ducum,
2571 4135 2663 4204 qui
2697 4135 2875 4202 ipsum
2919 4141 3187 4203 rcgarunt
3219 4141 3276 4185 ut
3310 4146 3432 4185 eum
3468 4128 3652 4183 cathe-

2077 4226 2190 4281 drae
2216 4227 2552 4290 restitueret,
2584 4226 2849 4295 siquidem
2887 4224 3078 4279 falsum
3119 4224 3291 4278 fuisse
3315 4220 3460 4291 quod
3494 4220 3560 4274 de
3588 4232 3651 4272 eo

2079 4320 2285 4374 dictum
2331 4321 2533 4374 fuerat.
2568 4317 2852 4373 Cathedra:
2878 4332 3010 4385 ergo
3038 4316 3105 4369 ab
3139 4315 3469 4384 imperatore
3499 4311 3649 4364 resti-

2078 4419 2232 4465 tutus
2284 4419 2410 4476 est;
2464 4427 2624 4479 quam
2689 4425 2812 4464 cum
2874 4407 3237 4478 quadriennio
3290 4410 3648 4472 occupaverat

398 4493 567 4546 etiam
610 4492 838 4561 prolatis
884 4494 1138 4547 Azdshiri
1180 4494 1337 4551 libris
1368 4497 1461 4565 qui
1510 4497 1685 4566 ipsius
1724 4498 1972 4553 instituta
2006 4521 2048 4576 ι)
2080 4511 2328 4556 mortuus
2359 4511 2464 4557 es'.
2515 4502 2675 4555 Anno
2705 4501 2951 4570 ejusdem
2983 4499 3268 4554 tricesimo
3316 4511 3487 4556 nono,
3524 4509 3650 4548 con-

397 4599 518 4653 quae
550 4584 845 4639 observare
886 4585 1095 4639 solebat
1133 4587 1503 4650 continerent.
1554 4589 1621 4643 ad
1669 4602 1731 4643 ea
1779 4590 1973 4644 obser-

399 4673 576 4727 vanda
630 4674 882 4728 homines
932 4670 1136 4742 adegit.
1192 4676 1357 4747 idque
1415 4679 1625 4749 scripto
1674 4679 1974 4749 provinciis

398 4764 742 4837 signiﬁcavit.
767 4764 972 4822 Deinde
1002 4778 1290 4838 postquam
1317 4786 1512 4825 novem
1544 4787 1717 4826 annos
1750 4786 1971 4842 regnas-

397 4868 495 4921 set,
528 4873 781 4927 annoque
826 4858 1042 4928 imperii
1095 4858 1397 4917 Justiniani
1451 4861 1827 4917 Romanorum
1863 4865 1970 4918 im-

397 4954 660 5020 peratoris
692 4952 1043 5015 duodecimo.
1076 4956 1264 5024 copias
1294 4970 1425 5011 suas
1459 4955 1812 5010 Antiochiam
1851 4971 1970 5010 ver-

398 5061 486 5099 aus
546 5043 771 5108 eduxit,
843 5045 933 5099 tibi
998 5044 1293 5100 Justiniani
1366 5046 1671 5101 exercitum
1743 5045 1966 5100 obvium

396 5138 625 5204 habens,
686 5139 874 5208 praelio
927 5154 1053 5194 cum
1108 5139 1238 5208 ipsis
1294 5140 1614 5203 decertavit,
1669 5139 1968 5208 urbemque

396 5230 534 5298 repit
582 5248 596 5284 :
639 5229 950 5299 jubensquc
1002 5230 1216 5300 depingi
1270 5231 1373 5284 sibi
1428 5231 1620 5285 urbem
1661 5232 1964 5287 secondum

396 5337 700 5376 mensuram
730 5338 884 5376 suam
919 5338 981 5376 ac
1006 5322 1402 5377 domiciliorum
1441 5338 1750 5388 numerum,
1778 5325 1967 5396 181-

396 5413 556 5484 183
584 5426 693 5469 tant
731 5416 983 5486 superius
1024 5431 1190 5483 quam
1228 5415 1480 5484 inferius,
1523 5416 1811 5487 ipsiusque
1851 5420 1969 5473 vias

396 5520 456 5559 ac
482 5508 664 5562 omnia
691 5526 815 5577 quae
842 5511 894 5563 in
928 5510 1045 5581 ipsa
1077 5518 1283 5572 essent,
1326 5510 1551 5580 figuram
1585 5512 1742 5565 istam
1777 5513 1844 5565 ad
1875 5511 1968 5566 de-

396 5602 643 5664 putatum
685 5617 845 5655 suum
874 5603 931 5657 in
965 5602 1030 5656 Al
1065 5600 1328 5673 Madayen
1364 5601 1606 5666 mittens,
1640 5601 1809 5669 jussit
1837 5617 1964 5657 cum

397 5684 582 5738 urbem
628 5689 743 5742 sibi.
783 5692 851 5744 ad
882 5707 1007 5747 eam
1043 5707 1270 5763 prorsus
1312 5692 1541 5748 formam
1592 5702 1649 5749 et
1692 5694 1960 5749 rationem

399 5775 646 5845 condere,
696 5778 831 5834 adeo
886 5791 951 5836 ut
1000 5784 1147 5839 nulla
1176 5786 1403 5842 omnino
1436 5785 1577 5844 inter
1612 5802 1728 5842 eam
1763 5796 1817 5841 et
1845 5787 1956 5841 An-

2077 4597 2305 4651 stitutus
2353 4608 2439 4652 est
2481 4596 2727 4650 Joannes
2781 4596 3090 4666 patriarcha
3144 4584 3651 4658 Constantinopoli-

2078 4695 2238 4740 tanus
2292 4701 2305 4736 :
2359 4701 2538 4740 annos
2574 4684 2832 4738 tredecim
2884 4683 3044 4743 sedit,
3080 4682 3205 4735 dein
3248 4690 3497 4735 mortuus
3548 4682 3651 4728 est.

2073 4776 2223 4831 Obiit
2273 4787 2450 4831 autem
2500 4773 2877 4844 Apollinarius
2932 4768 3291 4842 185-187
3343 4761 3651 4836 patriarcha

2075 4868 2484 4923 Alexandrinus
2515 4883 2638 4923 cum
2674 4864 3052 4921 novemdecim
3088 4874 3262 4917 atntos
3298 4871 3523 4912 uulnere
3560 4853 3653 4906 illo

2074 4962 2296 5016 functus
2349 4960 2570 5026 fuerat,
2628 4961 2787 5028 cujus
2847 4954 3184 5028 praefecturae
3235 4965 3384 5006 anno
3438 4947 3653 5000 decio-0

2073 5054 2236 5109 tertio
2276 5052 2612 5109 celebratum
2662 5062 2745 5107 est
2795 5047 3088 5105 concilium
3139 5045 3413 5115 quintum.
3446 5040 3547 5095 Cui
3596 5039 3653 5091 in

2076 5144 2452 5212 patriarchatu
2502 5140 2873 5196 Alexandrino
2920 5136 3193 5191 successit
3237 5132 3500 5191 Joannes.
3552 5129 3650 5197 qui

2078 5233 2410 5289 Manichacus
2443 5233 2564 5296 fuit,
2598 5246 2885 5300 annosque
2922 5239 3036 5284 tres
3067 5228 3211 5284 sedit
3240 5226 3368 5280 dein
3401 5231 3649 5277 mortuus

2072 5336 2177 5382 est.
2204 5329 2367 5382 Anno
2398 5327 2608 5395 itnperii
2641 5324 2888 5395 ejusdem
2916 5322 3213 5378 Justiniani
3251 5318 3528 5373 tricesimo
3554 5329 3650 5369 se-

2072 5420 2244 5488 ptimo
2293 5421 2631 5473 constitutus
2677 5427 2761 5472 est
2808 5415 3008 5470 Petrus
3058 5412 3365 5483 patriarcha
3419 5405 3649 5469 ibidem,

2070 5511 2163 5578 qui
2213 5510 2461 5565 Jacobita
2511 5511 2632 5565 fuit.
2685 5511 2872 5563 Annos
2922 5508 3060 5562 duos
3113 5504 3273 5566 sedit,
3326 5502 3451 5555 dein
3488 5497 3648 5551 obiit.

2071 5603 2194 5657 Fuit
2226 5614 2403 5657 autem
2441 5602 2779 5658 Justinianus
2825 5602 3120 5667 imperator
3149 5596 3253 5649 fide
3282 5592 3647 5654 orthodosus,

2070 5696 2198 5751 boui
2228 5712 2444 5754 amans.
2492 5695 2864 5750 Jacobitarum
2898 5692 3164 5745 doctrina-
3211 5688 3465 5744 infestus.
3521 5698 3647 5736 sen-

2071 5788 2251 5842 tcntiae
2280 5786 2399 5843 Meti
2420 5789 2654 5843 hitarum
2692 5793 3082 5851 propugnator.
3112 5781 3356 5835 Mortuus
3388 5786 3468 5831 εει
3496 5782 3644 5841 βοδι-
