4014 6218
358 365 496 431 10⁵17

1794 352 2164 435 ANNA‘LES.

3474 377 3613 442 1078

349 498 517 551 quam
551 482 839 553 imperium
871 498 1047 537 annos
1087 483 1311 553 triginta
1356 500 1551 539 novem
1586 501 1933 553 occupasset.
1964 488 2015 548 Α
2045 489 2343 544 monachus
2414 491 2635 560 quidam
2692 492 2914 547 nomine
2966 491 3175 561 Maron,
3236 495 3327 564 qui
3387 499 3623 551 asseruit

426 574 553 628 l’ost
604 576 782 641 ipsum
819 572 1082 631 Romanis
1121 575 1414 646 imperavit
1458 575 1709 632 Justinus
1738 577 1933 632 Junior

350 679 526 719 annos
553 665 834 729 tredecim,
871 666 1035 737 idque
1065 684 1210 723 anno
1247 671 1398 738 regni
1429 670 1614 726 Cosme
1641 670 1715 726 til.
1748 672 1933 728 Koba-

349 757 434 808 dis
473 756 618 821 regis
670 756 965 814 Persarum
996 760 1274 815 tricesimo
1317 765 1575 832 septimo.
1610 762 1734 820 Fuit
1764 766 1929 821 etiam

346 847 599 903 Justinus
625 848 820 905 .Iunior
849 853 951 909 fide
978 854 1354 919 orthodoxus,
1399 857 1645 913 bonitate
1677 859 1929 931 insignis,

347 940 534 992 animo
564 938 619 993 in
649 938 1022 997 Jacobitarum
1048 954 1101 997 et
1130 941 1582 1000 Nestorianorum
1620 946 1928 1001 doctrinam

350 1029 590 1095 infenso,
637 1032 689 1085 in
723 1030 1099 1088 Mclchitarum
1147 1050 1275 1090 vero
1308 1050 1601 1107 propenso.
1638 1039 1794 1092 Anno
1828 1040 1933 1094 im-

350 1124 489 1191 perii
536 1124 709 1194 ipsius
743 1125 922 1196 primo
963 1127 1304 1183 constitutus
1334 1138 1418 1184 est
1463 1129 1800 1187 Athanasius
1837 1148 1933 1200 pa-

348 1217 589 1268 triarcha
641 1214 1045 1273 Alexandrinus
1076 1217 1170 1287 qui
1218 1217 1556 1276 Maniclmus
1586 1220 1728 1287 fuit;
1764 1223 1933 1291 quin-

346 1322 455 1373 que
488 1323 662 1363 annos
701 1309 867 1375 sedit,
903 1310 1028 1364 dein
1082 1319 1337 1368 mortuus
1375 1321 1481 1369 est.
1516 1315 1675 1370 Anno
1718 1315 1930 1386 imperii

347 1400 592 1464 eiusdem
637 1411 797 1458 sexto
841 1405 1178 1459 constitutus
1225 1414 1310 1460 est
1358 1405 1561 1463 ibidem
1611 1408 1931 1479 .patriarcha

345 1491 608 1555 Joannes.
664 1495 1053 1560 orthodoxus;
1101 1497 1194 1565 qui
1248 1494 1504 1553 undecim
1548 1516 1722 1554 annos
1769 1500 1931 1567 sedit,

347 1584 471 1637 dein
520 1592 770 1641 mortuus
800 1595 908 1642 est.
942 1587 1102 1642 Anno
1133 1588 1375 1657 ejusdem
1409 1601 1606 1645 octavo
1639 1592 1814 1647 factus
1848 1601 1933 1648 est

348 1677 681 1733 Benedictus
719 1680 1029 1748 patriarcha
1068 1679 1374 1744 Romanus,
1419 1683 1511 1751 qni
1541 1700 1663 1737 cum
1694 1695 1934 1754 quatuor

346 1784 525 1823 annos
565 1770 821 1837 sedisset,
869 1782 1120 1827 mortuus
1152 1784 1258 1829 est.
1294 1775 1456 1829 Anno
1496 1776 1745 1844 ejusdem
1795 1780 1933 1834 duo-

345 1861 562 1916 decimo
611 1861 788 1916 fartus
832 1872 918 1917 est
966 1864 1219 1932 Pelagius
1265 1866 1581 1935 patriarcha
1628 1866 1935 1935 Romanus,

344 2044 512 2101 Cesra
548 2047 624 2101 Ill.
657 2048 897 2105 Kobadis
920 2049 1209 2106 Persaru-n
1248 2067 1369 2114 rex,
1415 2052 1508 2121 qui
1552 2053 1932 2110 Anusherwan

344 2140 655 2209 appellatus
690 2154 795 2207 ρει,
831 2144 1021 2213 copias
1049 2160 1182 2200 suas
1206 2160 1401 2200 versus
1434 2144 1727 2202 Hiatelitas
1757 2148 1933 2214 duxit,

344 2232 643 2288 vindictam
674 2234 743 2290 de
773 2236 908 2307 ipsis
939 2238 1009 2292 ob
1048 2254 1211 2292 avum
1246 2255 1405 2294 suum
1440 2237 1736 2295 Phiruzum
1778 2257 1934 2296 sum-

344 2332 561 2393 pturus.
586 2326 706 2391 lam
749 2345 878 2383 vero
904 2332 1134 2385 antehac
1167 2346 1292 2385 cum
1320 2332 1589 2387 Chakano
1620 2334 1933 2388 affinitatem

345 2428 717 2474 contraxerat.
775 2420 1011 2491 Scriptis
1061 2439 1190 2493 ergo
1244 2424 1310 2476 ad
1365 2424 1683 2478 Chakanum
1738 2427 1936 2481 litteris

346 2525 582 2578 cumque
630 2513 898 2569 adventus
946 2516 1032 2568 sui
1080 2517 1377 2571 certiorem
1439 2517 1672 2584 faciens,
1725 2519 1937 2590 rogavit

350 2611 411 2655 ut
449 2599 740 2658 Hiatelitas
780 2605 1190 2676 aggrederetur,
1227 2616 1517 2677 antequam
1563 2610 1678 2680 ipse
1720 2625 1786 2665 eo
1814 2627 1938 2681 per-

346 2694 581 2749 veniret.
616 2694 697 2749 Ad
729 2697 878 2767 ipsos
905 2699 1073 2769 igitur
1099 2699 1426 2769 perveniens
1458 2715 1639 2769 regem
1674 2703 1919 2771 ipsorqu

346 2785 644 2855 interfecit,
674 2792 989 2859 traditaque
1022 2793 1449 2848 Anusherwano
1489 2793 1688 2847 Belcha
1721 2811 1844 2849 cum
1872 2811 1935 2849 ea

343 2882 655 2938 Chorasani
691 2893 847 2953 parte.
883 2900 1004 2953 quae
1035 2892 1089 2937 et
1120 2885 1174 2939 in
1207 2885 1323 2954 ipsa
1364 2896 1418 2940 et
1449 2901 1589 2956 pone
1616 2882 1789 2956 ipsam
1815 2896 1934 2954 est;

345 2976 441 3040 qui
495 2974 547 3028 iu
608 2973 891 3039 Phargana
942 2985 1129 3031 castra
1209 2992 1421 3046 ponens
1477 2976 1644 3031 filiam
1689 2976 1935 3031 Chaltani

346 3066 567 3122 Maximi
611 3069 666 3123 in
701 3084 927 3123 uxorem
980 3068 1154 3125 duxit.
1202 3069 1338 3125 Cum
1384 3078 1565 3124 autem
1609 3068 1935 3126 Chorasano

2046 578 2275 633 Domino
2309 593 2501 636 nostro
2553 584 2778 638 Christo
2807 583 2946 638 duas
2995 599 3117 639 esse
3169 588 3392 640 naturas
3422 597 3475 639 et
3514 603 3624 637 vo-

2042 672 2307 727 Iunlatem
2346 691 2533 740 unam,
2586 678 2962 747 Operationem
3019 683 3074 728 et
3106 690 3399 746 personam
3434 695 3620 735 unam.

2045 763 2315 833 iidemque
2368 767 2646 822 hominum
2707 770 2973 835 corrupit.
3014 766 3247 820 Maxima
3304 777 3483 820 autem
3529 786 3593 817 ρη
3642 790 3645 791 ν

2044 869 2162 908 rum
2198 855 2288 924 qui
2319 857 2625 911 doctrinam
2660 859 2835 926 ipsius
2874 857 3108 925 amplexi
3142 866 3197 912 ct
3228 873 3286 912 se
3318 858 3632 927 discipnlm

2042 944 2116 995 illi
2171 945 2476 1012 praebentes
2530 948 2779 1002 eamdem
2832 948 3065 1018 professi
3124 957 3270 1012 sunt,
3312 964 3440 1017 pars
3469 966 3619 1003 eran:

2043 1033 2229 1090 incolae
2256 1038 2406 1093 urbis
2426 1038 2634 1093 llamali
2664 1048 2717 1094 et
2742 1040 3053 1095 Kenncsrin
3110 1051 3164 1095 et
3193 1043 3466 1103 Awasem,
3497 1058 3624 1098 cum

2042 1126 2411 1186 Reinanorum
2466 1132 2790 1197 nonnullis;
2852 1133 3221 1203 appellatique
3273 1146 3399 1190 sunt
3450 1138 3626 1205 ipsius

2042 1222 2283 1285 asseclaa,
2338 1224 2432 1293 qui
2485 1224 2629 1279 idem
2677 1240 2801 1279 cum
2854 1226 2974 1295 ipso
3005 1235 3342 1292 asserereut,
3387 1227 3625 1282 Maroni-

2043 1325 2127 1381 ta-,
2185 1317 2406 1372 nomine
2458 1318 2526 1373 ab
2582 1318 2753 1387 ipsius
2810 1318 3030 1372 nomine
3086 1318 3307 1374 Marone
3362 1321 3619 1376 deducto.

2042 1408 2361 1481 Mortuoque
2390 1413 2508 1483 ipso
2532 1412 2722 1466 incola;
2752 1409 2952 1484 [urbis]
2979 1411 3185 1467 Hamah
3230 1416 3620 1468 monasterium

2041 1500 2111 1555 ibi
2151 1512 2490 1559 exstructum
2546 1503 2638 1557 Dir
2673 1502 2863 1566 Marun
2898 1502 3315 1575 [monasterium
3355 1505 3620 1575 Maronis]

2040 1594 2406 1663 appellarunt,
2460 1595 2694 1665 ejusque
2744 1594 2905 1650 fidem
2962 1595 3196 1665 professi
3259 1607 3405 1652 sum.
3465 1600 3622 1652 Anno

2042 1683 2259 1755 imperii
2296 1686 2545 1742 Mauricii
2580 1688 2798 1757 quinto,
2834 1688 3066 1758 contigit
3118 1687 3423 1744 Antioohia:
3463 1690 3620 1762 192

2043 1782 2202 1828 terra:
2240 1783 2424 1830 motus
2456 1775 2647 1845 ingens
2679 1793 2789 1845 quo
2818 1778 2999 1831 diruta
3051 1788 3136 1833 est
3192 1779 3429 1832 maxima
3468 1781 3623 1834 nrhis

1970 1852 2013 1907 Β
2040 1881 2191 1937 pars,
2248 1867 2606 1936 pereuntibus
2660 1868 2879 1923 incolis.
2934 1871 3094 1923 Anno
3126 1868 3374 1939 ejusdem
3406 1871 3623 1927 decimo

345 1953 441 2021 qui
477 1968 572 2008 sex
608 1970 783 2010 annos
805 1958 973 2018 sedit,
1004 1959 1128 2012 dein
1159 1969 1410 2014 mortuus
1442 1958 1607 2031 188
1630 1968 1736 2015 est.
1762 1960 1936 2018 Porro
1972 2025 1974 2028 ,

2039 1974 2184 2013 nono
2213 1958 2316 2014 fuit
2342 1959 2504 2014 etiam
2530 1970 2690 2014 terra:
2723 1970 2912 2015 motus
2946 1962 3128 2029 gravis
3178 1962 3230 2015 iu
3267 1963 3485 2032 regione
3513 1963 3624 2018 lto-

2037 2066 2327 2106 manorum
2381 2060 2437 2107 et
2465 2051 2625 2122 Syria
2662 2050 3001 2107 Damascena
3035 2054 3257 2109 circiter
3291 2055 3481 2109 horam
3516 2056 3622 2111 dici

2037 2143 2279 2206 tertiam,
2316 2158 2427 2213 quo
2457 2152 2793 2201 corruerunt
2828 2144 2883 2200 in
2924 2143 3084 2216 Syria
3141 2155 3194 2200 et
3248 2146 3622 2203 Romanorum

2036 2235 2247 2291 ditioue
2284 2236 2451 2291 urbes
2494 2238 2704 2303 multae,
2743 2236 3134 2307 petieruntque
3200 2239 3451 2294 homines
3514 2257 3623 2295 non

2039 2327 2221 2396 pauci.
2256 2329 2413 2381 Anno
2444 2326 2659 2396 imperii
2699 2324 2950 2392 ejusdem
2986 2327 3223 2395 septimo
3278 2330 3622 2383 constitutus

2038 2422 2123 2469 est
2152 2414 2371 2469 lsaacus
2400 2414 2710 2484 patriarcha
2768 2415 3327 2487 llierosolymitanus,
3373 2419 3463 2486 qui
3496 2430 3625 2473 octo

2040 2520 2211 2559 annos
2241 2505 2402 2570 sedit,
2437 2504 2562 2559 dein
2613 2514 2865 2561 mortuus
2899 2514 3006 2561 est.
3039 2506 3240 2559 Eodem
3277 2524 3424 2562 anno
3474 2525 3623 2562 mor-

2042 2611 2170 2656 tuus
2191 2601 2587 2672 estGregorius
2618 2602 2935 2672 patriarcha
2962 2603 3357 2660 Antiochenus.
3389 2606 3624 2661 Ριυΐροῖί

2038 2709 2172 2764 ergo
2237 2694 2566 2750 Antiocheni
2636 2693 3023 2766 Hierosolyma
3095 2696 3271 2750 virum
3347 2699 3624 2768 petierunt

2039 2803 2202 2853 quem
2261 2786 2366 2843 sibi
2419 2788 2791 2859 patriarchain
2844 2788 3205 2859 praeficerem.
3268 2789 3415 2846 Dixit
3458 2793 3625 2861 igitur

2043 2879 2178 2947 ipsis
2204 2876 2424 2935 lsaacus
2473 2880 2785 2950 patriarcha
2844 2879 3406 2952 Hierosolymitanus:
3454 2884 3623 2937 Com-

2043 2970 2238 3024 mendo
2268 2969 2419 3025 vobis
2454 2985 2641 3026 senem
2665 2974 2826 3026 istum
2853 2970 3220 3041 Candefapten
3243 2974 3340 3043 qui
3365 2974 3621 3029 ecclesia:

2043 3059 2486 3117 Resurrectionis
2518 3062 2765 3117 inservit.
2795 3062 2968 3129 Quem
3002 3079 3139 3134 ergo
3165 3066 3468 3136 probantes
3496 3082 3621 3121 cum

345 3176 602 3217 reversus
625 3171 801 3226 esset,
828 3162 1098 3218 accedens
1125 3161 1191 3217 ad
1220 3163 1394 3234 ipsum
1428 3161 1551 3217 Saif
1576 3161 1721 3217 illius
1752 3161 1928 3234 Dyya-
1957 3192 2002 3255 C
2042 3154 2407 3255 accepissent.
2441 3155 2707 3255 ut-i-psum
2759 3157 3109 3255 Antioch-iatn
3142 3159 3619 3255 deducerentrdi-

306 3250 313 3256 ’
346 3267 442 3304 zar
481 3250 819 3322 Hamyarita,
873 3250 1300 3307 Yamanensium
1351 3253 1632 3323 princeps,
1666 3253 1930 3308 auxilium

344 3348 415 3400 ab
453 3345 574 3415 ipso
606 3354 799 3398 contra
835 3343 1125 3415 Ethiopes
1172 3345 1363 3415 petiit;
1402 3360 1634 3413 quorum
1666 3360 1791 3401 cum
1829 3346 1935 3400 dn-

346 3453 465 3491 cem
507 3453 535 3491 c
580 3438 696 3491 suis
727 3437 1019 3507 quemdam
1069 3453 1196 3493 cum
1236 3436 1480 3492 exercitu
1529 3452 1559 3491 e
1592 3435 1802 3491 Dilamo
1834 3437 1937 3492 mi-

349 3528 532 3592 sisset,
569 3528 645 3582 illi
684 3528 933 3583 Yamano
971 3538 1135 3598 capto
1172 3528 1248 3583 ibi
1279 3528 1671 3584 substiterunt.
1706 3530 1936 3598 Semper

349 3631 531 3676 autem
562 3636 893 3692 quocunque
922 3623 1201 3677 exercitus
1228 3637 1360 3677 suos
1389 3622 1629 3676 mitteret
1654 3620 1936 3678 Anusher-

350 3730 472 3769 vvan
527 3715 946 3783 prosperitatem
998 3722 1052 3767 et
1106 3714 1390 3769 victoriam
1444 3724 1784 3768 consecutus
1828 3724 1937 3780 est,

350 3808 491 3861 adeo
514 3818 574 3863 ut
601 3809 654 3862 in
686 3809 955 3876 Oplittllllll
982 3816 1183 3861 statqu
1210 3806 1556 3863 subditorum
1587 3820 1816 3861 suorum
1850 3823 1938 3862 res

353 3902 645 3971 redigeret.
677 3901 925 3970 Curaque
984 3899 1052 3953 ad
1101 3902 1223 3953 vita:
1264 3897 1376 3965 jam
1417 3897 1715 3953 terminum
1752 3913 1941 3966 perve-

352 3996 543 4055 uisset,
580 4009 761 4049 rerum
795 4009 930 4049 cura
963 3994 1076 4047 lilio
1111 4007 1214 4046 suo
1252 3990 1529 4047 llormozo
1568 3991 1765 4063 legata,
1794 3992 1937 4046 diem

282 4150 289 4153 ν
351 4086 513 4142 obiit.
548 4085 673 4140 Fuit
719 4092 903 4140 autem
940 4084 1092 4154 regni
1124 4083 1527 4139 Anusherwani
1562 4084 1803 4152 spatium
1841 4099 1941 4138 an-

354 4194 551 4235 norum
579 4178 941 4249 quadraginta
971 4185 1179 4246 septem
1202 4185 1257 4231 et
1277 4190 1372 4231 sex
1401 4172 1696 4229 mensium.
1724 4174 1940 4245 Regna-

353 4274 432 4330 vit
456 4281 582 4343 post
600 4273 777 4342 ipsum
799 4271 945 4325 filius
965 4269 1142 4340 ipsius
1163 4267 1400 4323 llormoz
1422 4269 1496 4324 (il.
1519 4265 1938 4327 Anusherwani,

355 4380 532 4420 annos
555 4363 808 4418 undecim
836 4372 890 4417 ct.
929 4377 1023 4417 sex
1054 4362 1281 4417 ‘menses
1308 4377 1322 4426 ;
1357 4360 1522 4431 idque
1549 4376 1697 4415 anno
1723 4357 1939 4429 imperii

350 4457 555 4514 Justiui
591 4458 964 4511 Ruinanorum
1002 4453 1352 4524 imperatoris
1384 4452 1736 4508 duodecimo.

2043 3247 2117 3299 xit
2159 3246 2274 3315 ipse
2307 3247 2456 3301 illis:
2500 3245 2656 3302 Mene
2700 3249 3086 3318 cognoscitis?
3140 3248 3621 3322 Respondentibus

2040 3338 2172 3403 illis,
2203 3338 2319 3393 Non
2348 3356 2364 3392 :
2393 3340 2535 3395 dixit
2565 3357 2579 3394 :
2624 3339 2759 3396 Sum
2809 3357 2909 3412 ego
2969 3343 3301 3397 Anastasius
3331 3344 3427 3411 qui
3457 3344 3620 3414 patri-

2040 3430 2209 3484 archa
2249 3439 2430 3486 vester
2457 3430 2555 3495 fui,
2581 3439 2637 3485 at
2687 3447 2810 3486 cum
2869 3448 2954 3487 me
3007 3433 3184 3503 stupri
3218 3436 3555 3487 accusaretis
3591 3450 3622 3487 a

2038 3518 2194 3575 vobis
2223 3518 2349 3584 fuga
2378 3535 2466 3575 me
2497 3520 2834 3576 subtrahens
2864 3536 2930 3576 ex
2961 3537 3029 3590 eo
3081 3530 3329 3591 tempore
3374 3523 3621 3579 ecclesia:

2039 3609 2485 3667 Resurrectionis
2508 3628 2704 3668 servus
2736 3611 2810 3665 fui
2842 3631 2855 3665 :
2892 3622 3073 3668 vestes
3100 3625 3282 3668 autem
3322 3630 3470 3669 ineas
3502 3616 3622 3669 loco

2040 3703 2136 3757 tali
2168 3703 2223 3757 in
2253 3702 2548 3759 Antiochia
2585 3703 2837 3773 sepelivi.
2872 3703 3223 3759 Antiochiam
3256 3721 3389 3775 ergo
3440 3708 3511 3761 ab
3539 3707 3621 3777 ip-

2042 3795 2122 3848 sis
2150 3794 2438 3860 deductus,
2469 3794 2627 3849 duxit
2658 3795 2808 3866 ipsos
2858 3796 2931 3849 ad
2988 3795 3169 3851 locum
3211 3797 3264 3852 in
3301 3813 3412 3867 quo
3441 3807 3622 3854 vestes

2044 3897 2176 3938 suas
2209 3884 2526 3952 sepelierat,
2557 3883 2765 3954 quibus
2798 3885 3069 3941 extractis
3112 3886 3293 3955 ipsum
3345 3889 3624 3946 cathedras

2044 3973 2402 4030 restituerunt
2434 3993 2448 4041 ;
2480 3990 2716 4044 cumque.
2744 3990 2940 4030 novem
2973 3992 3152 4033 annos
3206 3980 3341 4049 ipsis
3371 3981 3621 4051 prefuis-

2044 4074 2147 4127 set,
2180 4066 2323 4122 diem
2354 4068 2511 4123 obiit.
2547 4069 2706 4122 Auno
2755 4076 2938 4123 autem
2994 4070 3207 4140 imperii
3243 4071 3495 4128 Mauricii
3525 4074 3622 4129 de-

2042 4159 2186 4214 cimo
2241 4160 2477 4229 septimo
2551 4161 2890 4215 constitutus
2957 4170 3041 4217 cst
3095 4164 3423 4221 Anastasius
3488 4166 3623 4221 alter

2046 4252 2357 4321 patriarcha
2386 4252 2763 4307 Antiocheuus
2794 4254 2886 4322 qui
2934 4270 3027 4310 sex
3064 4255 3419 4328 193—195
3450 4274 3622 4315 annos

2047 4343 2208 4410 sedit,
2244 4346 2371 4401 dein
2412 4353 2663 4401 mortuus
2716 4357 2820 4402 est.
2863 4346 2994 4402 Post
3058 4349 3180 4419 ejus
3237 4360 3467 4406 mortem
3500 4354 3624 4407 abs-

2048 4450 2155 4502 que
2219 4435 2531 4505 patriarcba
2567 4435 2771 4491 mansit
2821 4438 3082 4493 cathedra
3137 4440 3478 4497 Antiocbcna
3525 4459 3622 4498 an-

432 4550 782 4623 ιωιθι
826 4548 965 4604 'l‘um
998 4554 1216 4603 mortuo
1237 4545 1457 4603 Justino
1484 4542 1713 4600 Junrore
1740 4542 1936 4599 Roma-

2047 4541 2147 4581 nos
2181 4526 2369 4596 viginti
2398 4527 2558 4583 duos.
2592 4528 2750 4582 Anno
2804 4530 3015 4600 imperii
3072 4530 3322 4597 ejusdem
3381 4534 3622 4589 Mauricii

363 4661 557 4699 norum
593 4644 947 4714 imperatore,
979 4648 1106 4711 post
1142 4639 1319 4710 ipsum
1355 4637 1622 4692 Roinaiiis
1652 4637 1940 4706 imperavit

356 4736 613 4791 Tiberius
644 4749 821 4791 annos
856 4738 1138 4803 quatuor;
1204 4730 1368 4799 idque
1401 4745 1546 4783 anno
1596 4729 1744 4797 regni
1803 4727 1943 4781 llor-

363 4830 500 4883 mozi
572 4828 665 4883 lilii
722 4824 1124 4883 Annsherwa'ni
1193 4822 1483 4876 Persarum
1536 4823 1681 4881 regis
1739 4821 1937 4874 tertio:

359 4922 517 4975 Anno
580 4919 796 4990 imperii
869 4918 1074 4973 Tiberii
1145 4916 1521 4971 llomanorum
1596 4914 1941 4980 imperatoris

357 5015 533 5085 primo
583 5014 911 5069 constitutus
963 5021 1049 5067 est
1103 5008 1375 5082 Cyriakus
1427 5006 1740 5076 patriarcha
1796 5005 1940 5059 Con-

355 5105 899 5177 stantinOpolitanus,
933 5104 1030 5173 qui
1075 5116 1251 5157 annos
1302 5097 1576 5155 sexdecim
1605 5096 1763 5163 sedit,
1814 5097 1937 5151 dein

360 5205 615 5254 mortuus
643 5204 748 5251 est.
784 5196 944 5249 Anno
979 5191 1195 5263 imperii
1249 5188 1501 5259 ejusdem
1558 5191 1805 5243 secundo
1856 5185 1940 5240 fa-

358 5297 486 5343 ctus
522 5295 608 5345 est
665 5282 823 5342 Anus
850 5285 1169 5356 patriarcha
1227 5280 1785 5351 llierosolymitanus;
1845 5281 1934 5348 qui

357 5396 482 5435 cum
514 5390 639 5436 octo
668 5395 845 5435 annos
878 5379 1135 5440 sedisset,
1170 5382 1419 5428 mortuus
1450 5383 1557 5427 est.
1595 5372 1764 5426 Porro
1803 5372 1941 5425 obiit

360 5470 619 5527 Tiberius
700 5468 1076 5523 Romanorum
1152 5466 1471 5533 imperator,
1554 5464 1942 5531 imperavitque

363 5570 487 5632 post
518 5565 699 5632 ipsum
753 5560 1055 5616 Mauricius
1084 5557 1345 5611 Romanis
1404 5570 1577 5609 annos
1614 5554 1825 5622 viginti,
1861 5554 1941 5608 id-

357 5670 465 5723 que
522 5668 666 5708 anno
713 5655 868 5723 regni
921 5651 1173 5706 llormozi
1221 5650 1313 5703 lilii
1344 5645 1744 5702 Anusberwani
1798 5646 1940 5715 regis

364 5745 654 5798 l'ersarum
686 5748 944 5816 septimo.

437 5841 553 5891 l’uit
586 5854 827 5908 “tmpore
860 5836 1103 5890 Malaricii
1162 5836 1504 5897 imperatoris
1562 5832 1937 5885 lionmnorum

2045 4611 2259 4667 decimo
2289 4614 2483 4683 quinto
2538 4616 2877 4673 constitutus
2911 4629 2995 4672 est
3021 4619 3283 4674 Zacharia
3314 4624 3623 4690 patriarcha

2047 4703 2615 4777 llierosolymitanus;
2672 4711 2764 4777 qui
2804 4719 3011 4778 septem
3047 4727 3220 4767 annos
3254 4716 3393 4769 sedit
3446 4718 3516 4770 do
3541 4734 3620 4767 me.

2046 4797 2298 4865 captivus
2324 4795 2504 4852 factus
2535 4804 2642 4853 est.
2703 4798 2860 4856 Anno
2900 4800 3113 4869 imperii
3147 4801 3398 4872 ejusdem
3434 4809 3623 4876 quinto

2046 4888 2382 4945 constitutus
2408 4897 2492 4944 est
2521 4887 2820 4960 Gregorius
2852 4892 3165 4960 patriarcha
3224 4894 3500 4953 Romanus
3531 4900 3622 4971 qui

2045 4978 2305 5034 tredecim
2356 4993 2530 5035 annos
2585 4980 2749 5046 sedit,
2809 4979 2937 5036 dein
2991 4991 3244 5041 mortuus
3293 4995 3399 5042 est.
3466 4989 3623 5041 Anno

2046 5076 2290 5144 ejusdem
2323 5074 2536 5132 decimo
2588 5084 2786 5132 octavo
2827 5074 3010 5133 factus
3059 5090 3138 5136 est
3171 5079 3496 5137 Sabinianus
3527 5098 3622 5149 pa-

2049 5169 2286 5224 triarcha
2320 5168 2624 5233 Romanus,
2657 5174 2747 5239 qul
2785 5185 2911 5225 cum
2943 5186 3146 5227 annum
3186 5188 3356 5228 unum
3381 5173 3618 5228 sedisset

2050 5273 2299 5318 mortuus
2327 5273 2431 5318 est.
2452 5262 2613 5319 Anno
2627 5262 2872 5333 ejusdem
2890 5264 3106 5319 decimo
3129 5279 3270 5319 nouo
3287 5265 3621 5322 constitutus

2045 5365 2131 5410 est
2160 5354 2485 5410 Bonifacius
2518 5355 2834 5424 patriarcha
2884 5354 3188 5416 Romanus,
3244 5354 3343 5424 qui
3392 5372 3486 5412 sex
3523 5375 3623 5414 aa-

2046 5464 2145 5503 nos
2180 5448 2341 5512 sedit,
2374 5449 2500 5504 dein
2538 5456 2787 5503 mortuus
2837 5455 2942 5501 est.
2989 5450 3149 5499 Auno
3205 5449 3419 5518 imperii
3476 5452 3625 5520 ejus-

2048 5543 2167 5595 dem
2218 5541 2431 5596 decimo
2479 5551 2676 5611 quarto
2729 5537 3068 5592 constitutus
3119 5548 3201 5593 est
3240 5538 3480 5600 Thomas
3532 5562 3623 5615 pa-

2049 5634 2295 5689 triarcha
2327 5628 3009 5700 Constantinopolitamis;
3089 5633 3178 5698 qui
3211 5639 3623 5702 quatuordecim

2047 5742 2223 5783 annos
2251 5725 2409 5790 sedit,
2444 5724 2570 5779 dein
2611 5728 2859 5777 mortuus
2893 5729 3003 5775 est.
3062 5722 3219 5778 Anno
3254 5728 3497 5797 ejusdem
3537 5746 3623 5784 se-

2063 5821 2246 5876 cuudo
2282 5817 2620 5873 constitutus
2656 5823 2740 5870 est
2813 5813 3077 5880 Eulogius
3137 5820 3446 5880 patriarcha
3502 5823 3622 5873 Αιε-
