4014 6218
461 336 596 400 1079

1493 344 1851 403 EU'l‘YClIll
1901 342 2431 402 .~\l.EX.—\NDRlNl
2475 345 2700 402 l‘.-\Tll.

3543 333 3712 404 ’1030

457 451 798 518 xautlt‘inus;
855 457 944 523 Qui
984 471 1158 510 annos
1187 455 1371 526 viginti
1405 455 1569 515 sedit,
1615 457 1739 509 dein
1777 467 2027 507 mortuus
2060 459 2102 510 Α
2136 455 2312 522 ipsum
2351 466 2625 508 mormnm
2663 453 2893 517 invi-nit,
2952 455 3173 506 sudario
3207 453 3382 506 oculis
3422 454 3708 520 imposito;

453 551 539 596 est
569 528 890 613 (secundum
921 549 1062 600 aliud
1100 549 1400 616 exemplar,
1435 565 1612 602 annos
1646 551 1834 606 duos).

529 636 696 690 Porro
730 648 977 702 tempore
1015 639 1264 694 Mauricii
1325 641 1678 706 imperatoris
1732 641 1868 692 l:-.lt'n
1903 643 2027 708 qui-

452 728 576 781 dam
609 728 710 780 fuit
744 730 797 781 in
833 731 968 784 urbe
1001 731 1282 799 (quatiam)
1317 731 1532 791 Africae,
1572 733 1826 799 princeps
1866 734 2030 785 latro-

453 837 608 882 num,
660 822 752 888 qui
809 823 1009 876 nemini
1066 827 1306 878 occurrit
1370 841 1530 891 quem
1585 841 1692 877 non
1745 836 1792 877 et
1831 827 1935 877 \ita
1974 835 2026 876 et

457 913 614 966 bonis
652 913 934 979 spoliaret.
968 916 1104 967 adeo
1138 923 1195 967 ut
1229 915 1440 1005 desurt‘a
1482 915 1642 968 fuerit
1673 917 1778 977 via,
1813 917 2029 968 nemine

455 1021 550 1074 per
597 1021 715 1059 eam
778 1008 882 1060 iter
939 1009 1187 1071 fariente,
1243 1019 1336 1062 aut
1405 1018 1742 1070 transeunte,
1816 1027 1918 1078 qua
1976 1011 2028 1060 itt

449 1097 694 1152 Africam
732 1099 971 1164 duceret,
1029 1112 1168 1154 metu
1213 1103 1444 1156 latronis
1485 1103 1663 1156 istius.
1698 1101 1870 1168 Quem
1902 1103 2028 1155 licet

456 1190 604 1243 omni
643 1191 928 1260 diligentia
965 1194 1225 1261 (mittique
1259 1204 1375 1253 arte
1405 1208 1469 1249 ac
1503 1204 1816 1250 commento
1849 1207 2028 1250 utere-

455 1291 544 1336 tur
574 1281 772 1337 Africae
806 1285 1072 1353 patricius
1112 1301 1222 1354 quo
1275 1287 1453 1355 ipsum
1511 1288 1897 1356 prclteuderct,
1935 1303 2027 1340 ca-

455 1388 587 1440 pere
627 1384 806 1429 tamen
843 1375 968 1430 non'
993 1379 1189 1443 poluit.
1227 1377 1339 1432 lloc
1372 1394 1494 1432 cum
1534 1379 1696 1450 196
1731 1380 1795 1434 ad
1829 1379 2030 1432 Mauri-

452 1462 523 1515 cii
559 1463 904 1533 imperatoris
959 1468 1208 1522 notitiam
1267 1471 1627 1538 pervenisset,
1661 1471 1778 1540 ipse
1804 1470 1972 1524 misso
2002 1490 2030 1522 ιε

454 1554 678 1612 famulis
711 1557 826 1612 suis
877 1561 1113 1629 quodam
1153 1561 1504 1615 securitatem
1561 1563 1758 1616 latroni
1812 1562 1899 1615 isti
1933 1564 2030 1614 ob-

451 1647 576 1700 tttlit
605 1663 619 1712 ;
657 1664 822 1718 quam
859 1667 981 1704 cum
1015 1651 1102 1706 ille
1136 1660 1504 1722 acceptasset,
1542 1652 1610 1706 ad
1643 1655 2026 1723 imperatorem

454 1740 736 1807 profectus
777 1742 1006 1812 benigne
1061 1755 1226 1812 atque
1285 1745 1585 1799 honorifice
1631 1747 1700 1798 ab
1745 1745 1866 1815 ipso
1921 1755 2031 1801 tra-

453 1837 633 1884 t-tatns
661 1840 742 1884 est
772 1840 824 1884 et
857 1837 922 1884 ad
952 1833 1273 1899 dignitatem
1309 1844 1553 1890 evectus.
1597 1834 1786 1889 Morbo
1819 1846 2025 1902 autem,

452 1922 737 1988 aliquanto
767 1935 882 1991 post
935 1935 1199 1990 tempore,
1229 1936 1518 1994 correptus
1553 1929 1604 1980 itt
1646 1933 2023 1982 nosocomium

451 2002 603 2079 quod
625 2013 677 2066 in
713 2015 850 2067 urbe
881 2016 1494 2084 Constantinopolitana
1529 2018 1651 2080 fttit,
1678 2020 1892 2072 delatus
1920 2033 2024 2074 cst.

451 2103 700 2172 Cumque
755 2114 912 2159 nocte
947 2107 1181 2176 quadam
1217 2108 1294 2178 [in
1344 2110 1567 2182 lectum]
1615 2111 1890 2179 proiectus
1929 2127 2025 2179 op-

453 2193 612 2262 primi
647 2210 709 2250 se
757 2196 968 2260 dolore,
1003 2214 1164 2267 quem
1201 2200 1534 2267 patiebatur,
1597 2200 1829 2264 videret,
1887 2207 2025 2257 adeo

454 2296 514 2342 ut
541 2298 725 2343 certus
757 2297 900 2344 esset
938 2291 1231 2356 moriendi,
1271 2293 1336 2346 ad
1372 2293 1660 2347 Dominmn
1719 2312 1882 2350 suum
1917 2296 2028 2352 cle-

417 2385 687 2434 _mentem
723 2388 776 2433 et
827 2396 954 2450 erga
997 2397 1187 2437 servos
1226 2397 1357 2440 suos
1395 2385 1834 2446 misericordem,
1876 2402 2030 2441 rece-

450 2470 547 2538 pit,
587 2471 840 2542 lacrymis
873 2483 928 2527 et
979 2475 1483 2544 supplicationibus
1543 2477 1734 2534 effusis
1788 2479 2024 2533 dicens:

452 2561 598 2631 Rogo
651 2575 722 2626 te,
780 2564 1030 2630 Domine,
1087 2568 1230 2622 sicut
1280 2569 1423 2622 l'etri
1482 2571 1736 2640 lact-yn-is
1789 2575 2028 2642 acceptis

450 2656 552 2724 ipsi
609 2673 740 2726 prop
768 2660 874 2713 tius
914 2659 1082 2724 fuisti,
1118 2668 1284 2730 utque
1317 2661 1524 2716 Exi-kin:
1562 2664 1831 2734 larrymas
1866 2682 2027 2718 act-e-

449 2758 570 2814 ptas
614 2751 874 2813 habuisti,
912 2767 1011 2806 nec
1069 2768 1176 2806 non
1233 2754 1462 2808 latronis
1517 2757 1612 2820 qui
1674 2767 1852 2809 tecum
1918 2776 2021 2810 una

449 2842 750 2895 crucifixus
805 2854 891 2895 est
949 2845 1240 2916 laenyntas,
1297 2847 1370 2900 ita
1428 2855 1484 2901 et
1539 2849 1812 2919 lacrymas
1875 2866 2024 2906 meas

452 2933 725 3001 respicere
779 2934 936 2998 velis,
974 2937 1151 3006 iisque
1189 2946 1412 3005 peccata
1450 2953 1570 2993 mea
1623 2940 1942 3010 abstergerc
1971 2953 2026 2998 et

451 3039 548 3088 pro
605 3025 953 3090 multitudine
1014 3029 1408 3086 misericordia:
1465 3044 1570 3086 tua:
1631 3049 1820 3102 preces
1875 3051 2023 3090 ineas

2134 556 2536 616 narraruntque
2591 547 2665 598 illi
2716 547 2806 613 qui
2856 546 3012 613 juxta
3075 547 3345 599 latronem
3404 545 3714 600 dormirent

2131 654 2271 708 quos
2305 639 2479 708 ipsius
2509 636 2669 692 ﬂetus
2700 649 2752 693 et.
2785 636 3219 706 supplicationes
3249 637 3558 689 audierant.
3600 639 3708 689 ile-

2133 731 2290 784 dictis
2323 745 2452 796 ergo
2489 737 2713 798 accepto
2763 731 2988 782 sudario
3042 728 3107 782 ad
3163 727 3487 782 Manrieium
3543 728 3712 794 imre-

2133 830 2372 874 ratorem
2408 821 2688 888 ingressus
2725 820 2854 873 illud
2895 821 2996 888 ipsi
3035 820 3274 873 ostendit
3325 828 3380 872 et
3436 828 3548 871 tttm
3578 818 3710 887 quid

2140 913 2194 965 in
2226 912 2442 967 somnio
2475 926 2579 966 suo
2605 912 2836 976 viderat,
2889 923 3000 966 tum
3039 910 3166 981 quid
3205 914 3272 964 ab
3306 912 3410 966 illis
3441 911 3532 980 qui
3555 911 3711 980 jutta

2135 1004 2400 1058 latronem
2449 1004 2614 1074 200
2685 1004 2992 1058 dormirent
3050 1004 3356 1069 audiverat,
3429 1006 3710 1069 narravit;

2135 1095 2378 1165 dixitque
2413 1095 2733 1164 imperatori
2769 1115 2781 1150 :
2819 1098 2929 1150 Deo
2963 1096 3081 1151 laus
3113 1097 3207 1165 qui
3243 1111 3346 1165 ope
3397 1104 3487 1149 tua
3541 1083 3712 1149 ltltroo

2134 1202 2258 1238 nem
2304 1187 2526 1253 recepit,
2563 1187 2776 1256 ipsique
2825 1188 3176 1253 condonavit,
3231 1195 3288 1240 ttt
3340 1197 3394 1241 et
3439 1189 3707 1242 latronem

2111 1277 2372 1343 ‘priorem
2411 1279 2464 1331 in
2503 1293 2667 1332 cruce
2707 1280 2967 1333 admisit:
3025 1279 3124 1332 fuit
3181 1279 3271 1332 ille
3325 1280 3557 1348 primus,
3617 1282 3706 1334 hic

2134 1369 2428 1423 secundus.
2468 1369 2635 1424 Porro
2669 1371 2902 1426 llormoz
2937 1371 3018 1424 fil.
3056 1371 3479 1430 Anusherwani.
3507 1371 3706 1426 Persa-

2136 1476 2254 1514 rum
2289 1477 2378 1514 rex
2418 1461 2487 1515 ob
2528 1462 2821 1526 ferociam,
2857 1464 3110 1517 duritiem
3158 1471 3214 1515 et
3243 1462 3588 1533 tyrannidem
3623 1465 3706 1515 in-

2133 1551 2295 1605 fantis
2329 1551 2450 1614 fttil,
2503 1553 2643 1606 male
2678 1554 2929 1608 homines
2961 1562 3222 1612 tractans.
3283 1567 3488 1621 eosque
3523 1554 3572 1605 iu
3605 1571 3706 1604 an-

2133 1646 2344 1713 gttstias
2403 1645 2702 1712 redigcns;
2759 1645 2943 1699 multis
2995 1644 3338 1700 subditomnt
3396 1660 3616 1699 suorum
3648 1647 3705 1699 in

2134 1751 2414 1790 carcerem
2455 1736 2723 1803 conjectis
2775 1747 2828 1790 et
2862 1736 2930 1790 de
2983 1739 3154 1806 gradu
3210 1736 3539 1792 deturbatis.
3595 1738 3710 1791 liae

2134 1836 2317 1881 autem
2375 1828 2537 1882 modo
2572 1829 2703 1882 dum
2751 1844 2811 1884 se
2868 1839 3102 1898 gereret.
3163 1844 3290 1884 ecce
3341 1841 3531 1882 contra
3579 1847 3703 1883 eum

2133 1921 2417 1989 profectus
2447 1930 2538 1976 est-
2564 1921 2788 1976 Cltakan
2827 1935 2953 1974 cum
2982 1923 3316 1977 exercitibus
3359 1925 3706 1989 numerosis;

2127 2014 2329 2082 quibus
2361 2015 2577 2068 obviam
2613 2014 2760 2067 misit
2789 2013 3026 2068 llormoz
3063 2013 3236 2068 virum
3270 2014 3560 2083 quemdam
3597 2032 3697 2067 no-

2131 2107 2277 2161 mine
2302 2108 2651 2168 Ba’hramum,
2704 2107 2955 2161 Babrami
2992 2107 3158 2161 lilium
3194 2108 3497 2176 (quietiam
3545 2108 3708 2163 Sttnir

2136 2198 2338 2266 dictus)
2363 2241 2375 2260 ,
2401 2216 2524 2253 cum
2554 2199 2844 2253 duodecim
2877 2200 3108 2253 militum
3141 2200 3406 2254 millibus.
3434 2200 3707 2265 lnterfecit

2129 2306 2258 2360 ergo
2296 2290 2529 2345 Bahram
2589 2291 2756 2346 Sunir
2789 2290 3132 2356 Chaltanttm,
3188 2293 3486 2361 copiasque
3535 2293 3705 2361 ipsius

2129 2382 2450 2450 spoliandas
2481 2384 2650 2441 dedit.
2691 2387 2759 2436 At
2792 2399 2914 2438 cum
2954 2386 3228 2454 negotium
3265 2387 3367 2438 hoc
3407 2401 3528 2439 cum
3560 2385 3699 2439 Clut-

2129 2478 2272 2532 kzltrO
2305 2478 2696 2546 cxpedivisset,
2756 2478 2810 2531 in
2861 2488 3099 2532 mentem
3154 2493 3414 2532 revocans
3451 2477 3701 2532 Hortnozi

2129 2570 2388 2624 ferociam
2447 2581 2501 2624 et
2560 2570 2926 2640 tyrannidem,
2981 2585 3231 2640 quasque
3285 2570 3354 2622 de
3392 2569 3625 2623 ducihtts
3655 2579 3702 2623 et

2129 2667 2464 2722 exercitibus
2503 2667 2617 2722 suis
2668 2666 3018 2735 suspiciones
3059 2666 3232 2718 malas
3267 2665 3492 2728 foveret,
3528 2666 3704 2718 timuit

2131 2760 2198 2812 ad
2229 2761 2403 2828 ipsum
2435 2758 2632 2817 redire.
2673 2758 2902 2825 ideoque
2925 2757 3054 2811 dum
3084 2757 3265 2810 adhuc
3302 2757 3354 2810 in
3385 2756 3702 2812 Cbarasano

2129 2864 2272 2906 esset
2328 2851 2381 2905 itt
2435 2853 2612 2921 ipsum
2649 2851 2950 2915 rebellavit,
2985 2865 3312 2919 manumque
3341 2851 3406 2902 ab
3435 2849 3702 2917 obsequio

2131 2945 2231 3013 ipsi
2273 2942 2580 3011 pra-stando
2632 2942 2935 2996 subtraxit.
2991 2942 3266 2996 lrrucntes
3297 2941 3458 2994 etiam
3495 2955 3616 3008 qur
3651 2943 3701 2993 in

2135 3033 2311 3089 Eraco
2343 3044 2500 3090 erant
2533 3035 2703 3104 copiae
2752 3035 2804 3087 in
2839 3035 3189 3093 llormozum,
3224 3032 3294 3085 ob
3328 3029 3528 3085 malum
3561 3031 3702 3100 quod

448 3125 698 3184 acceptas
730 3119 964 3180 habere;
990 3120 1178 3175 oculos
1213 3122 1432 3176 interim
1466 3139 1598 3181 suos
1631 3127 1860 3180 sudario
1880 3129 2021 3197 quod
2053 3141 2097 3198 ο
2135 3128 2396 3184 viderunt
2429 3128 2602 3197 ipsius
2639 3127 2902 3196 regimen,
2935 3126 3114 3195 ipsum
3151 3139 3317 3195 regno
3343 3124 3700 3188 abdicarunt,

3505 3206 3518 3232 '\

449 3221 614 3275 super
647 3207 784 3262 facie
813 3210 986 3279 ipsius
1023 3210 1202 3267 fuerat
1236 3213 1543 3285 detergens.
1599 3216 1852 3289 Cumque
1923 3221 2025 3274 hoc

450 3299 611 3355 modo
643 3301 836 3357 multis
882 3303 1032 3360 horis
1067 3305 1405 3374 perstitisset
1437 3307 1730 3362 Dominum
1770 3311 2025 3376 precilms

451 3393 800 3449 inclamando
828 3405 881 3450 et
914 3407 1141 3466 peccata
1178 3414 1277 3454 sua
1313 3399 1648 3463 confitendo,
1683 3401 1804 3454 dein
1862 3403 2026 3470 Spiri-

453 3497 565 3539 tum
603 3503 761 3541 suutu
797 3489 1164 3544 emisit.-F-uit
1199 3499 1379 3545 autem
1433 3490 1910 3561 Constantinopoli
1947 3493 2028 3546 vir

454 3580 679 3646 quidatn
717 3596 747 3634 e
803 3581 1148 3650 principibus
1185 3581 1540 3652 medicorum,
1597 3583 1832 3638 eximius
1865 3594 2027 3653 atque

452 3671 725 3739 egregius,
761 3674 851 3740 qui
881 3671 1129 3738 quotidie
1158 3683 1395 3743 tegrotos
1445 3674 1537 3743 qtti
1593 3675 1646 3728 itt
1705 3679 2028 3732 nosocomio

451 3762 698 3827 fuerunt,
732 3762 958 3819 visitare
1007 3763 1240 3820 solebat.
1296 3763 1394 3819 Hic
1451 3765 1598 3820 inter
1644 3765 2024 3822 dormiendum

449 3853 598 3909 domi
632 3869 744 3910 sua:
797 3854 852 3907 in
909 3855 1125 3910 somnio
1173 3855 1362 3910 eadem
1425 3855 1556 3911 hora
1615 3872 1720 3926 qua
1777 3868 2026 3911 mortuus

457 3944 816 4016 197-199
841 3956 926 4002 est
958 3946 1102 4001 latro
1132 3947 1269 4001 vidit
1298 3947 1634 4018 Nigritarum
1667 3950 1908 4015 turbam,
1932 3951 2024 4018 qui

453 4037 519 4091 nd
554 4038 782 4092 latronis
821 4038 1019 4093 lectum
1076 4039 1400 4093 accedentes
1452 4041 1673 4096 chartas
1705 4057 1888 4095 secum
1930 4043 2019 4094 ba.

453 4136 642 4186 berent
667 4133 868 4200 quibus
901 4132 1163 4202 inscripta
1195 4141 1352 4186 erant
1377 4134 1497 4200 ejus
1529 4143 1749 4203 peccata
1784 4152 1798 4200 ;
1834 4136 2027 4191 deinde

450 4234 506 4279 et
552 4225 696 4278 viros
741 4223 878 4280 duos
910 4240 1141 4290 quorum
1176 4225 1359 4278 vultus
1392 4225 1867 4293 splendescebanl,
1900 4244 2029 4280 can-

451 4315 584 4370 dore
620 4316 756 4380 nivi,
800 4315 1208 4384 pulchritudine
1259 4316 1362 4369 soli
1399 4315 1630 4377 similes.
1695 4318 1888 4371 libram
1947 4327 2027 4371 te-

453 4419 692 4464 nentes:
761 4408 1192 4477 accedeutcsque
1259 4407 1498 4478 Nigritas
1583 4408 1805 4464 chartas
1890 4411 2025 4466 istas

2133 3221 2447 3276 interimere
2482 3228 2661 3274 tamen
2707 3207 3206 3288 ipsum'timentes.

2201 3314 2322 3368 Fuit
2359 3324 2540 3368 autem
2565 3311 2998 3366 Hormozotilitts
3029 3309 3115 3364 cui
3145 3324 3343 3362 nomen
3375 3309 3561 3372 Cesra,
3594 3310 3683 3376 qui

2132 3405 2202 3460 ab
2229 3406 2348 3474 ipso
2379 3405 2432 3458 in
2477 3403 2810 3474 Aderbijano
2844 3403 3040 3458 ahl'uit.
3079 3401 3180 3456 llic
3211 3402 3400 3456 audito
3438 3402 3566 3470 quid
3593 3401 3697 3452 Pa-

2129 3500 2202 3553 tri
2253 3513 2354 3552 suo
2396 3497 2690 3552 accidisset
2720 3513 2826 3551 una
2869 3513 2994 3551 cum
3041 3494 3346 3548 comitibus
3385 3497 3501 3549 suis
3543 3511 3696 3562 opem

2129 3588 2487 3662 201-203
2520 3588 2626 3657 ipsi
2658 3589 2830 3643 latum
2871 3593 3109 3646 accessit
3136 3610 3150 3644 :
3195 3603 3252 3645 at
3282 3606 3411 3642 cum--
3439 3589 3531 3641 illo
3563 3603 3698 3655 pne-

2129 3681 2320 3736 stando
2364 3697 2471 3735 non
2509 3689 2688 3745 esset,
2735 3681 2950 3750 fugiens
3001 3683 3278 3738 Romanos
3332 3695 3526 3736 versus
3585 3696 3699 3746 prr-

2129 3775 2307 3836 rexit,
2356 3775 2619 3827 auxilium
2659 3789 2687 3826 a
2737 3773 3004 3828 Mauricio
3059 3776 3386 3845 imperatore
3442 3773 3699 3842 implora-

2131 3876 2267 3931 tum,
2310 3866 2602 3934 ipsumque
2636 3877 2694 3919 ιιι
2723 3880 2847 3919 eum
2883 3868 2936 3918 in
2985 3867 3145 3920 finem
3175 3867 3480 3920 exercitum
3510 3879 3696 3919 secum

2130 3959 2371 4013 mitteret
2425 3969 2716 4026 rogatum,
2773 3967 2897 4011 octo
2952 3973 3138 4012 secmn
3180 3973 3404 4013 suorum
3471 3957 3697 4013 habens.

2130 4067 2346 4120 unaque
2373 4052 2674 4106 avunculos
2711 4065 2845 4105 suos
2869 4049 3108 4104 Nabdam
3133 4062 3186 4105 et
3223 4050 3523 4112 Nustanum
3551 4067 3566 4114 ;
3606 4049 3698 4116 qni

2129 4141 2256 4195 dum
2293 4139 2436 4196 inter
2467 4141 2710 4195 cundmn
2743 4141 2891 4194 inter
2922 4155 2983 4195 se
3012 4141 3302 4195 consilium
3350 4148 3604 4209 caperent
3629 4138 3699 4191 de

2129 4233 2350 4302 negotio
2390 4246 2513 4294 suo,
2563 4229 2726 4301 idque
2763 4231 3070 4300 perciperet
3091 4231 3259 4286 Cesra
3305 4249 3319 4285 :
3360 4232 3526 4286 Dicite
3570 4230 3697 4281 mihi

2129 4321 2340 4391 inquit,
2397 4321 2528 4391 quid
2573 4331 2658 4377 est
2735 4323 2880 4387 quod
2927 4322 3217 4378 statuitis?
3260 4323 3698 4395 Responderunt,

2128 4411 2246 4469 Non
2269 4424 2349 4471 est
2377 4414 2650 4470 sententia
2673 4425 2862 4470 nostra
2891 4424 2944 4469 ut
2983 4431 3049 4470 ex
3075 4416 3175 4470 hac
3210 4416 3430 4487 regione
3455 4414 3697 4469 discedas

455 4516 648 4555 omnes
674 4501 727 4554 in
765 4500 959 4554 libram
992 4501 1266 4568 conjicere
1304 4499 1440 4554 adeo
1473 4509 1528 4552 n-t
1553 4501 1788 4556 lanciunt
1833 4504 2021 4569 altera,
2050 4504 2104 4563 D
2130 4509 2422 4578 antequam
2498 4506 2830 4561 llormozunt
2905 4507 3364 4564 interfecerimus.
3435 4507 3698 4562 Nolumus

453 4592 624 4646 altera
658 4591 917 4662 depressa
969 4592 1334 4660 ascenderet;
1372 4593 1578 4649 dixisse
1627 4611 1756 4664 ergo
1792 4594 2023 4650 alterunt

454 4683 694 4736 virorum
731 4682 1094 4736 candidorum
1125 4683 1279 4738 socio
1311 4699 1412 4740 suo
1443 4701 1457 4739 :
1495 4685 1611 4740 Non
1645 4694 1731 4742 est
1759 4687 1916 4742 nobis
1939 4687 2026 4742 hic

451 4774 707 4843 aliquid?
748 4773 1137 4844 Respondente
1193 4784 1377 4830 autem
1411 4778 1627 4832 altero:
1677 4778 1818 4843 Quid
1869 4779 2050 4835 nobis-

453 4865 544 4918 hic
575 4875 741 4928 esset,
793 4866 1191 4928 cum_nondum
1225 4868 1414 4924 decem
1454 4869 1572 4924 dies
1607 4869 1718 4924 sint
1745 4885 1808 4924 ex
1850 4886 1959 4938 quo
1995 4886 2023 4922 a

449 4958 738 5013 latrocinio
789 4960 1095 5014 exercendo
1144 4975 1446 5017 conversus
1479 4961 1595 5018 sit?
1651 4977 1771 5017 cum
1827 4962 2022 5017 lectum

449 5051 787 5120 perscrutari
815 5055 1056 5122 aggressi
1088 5060 1292 5120 essent,
1328 5054 1402 5108 ibi
1437 5054 1716 5110 sudarium
1753 5069 1862 5124 quo
1893 5070 2026 5110 ocu-

449 5147 532 5200 los
565 5159 698 5200 sttos
729 5146 1068 5201 absterserat
1109 5145 1404 5211 invenisse,
1461 5147 1604 5216 quod
1655 5162 1779 5201 cum
1818 5147 1871 5200 in
1909 5147 2026 5201 lan-

447 5236 591 5289 cium
645 5236 870 5291 alteram
945 5236 1241 5304 misissent,
1301 5235 1656 5292 descendisse
1708 5237 1852 5290 illam
1905 5252 2026 5305 qua:

453 5328 604 5396 prius
634 5329 820 5383 minus
855 5329 1142 5394 habuerat,
1195 5329 1407 5383 sublata
1465 5329 1635 5384 altera
1671 5328 1725 5383 in
1768 5345 1875 5399 qtta
1909 5329 2025 5385 fue-

453 5405 577 5474 rtint
613 5423 840 5486 chartae,
875 5409 1110 5491 illasque
1143 5436 1335 5476 omnes
1379 5421 1655 5490 dispersas
1689 5421 1877 5477 fuisse.
1915 5421 2024 5474 Ex-

449 5509 754 5568 clatuantes
807 5528 937 5583 ergo
988 5513 1236 5568 dixisse:
1297 5509 1434 5564 Vicit
1468 5511 1558 5565 Dei
1617 5511 2019 5576 misericordia,
2062 5542 2064 5544 -

447 5609 784 5673 acceptaque
811 5605 990 5658 anima
1031 5619 1218 5660 secmn
1250 5603 1424 5673 ipsam
1458 5604 1769 5664 abstulisse,
1804 5604 2018 5673 fugien-

450 5689 599 5744 tibus
625 5691 850 5761 Nigritis
881 5696 1089 5762 pudore
1137 5707 1187 5751 et
1223 5697 1454 5751 tristitia
1493 5695 1720 5750 affectis.
1750 5696 2018 5768 Experre-

437 5787 575 5870 lctus
606 5796 736 5852 ergo
795 5787 1040 5843 medicus
1095 5790 1282 5846 statim
1327 5790 1392 5845 ad
1448 5789 1710 5846 latronem
1767 5791 2016 5857 tendens,

2127 4603 2270 4657 enim
2305 4600 2489 4672 {alias}
2517 4599 2839 4655 Manricimn
2879 4600 3114 4658 ltotnan.
3163 4601 3544 4671 imperatorem
3582 4600 3696 4652 adi—

2128 4709 2209 4759 re,
2251 4710 2340 4760 ne,
2374 4695 2420 4749 si
2466 4693 2750 4762 profectus
2785 4693 3021 4748 llormoz
3054 4693 3120 4748 ad
3151 4693 3330 4764 ipsum
3363 4694 3562 4748 scribat
3597 4707 3698 4746 nos

2125 4801 2154 4836 a
2193 4800 2252 4839 se
2286 4784 2509 4854 fugisse,
2544 4783 2705 4839 nobis
2733 4787 2880 4854 quod
2920 4783 3146 4838 minime
3167 4784 3429 4839 vellemus
3465 4785 3698 4838 accidat.

2128 4877 2356 4931 Revetsi
2389 4892 2520 4947 ergo
2564 4877 2631 4931 ad
2664 4876 2997 4931 Hormozutn
3041 4876 3220 4946 ipsum
3268 4875 3657 4930 interfecerunt
3683 4915 3699 4930 .

2125 4971 2249 5022 dein
2292 4970 2358 5023 ad
2408 4969 2630 5024 Ccsram
2663 4969 2958 5023 redeuntes
2995 4984 3104 5023 una
3137 4984 3264 5023 cum
3305 4969 3424 5038 ipso
3467 4968 3698 5036 profecti

2127 5069 2259 5115 sunt
2293 5061 2468 5115 donec
2505 5060 2573 5114 ad
2615 5059 3010 5114 monasterium
3049 5057 3326 5128 quoddam
3360 5057 3416 5112 itt
3451 5060 3531 5110 via
3569 5073 3698 5126 per-

2127 5153 2446 5219 venientes,
2478 5152 2549 5206 ibi
2578 5151 2936 5206 diverterent.
2985 5150 3142 5206 Mane
3179 5162 3360 5206 autem
3425 5149 3564 5204 facto
3603 5164 3698 5202 su-

2126 5258 2496 5320 pervenerunt
2548 5247 2682 5317 ipsis
2727 5247 2940 5316 equites
2971 5261 3112 5315 quos
3153 5245 3218 5298 ad
3255 5245 3405 5314 ipsos
3449 5261 3699 5314 qtucrcn-

2124 5342 2226 5396 dos
2289 5342 2511 5396 miserat
2579 5338 2808 5392 Bahratn
2873 5338 3062 5403 Sunir,
3126 5337 3328 5406 quibus
3390 5335 3699 5402 conspectis

2125 5434 2468 5487 moriendum
2515 5432 2616 5486 sibi
2671 5431 2898 5484 minime
2940 5429 3283 5484 dubitarunt.
3335 5428 3482 5481 Dixit
3533 5429 3698 5497 igitur

2127 5526 2233 5580 illis
2282 5525 2464 5578 Nahda
2506 5541 2520 5578 :
2575 5521 2993 5578 Proficiscimini
3031 5537 3150 5584 vos,
3185 5536 3270 5575 me
3297 5537 3436 5589 pone
3469 5521 3698 5581 relicto;

2124 5634 2226 5689 ego
2255 5632 2352 5672 vos
2380 5618 2662 5671 indemnes
2689 5615 2979 5684 prtesmbo.
3021 5613 3355 5667 Conscensis
3384 5629 3515 5681 ergo
3536 5611 3698 5675 equis

2125 5709 2199 5763 illi
2244 5710 2296 5762 itt
2339 5708 2531 5761 itinere
2567 5714 2955 5774 perrexerunt,
2979 5704 3250 5772 iussitque
3277 5703 3464 5758 Nabda
3499 5704 3695 5770 ianito-

2125 5810 2234 5849 rem
2278 5797 2593 5850 monasterii
2640 5803 2844 5863 portam
2890 5793 3162 5849 claudere.
3201 5792 3535 5848 Act-edentes
3582 5805 3696 5846 au-
