4014 6218
447 331 584 396 1083

1426 337 1799 433 ΕῌΤΥΕΗῘῙ
1854 341 2397 405 ALEXANDRINI
2441 346 2663 439 ΡᾼΤΒ.

3553 355 3693 420 1084

438 466 550 503 raw
591 448 783 504 zaihus
819 449 1141 507 Damascum
1164 449 1447 523 prolectus
1480 456 1653 524 ipsam
1686 458 1919 511 vastavit
1953 472 2013 510 ac
2040 454 2089 515 Α
2118 467 2222 512 tem
2247 458 2312 512 ad
2342 460 2630 514 ecclesiam
2662 463 2982 532 perligeram
3009 477 3131 517 cum
3160 475 3445 522 assecutus
3471 485 3555 523 tne
3575 474 3695 540 qui-

439 541 742 595 iucularum
793 542 934 596 bona
978 543 1207 613 diripuit
1256 560 1270 598 :
1321 545 1518 599 deinde.
1573 563 1696 600 cum
1759 548 2017 605 Hieroso-

388 666 391 667 ν
442 634 584 705 lyuta
638 635 886 690 tenderet
935 638 1251 706 congregati
1308 647 1436 691 sunt
1496 640 1561 693 ad
1615 641 1791 709 ipsum
1842 640 2012 698 Judaei

438 727 735 796 (quotquot
790 728 843 781 in
896 728 1222 797 Tiberiade,
1271 742 1459 787 monte
1486 734 1746 799 Calilaue,
1786 736 2020 793 Nazare-

441 822 557 887 tba,
607 823 963 892 partibusque
989 824 1371 891 adiacentibus
1401 827 1607 897 erant),
1663 846 1728 885 ac
1760 829 2018 887 llieruso-

442 912 585 981 lyma
616 913 843 981 profecti
882 916 1068 971 Persis
1095 917 1147 970 in
1169 918 1388 984 templis
1423 921 1710 977 diruendis
1744 924 2015 979 Christia-

441 1003 640 1070 nisque
688 1005 1030 1060 trucidandis
1070 1022 1227 1076 opem
1295 1007 1572 1064 tulerunt.
1632 1011 2012 1084 Hierosolyma

440 1097 608 1165 igitur
658 1098 748 1152 ubi
800 1101 1162 1166 pervenisset,
1213 1103 1392 1172 primo
1440 1104 1684 1158 omnium
1720 1108 2011 1161 ecclesiam

437 1188 869 1245 Gestuauiticatn
912 1192 1104 1255 diruit.
1154 1210 1256 1249 ncc
1288 1211 1395 1250 nou
1445 1196 1743 1253 Ecclesiam
1776 1199 2015 1265 lleb-uze,

437 1296 669 1351 quarum
699 1293 939 1355 utraque
978 1284 1033 1339 in
1073 1283 1222 1341 hunc
1249 1302 1425 1355 ttsque
1451 1286 1595 1343 diem
1634 1291 1875 1345 desolata
1908 1308 2016 1343 ma-

438 1382 551 1425 net.
588 1354 950 1428 Diruit'etiam
985 1377 1248 1432 ecclesias
1287 1354 1661 1449 constantini‘,
1690 1383 1895 1441 Cran‘i.
1961 1394 2015 1437 et

440 1464 724 1534 squam;
777 1468 828 1520 iu
872 1469 1130 1524 Crauium
1162 1474 1216 1525 e't
1245 1472 1568 1541 Sepulcrum
1600 1475 1802 1544 injecto
1847 1478 1971 1547 igne
1994 1517 2010 1541 ,

438 1557 733 1611 maximam
775 1561 939 1615 etiam
973 1564 1127 1618 urbis
1160 1576 1367 1634 partem
1399 1565 1607 1629 diruit,
1658 1566 1867 1624 Judaeis
1905 1588 2012 1627 una

437 1663 559 1701 cum
611 1649 793 1705 Persis
827 1651 1177 1711 Christianos
1228 1652 1550 1713 innumeros
1584 1661 1965 1716 oecidentiluts
1995 1682 2010 1719 :

436 1750 568 1794 sunt
599 1742 674 1795 illi
710 1744 878 1798 occisi
913 1745 1003 1814 qui
1030 1746 1422 1819 Hierosolymis
1448 1750 1635 1818 jacent
1663 1750 1716 1806 in
1747 1754 1865 1806 loco
1896 1754 2008 1809 Ma-

439 1834 575 1887 ntela
628 1836 917 1903 appellato.
953 1836 1128 1894 Persae
1173 1850 1354 1895 autetn
1390 1851 1679 1913 postquam
1736 1845 2011 1903 incendis-

437 1930 581 1987 sent,
613 1933 919 1980 vastassent
957 1936 1011 1982 et
1070 1930 1425 1998 occidissent,
1463 1936 1668 1991 reversi
1693 1935 2012 1991 Zachariam

438 2015 802 2083 patriarcham
853 2017 1406 2093 ﬂierosolymitanttm
1435 2043 1541 2082 una
1566 2044 1691 2083 cum
1729 2031 1854 2086 aliis
1878 2033 2015 2086 mul-

438 2106 507 2161 tis
557 2108 832 2175 captivum
877 2110 1247 2177 abduxerunt.
1307 2116 1535 2187 Lignnm
1592 2121 1755 2175 etiam
1807 2124 2012 2188 cruris,

437 2199 583 2269 quod
623 2200 743 2254 loco
776 2202 866 2256 illo
892 2204 1184 2272 reliquerat
1210 2206 1412 2263 Helena
1448 2210 1793 2280 iuiperalrix,
1822 2215 2008 2271 abstu-

440 2290 619 2345 leruut
659 2290 786 2363 (fuit
831 2302 1010 2349 autem
1044 2297 1146 2366 pali
1180 2300 1362 2355 crucis
1401 2303 1588 2373 pars);
1630 2304 1776 2374 quod
1808 2315 1862 2361 ct
1908 2324 2013 2362 una

439 2400 565 2439 cum
596 2384 942 2459 ειθθιε
978 2391 1209 2461 captivis
1251 2393 1597 2461 deportatum
1655 2409 1740 2455 est
1785 2402 1838 2455 in
1889 2401 2020 2457 Per~

438 2480 597 2533 siam.
651 2480 802 2537 Dono
837 2482 1005 2551 igitur
1057 2485 1177 2539 dari
1223 2487 1329 2542 sibi
1366 2503 1393 2542 a
1439 2488 1605 2545 Cesra
1660 2501 1853 2563 petens
1905 2496 2018 2551 Ma-

439 2571 543 2635 ria,
566 2572 819 2641 Mauricii
855 2577 959 2630 tilia
986 2619 1000 2641 ,
1037 2578 1242 2649 lignum
1274 2585 1455 2637 crucis
1487 2593 1537 2638 et
1569 2585 1893 2644 Zachariam
1920 2608 2016 2660 pa-

439 2670 776 2733 triarchatn,
832 2672 1142 2743 multosque
1180 2690 1241 2727 ex
1291 2676 1358 2731 iis
1412 2678 1504 2746 Qui
1547 2681 1744 2748 captivi
1795 2685 2015 2741 abducti

439 2774 590 2825 Sunt,
631 2764 779 2830 ipsos
804 2752 965 2819 ad'se
1006 2767 1228 2822 domum
1273 2787 1428 2826 suam
1469 2774 1702 2843 recepit,
1738 2778 1829 2830 ubi
1865 2796 2013 2834 mau-

439 2866 647 2910 serunt.
697 2856 1053 2928 Mortunsque
1091 2870 1176 2917 est
1208 2861 1504 2921 Zacharias
1532 2908 1548 2932 ,
1595 2870 1907 2938 patriarcha
1964 2874 2015 2925 in

439 2959 540 3012 cap
567 2946 776 3003 ivitate.
801 2947 1093 3019 Postquam
1136 2964 1315 3009 autem
1353 2961 1601 3025 captivus
1629 2961 1894 3018 abductus
1934 2975 2012 3020 est

440 3036 739 3092 Zacharias
793 3040 1052 3096 cathedra
1103 3042 1593 3119 HierOSolymitana
1642 3051 1854 3124 absque
1918 3074 2016 3125 pa-

441 3130 676 3185 triarcha
723 3135 924 3189 mans’t
958 3152 1131 3194 annos
1168 3139 1498 3209 quindecim.

517 3223 684 3278 Porro
712 3242 857 3281 anno
880 3229 1094 3299 imperii
1125 3231 1325 3288 Phoea:
1349 3244 1544 3305 quarto
1572 3235 1747 3294 factus
1766 3220 1859 3295 est
1893 3241 2019 3295 Ser-

445 3315 567 3382 gius
608 3317 915 3376 pattiarclta
934 3322 1573 3395 Constantinopolitanus
1592 3371 1605 3390 .
1636 3331 1727 3398 qui
1756 3330 2015 3386 Maronita

444 3408 566 3464 fuit.
604 3411 757 3466 Sedit
786 3430 961 3471 annos
1009 3418 1200 3487 viginti
1248 3420 1403 3476 duos.
1432 3421 1588 3476 Anno
1624 3424 1835 3492 imperii
1867 3426 2018 3495 ejus-

444 3503 564 3557 dem
598 3506 846 3561 sccundo
879 3511 1217 3566 constitutus
1249 3521 1331 3566 est
1358 3512 1681 3568 Theodorus
1706 3517 2016 3585 patriarcha

444 3595 867 3663 Alexandrinus;
900 3600 994 3668 qui
1026 3616 1150 3655 cum
1185 3602 1327 3659 duos
1360 3619 1534 3660 annos
1579 3606 1831 3669 sedisset.
1869 3626 2017 3677 mor-

444 3699 575 3742 tuus
609 3698 714 3743 est.
746 3691 903 3747 Anno
931 3691 1142 3760 imperii
1185 3695 1427 3765 ejusdem
1459 3710 1654 3767 quarto
1682 3703 2020 3759 constitutus

442 3790 525 3835 est
554 3780 795 3837 Joannes
842 3781 1150 3842 Miseriortrs
1204 3788 1511 3856 patriarcha
1568 3790 2011 3861 Alexandrinus;

442 3890 617 3929 annos
643 3875 827 3930 decem
860 3876 1020 3939 sedit,
1048 3878 1172 3932 dein
1210 3888 1460 3937 mortuus
1506 3893 1612 3939 est.
1641 3884 2011 3953 Cognuutina-

445 3975 535 4020 tus
561 3974 644 4020 est
677 3976 859 4022 autem
894 3966 1200 4028 Misericors
1258 3972 1380 4029 ideo
1420 3975 1564 4043 quod
1594 3975 1674 4044 (ut
1720 3980 2018 4047 narratur),

444 4076 567 4112 cum
601 4076 802 4130 genere
836 4061 1099 4133 Cypriota
1144 4072 1329 4132 esset,
1380 4066 1577 4120 viderit
1629 4068 1681 4120 in
1724 4069 2015 4134 insomnio,

444 4170 618 4209 annos
662 4164 776 4209 tum
824 4166 985 4210 natus
1026 4156 1364 4225 quindecim,
1417 4160 1700 4214 mulierem
1743 4178 1866 4231 quae
1896 4163 2014 4232 p'ul-

442 4248 753 4302 chritudine
780 4249 946 4303 solem
980 4249 1229 4317 referret,
1263 4258 1555 4305 astantem.
1618 4250 1751 4317 Qum
1790 4254 2017 4325 (inquit)

445 4342 585 4395 latus
623 4342 751 4395 mihi
797 4342 1066 4412 pupugit;
1112 4358 1277 4413 quam
1314 4359 1437 4398 cum
1470 4344 1885 4416 expergefactus
1933 4348 2020 4401 in-

446 4447 649 4503 tuerer,
680 4432 788 4488 dixi
820 4453 833 4489 :
860 4433 966 4504 Tu,
999 4450 1248 4504 quamam
1277 4436 1374 4491 es?
1402 4445 1455 4490 et
1484 4438 1762 4505 quomodo
1790 4454 1923 4495 ausa
1960 4456 2019 4495 es

444 4529 510 4580 ad
540 4543 625 4582 me
714 4526 820 4595 hoc
912 4534 1156 4593 tempore
1197 4525 1500 4582 accedere?
1539 4528 1641 4581 fuit
1674 4538 1854 4583 autem
1907 4531 2010 4599 ipsi

446 4619 498 4672 iu
530 4620 705 4687 capite
736 4633 937 4689 corona
970 4618 1219 4688 oleagina
1242 4661 1257 4685 ,
1295 4617 1545 4689 Dixitque
1572 4636 1585 4672 :
1618 4620 1749 4674 Sum
1792 4638 1890 4691 ego
1935 4638 2016 4677 re-

445 4710 528 4778 gis
561 4709 691 4775 lilia,
724 4708 866 4778 quod
903 4707 947 4762 si
979 4723 1063 4763 me
1102 4708 1199 4763 tibi
1244 4709 1472 4763 amicam
1509 4707 1705 4765 feceris
1738 4710 1801 4765 ad
1837 4726 2015 4780 regem

448 4812 499 4854 te
542 4800 909 4867 introducam;
961 4815 1132 4869 neque
1182 4801 1329 4856 enim
1387 4802 1673 4872 quisquam
1722 4803 1789 4856 ad
1842 4803 2020 4872 ipsum

445 4894 589 4948 viam
643 4908 795 4962 atque
842 4900 1148 4948 monstrare
1193 4903 1373 4962 potest
1404 4910 1468 4948 ac
1509 4910 1646 4960 ego;
1700 4894 1866 4966 216
1899 4894 2021 4948 ideo

446 4987 658 5042 scilicet
682 4987 811 5055 quia
843 5002 945 5055 ego
977 4988 1156 5055 ipsum
1210 4986 1261 5041 iu
1315 4996 1516 5043 terram
1554 4986 1737 5051 traxi;
1795 5002 1891 5055 per
1937 5002 2023 5042 me

444 5080 590 5133 enim
623 5079 847 5133 veniens
882 5080 1343 5139 incarnatus'est.
1373 5093 1436 5133 ac
1465 5076 1718 5132 homines
1747 5076 2017 5130 liberavit.

445 5172 582 5226 Tum
619 5178 650 5225 a
686 5188 772 5225 me
801 5171 1077 5227 discttssit.
1119 5169 1226 5240 Ego
1255 5162 1425 5234 vero,
1461 5170 1540 5223 Re
1574 5185 1702 5223 vera
1737 5169 2008 5238 (inquam)

444 5272 527 5317 cst
569 5265 683 5319 hate
718 5262 1110 5319 Misericordia.
1132 5261 1439 5332 Statimque
1472 5276 1702 5332 surgens
1735 5260 2020 5315 ecclesiam

450 5356 617 5425 petii;
671 5372 779 5424 quo
814 5357 944 5411 d-um
984 5355 1300 5416 tenderent,
1352 5368 1480 5409 ecce
1534 5353 1586 5406 in
1643 5352 1730 5406 via
1783 5352 2025 5407 occurrit

451 5448 583 5501 mihi
618 5449 937 5520 pert-griuus
971 5446 1191 5518 quidam
1224 5445 1403 5501 nudus
1448 5462 1462 5500 :
1497 5443 1598 5497 fuit
1625 5453 1805 5499 autem
1850 5442 2022 5514 frigus

448 5543 763 5606 vehemens,
807 5554 1126 5613 tempusque
1156 5540 1477 5601 hibernum;
1532 5553 1703 5610 quare
1729 5538 2023 5592 amiculum

450 5647 560 5697 qua
596 5630 818 5688 indutus
848 5646 996 5688 eram
1059 5650 1270 5689 exuens
1312 5633 1417 5703 ipsi
1453 5631 1574 5687 dedi
1606 5648 1620 5696 ;
1654 5639 1767 5685 tum
1810 5645 2021 5684 mecum

454 5719 636 5773 animo
669 5721 779 5773 dixi
814 5737 827 5772 :
857 5723 974 5776 Jam
1020 5725 1186 5778 sciam
1231 5736 1411 5781 tttrtttn
1463 5740 1650 5780 verum
1705 5723 1865 5776 fuerit
1920 5723 2024 5776 ltoc

453 5810 599 5877 quod
632 5808 737 5863 vidi
778 5815 973 5877 visunt,
1010 5830 1079 5867 an
1118 5829 1146 5869 a
1174 5815 1390 5871 diabolo
1422 5818 1602 5873 fuerit.
1648 5815 1891 5871 Nondum
1928 5806 2051 5868 au?

2047 1794 2090 1853 Β

2122 550 2271 617 dam,
2308 555 2394 607 cui
2432 564 2610 609 vestes
2642 554 2879 611 candore
2909 558 3066 609 niveo
3090 567 3267 623 erant,
3304 561 3432 613 mihi
3473 566 3693 619 ccntuut

2120 657 2313 699 aureos
2342 645 2581 700 traderet
2607 647 2684 715 (in
2716 648 2896 717 aliquo
2923 651 3222 719 exemplari
3250 651 3475 716 dicitur.
3502 658 3691 721 mille),

2119 738 2307 791 dicens
2336 754 2353 789 :
2382 738 2480 794 His
2507 742 2687 796 aureis
2714 743 2977 811 acceptis,
3026 747 3300 811 quomodo
3342 747 3437 801 tibi
3475 750 3691 804 lihucrit

2122 836 2294 883 utere.
2339 830 2588 900 Cumque
2619 848 2921 889 conversus
2950 850 3125 890 essem
3160 849 3213 891 ut
3248 854 3342 894 eos
3374 841 3476 910 ipsi
3516 845 3680 895 redde

2120 935 2256 984 rem,
2280 922 2554 976 nemiuem
2588 924 2719 979 vidi.
2759 924 2877 980 Dixi
2912 942 3079 996 ergo:
3111 927 3318 985 Revera
3348 948 3453 987 non
3485 945 3566 989 est
3596 936 3687 989 hoc

2122 1009 2346 1067 falsum.
2408 1012 2652 1070 Joannes
2722 1025 2901 1072 autem
2965 1019 3280 1076 Misericors
3335 1025 3690 1093 quodvuuqur

2118 1106 2362 1172 possedit
2387 1107 2440 1161 in
2478 1108 2878 1181 eleemosynam
2927 1127 3159 1183 erogare
3184 1116 3495 1173 solitus'est
3520 1159 3535 1179 .
3562 1120 3695 1171 adm-

2121 1206 2173 1248 ttt
2203 1206 2401 1265 vestes,
2426 1201 2626 1269 quibus
2659 1202 2880 1259 indutus
2913 1218 3065 1268 erat.
3113 1224 3322 1264 exuens
3366 1214 3691 1281 pauperibus

2118 1288 2491 1357 distribueret,
2516 1295 2625 1349 imo
2644 1305 2695 1351 et
2710 1298 3002 1367 aliquando
3020 1311 3198 1357 vestes
3216 1319 3402 1359 sacras
3426 1308 3475 1358 in
3499 1308 3693 1375 quibus

2122 1397 2279 1436 sacra
2309 1384 2631 1453 celebraret,
2653 1405 2767 1458 pra!
2797 1407 3007 1445 summa
3041 1411 3145 1463 qua
3174 1406 3292 1451 erat
3324 1399 3691 1453 misericordia

2118 1474 2252 1544 ipsis
2282 1478 2475 1542 daret;
2512 1481 2930 1552 appellatusque
2964 1493 3047 1538 est
3080 1484 3322 1543 Joannes
3368 1490 3689 1547 M'sericors.

2190 1567 2361 1623 Porro
2391 1584 2535 1624 anno
2572 1572 2786 1641 imperii
2826 1577 3026 1631 Pharae
3061 1590 3215 1634 sexto
3246 1584 3579 1638 constitutus
3616 1597 3691 1636 est

2118 1659 2439 1718 Theodorus
2489 1666 2799 1734 patriarcha
2852 1667 3170 1733 Romanus;
3220 1674 3314 1741 qui
3357 1683 3465 1728 tres
3524 1692 3690 1731 auuns

2119 1753 2277 1815 sedit,
2330 1754 2453 1809 dein
2510 1768 2761 1813 mortuus
2814 1770 2918 1814 est.
2959 1761 3096 1816 Cum
3150 1776 3331 1819 autem
3391 1777 3694 1824 vastassent

2117 1842 2297 1899 Persa:
2309 1849 2571 1906 ecclesias
2590 1850 3139 1925 llierosolymitauas,
3163 1859 3336 1925 iisque.
3351 1860 3694 1934 217-219

2120 1935 2244 2006 igne
2277 1942 2564 1997 succensis
2594 1942 2887 1999 rediissent
2912 1986 2927 2010 ,
2968 1950 3271 2005 mouaclms
3305 1954 3522 2022 quidam
3554 1998 3568 2019 ,
3601 1960 3695 2019 qui

2117 2026 2171 2081 in
2210 2032 2545 2086 monasterio
2591 2031 2884 2090 Duwakesi
2916 2036 3080 2107 (quod
3122 2040 3265 2095 idem
3296 2053 3378 2097 est
3421 2057 3693 2100 monaste-

2119 2118 2259 2173 rium
2283 2119 2604 2192 Theodosii)
2629 2124 2752 2189 fuit,
2784 2129 3002 2184 nomine
3027 2130 3325 2199 Modestus,
3344 2137 3693 2207 ejusdemque

2117 2212 2429 2280 praefectus,
2459 2217 2692 2271 reversis
2730 2218 2860 2285 illis,
2892 2220 3162 2288 Ramlam,
3201 2224 3567 2295 Tiberiadem,
3594 2231 3693 2303 Ty-

2119 2318 2265 2367 rum,
2290 2315 2343 2358 et
2372 2305 2696 2361 Damascum
2731 2310 3007 2377 profectus
3030 2312 3375 2373 Christianos
3412 2329 3468 2373 nt
3492 2322 3695 2391 aliquid

2121 2397 2391 2451 donantes
2424 2413 2579 2467 opem
2618 2400 2722 2469 ipsi
2761 2401 2965 2459 ferrent
2991 2421 3101 2476 quo
3144 2408 3408 2465 ecclesias
3437 2411 3690 2468 Hieroso-

2122 2487 2408 2557 lymitanas
2440 2505 2579 2558 quas
2608 2491 2889 2548 diruerant
2939 2494 3124 2551 Persae
3158 2498 3510 2566 instauraret,
3544 2521 3695 2572 roga-

2118 2582 2237 2635 vit:
2280 2584 2477 2651 quibus
2521 2584 2858 2642 douantihus
2892 2588 3194 2658 magnaque
3228 2607 3391 2661 opum
3435 2597 3481 2648 vi
3531 2597 3693 2650 colle-

2119 2683 2204 2726 eta
2232 2674 2606 2743 Hierosolyma
2637 2692 2913 2745 reversus,
2940 2683 3202 2737 ecclesias
3229 2683 3696 2753 Resurrertiouis,

2122 2765 2370 2836 Sepulcri
2398 2811 2413 2832 ,
2447 2770 2630 2823 Cranii
2668 2781 2718 2825 et
2756 2772 2946 2827 Sancti
2985 2773 3329 2831 Constantini
3384 2784 3654 2835 exstruxit
3681 2824 3695 2841 .

2120 2874 2181 2912 ea
2217 2875 2338 2928 qua:
2365 2860 2475 2928 jam
2506 2864 2682 2916 exstat
2715 2863 2941 2920 fabrica.
2968 2865 3217 2936 Cumque
3242 2872 3505 2926 attdiissel
3530 2871 3695 2926 ,ιυπη-

2118 2967 2218 3006 nes
2271 2950 2587 3008 Misericors
2654 2956 3001 3013 Alexandrim
3042 2960 3348 3028 patriarcha
3393 2962 3694 3020 Mo'estutn

2120 3044 2379 3098 eculesias
2429 3059 2459 3098 a
2513 3044 2695 3102 Persis
2761 3048 2973 3103 dirutas
3031 3051 3368 3117 instaurare,
3405 3055 3556 3109 misit
3594 3057 3695 3124 ipsi

2049 3140 2092 3199 (ζ
2124 3138 2369 3206 iumenta
2406 3138 2574 3203 mille,
2601 3154 2791 3193 saccos
2839 3139 3093 3196 frumenti
3134 3144 3315 3209 mille,
3360 3146 3689 3216 leguminum

2122 3230 2292 3295 mille,
2337 3230 2530 3285 muria:
2558 3232 2851 3312 amphoras
2883 3233 3061 3300 mille,
3098 3236 3206 3289 vini
3259 3237 3426 3302 mille,
3464 3237 3593 3293 ferri
3627 3240 3695 3291 li-

2121 3322 2249 3379 bras
2282 3324 2449 3387 tnille,
2478 3340 2599 3379 cunt
2637 3326 2906 3394 operariis
2940 3328 3105 3382 mille.
3152 3328 3542 3385 Charawazaih
3579 3347 3681 3383 au-

2122 3423 2250 3475 tem,
2281 3415 2371 3469 ubi
2410 3413 2784 3486 Hierosolyma
2816 3427 3101 3481 vastasset,
3130 3418 3420 3489 IEgyptum
3462 3410 3523 3474 et
3558 3420 3679 3475 Ale-

2120 3507 2400 3561 xandriam
2444 3507 2620 3577 petiit.
2675 3507 2915 3564 Joanucs
2950 3525 3076 3581 ergo
3134 3509 3445 3566 Misericors
3493 3514 3682 3564 auditu

2120 3597 2319 3651 Persas
2350 3597 2735 3652 Alexandriam
2774 3600 3020 3662 tendere,
3055 3614 3163 3668 pra:
3209 3609 3357 3654 metu
3414 3616 3517 3653 una
3570 3616 3691 3654 cum

2119 3688 2372 3759 patricio,
2420 3690 2511 3759 qui
2562 3668 2905 3746 Alexandriae
2940 3692 3175 3762 praefuit.
3211 3696 3435 3747 nomine
3457 3692 3640 3749 Niceta
3662 3738 3679 3759 ,

2120 3781 2355 3852 Cyprum
2389 3782 2546 3853 fttgit.
2590 3784 2839 3855 Cumque
2869 3786 3107 3857 Cyprum
3143 3787 3520 3855 pervenissent
3546 3827 3561 3848 ,
3609 3803 3698 3839 ro-

2122 3874 2270 3944 gavit
2305 3877 2486 3944 ipsum
2521 3874 2742 3932 Nicetas
2780 3886 2837 3932 ut
2884 3894 2989 3932 una
3029 3895 3214 3934 secum
3241 3880 3699 3953 Constantinopo-

2121 3966 2213 4020 lim
2259 3967 2325 4022 ad
2356 3966 2590 4023 Phocam
2628 3969 3016 4038 imperatorem
3057 3972 3342 4042 profectus
3382 3975 3559 4044 ipsum
3608 3990 3698 4027 sa-

2120 4064 2337 4124 lutaret,
2401 4072 2723 4131 rogaretque
2806 4060 3029 4133 [Dcum]
3081 4073 3140 4118 ut
3186 4065 3470 4121 obsidione
3504 4081 3607 4137 qua
3667 4082 3694 4117 a

2121 4155 2303 4210 Persis
2350 4158 2655 4221 urgebatur
2689 4157 2865 4224 ipsum
2902 4157 3189 4213 liberaret.
3237 4157 3373 4212 Dum
3413 4168 3591 4213 autem
3641 4160 3697 4211 in

2122 4248 2257 4299 mari
2309 4248 2652 4315 navigarent,
2692 4247 2826 4301 vidit
2872 4247 3114 4302 Joannes
3146 4247 3457 4303 Misericors
3503 4250 3556 4302 in
3608 4248 3697 4300 iu-

2132 4339 2349 4395 somnio
2396 4350 2666 4397 astantem
2727 4342 2829 4396 sibi
2857 4341 3020 4412 22o
3054 4356 3270 4397 servum
3299 4339 3488 4396 dicere
3524 4359 3540 4396 :
3582 4340 3697 4394 Rex

2123 4432 2362 4489 cmlestis
2392 4432 2489 4486 tibi
2531 4432 2754 4503 propior
2781 4443 2865 4487 est
2891 4448 3054 4502 quam
3085 4448 3175 4487 rex
3208 4434 3508 4488 terrestris.
3533 4432 3701 4487 Joan-

2129 4540 2225 4578 nes
2246 4538 2373 4594 ergo
2389 4534 2742 4594 experrectus
2799 4524 2933 4579 dixit
2962 4522 3165 4579 Nicetas
3198 4542 3212 4577 :
3246 4524 3460 4581 Redcas
3489 4538 3698 4579 mecum

2127 4616 2180 4669 in
2209 4615 2472 4684 Cyprum,
2515 4628 2615 4682 ego
2646 4614 2790 4667 enim
2826 4615 3128 4669 moriturus
3159 4630 3302 4670 sum.
3332 4615 3577 4682 Cumque
3606 4628 3703 4668 re-

2123 4706 2265 4761 versi
2299 4715 2482 4762 essent
2510 4706 2749 4776 Cyprum
2793 4705 2936 4760 diem
2980 4707 3153 4770 obiit,
3189 4716 3477 4777 postquam
3511 4705 3703 4760 cathe-

2121 4800 2277 4855 dram
2309 4800 2496 4855 decem
2547 4799 2707 4853 annis
2737 4808 3101 4869 occupasset;
3142 4800 3496 4871 sepultusque
3530 4806 3608 4852 est
3642 4798 3701 4852 in

2121 4894 2243 4949 vico
2276 4893 2511 4962 quodam
2541 4892 2704 4963 Cypri
2749 4892 2895 4948 dicto
2925 4897 3240 4947 Asataneta.
3286 4892 3413 4947 Post
3468 4901 3699 4946 mortem

2124 4995 2304 5039 autem
2330 4983 2555 5039 Joannis
2584 4983 2949 5039 Misericordia
3000 4984 3544 5038 mansitAlexandria
3578 4982 3703 5037 sine

2126 5076 2466 5147 patriarcha,
2506 5091 2678 5130 annos
2708 5086 2940 5146 septem.
2978 5074 3081 5130 Ubi
3114 5090 3243 5129 vero
3267 5073 3570 5130 obsedisset
3597 5072 3707 5128 Ce-

2126 5184 2215 5223 sra
2243 5167 2802 5237 Constantinopolim,
2834 5184 3004 5222 vacua
3038 5169 3238 5221 mansit
3270 5167 3424 5238 Syria
3452 5165 3704 5221 exercitu

2126 5256 2521 5315 Romanorum.
2562 5258 2807 5313 Fuerunt
2840 5269 3021 5314 autem
3052 5259 3182 5331 Tyri
3223 5271 3461 5330 quatuor
3488 5257 3707 5313 Jttdaao-

2126 5366 2243 5405 rum
2281 5349 2471 5404 millia.
2510 5348 2575 5403 lli
2608 5349 2674 5404 ad
2705 5349 2920 5404 Judaaos
2957 5352 3045 5418 qui
3078 5351 3487 5421 Hierosolymis,
3514 5349 3705 5421 Cypri,

2126 5440 2405 5506 Damasci.
2439 5452 2492 5496 et
2533 5442 2586 5496 in
2624 5452 2807 5497 monte
2849 5441 3082 5497 Galiltetc
3110 5454 3161 5499 et
3206 5442 3497 5497 Tiberiade
3522 5451 3707 5497 erant.

2126 5534 2490 5603 scripserunt,
2517 5541 2575 5585 ut
2611 5548 2804 5587 omnes
2840 5543 2999 5588 nocte
3052 5532 3336 5587 Paschalis
3361 5530 3710 5585 Christiano-

2128 5639 2248 5677 rum
2286 5620 2624 5693 congregati,
2652 5621 2999 5678 Christianos
3026 5624 3115 5692 qui
3157 5621 3283 5692 Tyri
3324 5630 3513 5676 essent
3551 5618 3672 5673 oeci

2130 5716 2349 5776 derent.
2385 5714 2583 5770 deinde
2614 5713 2984 5785 Hierosolyma
3022 5713 3247 5785 profecti
3278 5729 3472 5769 omnes
3504 5712 3591 5783 qui
3628 5710 3705 5766 ibi

2129 5818 2311 5865 essent
2355 5826 2383 5863 e
2435 5807 2613 5863 medio
2662 5808 2932 5869 tollerent,
2986 5811 3281 5877 urbemque
3342 5814 3704 5876 occuparent.
