4014 6218
317 384 453 451 1085

1740 390 2112 450 ΑΝΝΑΙΕΞ.

3418 383 3555 448 1086

313 498 425 551 iloc
463 498 640 554 autem
674 515 800 555 cum
831 500 1063 572 patricio
1098 504 1191 573 qui
1230 502 1359 575 Tyri
1392 502 1656 566 substitit,
1696 502 1876 557 urbis-
1907 499 1954 554 Α
1986 504 2205 568 ratoris,
2239 502 2342 557 fuit
2375 503 2496 572 fuga
2529 498 3162 575 [Mohammedis.'quem
3194 495 3296 552 sibi
3326 497 3555 566 propbe-
3588 573 3589 576 η

311 608 417 661 que
451 592 596 646 illius
632 592 831 647 incolis
885 596 1234 661 innotuisset,
1268 596 1369 665 ipsi
1419 594 1635 650 Iudaeos
1662 596 1775 664 qui,
1810 596 1885 649 ibi

311 692 470 738 erant
494 692 704 753 captos,
742 695 795 740 et
820 689 1026 742 catenis
1064 688 1257 744 ferreis
1284 692 1496 746 vinctos
1519 692 1572 744 in
1607 702 1884 744 carcerem

310 776 684 844 coniecerunt,
726 780 1039 848 clausisque
1078 781 1229 834 urbis
1265 782 1435 850 portis
1463 782 1739 835 machinas
1767 779 1888 834 bel-

212 861 221 870 ’
311 868 445 922 licas
472 876 525 922 et
552 868 795 924 ballistas
828 871 979 940 juxta
1010 873 1157 941 ipsas
1186 873 1548 927 collocarunt.
1584 875 1718 925 tium
1753 887 1883 941 ergo

311 957 620 1013 advenisset
648 974 753 1013 nox
783 960 1061 1015 Paschalis
1090 961 1530 1017 Christianorum
1558 1003 1574 1027 ,
1601 961 1770 1017 Judaei
1820 978 1885 1017 ex

312 1047 573 1103 omnibus
608 1050 942 1120 regionibus,
972 1054 1285 1124 congregati
1319 1064 1446 1110 sunt
1470 1053 1696 1126 Tyrum,
1729 1063 1886 1125 prout

313 1138 380 1194 ad
434 1140 585 1208 ipsos
619 1142 958 1208 scripserant
994 1143 1163 1199 Judrei
1222 1154 1387 1216 atque
1443 1148 1577 1217 ipsis
1631 1149 1774 1203 inter
1827 1163 1888 1204 se

312 1242 640 1288 convenerat
665 1250 681 1288 :
710 1234 1041 1303 fueruntque
1069 1253 1298 1293 numero
1330 1239 1469 1294 ultra
1501 1240 1670 1295 vicies
1695 1239 1889 1309 221-

315 1322 477 1392 223
513 1326 691 1379 sexies
718 1325 869 1379 mille
904 1327 1075 1393 viros,
1111 1345 1248 1397 quos
1284 1339 1505 1385 strenue
1530 1331 1600 1387 ab
1628 1331 1769 1384 arcis
1802 1327 1887 1383 fa-

315 1416 474 1485 Stigio
507 1428 891 1486 oppugnarunt
923 1418 1147 1493 {Tyrii}.
1180 1423 1474 1478 [)iruerunt
1506 1432 1685 1478 autem
1711 1422 1883 1477 Judzei

315 1522 510 1560 omnes
540 1508 801 1563 ecclesias
833 1525 954 1579 qua:
1001 1522 1153 1566 extra
1208 1512 1332 1584 Tyri
1385 1529 1567 1569 arcem
1618 1523 1796 1578 erant,
1832 1524 1887 1568 at

314 1600 751 1669 qrotiescunque
805 1603 1102 1657 ecclesiam
1136 1605 1370 1676 aliquam
1403 1607 1724 1669 diruerent,
1757 1607 1886 1679 Tyri

317 1692 511 1745 incola!
542 1708 572 1747 e
600 1692 805 1749 Iudaeis
843 1695 936 1765 qui
975 1698 1118 1766 apud
1165 1698 1314 1768 ipsos
1349 1700 1519 1754 vincti
1566 1708 1726 1754 erant
1756 1715 1887 1754 cen-

314 1792 427 1837 tum
460 1785 590 1840 viris
637 1787 921 1854 prehensis
951 1798 1005 1844 et
1062 1791 1113 1844 in
1154 1791 1296 1846 arcis
1329 1793 1645 1847 summitate
1695 1794 1889 1863 positis

312 1879 490 1945 capita
531 1879 909 1947 absciderunt,
933 1897 1105 1951 eaque
1126 1893 1281 1939 extra
1314 1885 1696 1954 proiecerunt;
1724 1896 1886 1956 atque

316 1971 417 2023 hoc
444 1969 604 2024 modo
636 1971 721 2025 bis
756 1973 903 2028 mille
928 1975 1075 2030 viros
1101 1978 1279 2046 capite
1302 1986 1648 2033 truncarunt.
1682 1978 1886 2033 Deinde

312 2060 478 2115 Judaei
510 2073 632 2119 orto
663 2064 805 2119 inter
840 2066 987 2136 ipsos
1014 2068 1272 2135 clamore,
1303 2070 1355 2124 in
1381 2069 1561 2141 fugam
1592 2070 1702 2124 dati
1734 2079 1885 2135 sunt,

311 2170 346 2224 q
372 2170 449 2208 uos
473 2158 672 2223 egressi
702 2158 827 2230 Tyri
856 2152 1224 2233 incolze'terga
1252 2164 1443 2219 dantes
1473 2164 1703 2219 insecuti
1732 2173 1882 2229 sunt,

315 2264 675 2319 magnamque
719 2268 915 2307 eorum
950 2262 1183 2322 stragem
1225 2254 1553 2321 ediderunt;
1588 2256 1777 2325 reliqui
1816 2257 1881 2311 ad

312 2340 562 2402 regiones
613 2342 815 2412 quique
860 2359 989 2398 suas
1025 2344 1239 2399 confusi
1289 2346 1565 2417 fugerunt.
1614 2347 1781 2405 Porro
1828 2350 1881 2402 in

314 2432 446 2485 urbe
476 2430 727 2487 Salonica
758 2433 974 2502 juvenis
1007 2434 1107 2490 fuit
1139 2438 1359 2491 nomine
1408 2436 1728 2503 lieraclius‘,
1758 2454 1882 2494 cum

312 2523 639 2591 quilutsdam
698 2526 848 2578 urbis
902 2524 1046 2579 illius
1104 2528 1368 2596 patriciis.
1423 2528 1645 2583 Pattzieii
1703 2537 1883 2584 autem

313 2621 563 2681 surruptas
595 2629 757 2669 naves
803 2615 1136 2686 hordeoque,
1184 2617 1392 2685 tritico,
1427 2627 1481 2675 et
1517 2619 1888 2686 leguminibus

317 2705 568 2774 impletas
599 2722 692 2773 per
726 2705 1037 2761 lieraclium
1065 2709 1597 2781 Constantinopolim
1621 2711 1886 2767 miserunt

316 2797 445 2865 ipsis
481 2797 533 2850 iu
563 2798 868 2854 subsidium
901 2808 951 2853 et
984 2801 1327 2869 alimentum,
1360 2819 1482 2859 cum
1514 2803 1801 2860 obsidione
1832 2805 1887 2860 in

316 2890 593 2953 angustias
629 2890 834 2945 redacti
871 2903 1076 2949 essent.
1103 2893 1241 2949 Cum
1274 2911 1402 2966 ergo
1422 2897 1888 2968 Constantinopo-

319 2981 409 3034 lim
453 2983 756 3051 appulisset
800 2981 1106 3049 lleraclius,
1154 2988 1355 3058 gaudio
1403 2989 1473 3043 ob
1517 2988 1636 3058 ejus
1682 2989 1887 3043 adven-

319 3084 433 3127 tum
476 3075 655 3130 alii-eti
691 3085 817 3131 sunt
852 3077 1121 3142 homines.
1181 3081 1365 3137 tritico
1404 3082 1533 3137 isto.
1586 3082 1791 3137 hordeo
1834 3090 1888 3136 et

1991 604 2100 648 tam
2144 604 2498 665 sumpserunt
2538 592 2770 653 Arabes,
2811 587 3113 659 Medinam]
3153 601 3338 642 mense
3374 585 3590 640 Rabiae‘

1990 687 2213 756 prioris,
2244 686 2296 740 in
2329 703 2433 757 qua
2469 686 2623 741 exsul
2653 684 2895 739 substitit
2944 696 3114 736 annos
3157 679 3341 734 decem
3370 717 3383 740 ,
3423 693 3557 746 quu-

1991 793 2111 831 rum
2141 792 2284 832 anno
2309 787 2501 831 octavo
2530 783 2845 845 suggestum
2879 771 3166 828 exstruxit.
3192 768 3309 823 Jam
3354 784 3380 819 a
3435 767 3559 819 Din.

1988 870 2226 923 cletiann
2252 869 2317 923 ad
2346 867 2563 922 Heiram
2604 867 2722 938 [seu
2770 866 2947 933 fugam
2991 858 3403 927 lilohammedis!
3433 857 3557 910 anui

1989 969 2118 1016 sunt
2152 960 2377 1017 trecenti
2415 958 2636 1028 triginta
2689 966 2833 1020 octo,
2878 973 2905 1010 a
2952 955 3181 1010 Domino
3217 951 3439 1007 Christo
3491 951 3558 1001 aul

1988 1053 2233 1108 eamdem
2268 1053 2509 1107 sexcenti
2555 1049 2990 1117 quatuordecim.
3040 1046 3120 1101 Ab
3160 1042 3467 1098 Alexandro
3493 1038 3559 1094 ad

1989 1147 2233 1203 eamdem
2265 1145 2520 1216 nongenti
2548 1144 2765 1214 triginta
2799 1154 2933 1196 tres.
2966 1142 3010 1194 Δ
3043 1138 3357 1207 captivitate
3391 1135 3559 1204 Baby-

1988 1241 2160 1296 lonica
2202 1239 2267 1293 ad
2299 1240 2545 1295 eamdem
2577 1237 2726 1292 mille
2756 1248 2968 1290 centum
3023 1232 3318 1298 nonaginta
3369 1243 3485 1282 sex.
3516 1224 3558 1276 Α

1992 1334 2191 1389 Davide
2219 1332 2287 1387 ad
2310 1331 2556 1387 eamdem
2584 1330 2730 1384 mille
2758 1325 3004 1383 sexrenti
3048 1322 3391 1391 septuaginta
3426 1326 3557 1371 tres.

1990 1428 2070 1481 Ab
2110 1428 2260 1482 exitu
2292 1424 2663 1480 lsraelitarum
2696 1438 2760 1477 ex
2812 1421 3045 1489 A‘Lgypto
3092 1417 3157 1471 ad
3193 1412 3439 1469 eamdem
3477 1409 3559 1464 bis

1990 1519 2135 1574 mille
2158 1517 2377 1572 dueenti
2421 1516 2761 1584 septuaginta
2792 1528 3004 1565 novem.
3033 1510 3114 1563 Ab
3149 1507 3456 1561 Abrahamo
3494 1503 3558 1554 ad

1990 1608 2231 1661 eamdem
2289 1605 2373 1658 bis
2425 1604 2573 1658 mille
2626 1600 2954 1671 septingenti
3016 1597 3291 1665 octoginta
3347 1608 3466 1649 sex.
3516 1589 3558 1645 Α

1990 1696 2227 1766 Pbalego
2277 1693 2345 1748 ad
2388 1692 2633 1746 eamdem
2680 1700 2764 1747 ter
2806 1692 2953 1745 mille
2992 1686 3217 1742 trecenti
3248 1682 3435 1752 viginti
3477 1695 3557 1734 se-

1990 1798 2158 1860 ptem.
2206 1790 2246 1842 A
2280 1784 2490 1842 diluvio
2526 1784 2592 1839 ad
2631 1786 2879 1838 eamdem
2931 1788 3014 1835 ter
3062 1778 3214 1833 mille
3264 1772 3559 1842 octingenti

1989 1882 2380 1955 quinquaginta
2408 1889 2550 1935 octo.
2603 1878 2685 1932 Ab
2737 1875 2942 1932 Adamo
2973 1873 3038 1927 ad
3092 1868 3341 1926 eamdem
3381 1866 3559 1922 sexies

1992 1974 2141 2029 mille
2192 1981 2408 2028 centum
2464 1982 2518 2025 et
2568 1966 3005 2039 quatuordecim.
3052 1961 3337 2017 lleraclius
3382 1966 3560 2010 autem

1994 2073 2280 2134 postquam
2334 2062 2567 2129 imperio
2621 2054 3228 2125 Constantinopolitano
3275 2050 3559 2120 praefectus

1991 2165 2082 2211 est
2114 2170 2207 2210 sex
2235 2169 2410 2209 annos
2457 2151 2794 2207 obsidionem
2846 2163 3064 2220 gravem
3114 2158 3307 2214 passus
3354 2150 3458 2194 est.
3505 2138 3560 2193 lu

1997 2245 2279 2315 angnsﬁas
2310 2261 2439 2315 ergo
2470 2259 2579 2314 prae.
2610 2242 2899 2297 obsidione
2931 2237 3136 2293 redacti
3171 2232 3559 2289 Constantino-
3604 2234 3611 2243 '

1995 2337 2240 2406 politaui.
2267 2351 2391 2389 cum
2422 2334 2655 2387 matrima
2693 2334 2932 2400 ipsorum
2970 2342 3094 2397 pars
3125 2324 3265 2378 fame
3290 2321 3560 2391 periisset,

1995 2427 2268 2483 inanimo
2304 2426 2611 2479 habuerunt
2659 2423 2845 2476 urbem
2896 2419 3080 2474 Cesra:
3124 2412 3358 2484 aperire.
3410 2410 3560 2475 Quol

1994 2498 2117 2572 cum
2178 2514 2429 2570 scivisset
2475 2510 2780 2573 lleraclius,
2835 2513 3210 2573 metueretque
3260 2516 3331 2556 ne
3369 2499 3555 2552 urbem

1994 2613 2234 2676 apertam
2270 2603 2449 2659 Cesra:
2478 2601 2782 2663 traderent,
2832 2601 2949 2667 ipse
2973 2597 3034 2649 ad
3084 2595 3304 2649 Ccsram
3341 2591 3559 2653 mittens

1995 2695 2133 2751 dixit
2163 2696 2262 2766 ipsi
2294 2713 2307 2749 :
2334 2695 2500 2766 228
2542 2692 2922 2760 Quodcunque
2957 2687 3089 2742 mihi
3124 2686 3452 2755 imposueris
3482 2682 3559 2734 fa-

1996 2788 2275 2853 ciendum,
2303 2800 2405 2859 ego
2438 2786 2501 2842 ad
2532 2785 2659 2841 illud
2691 2780 3056 2855 prmstandnm
3087 2794 3173 2832 me
3200 2776 3293 2831 tibi
3325 2776 3558 2830 obstrin-

1994 2899 2137 2953 gam,
2167 2881 2327 2936 modo
2357 2897 2384 2933 a
2416 2895 2501 2934 me
2529 2876 2869 2934 discesseris.
2898 2871 2999 2928 Cui
3030 2868 3341 2928 rescribens
3368 2870 3558 2924 Cesra:

1996 2974 2051 3028 Si
2085 2974 2164 3028 vis
2187 2972 2409 3043 (inquit)
2442 2980 2498 3025 ut
2537 2986 2567 3025 a
2600 2978 2651 3023 te
2676 2965 2978 3034 discedam,
3006 2965 3198 3020 afferas
3230 2961 3359 3017 mihi
3388 2961 3442 3015 in
3479 2975 3558 3011 re-

1996 3052 2325 3134 tlemptiouis
2370 3080 2446 3133 pr.
2468 3063 2600 3117 tium
2647 3078 2743 3131 pro
2794 3072 2868 3121 te,
2910 3068 2963 3110 et
3007 3056 3226 3125 regione
3274 3061 3363 3106 tua
3418 3050 3560 3104 mille

318 3162 687 3232 leguminibus
722 3165 790 3219 ab
826 3166 943 3235 ipso
973 3167 1152 3223 allatis
1180 3170 1429 3225 recreati.
1464 3170 1588 3224 Fuit
1620 3186 1749 3226 vero
1787 3170 1886 3226 ile-

2003 3156 2121 3211 auri
2188 3156 2420 3217 talenta,
2481 3153 2687 3224 argenti
2750 3150 2974 3206 totidem
3000 3188 3015 3209 ,
3078 3147 3281 3217 puellas
3327 3143 3558 3209 virgines

2054 3249 2103 3259 ...
2447 3245 2498 3259 ιιι
2692 3252 2706 3259 -
2811 3244 2823 3259 I
2883 3240 3137 3259 |,,-,!-__
3174 3238 3360 3259 _.-!II---
3400 3244 3558 3259 ,ιι-..Α

320 3255 523 3309 raclius
551 3254 768 3324 juvenis
805 3250 1144 3315 fortitudinis
1176 3262 1414 3324 eximiae,
1451 3263 1710 3329 prudens,
1755 3278 1891 3318 con-

313 3363 340 3400 s
367 3346 421 3399 lii
457 3363 618 3416 sagax
650 3388 667 3413 ,
698 3364 972 3414 nequam;
1004 3351 1093 3419 qui
1133 3367 1266 3421 ergo
1294 3352 1622 3407 consiliariis
1651 3365 1699 3409 et
1733 3353 1890 3407 duci-

316 3439 419 3493 bus
445 3428 584 3493 dixit
613 3459 626 3494 :
652 3440 862 3496 Pbocas
898 3442 1191 3510 imperator
1222 3443 1500 3514 regiminis
1532 3446 1751 3515 pessimi
1782 3455 1886 3513 esl,

315 3524 685 3599 Roiuanisque
719 3532 988 3586 universis
1019 3533 1327 3601 infaustus;
1364 3550 1487 3588 nam
1544 3551 1607 3591 ex
1641 3551 1749 3607 quo
1784 3537 1888 3591 im-

318 3620 470 3687 perio
523 3621 811 3691 prazfectus
844 3631 927 3678 est
978 3624 1042 3677 ad
1100 3625 1202 3679 hoc
1242 3642 1412 3693 usque
1466 3627 1629 3699 224
1674 3639 1886 3700 tempus

314 3718 442 3767 octo
491 3726 758 3765 annorum
798 3713 977 3780 spatio
1008 3714 1293 3769 obsidione
1326 3715 1488 3768 cincti
1520 3718 1677 3780 estis,
1712 3720 1890 3787 regio-

313 3816 525 3870 nesque
561 3802 901 3868 Graecorum,
932 3802 1178 3874 Egypti,
1223 3814 1276 3859 et
1308 3806 1478 3877 Syria:
1512 3808 1745 3877 pessime
1778 3818 1890 3861 tra-

316 3901 495 3948 ctatae.
526 3892 702 3949 Persae
732 3895 877 3948 enim
930 3896 1182 3963 regiones
1215 3906 1270 3952 et
1303 3905 1478 3952 terras
1514 3908 1723 3953 vestras
1765 3899 1890 3968 uni-

324 3997 513 4037 versas
561 3992 940 4051 occuparunt;
993 3983 1282 4038 consilium
1320 3999 1450 4055 ergo
1488 4001 1666 4039 meum
1717 3993 1892 4040 estut

318 4076 607 4131 interfecto
640 4076 732 4129 illo
762 4076 924 4127 alium
981 4075 1137 4132 vobis
1184 4074 1516 4144 prmﬁciatis.
1548 4074 1758 4138 Quibus
1790 4090 1889 4128 an-

315 4168 630 4229 uueutibus,
659 4167 886 4221 adortus
911 4166 1191 4220 lleraclius
1224 4164 1479 4228 Phocam,
1517 4166 1690 4235 ipsum
1726 4166 1890 4219 inter-

314 4258 460 4313 fecit.
495 4257 1073 4327 Convenientibusque
1101 4257 1436 4313 consiliariis
1466 4268 1519 4313 et
1542 4256 1796 4323 ducibus,
1831 4268 1890 4312 ut

313 4368 343 4407 e
373 4352 542 4421 stirpe
572 4350 717 4420 regia
750 4351 987 4419 aliquem
1016 4350 1277 4420 eligerent
1299 4365 1459 4417 quem
1490 4349 1592 4406 sibi
1647 4350 1808 4419 praefi'
1828 4366 1889 4405 e-

315 4450 433 4496 rent
473 4448 487 4496 ξ
521 4440 639 4496 Νοιι
668 4442 910 4509 expedit,
940 4441 1139 4511 inquit,
1176 4440 1482 4506 lleraclius,
1513 4449 1571 4495 ut
1606 4442 1763 4497 vobis
1789 4443 1891 4495 im-

1995 3249 2161 3314 mille,
2186 3263 2354 3317 equos
2391 3245 2554 3306 mille,
2596 3252 2773 3300 vestes
2811 3240 3140 3297 bolosericas
3173 3238 3362 3302 mille;
3398 3244 3559 3303 atque

1996 3342 2095 3394 hoc
2130 3340 2223 3394 tibi
2252 3340 2517 3393 tributum
2555 3337 2627 3392 sit
2657 3336 2951 3407 quotannis
2983 3330 3369 3406 pendendum;
3398 3327 3558 3393 hujus

1992 3441 2170 3487 autem
2206 3432 2333 3485 anni
2380 3431 2641 3484 tributum
2693 3429 2876 3484 statim
2944 3427 3073 3480 mihi
3129 3425 3348 3483 afferas,
3399 3420 3559 3489 idque

1990 3525 2172 3579 subito
2210 3524 2329 3577 sine
2380 3538 2529 3576 mora
2556 3563 2570 3585 ,
2613 3536 2721 3591 quo
2753 3536 2780 3572 a
2818 3529 2870 3575 te
2911 3518 3209 3575 discedam.
3263 3512 3558 3581 Rescripsit

1992 3616 2277 3671 lleraclius
2312 3631 2324 3667 :
2359 3613 2487 3684 [legi
2522 3613 2777 3667 clementi
2805 3611 2858 3664 in
2884 3625 2948 3663 eo
2969 3607 3114 3679 quod
3163 3605 3318 3676 petiit
3356 3614 3558 3662 annuo,

1992 3718 2046 3763 at
2076 3725 2182 3763 non
2214 3716 2298 3763 est
2344 3703 2816 3776 inpra‘seutiarum
2869 3715 3037 3772 penes
3094 3714 3178 3752 me
3207 3704 3380 3751 totum
3418 3692 3560 3760 quod

1992 3803 2044 3855 in
2078 3796 2469 3867 redemptionis
2502 3795 2736 3865 pretium
2775 3808 2804 3847 a
2834 3808 2919 3846 me
2950 3791 3137 3861 petiit;
3164 3803 3288 3843 cum
3328 3784 3420 3841 rex
3448 3782 3558 3837 cle-

1994 3908 2151 3948 mens
2199 3904 2285 3944 me
2312 3890 2380 3943 ab
2424 3886 2685 3941 omnibus
2712 3885 3011 3939 ditiouibus
3047 3883 3183 3936 meis
3236 3877 3559 3935 cohibuerit.

1990 3983 2142 4051 Quod
2170 3982 2217 4036 si
2264 3995 2357 4035 rex
2391 3978 2629 4033 clemens
2663 3976 2792 4030 tuibi
2832 3975 2881 4028 in
2929 3974 3178 4042 regiones
3221 3985 3370 4026 meas
3406 3979 3559 4039 pote-

1992 4073 2183 4126 statem
2220 4067 2577 4130 concesserit,
2604 4074 2662 4119 ut
2693 4079 2949 4133 egressus
2984 4077 3118 4130 opes
3148 4060 3398 4126 colligam
3427 4096 3443 4123 ,
3480 4067 3558 4110 to-

1992 4173 2104 4218 tum
2136 4159 2281 4232 quod
2328 4173 2357 4212 a
2403 4174 2488 4212 me
2520 4157 2669 4226 petiit
2709 4155 2813 4224 ipsi
2861 4153 3079 4212 aderam
3134 4156 3418 4221 postquam
3469 4161 3558 4201 sex

1992 4270 2208 4311 menses
2261 4269 2348 4307 me
2408 4250 2839 4321 exspectaverit;
2904 4247 3145 4316 mihique
3211 4241 3558 4298 securitatem

1993 4345 2305 4418 praestiterit
2333 4359 2441 4414 quo
2470 4341 2703 4397 ditiones
2736 4354 2885 4394 meas
2922 4350 3220 4409 peragrans
3265 4347 3397 4402 opes
3445 4332 3557 4385 col.

1994 4438 2179 4507 ligant,
2207 4434 2492 4490 sententia:
2538 4434 2708 4503 ipsius
2745 4431 3135 4499 obsequentem
3172 4424 3409 4480 habebit.
3448 4426 3557 4477 An-

317 4535 622 4601 perato‘rem
664 4532 974 4602 praeliciatis
1010 4532 1117 4587 nisi
1149 4533 1241 4601 qui
1281 4532 1365 4586 bis
1390 4533 1649 4601 praeditus
1677 4533 1753 4587 sit
1791 4532 1886 4585 do-
1921 4529 1963 4584 D
1994 4530 2111 4584 nuit
2140 4543 2267 4598 ergo
2293 4526 2459 4581 Cesra
2494 4525 2635 4580 votis
2668 4523 2857 4594 ipsius.
2889 4520 3025 4575 Tum
3058 4518 3337 4572 Heraclitus
3362 4531 3557 4571 convo~

314 4624 483 4688 tibus,
511 4624 722 4679 scilicet
761 4632 817 4676 ut
854 4623 925 4677 sit
974 4623 1173 4677 eximie
1207 4630 1554 4693 temperans,
1604 4639 1785 4678 rerum
1819 4624 1886 4678 ad

314 4716 631 4785 religionem
668 4714 1037 4784 spectantium
1068 4714 1294 4782 peritus,
1328 4728 1491 4784 sagax
1516 4754 1533 4780 ,
1575 4715 1771 4787 lingua:
1801 4730 1889 4771 re-

311 4806 479 4870 racis,
527 4816 809 4869 strenuus,
839 4806 1129 4874 eloquens,
1168 4803 1308 4859 inter
1341 4806 1746 4874 gubernandum
1778 4808 1889 4862 cle-

315 4913 490 4961 mens,
535 4896 862 4952 insidiarum
914 4897 1166 4953 hostibus
1217 4897 1607 4951 struendarum
1660 4899 1885 4954 callens.

312 4989 789 5059 Respondentibus
838 4973 951 5049 illis
1002 5009 1016 5046 :
1070 4989 1206 5057 Quis
1259 4990 1416 5043 nobis
1470 4992 1628 5043 talem
1689 4991 1889 5046 sistet?

312 5083 682 5149 Paciscimiui,
711 5082 911 5153 inquit,
962 5098 1172 5137 mecum
1208 5082 1253 5137 si
1291 5081 1453 5135 talem
1487 5083 1638 5137 vobis
1675 5083 1886 5138 indica-

315 5188 465 5237 vero,
498 5188 595 5227 vos
630 5173 806 5242 ipsum
839 5173 994 5227 vobis
1036 5171 1427 5241 praefecturas;
1464 5187 1528 5225 ac
1563 5173 1885 5243 promitten-

313 5267 460 5321 tibus
491 5265 618 5329 illis,
666 5281 725 5321 se
763 5265 816 5318 id
853 5267 1198 5328 praestituros
1247 5265 1381 5319 adeo
1437 5276 1492 5317 ut
1534 5265 1668 5335 ipsis
1726 5267 1882 5321 fidem

311 5352 575 5408 adhobere
608 5364 813 5417 posset.
847 5352 977 5421 Ego.
1015 5353 1211 5421 inquit,
1249 5352 1292 5408 is
1322 5368 1464 5408 sum.
1491 5352 1673 5419 Quare
1706 5355 1881 5422 ipsmn

310 5442 416 5497 sibi
454 5446 839 5512 praefecerunt.
872 5444 1162 5514 Imperavit
1206 5460 1337 5512 ergo
1371 5443 1651 5499 lieraelius
1682 5445 1884 5499 Roma-

312 5532 418 5597 nis,
452 5532 614 5601 idque
648 5551 791 5589 anno
823 5538 967 5604 regni
999 5533 1053 5588 Ca
1076 5550 1180 5589 ara:
1201 5534 1292 5587 lilii
1322 5532 1568 5589 llormozi
1594 5534 1880 5605 Aperwizi,

314 5622 457 5692 regis
492 5622 799 5690 Persarum,
827 5625 1083 5680 vicesimo
1122 5626 1305 5683 tertio.

580 5712 931 5786 225-227
973 5710 1282 5769 INI‘I‘IUM
1343 5713 1616 5768 IlElR/E.

386 5802 542 5858 Anno
574 5805 748 5875 primo
782 5806 992 5875 imperii
1031 5805 1262 5861 lleracli'
1302 5804 1662 5862 Roumnorutn
1710 5808 1877 5875 impc-

1989 4622 2124 4678 Catis
2149 4618 2453 4676 eousiliaris
2483 4633 2546 4672 ac
2569 4617 2797 4672 ducibus
2826 4616 2960 4677 suis,
2999 4612 3131 4683 Ego,
3161 4610 3358 4680 inquit,
3382 4609 3557 4663 Cesra!

1991 4729 2078 4770 me
2130 4712 2357 4768 submisi
2403 4725 2512 4781 quo
2540 4711 2717 4779 ipsum
2750 4722 2814 4761 ac
2857 4707 3083 4761 comites
3127 4704 3298 4773 ipsius
3340 4715 3557 4756 securos

1988 4805 2294 4867 redderem,
2327 4803 2440 4873 jam
2473 4817 2602 4857 vero
2636 4801 2688 4855 in
2726 4799 3015 4856 Persarum
3061 4796 3335 4866 regionem
3377 4790 3556 4862 profc-

1988 4905 2176 4953 cturus
2210 4910 2353 4950 sum.
2383 4893 2612 4949 Confido
2645 4901 2828 4947 autem
2862 4891 2915 4945 in
2950 4887 3177 4944 Domino
3206 4896 3398 4943 nostro
3425 4885 3556 4941 Jesu

1987 4987 2227 5051 Christo,
2267 4987 2443 5055 ipsum
2497 4983 2625 5037 mihi
2669 4983 2721 5037 in
2761 4983 2953 5037 Persas
2999 4980 3257 5035 auxilium
3302 4980 3556 5050 prmbitu-

1988 5096 2128 5143 rum,
2157 5094 2361 5148 nosque
2387 5094 2416 5131 a
2446 5079 2625 5132 Cesra!
2646 5074 2993 5146 229.231
3015 5088 3078 5130 ac
3101 5074 3361 5128 comitum
3384 5073 3555 5143 ipsius

1989 5186 2124 5240 nego
2157 5173 2208 5224 io
2241 5171 2509 5224 immunes
2547 5169 2945 5240 pra‘stiturum.
2974 5166 3128 5232 Quod
3157 5167 3200 5221 si
3233 5180 3413 5219 moras
3441 5174 3554 5216 tra-

1985 5265 2122 5319 hens
2157 5264 2221 5317 ad
2254 5279 2351 5317 vos
2387 5264 2527 5316 intra
2568 5278 2661 5316 sex
2710 5275 2924 5315 menses
2955 5274 3209 5313 reversus
3242 5272 3344 5310 non
3378 5256 3555 5318 fuero,

1984 5356 2261 5409 blanditiis
2296 5354 2521 5409 Ccsram
2556 5354 2881 5415 demulcete,
2916 5367 2977 5404 ac
3016 5366 3167 5417 spem
3216 5349 3264 5401 ei
3313 5349 3555 5409 facite.ct

1984 5464 2186 5501 annum
2219 5462 2389 5513 usque
2444 5448 2709 5513 integrum
2738 5446 2909 5511 ipsum
2946 5440 3176 5494 deferte.
3200 5438 3337 5492 Tum
3379 5442 3421 5495 si
3456 5457 3554 5509 ego

1983 5542 2047 5592 ad
2082 5556 2178 5593 vos
2211 5540 2423 5592 rediero
2455 5535 2688 5609 [bene];
2742 5536 2825 5590 sin
2864 5533 3064 5598 minus,
3118 5532 3244 5599 quid
3296 5534 3446 5589 vobis
3475 5537 3556 5587 vi-

1982 5646 2100 5684 sum
2136 5629 2296 5685 fuerit
2330 5629 2529 5686 facite:
2598 5627 2823 5681 fratrem
2856 5633 3038 5678 autem
3068 5638 3243 5676 meum
3278 5623 3552 5687 Constatt~

1983 5724 2151 5776 tinmn
2185 5722 2445 5776 vicarium
2480 5735 2657 5774 meum
2689 5717 2829 5789 apud
2878 5732 2972 5772 vos
3006 5724 3207 5782 statuo,
3237 5731 3439 5786 vosque
3483 5718 3552 5770 i-is

1981 5827 2099 5876 quzc
2145 5811 2298 5866 vobis
2325 5810 2437 5867 dixi
2487 5807 2835 5877 at-quicseitc.
2887 5806 2992 5877 ipsi
3034 5822 3164 5877 ergo
3197 5845 3211 5867 .
3260 5816 3542 5875 acceptum
