  <div class='ocr_page' id='page_1' title='image "/cluster/home/n/w/nwhite01/storage/ocr_20150623/111/hvd.32044073502288/581.png"; bbox 0 0 4014 6218; ppageno 0'>
   <div class='ocr_carea' id='block_1_1' title="bbox 466 365 592 426">
    <p class='ocr_par' dir='ltr' id='par_1_1' title="bbox 466 365 592 426">
     <span class='ocr_line' id='line_1_1' title="bbox 466 365 592 426; baseline -0.016 0"><span class='ocrx_word' id='word_1_1' title='bbox 466 365 592 426; x_wconf 65' lang='grc' dir='ltr'>Ιιὶὸῗ</span> 
     </span>
    </p>
   </div>
   <div class='ocr_carea' id='block_1_2' title="bbox 1495 366 2690 428">
    <p class='ocr_par' dir='ltr' id='par_1_2' title="bbox 1495 366 2690 428">
     <span class='ocr_line' id='line_1_2' title="bbox 1495 366 2690 428; baseline 0.006 -7"><span class='ocrx_word' id='word_1_2' title='bbox 1495 367 1858 424; x_wconf 68' lang='grc' dir='ltr'>ΕυῚὝΟΙΗΙ</span> <span class='ocrx_word' id='word_1_3' title='bbox 1901 366 2436 428; x_wconf 74' lang='lat' dir='ltr'>ALEXANDRINI</span> <span class='ocrx_word' id='word_1_4' title='bbox 2467 368 2690 428; x_wconf 79' lang='lat' dir='ltr'>PATR.</span> 
     </span>
    </p>
   </div>
   <div class='ocr_carea' id='block_1_3' title="bbox 3608 367 3753 431">
    <p class='ocr_par' dir='ltr' id='par_1_3' title="bbox 3608 367 3753 431">
     <span class='ocr_line' id='line_1_3' title="bbox 3608 367 3753 431; baseline 0.007 -1"><span class='ocrx_word' id='word_1_5' title='bbox 3608 367 3753 431; x_wconf 69' lang='lat' dir='ltr'>lti88</span> 
     </span>
    </p>
   </div>
   <div class='ocr_carea' id='block_1_4' title="bbox 468 474 3740 551">
    <p class='ocr_par' dir='ltr' id='par_1_4' title="bbox 468 474 3740 551">
     <span class='ocr_line' id='line_1_4' title="bbox 468 474 3740 551; baseline 0.002 -25"><span class='ocrx_word' id='word_1_6' title='bbox 468 475 595 526; x_wconf 78' lang='lat' dir='ltr'>illul</span> <span class='ocrx_word' id='word_1_7' title='bbox 629 474 914 542; x_wconf 75' lang='lat' dir='ltr'>habentes,</span> <span class='ocrx_word' id='word_1_8' title='bbox 943 492 1260 532; x_wconf 76' lang='lat' dir='ltr'>successu-ii</span> <span class='ocrx_word' id='word_1_9' title='bbox 1313 478 1414 547; x_wconf 81' lang='lat' dir='ltr'>ipsi</span> <span class='ocrx_word' id='word_1_10' title='bbox 1461 477 1673 534; x_wconf 77' lang='lat' dir='ltr'>felicem</span> <span class='ocrx_word' id='word_1_11' title='bbox 1717 481 2050 549; x_wconf 85' lang='lat' dir='ltr'>comprecati</span> <span class='ocrx_word' id='word_1_12' title='bbox 2083 484 2125 534; x_wconf 83' lang='lat' dir='ltr'><strong>A</strong></span> <span class='ocrx_word' id='word_1_13' title='bbox 2156 481 2427 551; x_wconf 87' lang='lat' dir='ltr'>asinoquc</span> <span class='ocrx_word' id='word_1_14' title='bbox 2486 483 2710 538; x_wconf 76' lang='lat' dir='ltr'>clitellis</span> <span class='ocrx_word' id='word_1_15' title='bbox 2769 482 3004 538; x_wconf 86' lang='lat' dir='ltr'>instrato</span> <span class='ocrx_word' id='word_1_16' title='bbox 3059 491 3276 536; x_wconf 87' lang='lat' dir='ltr'>vectum</span> <span class='ocrx_word' id='word_1_17' title='bbox 3335 483 3740 550; x_wconf 77' lang='lat' dir='ltr'>conspexisset.</span> 
     </span>
    </p>
   </div>
   <div class='ocr_carea' id='block_1_5' title="bbox 465 578 615 625">
    <p class='ocr_par' dir='ltr' id='par_1_5' title="bbox 465 578 615 625">
     <span class='ocr_line' id='line_1_5' title="bbox 465 578 615 625; baseline 0 -7"><span class='ocrx_word' id='word_1_18' title='bbox 465 578 615 625; x_wconf 71' lang='lat' dir='ltr'>sunt.</span> 
     </span>
    </p>
   </div>
   <div class='ocr_carea' id='block_1_6' title="bbox 540 660 2040 732">
    <p class='ocr_par' dir='ltr' id='par_1_6' title="bbox 540 660 2040 732">
     <span class='ocr_line' id='line_1_6' title="bbox 540 660 2040 732; baseline 0.007 -22"><span class='ocrx_word' id='word_1_19' title='bbox 540 660 825 715; x_wconf 84' lang='lat' dir='ltr'>lleraelius</span> <span class='ocrx_word' id='word_1_20' title='bbox 863 680 991 732; x_wconf 80' lang='lat' dir='ltr'>ergo</span> <span class='ocrx_word' id='word_1_21' title='bbox 1029 666 1247 721; x_wconf 85' lang='lat' dir='ltr'>selectis</span> <span class='ocrx_word' id='word_1_22' title='bbox 1281 683 1309 720; x_wconf 91' lang='lat' dir='ltr'>e</span> <span class='ocrx_word' id='word_1_23' title='bbox 1344 667 1544 720; x_wconf 88' lang='lat' dir='ltr'>ducum</span> <span class='ocrx_word' id='word_1_24' title='bbox 1583 668 1857 721; x_wconf 79' lang='lat' dir='ltr'>exercitus</span> <span class='ocrx_word' id='word_1_25' title='bbox 1888 668 2040 722; x_wconf 80' lang='lat' dir='ltr'>Con-</span> 
     </span>
    </p>
   </div>
   <div class='ocr_carea' id='block_1_7' title="bbox 467 753 2050 828">
    <p class='ocr_par' dir='ltr' id='par_1_7' title="bbox 467 753 2050 828">
     <span class='ocr_line' id='line_1_7' title="bbox 467 753 2050 828; baseline 0.006 -24"><span class='ocrx_word' id='word_1_26' title='bbox 467 753 941 822; x_wconf 81' lang='lat' dir='ltr'>s&#39;antinopolitani</span> <span class='ocrx_word' id='word_1_27' title='bbox 987 758 1301 813; x_wconf 67' lang='lat' dir='ltr'>fortissimis</span> <span class='ocrx_word' id='word_1_28' title='bbox 1335 775 1398 812; x_wconf 90' lang='lat' dir='ltr'>ae</span> <span class='ocrx_word' id='word_1_29' title='bbox 1435 762 1926 828; x_wconf 75' lang='lat' dir='ltr'>przestautissimis,</span> <span class='ocrx_word' id='word_1_30' title='bbox 1966 761 2050 814; x_wconf 87' lang='lat' dir='ltr'>til-</span> 
     </span>
    </p>
   </div>
   <div class='ocr_carea' id='block_1_8' title="bbox 468 847 2049 919">
    <p class='ocr_par' dir='ltr' id='par_1_8' title="bbox 468 847 2049 919">
     <span class='ocr_line' id='line_1_8' title="bbox 468 847 2049 919; baseline 0.005 -22"><span class='ocrx_word' id='word_1_31' title='bbox 468 856 552 898; x_wconf 85' lang='lat' dir='ltr'>tra</span> <span class='ocrx_word' id='word_1_32' title='bbox 591 847 882 915; x_wconf 84' lang='lat' dir='ltr'>quinquies</span> <span class='ocrx_word' id='word_1_33' title='bbox 927 850 1074 902; x_wconf 88' lang='lat' dir='ltr'>mille</span> <span class='ocrx_word' id='word_1_34' title='bbox 1102 850 1272 910; x_wconf 87' lang='lat' dir='ltr'>viros,</span> <span class='ocrx_word' id='word_1_35' title='bbox 1320 867 1461 919; x_wconf 88' lang='lat' dir='ltr'>quos</span> <span class='ocrx_word' id='word_1_36' title='bbox 1498 867 1681 906; x_wconf 82' lang='lat' dir='ltr'>secum</span> <span class='ocrx_word' id='word_1_37' title='bbox 1719 861 2049 916; x_wconf 82' lang='lat' dir='ltr'>assumeret,</span> 
     </span>
    </p>
   </div>
   <div class='ocr_carea' id='block_1_9' title="bbox 468 941 2049 1014">
    <p class='ocr_par' dir='ltr' id='par_1_9' title="bbox 468 941 2049 1014">
     <span class='ocr_line' id='line_1_9' title="bbox 468 941 2049 1014; baseline 0.006 -26"><span class='ocrx_word' id='word_1_38' title='bbox 468 941 786 1009; x_wconf 82' lang='lat' dir='ltr'>paratisque</span> <span class='ocrx_word' id='word_1_39' title='bbox 841 943 1072 996; x_wconf 89' lang='lat' dir='ltr'>navilnts</span> <span class='ocrx_word' id='word_1_40' title='bbox 1132 946 1334 1009; x_wconf 80' lang='lat' dir='ltr'>quibus</span> <span class='ocrx_word' id='word_1_41' title='bbox 1400 958 1506 998; x_wconf 87' lang='lat' dir='ltr'>tam</span> <span class='ocrx_word' id='word_1_42' title='bbox 1569 946 1820 999; x_wconf 81' lang='lat' dir='ltr'>homines</span> <span class='ocrx_word' id='word_1_43' title='bbox 1885 962 2049 1014; x_wconf 89' lang='lat' dir='ltr'>quam</span> 
     </span>
    </p>
   </div>
   <div class='ocr_carea' id='block_1_10' title="bbox 468 1033 2050 1106">
    <p class='ocr_par' dir='ltr' id='par_1_10' title="bbox 468 1033 2050 1106">
     <span class='ocr_line' id='line_1_10' title="bbox 468 1033 2050 1106; baseline 0.004 -22"><span class='ocrx_word' id='word_1_44' title='bbox 468 1047 637 1100; x_wconf 83' lang='lat' dir='ltr'>equos</span> <span class='ocrx_word' id='word_1_45' title='bbox 678 1033 898 1086; x_wconf 74' lang='lat' dir='ltr'>volneret</span> <span class='ocrx_word' id='word_1_46' title='bbox 933 1035 1411 1104; x_wconf 78' lang='lat' dir='ltr'>Constantinopoli</span> <span class='ocrx_word' id='word_1_47' title='bbox 1445 1036 1878 1106; x_wconf 82' lang='lat' dir='ltr'>Trapezuntium</span> <span class='ocrx_word' id='word_1_48' title='bbox 1925 1053 2050 1106; x_wconf 89' lang='lat' dir='ltr'>pro-</span> 
     </span>
    </p>
   </div>
   <div class='ocr_carea' id='block_1_11' title="bbox 468 1125 2053 1198">
    <p class='ocr_par' dir='ltr' id='par_1_11' title="bbox 468 1125 2053 1198">
     <span class='ocr_line' id='line_1_11' title="bbox 468 1125 2053 1198; baseline 0.001 -20"><span class='ocrx_word' id='word_1_49' title='bbox 468 1125 678 1184; x_wconf 77' lang='lat' dir='ltr'>lectus.</span> <span class='ocrx_word' id='word_1_50' title='bbox 720 1126 793 1179; x_wconf 85' lang='lat' dir='ltr'>ibi</span> <span class='ocrx_word' id='word_1_51' title='bbox 838 1128 1108 1181; x_wconf 77' lang='lat' dir='ltr'>substitit.</span> <span class='ocrx_word' id='word_1_52' title='bbox 1165 1127 1530 1198; x_wconf 82' lang='lat' dir='ltr'>Collectisqne</span> <span class='ocrx_word' id='word_1_53' title='bbox 1573 1130 1747 1198; x_wconf 75' lang='lat' dir='ltr'>copiis</span> <span class='ocrx_word' id='word_1_54' title='bbox 1796 1145 1859 1183; x_wconf 88' lang='lat' dir='ltr'>ac</span> <span class='ocrx_word' id='word_1_55' title='bbox 1911 1129 2053 1182; x_wconf 85' lang='lat' dir='ltr'>datis</span> 
     </span>
    </p>
   </div>
   <div class='ocr_carea' id='block_1_12' title="bbox 469 1216 2052 1292">
    <p class='ocr_par' dir='ltr' id='par_1_12' title="bbox 469 1216 2052 1292">
     <span class='ocr_line' id='line_1_12' title="bbox 469 1216 2052 1292; baseline 0.006 -26"><span class='ocrx_word' id='word_1_56' title='bbox 469 1216 740 1271; x_wconf 89' lang='lat' dir='ltr'>mandatis</span> <span class='ocrx_word' id='word_1_57' title='bbox 772 1233 931 1286; x_wconf 75' lang='lat' dir='ltr'>Opem</span> <span class='ocrx_word' id='word_1_58' title='bbox 970 1235 996 1271; x_wconf 92' lang='lat' dir='ltr'>a</span> <span class='ocrx_word' id='word_1_59' title='bbox 1047 1236 1170 1290; x_wconf 83' lang='lat' dir='ltr'>rege</span> <span class='ocrx_word' id='word_1_60' title='bbox 1211 1221 1588 1275; x_wconf 84' lang='lat' dir='ltr'>Chozaroruni</span> <span class='ocrx_word' id='word_1_61' title='bbox 1623 1223 1814 1292; x_wconf 90' lang='lat' dir='ltr'>petiit,</span> <span class='ocrx_word' id='word_1_62' title='bbox 1861 1231 2052 1290; x_wconf 89' lang='lat' dir='ltr'>pactus</span> 
     </span>
    </p>
   </div>
   <div class='ocr_carea' id='block_1_13' title="bbox 470 1307 2054 1382">
    <p class='ocr_par' dir='ltr' id='par_1_13' title="bbox 470 1307 2054 1382">
     <span class='ocr_line' id='line_1_13' title="bbox 470 1307 2054 1382; baseline 0.003 -24"><span class='ocrx_word' id='word_1_63' title='bbox 470 1307 540 1360; x_wconf 84' lang='lat' dir='ltr'>illi</span> <span class='ocrx_word' id='word_1_64' title='bbox 593 1308 791 1362; x_wconf 87' lang='lat' dir='ltr'>solium</span> <span class='ocrx_word' id='word_1_65' title='bbox 827 1310 914 1363; x_wconf 90' lang='lat' dir='ltr'>cui</span> <span class='ocrx_word' id='word_1_66' title='bbox 954 1310 1219 1364; x_wconf 86' lang='lat' dir='ltr'>insideret</span> <span class='ocrx_word' id='word_1_67' title='bbox 1250 1327 1373 1366; x_wconf 91' lang='lat' dir='ltr'>cum</span> <span class='ocrx_word' id='word_1_68' title='bbox 1415 1315 1698 1367; x_wconf 73' lang='lat' dir='ltr'>consessui</span> <span class='ocrx_word' id='word_1_69' title='bbox 1740 1313 1928 1382; x_wconf 79' lang='lat' dir='ltr'>palatii</span> <span class='ocrx_word' id='word_1_70' title='bbox 1972 1315 2054 1364; x_wconf 80' lang='lat' dir='ltr'>in-</span> 
     </span>
    </p>
   </div>
   <div class='ocr_carea' id='block_1_14' title="bbox 470 1405 2057 1474">
    <p class='ocr_par' dir='ltr' id='par_1_14' title="bbox 470 1405 2057 1474">
     <span class='ocr_line' id='line_1_14' title="bbox 470 1405 2057 1474; baseline 0.003 -22"><span class='ocrx_word' id='word_1_71' title='bbox 470 1410 733 1460; x_wconf 81' lang='lat' dir='ltr'>teresset;</span> <span class='ocrx_word' id='word_1_72' title='bbox 775 1419 874 1455; x_wconf 85' lang='lat' dir='ltr'>nec</span> <span class='ocrx_word' id='word_1_73' title='bbox 915 1420 1022 1456; x_wconf 87' lang='lat' dir='ltr'>non</span> <span class='ocrx_word' id='word_1_74' title='bbox 1057 1419 1083 1454; x_wconf 89' lang='lat' dir='ltr'>a</span> <span class='ocrx_word' id='word_1_75' title='bbox 1119 1421 1246 1472; x_wconf 87' lang='lat' dir='ltr'>rege</span> <span class='ocrx_word' id='word_1_76' title='bbox 1284 1406 1342 1456; x_wconf 83' lang='lat' dir='ltr'>Al</span> <span class='ocrx_word' id='word_1_77' title='bbox 1379 1407 1571 1474; x_wconf 82' lang='lat' dir='ltr'>Anjaz,</span> <span class='ocrx_word' id='word_1_78' title='bbox 1603 1407 1802 1460; x_wconf 85' lang='lat' dir='ltr'>collato</span> <span class='ocrx_word' id='word_1_79' title='bbox 1834 1405 1908 1459; x_wconf 93' lang='lat' dir='ltr'>illi</span> <span class='ocrx_word' id='word_1_80' title='bbox 1940 1407 2057 1460; x_wconf 83' lang='lat' dir='ltr'>dia-</span> 
     </span>
    </p>
   </div>
   <div class='ocr_carea' id='block_1_15' title="bbox 471 1496 2057 1564">
    <p class='ocr_par' dir='ltr' id='par_1_15' title="bbox 471 1496 2057 1564">
     <span class='ocr_line' id='line_1_15' title="bbox 471 1496 2057 1564; baseline 0.003 -16"><span class='ocrx_word' id='word_1_81' title='bbox 471 1496 682 1549; x_wconf 85' lang='lat' dir='ltr'>tlemate</span> <span class='ocrx_word' id='word_1_82' title='bbox 707 1513 816 1564; x_wconf 87' lang='lat' dir='ltr'>quo</span> <span class='ocrx_word' id='word_1_83' title='bbox 848 1498 1064 1562; x_wconf 86' lang='lat' dir='ltr'>quoties</span> <span class='ocrx_word' id='word_1_84' title='bbox 1099 1499 1162 1552; x_wconf 86' lang='lat' dir='ltr'>ad</span> <span class='ocrx_word' id='word_1_85' title='bbox 1190 1513 1511 1553; x_wconf 82' lang='lat' dir='ltr'>consessum</span> <span class='ocrx_word' id='word_1_86' title='bbox 1549 1501 1803 1553; x_wconf 72' lang='grc' dir='ltr'><strong>ριιιιιάυιιι</strong></span> <span class='ocrx_word' id='word_1_87' title='bbox 1831 1499 2057 1554; x_wconf 83' lang='lat' dir='ltr'>accede-</span> 
     </span>
    </p>
   </div>
   <div class='ocr_carea' id='block_1_16' title="bbox 472 1592 2054 1661">
    <p class='ocr_par' dir='ltr' id='par_1_16' title="bbox 472 1592 2054 1661">
     <span class='ocr_line' id='line_1_16' title="bbox 472 1592 2054 1661; baseline 0.002 -22"><span class='ocrx_word' id='word_1_88' title='bbox 472 1599 547 1640; x_wconf 97' lang='lat' dir='ltr'>ret</span> <span class='ocrx_word' id='word_1_89' title='bbox 590 1599 918 1654; x_wconf 76' lang='lat' dir='ltr'>ornaretur;</span> <span class='ocrx_word' id='word_1_90' title='bbox 951 1602 1003 1642; x_wconf 90' lang='lat' dir='ltr'>et</span> <span class='ocrx_word' id='word_1_91' title='bbox 1035 1607 1064 1644; x_wconf 92' lang='lat' dir='ltr'>a</span> <span class='ocrx_word' id='word_1_92' title='bbox 1109 1608 1231 1659; x_wconf 83' lang='lat' dir='ltr'>rege</span> <span class='ocrx_word' id='word_1_93' title='bbox 1265 1593 1325 1645; x_wconf 74' lang='lat' dir='ltr'>Al</span> <span class='ocrx_word' id='word_1_94' title='bbox 1363 1592 1640 1654; x_wconf 69' lang='lat' dir='ltr'>Sauarim,</span> <span class='ocrx_word' id='word_1_95' title='bbox 1676 1593 1761 1644; x_wconf 86' lang='lat' dir='ltr'>cui</span> <span class='ocrx_word' id='word_1_96' title='bbox 1810 1600 1862 1644; x_wconf 89' lang='lat' dir='ltr'>et</span> <span class='ocrx_word' id='word_1_97' title='bbox 1895 1601 2054 1661; x_wconf 90' lang='lat' dir='ltr'>pacto</span> 
     </span>
    </p>
   </div>
   <div class='ocr_carea' id='block_1_17' title="bbox 473 1683 2052 1752">
    <p class='ocr_par' dir='ltr' id='par_1_17' title="bbox 473 1683 2052 1752">
     <span class='ocr_line' id='line_1_17' title="bbox 473 1683 2052 1752; baseline -0.001 -14"><span class='ocrx_word' id='word_1_98' title='bbox 473 1683 666 1738; x_wconf 84' lang='lat' dir='ltr'>solium</span> <span class='ocrx_word' id='word_1_99' title='bbox 715 1685 987 1737; x_wconf 70' lang='lat' dir='ltr'>concessit</span> <span class='ocrx_word' id='word_1_100' title='bbox 1020 1700 1129 1752; x_wconf 90' lang='lat' dir='ltr'>quo</span> <span class='ocrx_word' id='word_1_101' title='bbox 1183 1685 1233 1737; x_wconf 92' lang='lat' dir='ltr'>in</span> <span class='ocrx_word' id='word_1_102' title='bbox 1266 1686 1458 1738; x_wconf 82' lang='lat' dir='ltr'>eodem</span> <span class='ocrx_word' id='word_1_103' title='bbox 1495 1700 1755 1737; x_wconf 73' lang='lat' dir='ltr'>consessu</span> <span class='ocrx_word' id='word_1_104' title='bbox 1802 1685 2052 1748; x_wconf 88' lang='lat' dir='ltr'>sederet;</span> 
     </span>
    </p>
   </div>
   <div class='ocr_carea' id='block_1_18' title="bbox 474 1778 2053 1846">
    <p class='ocr_par' dir='ltr' id='par_1_18' title="bbox 474 1778 2053 1846">
     <span class='ocr_line' id='line_1_18' title="bbox 474 1778 2053 1846; baseline 0 -17"><span class='ocrx_word' id='word_1_105' title='bbox 474 1779 612 1830; x_wconf 88' lang='lat' dir='ltr'>unde</span> <span class='ocrx_word' id='word_1_106' title='bbox 640 1792 705 1829; x_wconf 81' lang='lat' dir='ltr'>ex</span> <span class='ocrx_word' id='word_1_107' title='bbox 740 1792 804 1829; x_wconf 89' lang='lat' dir='ltr'>eo</span> <span class='ocrx_word' id='word_1_108' title='bbox 840 1787 1081 1844; x_wconf 85' lang='lat' dir='ltr'>tempore</span> <span class='ocrx_word' id='word_1_109' title='bbox 1116 1779 1420 1846; x_wconf 63' lang='lat' dir='ltr'>appellatus</span> <span class='ocrx_word' id='word_1_110' title='bbox 1453 1787 1533 1831; x_wconf 87' lang='lat' dir='ltr'>est</span> <span class='ocrx_word' id='word_1_111' title='bbox 1572 1793 1663 1831; x_wconf 81' lang='lat' dir='ltr'>rex</span> <span class='ocrx_word' id='word_1_112' title='bbox 1697 1778 1756 1830; x_wconf 76' lang='lat' dir='ltr'>Al</span> <span class='ocrx_word' id='word_1_113' title='bbox 1789 1779 2053 1844; x_wconf 62' lang='lat' dir='ltr'>Sauarize,</span> 
     </span>
    </p>
   </div>
   <div class='ocr_carea' id='block_1_19' title="bbox 476 1865 2057 1938">
    <p class='ocr_par' dir='ltr' id='par_1_19' title="bbox 476 1865 2057 1938">
     <span class='ocr_line' id='line_1_19' title="bbox 476 1865 2057 1938; baseline 0.002 -16"><span class='ocrx_word' id='word_1_114' title='bbox 476 1885 566 1922; x_wconf 78' lang='lat' dir='ltr'>rex</span> <span class='ocrx_word' id='word_1_115' title='bbox 600 1868 733 1921; x_wconf 86' lang='lat' dir='ltr'>Solii</span> <span class='ocrx_word' id='word_1_116' title='bbox 765 1865 1089 1938; x_wconf 78' lang='lat' dir='ltr'>[dominus].</span> <span class='ocrx_word' id='word_1_117' title='bbox 1114 1870 1381 1937; x_wconf 81' lang='lat' dir='ltr'>Atqueita</span> <span class='ocrx_word' id='word_1_118' title='bbox 1407 1880 1749 1938; x_wconf 80' lang='lat' dir='ltr'>cmnparatus</span> <span class='ocrx_word' id='word_1_119' title='bbox 1777 1873 2057 1938; x_wconf 75' lang='lat' dir='ltr'>profectus</span> 
     </span>
    </p>
   </div>
   <div class='ocr_carea' id='block_1_20' title="bbox 473 1961 2058 2036">
    <p class='ocr_par' dir='ltr' id='par_1_20' title="bbox 473 1961 2058 2036">
     <span class='ocr_line' id='line_1_20' title="bbox 473 1961 2058 2036; baseline 0.001 -22"><span class='ocrx_word' id='word_1_120' title='bbox 473 1971 549 2014; x_wconf 79' lang='lat' dir='ltr'>est</span> <span class='ocrx_word' id='word_1_121' title='bbox 585 1962 636 2013; x_wconf 89' lang='lat' dir='ltr'>in</span> <span class='ocrx_word' id='word_1_122' title='bbox 687 1963 963 2036; x_wconf 78' lang='lat' dir='ltr'>regionem</span> <span class='ocrx_word' id='word_1_123' title='bbox 999 1969 1313 2014; x_wconf 79' lang='lat' dir='ltr'>montanam</span> <span class='ocrx_word' id='word_1_124' title='bbox 1353 1961 1747 2030; x_wconf 84' lang='lat' dir='ltr'>Asphahauum</span> <span class='ocrx_word' id='word_1_125' title='bbox 1796 1979 1970 2028; x_wconf 83' lang='lat' dir='ltr'>usque</span> <span class='ocrx_word' id='word_1_126' title='bbox 2003 1972 2058 2016; x_wconf 91' lang='lat' dir='ltr'>et</span> 
     </span>
    </p>
   </div>
   <div class='ocr_carea' id='block_1_21' title="bbox 473 2053 2058 2125">
    <p class='ocr_par' dir='ltr' id='par_1_21' title="bbox 473 2053 2058 2125">
     <span class='ocr_line' id='line_1_21' title="bbox 473 2053 2058 2125; baseline 0.002 -19"><span class='ocrx_word' id='word_1_127' title='bbox 473 2053 701 2108; x_wconf 66' lang='lat' dir='ltr'>llord&#39;ct</span> <span class='ocrx_word' id='word_1_128' title='bbox 736 2055 961 2122; x_wconf 75' lang='lat' dir='ltr'>Saporis</span> <span class='ocrx_word' id='word_1_129' title='bbox 999 2056 1213 2120; x_wconf 86' lang='lat' dir='ltr'>urbem,</span> <span class='ocrx_word' id='word_1_130' title='bbox 1248 2072 1639 2125; x_wconf 78' lang='lat' dir='ltr'>quamcunque</span> <span class='ocrx_word' id='word_1_131' title='bbox 1672 2057 2058 2125; x_wconf 84' lang='lat' dir='ltr'>ingrederetur</span> 
     </span>
    </p>
   </div>
   <div class='ocr_carea' id='block_1_22' title="bbox 474 2146 2058 2218">
    <p class='ocr_par' dir='ltr' id='par_1_22' title="bbox 474 2146 2058 2218">
     <span class='ocr_line' id='line_1_22' title="bbox 474 2146 2058 2218; baseline 0.001 -19"><span class='ocrx_word' id='word_1_132' title='bbox 474 2146 658 2200; x_wconf 89' lang='lat' dir='ltr'>urbem</span> <span class='ocrx_word' id='word_1_133' title='bbox 711 2147 852 2200; x_wconf 71' lang='lat' dir='ltr'>datis</span> <span class='ocrx_word' id='word_1_134' title='bbox 906 2147 1213 2208; x_wconf 68' lang='lat' dir='ltr'>mandatis.</span> <span class='ocrx_word' id='word_1_135' title='bbox 1264 2157 1317 2202; x_wconf 88' lang='lat' dir='ltr'>et</span> <span class='ocrx_word' id='word_1_136' title='bbox 1373 2148 1619 2203; x_wconf 85' lang='lat' dir='ltr'>collectis</span> <span class='ocrx_word' id='word_1_137' title='bbox 1667 2148 1864 2217; x_wconf 90' lang='lat' dir='ltr'>copiis.</span> <span class='ocrx_word' id='word_1_138' title='bbox 1897 2147 2058 2218; x_wconf 90' lang='lat'>232</span> 
     </span>
    </p>
   </div>
   <div class='ocr_carea' id='block_1_23' title="bbox 475 2238 2058 2309">
    <p class='ocr_par' dir='ltr' id='par_1_23' title="bbox 475 2238 2058 2309">
     <span class='ocr_line' id='line_1_23' title="bbox 475 2238 2058 2309; baseline -0.001 -16"><span class='ocrx_word' id='word_1_139' title='bbox 475 2238 795 2309; x_wconf 75' lang='lat' dir='ltr'>Ubicunque</span> <span class='ocrx_word' id='word_1_140' title='bbox 843 2249 1027 2293; x_wconf 82' lang='lat' dir='ltr'>autem</span> <span class='ocrx_word' id='word_1_141' title='bbox 1064 2240 1116 2292; x_wconf 91' lang='lat' dir='ltr'>in</span> <span class='ocrx_word' id='word_1_142' title='bbox 1163 2241 1248 2293; x_wconf 75' lang='lat' dir='ltr'>via</span> <span class='ocrx_word' id='word_1_143' title='bbox 1300 2241 1523 2294; x_wconf 89' lang='lat' dir='ltr'>obvium</span> <span class='ocrx_word' id='word_1_144' title='bbox 1569 2239 1792 2294; x_wconf 79' lang='lat' dir='ltr'>haberet</span> <span class='ocrx_word' id='word_1_145' title='bbox 1837 2240 2058 2294; x_wconf 80' lang='lat' dir='ltr'>Persam</span> 
     </span>
    </p>
   </div>
   <div class='ocr_carea' id='block_1_24' title="bbox 473 2331 2060 2402">
    <p class='ocr_par' dir='ltr' id='par_1_24' title="bbox 473 2331 2060 2402">
     <span class='ocr_line' id='line_1_24' title="bbox 473 2331 2060 2402; baseline 0.002 -19"><span class='ocrx_word' id='word_1_146' title='bbox 473 2333 710 2402; x_wconf 87' lang='lat' dir='ltr'>aliquem</span> <span class='ocrx_word' id='word_1_147' title='bbox 756 2333 956 2396; x_wconf 89' lang='lat' dir='ltr'>virum,</span> <span class='ocrx_word' id='word_1_148' title='bbox 1005 2331 1300 2394; x_wconf 82' lang='lat' dir='ltr'>feminam,</span> <span class='ocrx_word' id='word_1_149' title='bbox 1335 2333 1424 2386; x_wconf 81' lang='lat' dir='ltr'>vel</span> <span class='ocrx_word' id='word_1_150' title='bbox 1465 2348 1718 2402; x_wconf 89' lang='lat' dir='ltr'>puerum,</span> <span class='ocrx_word' id='word_1_151' title='bbox 1751 2333 1891 2385; x_wconf 87' lang='lat' dir='ltr'>colla</span> <span class='ocrx_word' id='word_1_152' title='bbox 1929 2333 2060 2401; x_wconf 75' lang='lat' dir='ltr'>ipsis</span> 
     </span>
    </p>
   </div>
   <div class='ocr_carea' id='block_1_25' title="bbox 473 2423 2059 2493">
    <p class='ocr_par' dir='ltr' id='par_1_25' title="bbox 473 2423 2059 2493">
     <span class='ocr_line' id='line_1_25' title="bbox 473 2423 2059 2493; baseline 0.003 -20"><span class='ocrx_word' id='word_1_153' title='bbox 473 2425 738 2492; x_wconf 76' lang='lat' dir='ltr'>pra-cidit.</span> <span class='ocrx_word' id='word_1_154' title='bbox 773 2425 939 2479; x_wconf 89' lang='lat' dir='ltr'>Urbis</span> <span class='ocrx_word' id='word_1_155' title='bbox 980 2441 1109 2479; x_wconf 91' lang='lat' dir='ltr'>vero</span> <span class='ocrx_word' id='word_1_156' title='bbox 1156 2425 1382 2493; x_wconf 80' lang='lat' dir='ltr'>Saporis</span> <span class='ocrx_word' id='word_1_157' title='bbox 1416 2426 1610 2479; x_wconf 70' lang='lat' dir='ltr'>incola:</span> <span class='ocrx_word' id='word_1_158' title='bbox 1657 2425 1786 2479; x_wconf 86' lang='lat' dir='ltr'>visis</span> <span class='ocrx_word' id='word_1_159' title='bbox 1827 2423 2059 2478; x_wconf 85' lang='lat' dir='ltr'>lleraelii</span> 
     </span>
    </p>
   </div>
   <div class='ocr_carea' id='block_1_26' title="bbox 477 2520 2064 2588">
    <p class='ocr_par' dir='ltr' id='par_1_26' title="bbox 477 2520 2064 2588">
     <span class='ocr_line' id='line_1_26' title="bbox 477 2520 2064 2588; baseline -0.002 -15"><span class='ocrx_word' id='word_1_160' title='bbox 477 2520 666 2586; x_wconf 85' lang='lat' dir='ltr'>copiis,</span> <span class='ocrx_word' id='word_1_161' title='bbox 705 2535 828 2573; x_wconf 92' lang='lat' dir='ltr'>cum</span> <span class='ocrx_word' id='word_1_162' title='bbox 863 2529 1011 2574; x_wconf 90' lang='lat' dir='ltr'>metu</span> <span class='ocrx_word' id='word_1_163' title='bbox 1052 2535 1250 2588; x_wconf 88' lang='lat' dir='ltr'>magno</span> <span class='ocrx_word' id='word_1_164' title='bbox 1286 2520 1558 2588; x_wconf 85' lang='lat' dir='ltr'>perterriti</span> <span class='ocrx_word' id='word_1_165' title='bbox 1599 2532 1814 2578; x_wconf 88' lang='lat' dir='ltr'>essent.</span> <span class='ocrx_word' id='word_1_166' title='bbox 1849 2535 1905 2574; x_wconf 89' lang='lat' dir='ltr'>se</span> <span class='ocrx_word' id='word_1_167' title='bbox 1940 2535 2064 2571; x_wconf 83' lang='lat' dir='ltr'>mu-</span> 
     </span>
    </p>
   </div>
   <div class='ocr_carea' id='block_1_27' title="bbox 476 2611 2058 2679">
    <p class='ocr_par' dir='ltr' id='par_1_27' title="bbox 476 2611 2058 2679">
     <span class='ocr_line' id='line_1_27' title="bbox 476 2611 2058 2679; baseline -0.001 -15"><span class='ocrx_word' id='word_1_168' title='bbox 476 2612 689 2664; x_wconf 68' lang='lat' dir='ltr'>trientes</span> <span class='ocrx_word' id='word_1_169' title='bbox 722 2611 786 2662; x_wconf 82' lang='lat' dir='ltr'>ad</span> <span class='ocrx_word' id='word_1_170' title='bbox 822 2619 1005 2679; x_wconf 86' lang='lat' dir='ltr'>portas</span> <span class='ocrx_word' id='word_1_171' title='bbox 1037 2611 1325 2666; x_wconf 82' lang='lat' dir='ltr'>machinas</span> <span class='ocrx_word' id='word_1_172' title='bbox 1352 2621 1402 2666; x_wconf 91' lang='lat' dir='ltr'>et</span> <span class='ocrx_word' id='word_1_173' title='bbox 1437 2611 1684 2666; x_wconf 84' lang='lat' dir='ltr'>ballistas</span> <span class='ocrx_word' id='word_1_174' title='bbox 1717 2619 2058 2664; x_wconf 81' lang='lat' dir='ltr'>statuerunt:</span> 
     </span>
    </p>
   </div>
   <div class='ocr_carea' id='block_1_28' title="bbox 477 2703 2060 2772">
    <p class='ocr_par' dir='ltr' id='par_1_28' title="bbox 477 2703 2060 2772">
     <span class='ocr_line' id='line_1_28' title="bbox 477 2703 2060 2772; baseline 0.001 -17"><span class='ocrx_word' id='word_1_175' title='bbox 477 2719 614 2771; x_wconf 87' lang='lat' dir='ltr'>quos</span> <span class='ocrx_word' id='word_1_176' title='bbox 643 2703 858 2772; x_wconf 86' lang='lat' dir='ltr'>aliquot</span> <span class='ocrx_word' id='word_1_177' title='bbox 889 2703 1084 2758; x_wconf 89' lang='lat' dir='ltr'>diebus</span> <span class='ocrx_word' id='word_1_178' title='bbox 1110 2703 1252 2757; x_wconf 83' lang='lat' dir='ltr'>bello</span> <span class='ocrx_word' id='word_1_179' title='bbox 1285 2703 1565 2758; x_wconf 86' lang='lat' dir='ltr'>lacessivit</span> <span class='ocrx_word' id='word_1_180' title='bbox 1594 2703 1904 2764; x_wconf 86' lang='lat' dir='ltr'>Heraclius,</span> <span class='ocrx_word' id='word_1_181' title='bbox 1937 2704 2060 2758; x_wconf 76' lang='lat' dir='ltr'>dein</span> 
     </span>
    </p>
   </div>
   <div class='ocr_carea' id='block_1_29' title="bbox 477 2776 2062 2876">
    <p class='ocr_par' dir='ltr' id='par_1_29' title="bbox 477 2776 2062 2876">
     <span class='ocr_line' id='line_1_29' title="bbox 477 2776 2062 2876; baseline 0.001 -31"><span class='ocrx_word' id='word_1_182' title='bbox 477 2811 654 2864; x_wconf 79' lang='lat' dir='ltr'>pugna</span> <span class='ocrx_word' id='word_1_183' title='bbox 700 2795 928 2850; x_wconf 92' lang='lat' dir='ltr'>adortus</span> <span class='ocrx_word' id='word_1_184' title='bbox 971 2776 1080 2850; x_wconf 83' lang='lat' dir='ltr'>non</span> <span class='ocrx_word' id='word_1_185' title='bbox 1115 2804 1244 2876; x_wconf 81' lang='lat' dir='ltr'>ante</span> <span class='ocrx_word' id='word_1_186' title='bbox 1287 2797 1490 2849; x_wconf 86' lang='lat' dir='ltr'>destitit</span> <span class='ocrx_word' id='word_1_187' title='bbox 1525 2811 1690 2866; x_wconf 84' lang='lat' dir='ltr'>quam</span> <span class='ocrx_word' id='word_1_188' title='bbox 1741 2795 1930 2850; x_wconf 88' lang='lat' dir='ltr'>urbem</span> <span class='ocrx_word' id='word_1_189' title='bbox 1965 2813 2062 2848; x_wconf 88' lang='lat' dir='ltr'>ce-</span> 
     </span>
    </p>
   </div>
   <div class='ocr_carea' id='block_1_30' title="bbox 479 2883 2060 2960">
    <p class='ocr_par' dir='ltr' id='par_1_30' title="bbox 479 2883 2060 2960">
     <span class='ocr_line' id='line_1_30' title="bbox 479 2883 2060 2960; baseline 0 -17"><span class='ocrx_word' id='word_1_190' title='bbox 479 2891 678 2960; x_wconf 84' lang='lat' dir='ltr'>pisset.</span> <span class='ocrx_word' id='word_1_191' title='bbox 730 2891 990 2946; x_wconf 88' lang='lat' dir='ltr'>omnibus</span> <span class='ocrx_word' id='word_1_192' title='bbox 1035 2883 1127 2959; x_wconf 90' lang='lat' dir='ltr'>qui</span> <span class='ocrx_word' id='word_1_193' title='bbox 1184 2890 1239 2943; x_wconf 93' lang='lat' dir='ltr'>in</span> <span class='ocrx_word' id='word_1_194' title='bbox 1292 2891 1410 2959; x_wconf 90' lang='lat' dir='ltr'>ipsa</span> <span class='ocrx_word' id='word_1_195' title='bbox 1454 2888 1708 2953; x_wconf 84' lang='lat' dir='ltr'>fuerant,</span> <span class='ocrx_word' id='word_1_196' title='bbox 1765 2899 1873 2943; x_wconf 91' lang='lat' dir='ltr'>tam</span> <span class='ocrx_word' id='word_1_197' title='bbox 1925 2891 2060 2943; x_wconf 75' lang='lat' dir='ltr'>viris</span> 
     </span>
    </p>
   </div>
   <div class='ocr_carea' id='block_1_31' title="bbox 479 2981 2060 3052">
    <p class='ocr_par' dir='ltr' id='par_1_31' title="bbox 479 2981 2060 3052">
     <span class='ocr_line' id='line_1_31' title="bbox 479 2981 2060 3052; baseline 0.001 -18"><span class='ocrx_word' id='word_1_198' title='bbox 479 2999 636 3052; x_wconf 89' lang='lat' dir='ltr'>quam</span> <span class='ocrx_word' id='word_1_199' title='bbox 671 2981 894 3038; x_wconf 80' lang='lat' dir='ltr'>feminis</span> <span class='ocrx_word' id='word_1_200' title='bbox 927 2983 1244 3052; x_wconf 86' lang='lat' dir='ltr'>puerisque,</span> <span class='ocrx_word' id='word_1_201' title='bbox 1274 2983 1648 3036; x_wconf 87' lang='lat' dir='ltr'>internecione</span> <span class='ocrx_word' id='word_1_202' title='bbox 1678 2981 1896 3046; x_wconf 87' lang='lat' dir='ltr'>deletis,</span> <span class='ocrx_word' id='word_1_203' title='bbox 1931 2985 2060 3052; x_wconf 85' lang='lat' dir='ltr'>quin</span> 
     </span>
    </p>
   </div>
   <div class='ocr_carea' id='block_1_32' title="bbox 480 3073 2064 3145">
    <p class='ocr_par' dir='ltr' id='par_1_32' title="bbox 480 3073 2064 3145">
     <span class='ocr_line' id='line_1_32' title="bbox 480 3073 2064 3145; baseline -0.003 -17"><span class='ocrx_word' id='word_1_204' title='bbox 480 3083 530 3128; x_wconf 85' lang='lat' dir='ltr'>et</span> <span class='ocrx_word' id='word_1_205' title='bbox 561 3074 910 3145; x_wconf 75' lang='lat' dir='ltr'>gravidarum</span> <span class='ocrx_word' id='word_1_206' title='bbox 945 3076 1118 3127; x_wconf 86' lang='lat' dir='ltr'>uteris</span> <span class='ocrx_word' id='word_1_207' title='bbox 1160 3075 1413 3128; x_wconf 89' lang='lat' dir='ltr'>dissectis</span> <span class='ocrx_word' id='word_1_208' title='bbox 1456 3083 1736 3128; x_wconf 82' lang='lat' dir='ltr'>extractos</span> <span class='ocrx_word' id='word_1_209' title='bbox 1776 3073 1905 3127; x_wconf 87' lang='lat' dir='ltr'>inde</span> <span class='ocrx_word' id='word_1_210' title='bbox 1951 3089 2064 3124; x_wconf 84' lang='lat' dir='ltr'>em-</span> 
     </span>
    </p>
   </div>
   <div class='ocr_carea' id='block_1_33' title="bbox 481 3164 2064 3239">
    <p class='ocr_par' dir='ltr' id='par_1_33' title="bbox 481 3164 2064 3239">
     <span class='ocr_line' id='line_1_33' title="bbox 481 3164 2064 3239; baseline -0.001 -20"><span class='ocrx_word' id='word_1_211' title='bbox 481 3168 713 3239; x_wconf 80' lang='lat' dir='ltr'>bryones</span> <span class='ocrx_word' id='word_1_212' title='bbox 783 3169 930 3221; x_wconf 79' lang='lat' dir='ltr'>saxis</span> <span class='ocrx_word' id='word_1_213' title='bbox 995 3169 1294 3222; x_wconf 90' lang='lat' dir='ltr'>illiserunt.</span> <span class='ocrx_word' id='word_1_214' title='bbox 1358 3164 1480 3232; x_wconf 87' lang='lat' dir='ltr'>Quo</span> <span class='ocrx_word' id='word_1_215' title='bbox 1537 3176 1892 3236; x_wconf 84' lang='lat' dir='ltr'>conspecto:</span> <span class='ocrx_word' id='word_1_216' title='bbox 1954 3164 2064 3234; x_wconf 67' lang='lat' dir='ltr'>Ego</span> 
     </span>
    </p>
   </div>
   <div class='ocr_carea' id='block_1_34' title="bbox 481 3260 2064 3334">
    <p class='ocr_par' dir='ltr' id='par_1_34' title="bbox 481 3260 2064 3334">
     <span class='ocr_line' id='line_1_34' title="bbox 481 3260 2064 3334; baseline -0.002 -17"><span class='ocrx_word' id='word_1_217' title='bbox 481 3265 676 3334; x_wconf 86' lang='lat' dir='ltr'>(inquit</span> <span class='ocrx_word' id='word_1_218' title='bbox 707 3262 1015 3332; x_wconf 89' lang='lat' dir='ltr'>lleraelius)</span> <span class='ocrx_word' id='word_1_219' title='bbox 1045 3280 1164 3318; x_wconf 88' lang='lat' dir='ltr'>sum</span> <span class='ocrx_word' id='word_1_220' title='bbox 1195 3265 1261 3317; x_wconf 89' lang='lat' dir='ltr'>de</span> <span class='ocrx_word' id='word_1_221' title='bbox 1292 3278 1403 3334; x_wconf 90' lang='lat' dir='ltr'>quo</span> <span class='ocrx_word' id='word_1_222' title='bbox 1429 3263 1761 3317; x_wconf 78' lang='lat' dir='ltr'>vaticinatus</span> <span class='ocrx_word' id='word_1_223' title='bbox 1785 3272 1868 3315; x_wconf 91' lang='lat' dir='ltr'>est</span> <span class='ocrx_word' id='word_1_224' title='bbox 1898 3260 2064 3314; x_wconf 91' lang='lat' dir='ltr'>David</span> 
     </span>
    </p>
   </div>
   <div class='ocr_carea' id='block_1_35' title="bbox 481 3354 2070 3428">
    <p class='ocr_par' dir='ltr' id='par_1_35' title="bbox 481 3354 2070 3428">
     <span class='ocr_line' id='line_1_35' title="bbox 481 3354 2070 3428; baseline -0.002 -18"><span class='ocrx_word' id='word_1_225' title='bbox 481 3359 742 3426; x_wconf 85' lang='lat' dir='ltr'>propheta</span> <span class='ocrx_word' id='word_1_226' title='bbox 775 3359 890 3423; x_wconf 88' lang='lat' dir='ltr'>ubi,</span> <span class='ocrx_word' id='word_1_227' title='bbox 929 3358 1141 3428; x_wconf 87' lang='lat' dir='ltr'>psalmo</span> <span class='ocrx_word' id='word_1_228' title='bbox 1168 3371 1394 3421; x_wconf 75' lang='lat' dir='ltr'>cxxxvt,</span> <span class='ocrx_word' id='word_1_229' title='bbox 1420 3356 1593 3412; x_wconf 89' lang='lat' dir='ltr'>dicit:</span> <span class='ocrx_word' id='word_1_230' title='bbox 1626 3354 1818 3409; x_wconf 81' lang='lat' dir='ltr'>Beatus</span> <span class='ocrx_word' id='word_1_231' title='bbox 1837 3357 2070 3425; x_wconf 80' lang='lat' dir='ltr'>quipar-</span> 
     </span>
    </p>
   </div>
   <div class='ocr_carea' id='block_1_36' title="bbox 481 3446 2068 3518">
    <p class='ocr_par' dir='ltr' id='par_1_36' title="bbox 481 3446 2068 3518">
     <span class='ocr_line' id='line_1_36' title="bbox 481 3446 2068 3518; baseline -0.001 -16"><span class='ocrx_word' id='word_1_232' title='bbox 481 3451 625 3502; x_wconf 75' lang='lat' dir='ltr'>culos</span> <span class='ocrx_word' id='word_1_233' title='bbox 672 3460 790 3504; x_wconf 71' lang='lat' dir='ltr'>tuo:</span> <span class='ocrx_word' id='word_1_234' title='bbox 835 3450 1096 3516; x_wconf 77' lang='lat' dir='ltr'>accipiens</span> <span class='ocrx_word' id='word_1_235' title='bbox 1152 3458 1316 3518; x_wconf 69' lang='lat' dir='ltr'>petra:</span> <span class='ocrx_word' id='word_1_236' title='bbox 1357 3448 1498 3516; x_wconf 80' lang='lat' dir='ltr'>ipsos</span> <span class='ocrx_word' id='word_1_237' title='bbox 1554 3446 1806 3502; x_wconf 78' lang='lat' dir='ltr'>alliserit.</span> <span class='ocrx_word' id='word_1_238' title='bbox 1864 3446 2068 3500; x_wconf 85' lang='lat' dir='ltr'>Deinde</span> 
     </span>
    </p>
   </div>
   <div class='ocr_carea' id='block_1_37' title="bbox 484 3539 2069 3611">
    <p class='ocr_par' dir='ltr' id='par_1_37' title="bbox 484 3539 2069 3611">
     <span class='ocr_line' id='line_1_37' title="bbox 484 3539 2069 3611; baseline 0 -19"><span class='ocrx_word' id='word_1_239' title='bbox 484 3545 602 3608; x_wconf 90' lang='lat' dir='ltr'>igne</span> <span class='ocrx_word' id='word_1_240' title='bbox 647 3541 764 3594; x_wconf 90' lang='lat' dir='ltr'>urbi</span> <span class='ocrx_word' id='word_1_241' title='bbox 803 3541 1003 3611; x_wconf 85' lang='lat' dir='ltr'>injecto</span> <span class='ocrx_word' id='word_1_242' title='bbox 1055 3555 1364 3609; x_wconf 85' lang='lat' dir='ltr'>magnaque</span> <span class='ocrx_word' id='word_1_243' title='bbox 1414 3539 1764 3608; x_wconf 88' lang='lat' dir='ltr'>captivorum</span> <span class='ocrx_word' id='word_1_244' title='bbox 1815 3539 2069 3592; x_wconf 89' lang='lat' dir='ltr'>tnultitu-</span> 
     </span>
    </p>
   </div>
   <div class='ocr_carea' id='block_1_38' title="bbox 485 3628 2068 3698">
    <p class='ocr_par' dir='ltr' id='par_1_38' title="bbox 485 3628 2068 3698">
     <span class='ocr_line' id='line_1_38' title="bbox 485 3628 2068 3698; baseline 0 -15"><span class='ocrx_word' id='word_1_245' title='bbox 485 3630 606 3684; x_wconf 84' lang='lat' dir='ltr'>dine</span> <span class='ocrx_word' id='word_1_246' title='bbox 636 3631 895 3693; x_wconf 86' lang='lat' dir='ltr'>abducta,</span> <span class='ocrx_word' id='word_1_247' title='bbox 932 3646 1038 3682; x_wconf 91' lang='lat' dir='ltr'>una</span> <span class='ocrx_word' id='word_1_248' title='bbox 1070 3645 1194 3683; x_wconf 92' lang='lat' dir='ltr'>cum</span> <span class='ocrx_word' id='word_1_249' title='bbox 1235 3628 1490 3697; x_wconf 89' lang='lat' dir='ltr'>pecuniis</span> <span class='ocrx_word' id='word_1_250' title='bbox 1525 3630 1876 3698; x_wconf 82' lang='lat' dir='ltr'>gemmisque</span> <span class='ocrx_word' id='word_1_251' title='bbox 1908 3629 2068 3683; x_wconf 90' lang='lat' dir='ltr'>innu-</span> 
     </span>
    </p>
   </div>
   <div class='ocr_carea' id='block_1_39' title="bbox 485 3719 2072 3790">
    <p class='ocr_par' dir='ltr' id='par_1_39' title="bbox 485 3719 2072 3790">
     <span class='ocr_line' id='line_1_39' title="bbox 485 3719 2072 3790; baseline 0.004 -18"><span class='ocrx_word' id='word_1_252' title='bbox 485 3721 650 3775; x_wconf 77' lang='lat' dir='ltr'>meris</span> <span class='ocrx_word' id='word_1_253' title='bbox 686 3730 855 3774; x_wconf 87' lang='lat' dir='ltr'>totam</span> <span class='ocrx_word' id='word_1_254' title='bbox 908 3720 1110 3775; x_wconf 80' lang='lat' dir='ltr'>Persia:</span> <span class='ocrx_word' id='word_1_255' title='bbox 1163 3722 1446 3790; x_wconf 78' lang='lat' dir='ltr'>regionem</span> <span class='ocrx_word' id='word_1_256' title='bbox 1491 3719 1819 3776; x_wconf 86' lang='lat' dir='ltr'>devastavit.</span> <span class='ocrx_word' id='word_1_257' title='bbox 1869 3721 2072 3778; x_wconf 84' lang='lat' dir='ltr'>Deinde</span> 
     </span>
    </p>
   </div>
   <div class='ocr_carea' id='block_1_40' title="bbox 486 3811 2066 3883">
    <p class='ocr_par' dir='ltr' id='par_1_40' title="bbox 486 3811 2066 3883">
     <span class='ocr_line' id='line_1_40' title="bbox 486 3811 2066 3883; baseline 0.003 -19"><span class='ocrx_word' id='word_1_258' title='bbox 486 3812 567 3866; x_wconf 83' lang='lat' dir='ltr'>via</span> <span class='ocrx_word' id='word_1_259' title='bbox 602 3828 699 3866; x_wconf 91' lang='lat' dir='ltr'>sua</span> <span class='ocrx_word' id='word_1_260' title='bbox 737 3827 987 3866; x_wconf 85' lang='lat' dir='ltr'>reversus</span> <span class='ocrx_word' id='word_1_261' title='bbox 1020 3828 1116 3883; x_wconf 88' lang='lat' dir='ltr'>per</span> <span class='ocrx_word' id='word_1_262' title='bbox 1152 3813 1406 3881; x_wconf 74' lang='lat' dir='ltr'>regiones</span> <span class='ocrx_word' id='word_1_263' title='bbox 1439 3811 1696 3878; x_wconf 77' lang='lat' dir='ltr'>llalwan,</span> <span class='ocrx_word' id='word_1_264' title='bbox 1740 3825 1793 3868; x_wconf 91' lang='lat' dir='ltr'>et</span> <span class='ocrx_word' id='word_1_265' title='bbox 1833 3813 2066 3881; x_wconf 82' lang='lat' dir='ltr'>Sliaruz,</span> 
     </span>
    </p>
   </div>
   <div class='ocr_carea' id='block_1_41' title="bbox 485 3904 2074 3976">
    <p class='ocr_par' dir='ltr' id='par_1_41' title="bbox 485 3904 2074 3976">
     <span class='ocr_line' id='line_1_41' title="bbox 485 3904 2074 3976; baseline 0.001 -16"><span class='ocrx_word' id='word_1_266' title='bbox 485 3914 538 3960; x_wconf 87' lang='lat' dir='ltr'>et</span> <span class='ocrx_word' id='word_1_267' title='bbox 592 3906 636 3960; x_wconf 83' lang='lat' dir='ltr'><strong>A</strong></span> <span class='ocrx_word' id='word_1_268' title='bbox 686 3905 980 3975; x_wconf 81' lang='lat' dir='ltr'>Madayen,</span> <span class='ocrx_word' id='word_1_269' title='bbox 1041 3906 1324 3976; x_wconf 76' lang='lat' dir='ltr'>ingressus</span> <span class='ocrx_word' id='word_1_270' title='bbox 1385 3913 1467 3960; x_wconf 89' lang='lat' dir='ltr'>est</span> <span class='ocrx_word' id='word_1_271' title='bbox 1527 3904 1974 3976; x_wconf 82' lang='lat' dir='ltr'>Miyapharekin,</span> <span class='ocrx_word' id='word_1_272' title='bbox 2020 3917 2074 3962; x_wconf 88' lang='lat' dir='ltr'>ct</span> 
     </span>
    </p>
   </div>
   <div class='ocr_carea' id='block_1_42' title="bbox 487 3996 2069 4069">
    <p class='ocr_par' dir='ltr' id='par_1_42' title="bbox 487 3996 2069 4069">
     <span class='ocr_line' id='line_1_42' title="bbox 487 3996 2069 4069; baseline -0.001 -18"><span class='ocrx_word' id='word_1_273' title='bbox 487 3996 767 4069; x_wconf 74' lang='lat' dir='ltr'>[traiecto]</span> <span class='ocrx_word' id='word_1_274' title='bbox 821 3998 969 4069; x_wconf 83' lang='lat' dir='ltr'>Tigri</span> <span class='ocrx_word' id='word_1_275' title='bbox 1030 3998 1083 4053; x_wconf 90' lang='lat' dir='ltr'>in</span> <span class='ocrx_word' id='word_1_276' title='bbox 1134 3999 1449 4051; x_wconf 81' lang='lat' dir='ltr'>Armeniam</span> <span class='ocrx_word' id='word_1_277' title='bbox 1507 3997 1731 4050; x_wconf 89' lang='lat' dir='ltr'>transiit</span> <span class='ocrx_word' id='word_1_278' title='bbox 1788 4014 1959 4066; x_wconf 88' lang='lat' dir='ltr'>usque</span> <span class='ocrx_word' id='word_1_279' title='bbox 2006 3997 2069 4050; x_wconf 86' lang='lat' dir='ltr'>ad</span> 
     </span>
    </p>
   </div>
   <div class='ocr_carea' id='block_1_43' title="bbox 488 4091 2075 4160">
    <p class='ocr_par' dir='ltr' id='par_1_43' title="bbox 488 4091 2075 4160">
     <span class='ocr_line' id='line_1_43' title="bbox 488 4091 2075 4160; baseline -0.002 -15"><span class='ocrx_word' id='word_1_280' title='bbox 488 4092 711 4146; x_wconf 88' lang='lat' dir='ltr'>ﬂuvium</span> <span class='ocrx_word' id='word_1_281' title='bbox 758 4094 1020 4147; x_wconf 68' lang='grc' dir='ltr'><strong>Λῑευιιιιε.</strong></span> <span class='ocrx_word' id='word_1_282' title='bbox 1063 4091 1262 4146; x_wconf 87' lang='lat' dir='ltr'>Secum</span> <span class='ocrx_word' id='word_1_283' title='bbox 1311 4100 1492 4146; x_wconf 88' lang='lat' dir='ltr'>autem</span> <span class='ocrx_word' id='word_1_284' title='bbox 1528 4091 1673 4144; x_wconf 88' lang='lat' dir='ltr'>inter</span> <span class='ocrx_word' id='word_1_285' title='bbox 1703 4091 1948 4160; x_wconf 90' lang='lat' dir='ltr'>captivos</span> <span class='ocrx_word' id='word_1_286' title='bbox 1981 4091 2075 4145; x_wconf 86' lang='lat' dir='ltr'>ha-</span> 
     </span>
    </p>
   </div>
   <div class='ocr_carea' id='block_1_44' title="bbox 489 4181 2070 4252">
    <p class='ocr_par' dir='ltr' id='par_1_44' title="bbox 489 4181 2070 4252">
     <span class='ocr_line' id='line_1_44' title="bbox 489 4181 2070 4252; baseline 0.001 -16"><span class='ocrx_word' id='word_1_287' title='bbox 489 4185 602 4238; x_wconf 89' lang='lat' dir='ltr'>buit</span> <span class='ocrx_word' id='word_1_288' title='bbox 626 4184 792 4238; x_wconf 91' lang='lat' dir='ltr'>tilium</span> <span class='ocrx_word' id='word_1_289' title='bbox 819 4183 1000 4239; x_wconf 70' lang='lat' dir='ltr'>Cesrze</span> <span class='ocrx_word' id='word_1_290' title='bbox 1023 4184 1246 4238; x_wconf 87' lang='lat' dir='ltr'>nomine</span> <span class='ocrx_word' id='word_1_291' title='bbox 1272 4183 1552 4238; x_wconf 85' lang='lat' dir='ltr'>Kobadem</span> <span class='ocrx_word' id='word_1_292' title='bbox 1579 4181 1695 4252; x_wconf 90' lang='lat' dir='ltr'>(qui</span> <span class='ocrx_word' id='word_1_293' title='bbox 1723 4192 1776 4236; x_wconf 91' lang='lat' dir='ltr'>et</span> <span class='ocrx_word' id='word_1_294' title='bbox 1802 4184 2070 4238; x_wconf 78' lang='lat' dir='ltr'>Sirawaih</span> 
     </span>
    </p>
   </div>
   <div class='ocr_carea' id='block_1_45' title="bbox 490 4277 2076 4348">
    <p class='ocr_par' dir='ltr' id='par_1_45' title="bbox 490 4277 2076 4348">
     <span class='ocr_line' id='line_1_45' title="bbox 490 4277 2076 4348; baseline -0.002 -14"><span class='ocrx_word' id='word_1_295' title='bbox 490 4279 790 4348; x_wconf 67' lang='lat' dir='ltr'>appellatus</span> <span class='ocrx_word' id='word_1_296' title='bbox 815 4281 940 4344; x_wconf 88' lang='lat' dir='ltr'>est),</span> <span class='ocrx_word' id='word_1_297' title='bbox 974 4288 1166 4334; x_wconf 87' lang='lat' dir='ltr'>natum</span> <span class='ocrx_word' id='word_1_298' title='bbox 1200 4277 1369 4332; x_wconf 78' lang='lat' dir='ltr'>Maria</span> <span class='ocrx_word' id='word_1_299' title='bbox 1412 4279 1518 4331; x_wconf 82' lang='lat' dir='ltr'>ﬁlia</span> <span class='ocrx_word' id='word_1_300' title='bbox 1549 4279 1897 4348; x_wconf 87' lang='lat' dir='ltr'>imperatoris</span> <span class='ocrx_word' id='word_1_301' title='bbox 1927 4280 2076 4334; x_wconf 84' lang='lat' dir='ltr'>Mau-</span> 
     </span>
    </p>
   </div>
   <div class='ocr_carea' id='block_1_46' title="bbox 490 4367 2073 4444">
    <p class='ocr_par' dir='ltr' id='par_1_46' title="bbox 490 4367 2073 4444">
     <span class='ocr_line' id='line_1_46' title="bbox 490 4367 2073 4444; baseline 0.003 -24"><span class='ocrx_word' id='word_1_302' title='bbox 490 4368 626 4431; x_wconf 84' lang='lat' dir='ltr'>ricii,</span> <span class='ocrx_word' id='word_1_303' title='bbox 655 4367 812 4435; x_wconf 75' lang='lat' dir='ltr'>cujus</span> <span class='ocrx_word' id='word_1_304' title='bbox 850 4383 1019 4422; x_wconf 88' lang='lat' dir='ltr'>causa</span> <span class='ocrx_word' id='word_1_305' title='bbox 1067 4378 1219 4437; x_wconf 80' lang='lat' dir='ltr'>gesta</span> <span class='ocrx_word' id='word_1_306' title='bbox 1263 4377 1396 4422; x_wconf 89' lang='lat' dir='ltr'>sunt</span> <span class='ocrx_word' id='word_1_307' title='bbox 1434 4373 1548 4421; x_wconf 63' lang='lat' dir='ltr'>haec</span> <span class='ocrx_word' id='word_1_308' title='bbox 1579 4368 1736 4423; x_wconf 76' lang='lat' dir='ltr'>bella.</span> <span class='ocrx_word' id='word_1_309' title='bbox 1766 4369 1905 4423; x_wconf 83' lang='lat' dir='ltr'>Cum</span> <span class='ocrx_word' id='word_1_310' title='bbox 1939 4386 2073 4444; x_wconf 82' lang='lat' dir='ltr'>ergo</span> 
     </span>
    </p>
   </div>
   <div class='ocr_carea' id='block_1_47' title="bbox 489 4456 2073 4531">
    <p class='ocr_par' dir='ltr' id='par_1_47' title="bbox 489 4456 2073 4531">
     <span class='ocr_line' id='line_1_47' title="bbox 489 4456 2073 4531; baseline 0.003 -18"><span class='ocrx_word' id='word_1_311' title='bbox 489 4460 892 4531; x_wconf 73' lang='lat' dir='ltr'>Hiyapharckin</span> <span class='ocrx_word' id='word_1_312' title='bbox 930 4461 1300 4529; x_wconf 74' lang='lat' dir='ltr'>pervenisset,</span> <span class='ocrx_word' id='word_1_313' title='bbox 1323 4456 1597 4514; x_wconf 63' lang='lat' dir='ltr'>aerersito</span> <span class='ocrx_word' id='word_1_314' title='bbox 1633 4461 1856 4516; x_wconf 66' lang='lat' dir='ltr'>litibade</span> <span class='ocrx_word' id='word_1_315' title='bbox 1893 4463 2073 4522; x_wconf 73' lang='lat' dir='ltr'>Cesra:</span> 
     </span>
    </p>
   </div>
   <div class='ocr_carea' id='block_1_48' title="bbox 2091 1851 2129 1902">
    <p class='ocr_par' dir='ltr' id='par_1_48' title="bbox 2091 1851 2129 1902">
     <span class='ocr_line' id='line_1_48' title="bbox 2091 1851 2129 1902; baseline 0 0"><span class='ocrx_word' id='word_1_316' title='bbox 2091 1851 2129 1902; x_wconf 84' lang='grc' dir='ltr'>Β</span> 
     </span>
    </p>
   </div>
   <div class='ocr_carea' id='block_1_49' title="bbox 2091 3206 2136 3268">
    <p class='ocr_par' dir='ltr' id='par_1_49' title="bbox 2091 3206 2136 3268">
     <span class='ocr_line' id='line_1_49' title="bbox 2091 3206 2136 3268; baseline 0 -2"><span class='ocrx_word' id='word_1_317' title='bbox 2091 3206 2136 3268; x_wconf 87' lang='lat' dir='ltr'><strong>C</strong></span> 
     </span>
    </p>
   </div>
   <div class='ocr_carea' id='block_1_50' title="bbox 2159 573 3738 646">
    <p class='ocr_par' dir='ltr' id='par_1_50' title="bbox 2159 573 3738 646">
     <span class='ocr_line' id='line_1_50' title="bbox 2159 573 3738 646; baseline 0.001 -18"><span class='ocrx_word' id='word_1_318' title='bbox 2159 576 2325 641; x_wconf 86' lang='lat' dir='ltr'>Quid,</span> <span class='ocrx_word' id='word_1_319' title='bbox 2372 577 2570 646; x_wconf 87' lang='lat' dir='ltr'>inquit,</span> <span class='ocrx_word' id='word_1_320' title='bbox 2609 579 2782 632; x_wconf 91' lang='lat' dir='ltr'>nuntii</span> <span class='ocrx_word' id='word_1_321' title='bbox 2817 577 3021 632; x_wconf 74' lang='lat' dir='ltr'>affers?</span> <span class='ocrx_word' id='word_1_322' title='bbox 3050 576 3146 628; x_wconf 70' lang='grc' dir='ltr'>(ζιιί</span> <span class='ocrx_word' id='word_1_323' title='bbox 3193 575 3302 639; x_wconf 86' lang='lat' dir='ltr'>ille,</span> <span class='ocrx_word' id='word_1_324' title='bbox 3359 573 3624 642; x_wconf 78' lang='lat' dir='ltr'>Vastavit,</span> <span class='ocrx_word' id='word_1_325' title='bbox 3659 578 3738 630; x_wconf 84' lang='lat' dir='ltr'>in-</span> 
     </span>
    </p>
   </div>
   <div class='ocr_carea' id='block_1_51' title="bbox 2159 667 3736 736">
    <p class='ocr_par' dir='ltr' id='par_1_51' title="bbox 2159 667 3736 736">
     <span class='ocr_line' id='line_1_51' title="bbox 2159 667 3736 736; baseline 0.005 -17"><span class='ocrx_word' id='word_1_326' title='bbox 2159 669 2312 736; x_wconf 86' lang='lat' dir='ltr'>quit,</span> <span class='ocrx_word' id='word_1_327' title='bbox 2353 667 2635 723; x_wconf 89' lang='lat' dir='ltr'>Heraclius</span> <span class='ocrx_word' id='word_1_328' title='bbox 2670 684 2861 725; x_wconf 88' lang='lat' dir='ltr'>onmes</span> <span class='ocrx_word' id='word_1_329' title='bbox 2899 669 3098 724; x_wconf 83' lang='lat' dir='ltr'>Persi:e</span> <span class='ocrx_word' id='word_1_330' title='bbox 3137 672 3331 736; x_wconf 90' lang='lat' dir='ltr'>urbes,</span> <span class='ocrx_word' id='word_1_331' title='bbox 3373 673 3544 735; x_wconf 89' lang='lat' dir='ltr'>viris,</span> <span class='ocrx_word' id='word_1_332' title='bbox 3585 673 3736 727; x_wconf 73' lang='lat' dir='ltr'>lt-mi-</span> 
     </span>
    </p>
   </div>
   <div class='ocr_carea' id='block_1_52' title="bbox 2162 760 3734 834">
    <p class='ocr_par' dir='ltr' id='par_1_52' title="bbox 2162 760 3734 834">
     <span class='ocr_line' id='line_1_52' title="bbox 2162 760 3734 834; baseline 0.004 -22"><span class='ocrx_word' id='word_1_333' title='bbox 2162 760 2246 814; x_wconf 85' lang='lat' dir='ltr'>nis</span> <span class='ocrx_word' id='word_1_334' title='bbox 2300 762 2591 830; x_wconf 85' lang='lat' dir='ltr'>puerisque</span> <span class='ocrx_word' id='word_1_335' title='bbox 2620 762 2923 825; x_wconf 79' lang='lat' dir='ltr'>trucidatis,</span> <span class='ocrx_word' id='word_1_336' title='bbox 2977 762 3164 817; x_wconf 85' lang='lat' dir='ltr'>urbem</span> <span class='ocrx_word' id='word_1_337' title='bbox 3199 778 3330 818; x_wconf 91' lang='lat' dir='ltr'>vero</span> <span class='ocrx_word' id='word_1_338' title='bbox 3365 767 3565 834; x_wconf 76' lang='lat' dir='ltr'>regiam</span> <span class='ocrx_word' id='word_1_339' title='bbox 3595 765 3734 818; x_wconf 88' lang='lat' dir='ltr'>diru-</span> 
     </span>
    </p>
   </div>
   <div class='ocr_carea' id='block_1_53' title="bbox 2161 855 3738 925">
    <p class='ocr_par' dir='ltr' id='par_1_53' title="bbox 2161 855 3738 925">
     <span class='ocr_line' id='line_1_53' title="bbox 2161 855 3738 925; baseline 0.006 -19"><span class='ocrx_word' id='word_1_340' title='bbox 2161 861 2269 906; x_wconf 88' lang='lat' dir='ltr'>tam</span> <span class='ocrx_word' id='word_1_341' title='bbox 2303 855 2569 920; x_wconf 79' lang='lat' dir='ltr'>incendit,</span> <span class='ocrx_word' id='word_1_342' title='bbox 2594 856 2852 909; x_wconf 90' lang='lat' dir='ltr'>omnibus</span> <span class='ocrx_word' id='word_1_343' title='bbox 2878 856 2967 925; x_wconf 92' lang='lat' dir='ltr'>qui</span> <span class='ocrx_word' id='word_1_344' title='bbox 2996 858 3048 908; x_wconf 91' lang='lat' dir='ltr'>in</span> <span class='ocrx_word' id='word_1_345' title='bbox 3078 872 3137 909; x_wconf 86' lang='lat' dir='ltr'>ea</span> <span class='ocrx_word' id='word_1_346' title='bbox 3170 857 3386 911; x_wconf 81' lang='lat' dir='ltr'>fuerunt</span> <span class='ocrx_word' id='word_1_347' title='bbox 3415 858 3738 915; x_wconf 81' lang='lat' dir='ltr'>interfectis.</span> 
     </span>
    </p>
   </div>
   <div class='ocr_carea' id='block_1_54' title="bbox 2161 950 3738 1022">
    <p class='ocr_par' dir='ltr' id='par_1_54' title="bbox 2161 950 3738 1022">
     <span class='ocr_line' id='line_1_54' title="bbox 2161 950 3738 1022; baseline 0.005 -23"><span class='ocrx_word' id='word_1_348' title='bbox 2161 962 2437 1016; x_wconf 89' lang='lat' dir='ltr'>opumque</span> <span class='ocrx_word' id='word_1_349' title='bbox 2459 957 2512 1003; x_wconf 89' lang='lat' dir='ltr'>et</span> <span class='ocrx_word' id='word_1_350' title='bbox 2538 965 2877 1020; x_wconf 84' lang='lat' dir='ltr'>gemmarum</span> <span class='ocrx_word' id='word_1_351' title='bbox 2909 959 3178 1019; x_wconf 89' lang='lat' dir='ltr'>quantum</span> <span class='ocrx_word' id='word_1_352' title='bbox 3215 950 3357 1004; x_wconf 87' lang='lat' dir='ltr'>haud</span> <span class='ocrx_word' id='word_1_353' title='bbox 3390 952 3586 1020; x_wconf 76' lang='lat' dir='ltr'>poterit</span> <span class='ocrx_word' id='word_1_354' title='bbox 3622 955 3738 1022; x_wconf 68' lang='lat' dir='ltr'>quis</span> 
     </span>
    </p>
   </div>
   <div class='ocr_carea' id='block_1_55' title="bbox 2162 1041 3737 1113">
    <p class='ocr_par' dir='ltr' id='par_1_55' title="bbox 2162 1041 3737 1113">
     <span class='ocr_line' id='line_1_55' title="bbox 2162 1041 3737 1113; baseline 0.003 -20"><span class='ocrx_word' id='word_1_355' title='bbox 2162 1055 2448 1095; x_wconf 81' lang='lat' dir='ltr'>recensere</span> <span class='ocrx_word' id='word_1_356' title='bbox 2507 1045 2827 1111; x_wconf 82' lang='lat' dir='ltr'>reportavit.</span> <span class='ocrx_word' id='word_1_357' title='bbox 2881 1041 3006 1095; x_wconf 72' lang='lat' dir='ltr'>llaec</span> <span class='ocrx_word' id='word_1_358' title='bbox 3059 1051 3239 1096; x_wconf 81' lang='lat' dir='ltr'>autem</span> <span class='ocrx_word' id='word_1_359' title='bbox 3292 1043 3465 1113; x_wconf 91' lang='lat' dir='ltr'>ipsius</span> <span class='ocrx_word' id='word_1_360' title='bbox 3515 1044 3737 1113; x_wconf 78' lang='lat' dir='ltr'>epistola</span> 
     </span>
    </p>
   </div>
   <div class='ocr_carea' id='block_1_56' title="bbox 2161 1133 3736 1208">
    <p class='ocr_par' dir='ltr' id='par_1_56' title="bbox 2161 1133 3736 1208">
     <span class='ocr_line' id='line_1_56' title="bbox 2161 1133 3736 1208; baseline 0.004 -21"><span class='ocrx_word' id='word_1_361' title='bbox 2161 1145 2266 1189; x_wconf 86' lang='lat' dir='ltr'>est.</span> <span class='ocrx_word' id='word_1_362' title='bbox 2311 1135 2444 1188; x_wconf 86' lang='lat' dir='ltr'>Cum</span> <span class='ocrx_word' id='word_1_363' title='bbox 2482 1151 2611 1202; x_wconf 81' lang='lat' dir='ltr'>ergo</span> <span class='ocrx_word' id='word_1_364' title='bbox 2646 1133 2879 1189; x_wconf 90' lang='lat' dir='ltr'>lleraelii</span> <span class='ocrx_word' id='word_1_365' title='bbox 2916 1135 3196 1204; x_wconf 81' lang='lat' dir='ltr'>epistolam</span> <span class='ocrx_word' id='word_1_366' title='bbox 3233 1136 3550 1208; x_wconf 81' lang='lat' dir='ltr'>perlegisset</span> <span class='ocrx_word' id='word_1_367' title='bbox 3575 1138 3736 1193; x_wconf 79' lang='lat' dir='ltr'>Cesra</span> 
     </span>
    </p>
   </div>
   <div class='ocr_carea' id='block_1_57' title="bbox 2164 1227 3736 1298">
    <p class='ocr_par' dir='ltr' id='par_1_57' title="bbox 2164 1227 3736 1298">
     <span class='ocr_line' id='line_1_57' title="bbox 2164 1227 3736 1298; baseline 0.001 -17"><span class='ocrx_word' id='word_1_368' title='bbox 2164 1244 2357 1297; x_wconf 86' lang='lat' dir='ltr'>magna</span> <span class='ocrx_word' id='word_1_369' title='bbox 2391 1230 2607 1282; x_wconf 68' lang='lat' dir='ltr'>tristitia</span> <span class='ocrx_word' id='word_1_370' title='bbox 2647 1227 2822 1282; x_wconf 80' lang='lat' dir='ltr'>aﬂ&#39;eeti</span> <span class='ocrx_word' id='word_1_371' title='bbox 2853 1238 2981 1282; x_wconf 91' lang='lat' dir='ltr'>sunt</span> <span class='ocrx_word' id='word_1_372' title='bbox 3016 1237 3130 1282; x_wconf 91' lang='lat' dir='ltr'>tum</span> <span class='ocrx_word' id='word_1_373' title='bbox 3162 1229 3277 1297; x_wconf 84' lang='lat' dir='ltr'>ipse</span> <span class='ocrx_word' id='word_1_374' title='bbox 3308 1239 3418 1282; x_wconf 81' lang='lat' dir='ltr'>tum</span> <span class='ocrx_word' id='word_1_375' title='bbox 3448 1229 3619 1298; x_wconf 85' lang='lat' dir='ltr'>ipsius</span> <span class='ocrx_word' id='word_1_376' title='bbox 3653 1248 3736 1284; x_wconf 86' lang='lat' dir='ltr'>co-</span> 
     </span>
    </p>
   </div>
   <div class='ocr_carea' id='block_1_58' title="bbox 2163 1319 3737 1394">
    <p class='ocr_par' dir='ltr' id='par_1_58' title="bbox 2163 1319 3737 1394">
     <span class='ocr_line' id='line_1_58' title="bbox 2163 1319 3737 1394; baseline 0.003 -21"><span class='ocrx_word' id='word_1_377' title='bbox 2163 1322 2346 1384; x_wconf 87' lang='lat' dir='ltr'>tnites,</span> <span class='ocrx_word' id='word_1_378' title='bbox 2385 1321 2686 1389; x_wconf 80' lang='lat' dir='ltr'>multisque</span> <span class='ocrx_word' id='word_1_379' title='bbox 2717 1319 2955 1374; x_wconf 78' lang='lat' dir='ltr'>familias</span> <span class='ocrx_word' id='word_1_380' title='bbox 2993 1331 3047 1374; x_wconf 89' lang='lat' dir='ltr'>et</span> <span class='ocrx_word' id='word_1_381' title='bbox 3089 1321 3294 1377; x_wconf 88' lang='lat' dir='ltr'>liberos</span> <span class='ocrx_word' id='word_1_382' title='bbox 3328 1338 3458 1376; x_wconf 82' lang='lat' dir='ltr'>suos</span> <span class='ocrx_word' id='word_1_383' title='bbox 3493 1325 3737 1394; x_wconf 72' lang='lat' dir='ltr'>laCzymis</span> 
     </span>
    </p>
   </div>
   <div class='ocr_carea' id='block_1_59' title="bbox 2162 1411 3736 1483">
    <p class='ocr_par' dir='ltr' id='par_1_59' title="bbox 2162 1411 3736 1483">
     <span class='ocr_line' id='line_1_59' title="bbox 2162 1411 3736 1483; baseline 0 -18"><span class='ocrx_word' id='word_1_384' title='bbox 2162 1412 2452 1466; x_wconf 86' lang='lat' dir='ltr'>deﬂerunt.</span> <span class='ocrx_word' id='word_1_385' title='bbox 2513 1413 2678 1467; x_wconf 80' lang='lat' dir='ltr'>Cesra</span> <span class='ocrx_word' id='word_1_386' title='bbox 2740 1427 2874 1483; x_wconf 86' lang='lat' dir='ltr'>ergo</span> <span class='ocrx_word' id='word_1_387' title='bbox 2934 1411 3253 1466; x_wconf 80' lang='lat' dir='ltr'>convocatis</span> <span class='ocrx_word' id='word_1_388' title='bbox 3310 1413 3639 1468; x_wconf 87' lang='lat' dir='ltr'>consiliariis</span> <span class='ocrx_word' id='word_1_389' title='bbox 3691 1425 3736 1465; x_wconf 82' lang='lat' dir='ltr'>et</span> 
     </span>
    </p>
   </div>
   <div class='ocr_carea' id='block_1_60' title="bbox 2163 1503 3736 1575">
    <p class='ocr_par' dir='ltr' id='par_1_60' title="bbox 2163 1503 3736 1575">
     <span class='ocr_line' id='line_1_60' title="bbox 2163 1503 3736 1575; baseline -0.003 -17"><span class='ocrx_word' id='word_1_390' title='bbox 2163 1505 2394 1559; x_wconf 89' lang='lat' dir='ltr'>ducibus</span> <span class='ocrx_word' id='word_1_391' title='bbox 2433 1505 2580 1567; x_wconf 87' lang='lat' dir='ltr'>suis,</span> <span class='ocrx_word' id='word_1_392' title='bbox 2618 1504 2758 1570; x_wconf 83' lang='lat' dir='ltr'>Quid</span> <span class='ocrx_word' id='word_1_393' title='bbox 2792 1504 3016 1573; x_wconf 80' lang='lat' dir='ltr'>(inquit)</span> <span class='ocrx_word' id='word_1_394' title='bbox 3056 1503 3295 1568; x_wconf 81' lang='lat' dir='ltr'>sentitis,</span> <span class='ocrx_word' id='word_1_395' title='bbox 3351 1505 3613 1575; x_wconf 85' lang='lat' dir='ltr'>siquidem</span> <span class='ocrx_word' id='word_1_396' title='bbox 3659 1506 3736 1555; x_wconf 77' lang='lat' dir='ltr'>in-</span> 
     </span>
    </p>
   </div>
   <div class='ocr_carea' id='block_1_61' title="bbox 2165 1596 3739 1668">
    <p class='ocr_par' dir='ltr' id='par_1_61' title="bbox 2165 1596 3739 1668">
     <span class='ocr_line' id='line_1_61' title="bbox 2165 1596 3739 1668; baseline 0.001 -17"><span class='ocrx_word' id='word_1_397' title='bbox 2165 1597 2377 1651; x_wconf 83' lang='lat' dir='ltr'>terl&#39;ecti</span> <span class='ocrx_word' id='word_1_398' title='bbox 2423 1596 2586 1668; x_wconf 75' lang='lat'><strong>236</strong></span> <span class='ocrx_word' id='word_1_399' title='bbox 2634 1608 2763 1650; x_wconf 87' lang='lat' dir='ltr'>sunt</span> <span class='ocrx_word' id='word_1_400' title='bbox 2814 1601 3076 1667; x_wconf 79' lang='lat' dir='ltr'>conjuges</span> <span class='ocrx_word' id='word_1_401' title='bbox 3123 1606 3177 1650; x_wconf 89' lang='lat' dir='ltr'>et</span> <span class='ocrx_word' id='word_1_402' title='bbox 3226 1598 3380 1651; x_wconf 80' lang='lat' dir='ltr'>liberi</span> <span class='ocrx_word' id='word_1_403' title='bbox 3439 1598 3646 1660; x_wconf 77' lang='lat' dir='ltr'>nostri,</span> <span class='ocrx_word' id='word_1_404' title='bbox 3692 1611 3739 1652; x_wconf 88' lang='lat' dir='ltr'>ct</span> 
     </span>
    </p>
   </div>
   <div class='ocr_carea' id='block_1_62' title="bbox 2165 1687 3741 1759">
    <p class='ocr_par' dir='ltr' id='par_1_62' title="bbox 2165 1687 3741 1759">
     <span class='ocr_line' id='line_1_62' title="bbox 2165 1687 3741 1759; baseline 0 -18"><span class='ocrx_word' id='word_1_405' title='bbox 2165 1697 2375 1743; x_wconf 87' lang='lat' dir='ltr'>vastata</span> <span class='ocrx_word' id='word_1_406' title='bbox 2411 1687 2689 1742; x_wconf 83' lang='lat' dir='ltr'>domicilia</span> <span class='ocrx_word' id='word_1_407' title='bbox 2725 1701 2778 1742; x_wconf 87' lang='lat' dir='ltr'>et</span> <span class='ocrx_word' id='word_1_408' title='bbox 2821 1689 3131 1744; x_wconf 88' lang='lat' dir='ltr'>habitacula</span> <span class='ocrx_word' id='word_1_409' title='bbox 3165 1689 3392 1744; x_wconf 81' lang='lat' dir='ltr'>nostra?</span> <span class='ocrx_word' id='word_1_410' title='bbox 3430 1688 3741 1759; x_wconf 75' lang='lat' dir='ltr'>Responde-</span> 
     </span>
    </p>
   </div>
   <div class='ocr_carea' id='block_1_63' title="bbox 2167 1781 3742 1852">
    <p class='ocr_par' dir='ltr' id='par_1_63' title="bbox 2167 1781 3742 1852">
     <span class='ocr_line' id='line_1_63' title="bbox 2167 1781 3742 1852; baseline 0.001 -17"><span class='ocrx_word' id='word_1_411' title='bbox 2167 1789 2294 1835; x_wconf 92' lang='lat' dir='ltr'>runt</span> <span class='ocrx_word' id='word_1_412' title='bbox 2324 1781 2401 1834; x_wconf 92' lang='lat' dir='ltr'>illi</span> <span class='ocrx_word' id='word_1_413' title='bbox 2436 1782 2604 1836; x_wconf 83' lang='lat' dir='ltr'>duces</span> <span class='ocrx_word' id='word_1_414' title='bbox 2635 1790 2688 1835; x_wconf 91' lang='lat' dir='ltr'>et</span> <span class='ocrx_word' id='word_1_415' title='bbox 2725 1783 3021 1836; x_wconf 88' lang='lat' dir='ltr'>consiliarii</span> <span class='ocrx_word' id='word_1_416' title='bbox 3062 1782 3236 1850; x_wconf 88' lang='lat' dir='ltr'>ipsius</span> <span class='ocrx_word' id='word_1_417' title='bbox 3265 1800 3277 1834; x_wconf 95' lang='lat'>:</span> <span class='ocrx_word' id='word_1_418' title='bbox 3322 1781 3465 1835; x_wconf 82' lang='lat' dir='ltr'>Nihil</span> <span class='ocrx_word' id='word_1_419' title='bbox 3507 1783 3742 1852; x_wconf 81' lang='lat' dir='ltr'>proderit</span> 
     </span>
    </p>
   </div>
   <div class='ocr_carea' id='block_1_64' title="bbox 2162 1875 3744 1945">
    <p class='ocr_par' dir='ltr' id='par_1_64' title="bbox 2162 1875 3744 1945">
     <span class='ocr_line' id='line_1_64' title="bbox 2162 1875 3744 1945; baseline 0.003 -17"><span class='ocrx_word' id='word_1_420' title='bbox 2162 1875 2324 1930; x_wconf 89' lang='lat' dir='ltr'>nobis</span> <span class='ocrx_word' id='word_1_421' title='bbox 2363 1875 2450 1929; x_wconf 91' lang='lat' dir='ltr'>hic</span> <span class='ocrx_word' id='word_1_422' title='bbox 2478 1876 2690 1941; x_wconf 88' lang='lat' dir='ltr'>sedere,</span> <span class='ocrx_word' id='word_1_423' title='bbox 2723 1891 2912 1930; x_wconf 86' lang='lat' dir='ltr'>verum</span> <span class='ocrx_word' id='word_1_424' title='bbox 2949 1875 3215 1930; x_wconf 88' lang='lat' dir='ltr'>abeuntes</span> <span class='ocrx_word' id='word_1_425' title='bbox 3239 1892 3366 1930; x_wconf 77' lang='lat' dir='ltr'>eam</span> <span class='ocrx_word' id='word_1_426' title='bbox 3405 1877 3744 1945; x_wconf 88' lang='lat' dir='ltr'>inquiramus</span> 
     </span>
    </p>
   </div>
   <div class='ocr_carea' id='block_1_65' title="bbox 2161 1959 3774 2039">
    <p class='ocr_par' dir='ltr' id='par_1_65' title="bbox 2161 1959 3774 2039">
     <span class='ocr_line' id='line_1_65' title="bbox 2161 1959 3774 2039; baseline 0 -17"><span class='ocrx_word' id='word_1_427' title='bbox 2161 1969 2302 2022; x_wconf 83' lang='lat' dir='ltr'>viam</span> <span class='ocrx_word' id='word_1_428' title='bbox 2333 1985 2493 2038; x_wconf 88' lang='lat' dir='ltr'>quam</span> <span class='ocrx_word' id='word_1_429' title='bbox 2532 1979 2677 2023; x_wconf 88' lang='lat' dir='ltr'>tenet</span> <span class='ocrx_word' id='word_1_430' title='bbox 2709 1967 2994 2024; x_wconf 88' lang='lat' dir='ltr'>Heraclius</span> <span class='ocrx_word' id='word_1_431' title='bbox 3022 1985 3133 2039; x_wconf 93' lang='lat' dir='ltr'>quo</span> <span class='ocrx_word' id='word_1_432' title='bbox 3163 1970 3262 2038; x_wconf 85' lang='lat' dir='ltr'>ipsi</span> <span class='ocrx_word' id='word_1_433' title='bbox 3293 1969 3508 2024; x_wconf 87' lang='lat' dir='ltr'>obviam</span> <span class='ocrx_word' id='word_1_434' title='bbox 3534 1959 3774 2023; x_wconf 67' lang='lat' dir='ltr'>eamus.~</span> 
     </span>
    </p>
   </div>
   <div class='ocr_carea' id='block_1_66' title="bbox 2164 2057 3747 2130">
    <p class='ocr_par' dir='ltr' id='par_1_66' title="bbox 2164 2057 3747 2130">
     <span class='ocr_line' id='line_1_66' title="bbox 2164 2057 3747 2130; baseline -0.002 -17"><span class='ocrx_word' id='word_1_435' title='bbox 2164 2057 2330 2114; x_wconf 84' lang='lat' dir='ltr'>Cesra</span> <span class='ocrx_word' id='word_1_436' title='bbox 2365 2059 2531 2128; x_wconf 83' lang='lat' dir='ltr'>igitur</span> <span class='ocrx_word' id='word_1_437' title='bbox 2560 2059 2727 2114; x_wconf 79' lang='lat' dir='ltr'>missa</span> <span class='ocrx_word' id='word_1_438' title='bbox 2758 2059 3269 2130; x_wconf 74' lang='lat' dir='ltr'>Consmntinupolis</span> <span class='ocrx_word' id='word_1_439' title='bbox 3298 2061 3586 2115; x_wconf 83' lang='lat' dir='ltr'>obsidione</span> <span class='ocrx_word' id='word_1_440' title='bbox 3619 2078 3747 2125; x_wconf 72' lang='grc' dir='ltr'>ρευ-</span> 
     </span>
    </p>
   </div>
   <div class='ocr_carea' id='block_1_67' title="bbox 2164 2150 3746 2221">
    <p class='ocr_par' dir='ltr' id='par_1_67' title="bbox 2164 2150 3746 2221">
     <span class='ocr_line' id='line_1_67' title="bbox 2164 2150 3746 2221; baseline 0 -15"><span class='ocrx_word' id='word_1_441' title='bbox 2164 2151 2338 2206; x_wconf 84' lang='lat' dir='ltr'>feetus</span> <span class='ocrx_word' id='word_1_442' title='bbox 2367 2161 2450 2205; x_wconf 92' lang='lat' dir='ltr'>est</span> <span class='ocrx_word' id='word_1_443' title='bbox 2477 2152 2541 2206; x_wconf 90' lang='lat' dir='ltr'>ad</span> <span class='ocrx_word' id='word_1_444' title='bbox 2570 2150 2883 2207; x_wconf 88' lang='lat' dir='ltr'>Heraclium</span> <span class='ocrx_word' id='word_1_445' title='bbox 2909 2154 3288 2221; x_wconf 67' lang='lat' dir='ltr'>quaarendum.</span> <span class='ocrx_word' id='word_1_446' title='bbox 3318 2153 3452 2206; x_wconf 88' lang='lat' dir='ltr'>Dum</span> <span class='ocrx_word' id='word_1_447' title='bbox 3479 2163 3660 2207; x_wconf 89' lang='lat' dir='ltr'>autem</span> <span class='ocrx_word' id='word_1_448' title='bbox 3697 2156 3746 2206; x_wconf 85' lang='lat' dir='ltr'>in</span> 
     </span>
    </p>
   </div>
   <div class='ocr_carea' id='block_1_68' title="bbox 2164 2244 3745 2316">
    <p class='ocr_par' dir='ltr' id='par_1_68' title="bbox 2164 2244 3745 2316">
     <span class='ocr_line' id='line_1_68' title="bbox 2164 2244 3745 2316; baseline 0.002 -20"><span class='ocrx_word' id='word_1_449' title='bbox 2164 2245 2248 2297; x_wconf 85' lang='lat' dir='ltr'>via</span> <span class='ocrx_word' id='word_1_450' title='bbox 2288 2255 2558 2316; x_wconf 78' lang='lat' dir='ltr'>pergeret,</span> <span class='ocrx_word' id='word_1_451' title='bbox 2611 2252 2888 2298; x_wconf 89' lang='lat' dir='ltr'>narratum</span> <span class='ocrx_word' id='word_1_452' title='bbox 2935 2245 3009 2298; x_wconf 91' lang='lat' dir='ltr'>illi</span> <span class='ocrx_word' id='word_1_453' title='bbox 3054 2253 3136 2300; x_wconf 90' lang='lat' dir='ltr'>est</span> <span class='ocrx_word' id='word_1_454' title='bbox 3190 2244 3496 2300; x_wconf 85' lang='lat' dir='ltr'>Heracliam</span> <span class='ocrx_word' id='word_1_455' title='bbox 3543 2247 3745 2316; x_wconf 78' lang='lat' dir='ltr'>Tigrim</span> 
     </span>
    </p>
   </div>
   <div class='ocr_carea' id='block_1_69' title="bbox 2157 2336 3745 2407">
    <p class='ocr_par' dir='ltr' id='par_1_69' title="bbox 2157 2336 3745 2407">
     <span class='ocr_line' id='line_1_69' title="bbox 2157 2336 3745 2407; baseline -0.003 -15"><span class='ocrx_word' id='word_1_456' title='bbox 2157 2337 2271 2407; x_wconf 88' lang='lat' dir='ltr'>jam</span> <span class='ocrx_word' id='word_1_457' title='bbox 2310 2338 2596 2399; x_wconf 83' lang='lat' dir='ltr'>transisse,</span> <span class='ocrx_word' id='word_1_458' title='bbox 2631 2352 2696 2392; x_wconf 89' lang='lat' dir='ltr'>ac</span> <span class='ocrx_word' id='word_1_459' title='bbox 2737 2337 3049 2392; x_wconf 77' lang='lat' dir='ltr'>necessario</span> <span class='ocrx_word' id='word_1_460' title='bbox 3086 2336 3188 2407; x_wconf 88' lang='lat' dir='ltr'>ipsi</span> <span class='ocrx_word' id='word_1_461' title='bbox 3222 2336 3444 2392; x_wconf 90' lang='lat' dir='ltr'>ﬂuviunt</span> <span class='ocrx_word' id='word_1_462' title='bbox 3481 2337 3745 2394; x_wconf 73' lang='lat' dir='ltr'>Arsaniam</span> 
     </span>
    </p>
   </div>
   <div class='ocr_carea' id='block_1_70' title="bbox 2165 2432 3748 2501">
    <p class='ocr_par' dir='ltr' id='par_1_70' title="bbox 2165 2432 3748 2501">
     <span class='ocr_line' id='line_1_70' title="bbox 2165 2432 3748 2501; baseline 0.001 -18"><span class='ocrx_word' id='word_1_463' title='bbox 2165 2432 2474 2486; x_wconf 82' lang='lat' dir='ltr'>vadandum</span> <span class='ocrx_word' id='word_1_464' title='bbox 2502 2446 2646 2486; x_wconf 87' lang='lat' dir='ltr'>esse.</span> <span class='ocrx_word' id='word_1_465' title='bbox 2677 2432 3058 2486; x_wconf 38' lang='lat' dir='ltr'>Acer-lerantes</span> <span class='ocrx_word' id='word_1_466' title='bbox 3086 2432 3272 2501; x_wconf 80' lang='lat' dir='ltr'>igitur,</span> <span class='ocrx_word' id='word_1_467' title='bbox 3307 2432 3587 2501; x_wconf 89' lang='lat' dir='ltr'>inquiunt,</span> <span class='ocrx_word' id='word_1_468' title='bbox 3613 2435 3748 2500; x_wconf 65' lang='lat' dir='ltr'>vada</span> 
     </span>
    </p>
   </div>
   <div class='ocr_carea' id='block_1_71' title="bbox 2163 2523 3748 2592">
    <p class='ocr_par' dir='ltr' id='par_1_71' title="bbox 2163 2523 3748 2592">
     <span class='ocr_line' id='line_1_71' title="bbox 2163 2523 3748 2592; baseline 0 -14"><span class='ocrx_word' id='word_1_469' title='bbox 2163 2533 2293 2578; x_wconf 83' lang='lat' dir='ltr'>ante</span> <span class='ocrx_word' id='word_1_470' title='bbox 2342 2523 2522 2592; x_wconf 87' lang='lat' dir='ltr'>ipsum</span> <span class='ocrx_word' id='word_1_471' title='bbox 2578 2538 2944 2592; x_wconf 89' lang='lat' dir='ltr'>occupemus,</span> <span class='ocrx_word' id='word_1_472' title='bbox 2993 2539 3102 2591; x_wconf 88' lang='lat' dir='ltr'>quo</span> <span class='ocrx_word' id='word_1_473' title='bbox 3154 2523 3338 2578; x_wconf 89' lang='lat' dir='ltr'>minus</span> <span class='ocrx_word' id='word_1_474' title='bbox 3385 2523 3460 2576; x_wconf 86' lang='lat' dir='ltr'>illi</span> <span class='ocrx_word' id='word_1_475' title='bbox 3516 2526 3748 2578; x_wconf 77' lang='lat' dir='ltr'>transite</span> 
     </span>
    </p>
   </div>
   <div class='ocr_carea' id='block_1_72' title="bbox 2165 2615 3746 2686">
    <p class='ocr_par' dir='ltr' id='par_1_72' title="bbox 2165 2615 3746 2686">
     <span class='ocr_line' id='line_1_72' title="bbox 2165 2615 3746 2686; baseline -0.001 -16"><span class='ocrx_word' id='word_1_476' title='bbox 2165 2617 2345 2672; x_wconf 89' lang='lat' dir='ltr'>liccat.</span> <span class='ocrx_word' id='word_1_477' title='bbox 2375 2618 2672 2686; x_wconf 86' lang='lat' dir='ltr'>Speramus</span> <span class='ocrx_word' id='word_1_478' title='bbox 2704 2617 2849 2670; x_wconf 88' lang='lat' dir='ltr'>enim</span> <span class='ocrx_word' id='word_1_479' title='bbox 2889 2615 3052 2668; x_wconf 87' lang='lat' dir='ltr'>Deum</span> <span class='ocrx_word' id='word_1_480' title='bbox 3089 2616 3246 2670; x_wconf 83' lang='lat' dir='ltr'>nobis</span> <span class='ocrx_word' id='word_1_481' title='bbox 3276 2615 3330 2670; x_wconf 91' lang='lat' dir='ltr'>in</span> <span class='ocrx_word' id='word_1_482' title='bbox 3369 2618 3543 2683; x_wconf 87' lang='lat' dir='ltr'>ipsum</span> <span class='ocrx_word' id='word_1_483' title='bbox 3575 2619 3746 2671; x_wconf 83' lang='lat' dir='ltr'>victo-</span> 
     </span>
    </p>
   </div>
   <div class='ocr_carea' id='block_1_73' title="bbox 2167 2703 3748 2778">
    <p class='ocr_par' dir='ltr' id='par_1_73' title="bbox 2167 2703 3748 2778">
     <span class='ocr_line' id='line_1_73' title="bbox 2167 2703 3748 2778; baseline -0.001 -16"><span class='ocrx_word' id='word_1_484' title='bbox 2167 2710 2299 2762; x_wconf 90' lang='lat' dir='ltr'>riam</span> <span class='ocrx_word' id='word_1_485' title='bbox 2333 2721 2726 2761; x_wconf 90' lang='lat' dir='ltr'>concessurum</span> <span class='ocrx_word' id='word_1_486' title='bbox 2759 2721 2867 2776; x_wconf 91' lang='lat' dir='ltr'>quo</span> <span class='ocrx_word' id='word_1_487' title='bbox 2903 2703 3150 2776; x_wconf 77' lang='lat' dir='ltr'>captivos</span> <span class='ocrx_word' id='word_1_488' title='bbox 3186 2709 3290 2778; x_wconf 89' lang='lat' dir='ltr'>ipsi</span> <span class='ocrx_word' id='word_1_489' title='bbox 3329 2709 3662 2778; x_wconf 81' lang='lat' dir='ltr'>eripiamus.</span> <span class='ocrx_word' id='word_1_490' title='bbox 3697 2719 3748 2761; x_wconf 75' lang='lat' dir='ltr'>et</span> 
     </span>
    </p>
   </div>
   <div class='ocr_carea' id='block_1_74' title="bbox 2165 2799 3749 2870">
    <p class='ocr_par' dir='ltr' id='par_1_74' title="bbox 2165 2799 3749 2870">
     <span class='ocr_line' id='line_1_74' title="bbox 2165 2799 3749 2870; baseline 0.001 -18"><span class='ocrx_word' id='word_1_491' title='bbox 2165 2799 2348 2852; x_wconf 89' lang='lat' dir='ltr'>omnia</span> <span class='ocrx_word' id='word_1_492' title='bbox 2383 2814 2502 2868; x_wconf 68' lang='lat' dir='ltr'>quae</span> <span class='ocrx_word' id='word_1_493' title='bbox 2531 2814 2715 2854; x_wconf 86' lang='lat' dir='ltr'>secum</span> <span class='ocrx_word' id='word_1_494' title='bbox 2743 2799 2899 2852; x_wconf 83' lang='lat' dir='ltr'>duxit</span> <span class='ocrx_word' id='word_1_495' title='bbox 2926 2800 3246 2868; x_wconf 87' lang='lat' dir='ltr'>capiamus;</span> <span class='ocrx_word' id='word_1_496' title='bbox 3287 2801 3560 2870; x_wconf 84' lang='lat' dir='ltr'>siquidem</span> <span class='ocrx_word' id='word_1_497' title='bbox 3598 2800 3749 2853; x_wconf 81' lang='lat' dir='ltr'>viros</span> 
     </span>
    </p>
   </div>
   <div class='ocr_carea' id='block_1_75' title="bbox 2167 2888 3741 2961">
    <p class='ocr_par' dir='ltr' id='par_1_75' title="bbox 2167 2888 3741 2961">
     <span class='ocr_line' id='line_1_75' title="bbox 2167 2888 3741 2961; baseline -0.002 -15"><span class='ocrx_word' id='word_1_498' title='bbox 2167 2892 2464 2946; x_wconf 85' lang='lat' dir='ltr'>Persarum</span> <span class='ocrx_word' id='word_1_499' title='bbox 2514 2890 2787 2960; x_wconf 86' lang='lat' dir='ltr'>perdidit,</span> <span class='ocrx_word' id='word_1_500' title='bbox 2839 2888 3181 2961; x_wconf 80' lang='lat' dir='ltr'>fetninasque</span> <span class='ocrx_word' id='word_1_501' title='bbox 3227 2907 3553 2945; x_wconf 87' lang='lat' dir='ltr'>communes</span> <span class='ocrx_word' id='word_1_502' title='bbox 3595 2891 3741 2945; x_wconf 78' lang='lat' dir='ltr'>fecit.</span> 
     </span>
    </p>
   </div>
   <div class='ocr_carea' id='block_1_76' title="bbox 2167 2980 3752 3052">
    <p class='ocr_par' dir='ltr' id='par_1_76' title="bbox 2167 2980 3752 3052">
     <span class='ocr_line' id='line_1_76' title="bbox 2167 2980 3752 3052; baseline -0.003 -15"><span class='ocrx_word' id='word_1_503' title='bbox 2167 2981 2499 3038; x_wconf 86' lang='lat' dir='ltr'>Perveniens</span> <span class='ocrx_word' id='word_1_504' title='bbox 2557 2997 2689 3052; x_wconf 85' lang='lat' dir='ltr'>ergo</span> <span class='ocrx_word' id='word_1_505' title='bbox 2740 2980 2912 3035; x_wconf 87' lang='lat' dir='ltr'>Cesra</span> <span class='ocrx_word' id='word_1_506' title='bbox 2967 2981 3031 3035; x_wconf 89' lang='lat' dir='ltr'>ad</span> <span class='ocrx_word' id='word_1_507' title='bbox 3087 2982 3311 3035; x_wconf 84' lang='lat' dir='ltr'>ﬂuvium</span> <span class='ocrx_word' id='word_1_508' title='bbox 3359 2982 3628 3036; x_wconf 81' lang='lat' dir='ltr'>Arsanam</span> <span class='ocrx_word' id='word_1_509' title='bbox 3684 2984 3752 3035; x_wconf 85' lang='lat' dir='ltr'>ad</span> 
     </span>
    </p>
   </div>
   <div class='ocr_carea' id='block_1_77' title="bbox 2169 3069 3748 3142">
    <p class='ocr_par' dir='ltr' id='par_1_77' title="bbox 2169 3069 3748 3142">
     <span class='ocr_line' id='line_1_77' title="bbox 2169 3069 3748 3142; baseline 0.005 -22"><span class='ocrx_word' id='word_1_510' title='bbox 2169 3071 2367 3125; x_wconf 86' lang='lat' dir='ltr'>vadum</span> <span class='ocrx_word' id='word_1_511' title='bbox 2416 3078 2847 3126; x_wconf 82' lang='lat' dir='ltr'>castrametatus</span> <span class='ocrx_word' id='word_1_512' title='bbox 2889 3079 3008 3136; x_wconf 88' lang='lat' dir='ltr'>est,</span> <span class='ocrx_word' id='word_1_513' title='bbox 3057 3069 3368 3126; x_wconf 86' lang='lat' dir='ltr'>Heracliutn</span> <span class='ocrx_word' id='word_1_514' title='bbox 3407 3071 3748 3142; x_wconf 64' lang='lat' dir='ltr'>prestolans.</span> 
     </span>
    </p>
   </div>
   <div class='ocr_carea' id='block_1_78' title="bbox 2168 3161 3748 3220">
    <p class='ocr_par' dir='ltr' id='par_1_78' title="bbox 2168 3161 3748 3220">
     <span class='ocr_line' id='line_1_78' title="bbox 2168 3161 3748 3220; baseline 0 -2"><span class='ocrx_word' id='word_1_515' title='bbox 2168 3161 2300 3218; x_wconf 89' lang='lat' dir='ltr'>Cum</span> <span class='ocrx_word' id='word_1_516' title='bbox 2328 3180 2458 3218; x_wconf 88' lang='lat' dir='ltr'>vero</span> <span class='ocrx_word' id='word_1_517' title='bbox 2485 3161 2774 3218; x_wconf 85' lang='lat' dir='ltr'>Heraclius</span> <span class='ocrx_word' id='word_1_518' title='bbox 2809 3165 2878 3217; x_wconf 91' lang='lat' dir='ltr'>ab</span> <span class='ocrx_word' id='word_1_519' title='bbox 2903 3165 3113 3218; x_wconf 85' lang='lat' dir='ltr'>Arsana</span> <span class='ocrx_word' id='word_1_520' title='bbox 3150 3164 3314 3218; x_wconf 89' lang='lat' dir='ltr'>ﬂuvio</span> <span class='ocrx_word' id='word_1_521' title='bbox 3343 3165 3508 3220; x_wconf 90' lang='lat' dir='ltr'>unius</span> <span class='ocrx_word' id='word_1_522' title='bbox 3539 3165 3748 3220; x_wconf 70' lang='lat' dir='ltr'>tantum</span> 
     </span>
    </p>
   </div>
   <div class='ocr_carea' id='block_1_79' title="bbox 2170 3255 3749 3326">
    <p class='ocr_par' dir='ltr' id='par_1_79' title="bbox 2170 3255 3749 3326">
     <span class='ocr_line' id='line_1_79' title="bbox 2170 3255 3749 3326; baseline -0.001 -18"><span class='ocrx_word' id='word_1_523' title='bbox 2170 3255 2275 3308; x_wconf 91' lang='lat' dir='ltr'>diei</span> <span class='ocrx_word' id='word_1_524' title='bbox 2307 3255 2501 3309; x_wconf 89' lang='lat' dir='ltr'>itinere</span> <span class='ocrx_word' id='word_1_525' title='bbox 2528 3257 2638 3323; x_wconf 88' lang='lat' dir='ltr'>jam</span> <span class='ocrx_word' id='word_1_526' title='bbox 2674 3256 2915 3317; x_wconf 87' lang='lat' dir='ltr'>abesset,</span> <span class='ocrx_word' id='word_1_527' title='bbox 2951 3255 3258 3309; x_wconf 87' lang='lat' dir='ltr'>nuntiatum</span> <span class='ocrx_word' id='word_1_528' title='bbox 3291 3255 3392 3326; x_wconf 81' lang='lat' dir='ltr'>ipsi</span> <span class='ocrx_word' id='word_1_529' title='bbox 3425 3267 3506 3311; x_wconf 87' lang='lat' dir='ltr'>est</span> <span class='ocrx_word' id='word_1_530' title='bbox 3530 3258 3749 3309; x_wconf 76' lang='lat' dir='ltr'>(Zesraai</span> 
     </span>
    </p>
   </div>
   <div class='ocr_carea' id='block_1_80' title="bbox 2169 3349 3753 3418">
    <p class='ocr_par' dir='ltr' id='par_1_80' title="bbox 2169 3349 3753 3418">
     <span class='ocr_line' id='line_1_80' title="bbox 2169 3349 3753 3418; baseline -0.001 -17"><span class='ocrx_word' id='word_1_531' title='bbox 2169 3349 2232 3401; x_wconf 86' lang='lat' dir='ltr'>ad</span> <span class='ocrx_word' id='word_1_532' title='bbox 2271 3349 2462 3401; x_wconf 86' lang='lat' dir='ltr'>vadum</span> <span class='ocrx_word' id='word_1_533' title='bbox 2507 3349 2783 3402; x_wconf 88' lang='lat' dir='ltr'>sedentem</span> <span class='ocrx_word' id='word_1_534' title='bbox 2827 3349 3004 3417; x_wconf 91' lang='lat' dir='ltr'>ipsum</span> <span class='ocrx_word' id='word_1_535' title='bbox 3049 3357 3415 3418; x_wconf 78' lang='lat' dir='ltr'>exspectare:</span> <span class='ocrx_word' id='word_1_536' title='bbox 3461 3349 3550 3403; x_wconf 89' lang='lat' dir='ltr'>ille</span> <span class='ocrx_word' id='word_1_537' title='bbox 3586 3363 3753 3417; x_wconf 88' lang='lat' dir='ltr'>ergo,</span> 
     </span>
    </p>
   </div>
   <div class='ocr_carea' id='block_1_81' title="bbox 2172 3435 3758 3506">
    <p class='ocr_par' dir='ltr' id='par_1_81' title="bbox 2172 3435 3758 3506">
     <span class='ocr_line' id='line_1_81' title="bbox 2172 3435 3758 3506; baseline 0.003 -18"><span class='ocrx_word' id='word_1_538' title='bbox 2172 3435 2366 3490; x_wconf 86' lang='lat' dir='ltr'>relicto</span> <span class='ocrx_word' id='word_1_539' title='bbox 2401 3435 2648 3490; x_wconf 82' lang='lat' dir='ltr'>exercitu</span> <span class='ocrx_word' id='word_1_540' title='bbox 2682 3451 2805 3503; x_wconf 89' lang='lat' dir='ltr'>suo,</span> <span class='ocrx_word' id='word_1_541' title='bbox 2836 3453 3067 3506; x_wconf 63' lang='lat' dir='ltr'>quasque</span> <span class='ocrx_word' id='word_1_542' title='bbox 3104 3453 3292 3492; x_wconf 87' lang='lat' dir='ltr'>secum</span> <span class='ocrx_word' id='word_1_543' title='bbox 3330 3437 3542 3503; x_wconf 81' lang='lat' dir='ltr'>habuit,</span> <span class='ocrx_word' id='word_1_544' title='bbox 3572 3436 3758 3506; x_wconf 68' lang='lat' dir='ltr'>impc-</span> 
     </span>
    </p>
   </div>
   <div class='ocr_carea' id='block_1_82' title="bbox 2171 3526 3751 3600">
    <p class='ocr_par' dir='ltr' id='par_1_82' title="bbox 2171 3526 3751 3600">
     <span class='ocr_line' id='line_1_82' title="bbox 2171 3526 3751 3600; baseline 0.002 -20"><span class='ocrx_word' id='word_1_545' title='bbox 2171 3526 2455 3590; x_wconf 89' lang='lat' dir='ltr'>dimentis,</span> <span class='ocrx_word' id='word_1_546' title='bbox 2481 3528 2896 3600; x_wconf 87' lang='lat' dir='ltr'>assumptisque</span> <span class='ocrx_word' id='word_1_547' title='bbox 2922 3531 3186 3585; x_wconf 82' lang='lat' dir='ltr'>comitum</span> <span class='ocrx_word' id='word_1_548' title='bbox 3222 3545 3447 3585; x_wconf 88' lang='lat' dir='ltr'>suorum</span> <span class='ocrx_word' id='word_1_549' title='bbox 3477 3530 3751 3584; x_wconf 88' lang='lat' dir='ltr'>nonnullis</span> 
     </span>
    </p>
   </div>
   <div class='ocr_carea' id='block_1_83' title="bbox 2171 3621 3752 3693">
    <p class='ocr_par' dir='ltr' id='par_1_83' title="bbox 2171 3621 3752 3693">
     <span class='ocr_line' id='line_1_83' title="bbox 2171 3621 3752 3693; baseline -0.001 -18"><span class='ocrx_word' id='word_1_550' title='bbox 2171 3629 2414 3676; x_wconf 85' lang='lat' dir='ltr'>stramen</span> <span class='ocrx_word' id='word_1_551' title='bbox 2441 3636 2628 3675; x_wconf 88' lang='lat' dir='ltr'>secum</span> <span class='ocrx_word' id='word_1_552' title='bbox 2655 3631 2708 3677; x_wconf 90' lang='lat' dir='ltr'>et</span> <span class='ocrx_word' id='word_1_553' title='bbox 2733 3621 3107 3692; x_wconf 88' lang='lat' dir='ltr'>jumentorum</span> <span class='ocrx_word' id='word_1_554' title='bbox 3135 3623 3321 3677; x_wconf 81' lang='lat' dir='ltr'>tlinum</span> <span class='ocrx_word' id='word_1_555' title='bbox 3355 3623 3585 3693; x_wconf 86' lang='lat' dir='ltr'>accepit,</span> <span class='ocrx_word' id='word_1_556' title='bbox 3611 3639 3752 3692; x_wconf 62' lang='grc' dir='ltr'><strong>φιτ,</strong></span> 
     </span>
    </p>
   </div>
   <div class='ocr_carea' id='block_1_84' title="bbox 2172 3714 3754 3776">
    <p class='ocr_par' dir='ltr' id='par_1_84' title="bbox 2172 3714 3754 3776">
     <span class='ocr_line' id='line_1_84' title="bbox 2172 3714 3754 3776; baseline -0.002 -9"><span class='ocrx_word' id='word_1_557' title='bbox 2172 3728 2294 3767; x_wconf 92' lang='lat' dir='ltr'>cum</span> <span class='ocrx_word' id='word_1_558' title='bbox 2328 3714 2560 3769; x_wconf 88' lang='lat' dir='ltr'>adverso</span> <span class='ocrx_word' id='word_1_559' title='bbox 2582 3714 2807 3770; x_wconf 88' lang='lat' dir='ltr'>ﬂumine</span> <span class='ocrx_word' id='word_1_560' title='bbox 2839 3716 3000 3771; x_wconf 89' lang='lat' dir='ltr'>unius</span> <span class='ocrx_word' id='word_1_561' title='bbox 3030 3715 3138 3770; x_wconf 91' lang='lat' dir='ltr'>diei</span> <span class='ocrx_word' id='word_1_562' title='bbox 3169 3715 3364 3771; x_wconf 90' lang='lat' dir='ltr'>itinere</span> <span class='ocrx_word' id='word_1_563' title='bbox 3393 3715 3754 3776; x_wconf 82' lang='lat' dir='ltr'>ascendisset,</span> 
     </span>
    </p>
   </div>
   <div class='ocr_carea' id='block_1_85' title="bbox 2174 3805 3754 3878">
    <p class='ocr_par' dir='ltr' id='par_1_85' title="bbox 2174 3805 3754 3878">
     <span class='ocr_line' id='line_1_85' title="bbox 2174 3805 3754 3878; baseline -0.001 -19"><span class='ocrx_word' id='word_1_564' title='bbox 2174 3805 2228 3859; x_wconf 91' lang='lat' dir='ltr'>in</span> <span class='ocrx_word' id='word_1_565' title='bbox 2271 3805 2495 3860; x_wconf 89' lang='lat' dir='ltr'>ﬂuvium</span> <span class='ocrx_word' id='word_1_566' title='bbox 2534 3807 2791 3875; x_wconf 89' lang='lat' dir='ltr'>conjeeit.</span> <span class='ocrx_word' id='word_1_567' title='bbox 2832 3809 2986 3878; x_wconf 82' lang='lat' dir='ltr'>Aqua</span> <span class='ocrx_word' id='word_1_568' title='bbox 3020 3823 3151 3878; x_wconf 82' lang='lat' dir='ltr'>ergo</span> <span class='ocrx_word' id='word_1_569' title='bbox 3189 3817 3432 3863; x_wconf 89' lang='lat' dir='ltr'>stramen</span> <span class='ocrx_word' id='word_1_570' title='bbox 3473 3817 3526 3860; x_wconf 88' lang='lat' dir='ltr'>et</span> <span class='ocrx_word' id='word_1_571' title='bbox 3567 3809 3754 3860; x_wconf 81' lang='lat' dir='ltr'>limum</span> 
     </span>
    </p>
   </div>
   <div class='ocr_carea' id='block_1_86' title="bbox 2172 3899 3757 3974">
    <p class='ocr_par' dir='ltr' id='par_1_86' title="bbox 2172 3899 3757 3974">
     <span class='ocr_line' id='line_1_86' title="bbox 2172 3899 3757 3974; baseline -0.002 -20"><span class='ocrx_word' id='word_1_572' title='bbox 2172 3911 2362 3954; x_wconf 80' lang='lat' dir='ltr'>Secum</span> <span class='ocrx_word' id='word_1_573' title='bbox 2407 3901 2586 3955; x_wconf 86' lang='lat' dir='ltr'>delata</span> <span class='ocrx_word' id='word_1_574' title='bbox 2621 3901 2778 3973; x_wconf 79' lang='lat' dir='ltr'>juxta</span> <span class='ocrx_word' id='word_1_575' title='bbox 2820 3899 3044 3957; x_wconf 87' lang='lat' dir='ltr'>Cesram</span> <span class='ocrx_word' id='word_1_576' title='bbox 3092 3913 3146 3956; x_wconf 90' lang='lat' dir='ltr'>et</span> <span class='ocrx_word' id='word_1_577' title='bbox 3188 3901 3548 3974; x_wconf 75' lang='lat'><strong>237-239</strong></span> <span class='ocrx_word' id='word_1_578' title='bbox 3583 3903 3757 3972; x_wconf 86' lang='lat' dir='ltr'>ipsius</span> 
     </span>
    </p>
   </div>
   <div class='ocr_carea' id='block_1_87' title="bbox 2175 3993 3756 4063">
    <p class='ocr_par' dir='ltr' id='par_1_87' title="bbox 2175 3993 3756 4063">
     <span class='ocr_line' id='line_1_87' title="bbox 2175 3993 3756 4063; baseline -0.003 -14"><span class='ocrx_word' id='word_1_579' title='bbox 2175 3996 2358 4049; x_wconf 88' lang='lat' dir='ltr'>socios</span> <span class='ocrx_word' id='word_1_580' title='bbox 2389 3996 2712 4057; x_wconf 79' lang='lat' dir='ltr'>transvexit,</span> <span class='ocrx_word' id='word_1_581' title='bbox 2750 3993 2949 4063; x_wconf 90' lang='lat' dir='ltr'>quibus</span> <span class='ocrx_word' id='word_1_582' title='bbox 2992 3994 3043 4047; x_wconf 94' lang='lat' dir='ltr'>in</span> <span class='ocrx_word' id='word_1_583' title='bbox 3078 3994 3244 4048; x_wconf 82' lang='lat' dir='ltr'>ﬂuvio</span> <span class='ocrx_word' id='word_1_584' title='bbox 3279 3995 3612 4062; x_wconf 84' lang='lat' dir='ltr'>conspectis,</span> <span class='ocrx_word' id='word_1_585' title='bbox 3654 3994 3756 4052; x_wconf 79' lang='lat' dir='ltr'>illi,</span> 
     </span>
    </p>
   </div>
   <div class='ocr_carea' id='block_1_88' title="bbox 2177 4085 3755 4157">
    <p class='ocr_par' dir='ltr' id='par_1_88' title="bbox 2177 4085 3755 4157">
     <span class='ocr_line' id='line_1_88' title="bbox 2177 4085 3755 4157; baseline -0.004 -16"><span class='ocrx_word' id='word_1_586' title='bbox 2177 4085 2491 4141; x_wconf 86' lang='lat' dir='ltr'>Heracliqu</span> <span class='ocrx_word' id='word_1_587' title='bbox 2546 4085 2676 4140; x_wconf 91' lang='lat' dir='ltr'>alibi</span> <span class='ocrx_word' id='word_1_588' title='bbox 2734 4086 2987 4155; x_wconf 87' lang='lat' dir='ltr'>superius</span> <span class='ocrx_word' id='word_1_589' title='bbox 3036 4085 3260 4140; x_wconf 90' lang='lat' dir='ltr'>ﬂuvium</span> <span class='ocrx_word' id='word_1_590' title='bbox 3303 4085 3580 4157; x_wconf 85' lang='lat' dir='ltr'>trajecisse</span> <span class='ocrx_word' id='word_1_591' title='bbox 3629 4088 3755 4146; x_wconf 82' lang='lat' dir='ltr'>rati,</span> 
     </span>
    </p>
   </div>
   <div class='ocr_carea' id='block_1_89' title="bbox 2176 4178 3760 4251">
    <p class='ocr_par' dir='ltr' id='par_1_89' title="bbox 2176 4178 3760 4251">
     <span class='ocr_line' id='line_1_89' title="bbox 2176 4178 3760 4251; baseline -0.004 -16"><span class='ocrx_word' id='word_1_592' title='bbox 2176 4182 2371 4236; x_wconf 89' lang='lat' dir='ltr'>relicto</span> <span class='ocrx_word' id='word_1_593' title='bbox 2404 4179 2542 4234; x_wconf 89' lang='lat' dir='ltr'>vado</span> <span class='ocrx_word' id='word_1_594' title='bbox 2590 4178 2821 4251; x_wconf 83' lang='lat' dir='ltr'>profecti</span> <span class='ocrx_word' id='word_1_595' title='bbox 2870 4189 2999 4234; x_wconf 88' lang='lat' dir='ltr'>sunt</span> <span class='ocrx_word' id='word_1_596' title='bbox 3042 4180 3107 4234; x_wconf 88' lang='lat' dir='ltr'>ad</span> <span class='ocrx_word' id='word_1_597' title='bbox 3147 4180 3326 4235; x_wconf 91' lang='lat' dir='ltr'>locmn</span> <span class='ocrx_word' id='word_1_598' title='bbox 3371 4179 3462 4233; x_wconf 83' lang='lat' dir='ltr'>tibi</span> <span class='ocrx_word' id='word_1_599' title='bbox 3498 4178 3760 4232; x_wconf 70' lang='lat' dir='ltr'>transiret</span> 
     </span>
    </p>
   </div>
   <div class='ocr_carea' id='block_1_90' title="bbox 2178 4269 3759 4339">
    <p class='ocr_par' dir='ltr' id='par_1_90' title="bbox 2178 4269 3759 4339">
     <span class='ocr_line' id='line_1_90' title="bbox 2178 4269 3759 4339; baseline -0.003 -13"><span class='ocrx_word' id='word_1_600' title='bbox 2178 4272 2460 4327; x_wconf 86' lang='lat' dir='ltr'>Ileraclins</span> <span class='ocrx_word' id='word_1_601' title='bbox 2510 4271 2889 4339; x_wconf 70' lang='lat' dir='ltr'>quaerendum.</span> <span class='ocrx_word' id='word_1_602' title='bbox 2951 4269 3157 4326; x_wconf 87' lang='lat' dir='ltr'>Deinde</span> <span class='ocrx_word' id='word_1_603' title='bbox 3210 4270 3460 4326; x_wconf 88' lang='lat' dir='ltr'>Heraclio</span> <span class='ocrx_word' id='word_1_604' title='bbox 3508 4269 3573 4323; x_wconf 83' lang='lat' dir='ltr'>ad</span> <span class='ocrx_word' id='word_1_605' title='bbox 3624 4285 3759 4322; x_wconf 89' lang='lat' dir='ltr'>suos</span> 
     </span>
    </p>
   </div>
   <div class='ocr_carea' id='block_1_91' title="bbox 2178 4363 3761 4434">
    <p class='ocr_par' dir='ltr' id='par_1_91' title="bbox 2178 4363 3761 4434">
     <span class='ocr_line' id='line_1_91' title="bbox 2178 4363 3761 4434; baseline -0.001 -17"><span class='ocrx_word' id='word_1_606' title='bbox 2178 4379 2401 4420; x_wconf 87' lang='lat' dir='ltr'>reverso</span> <span class='ocrx_word' id='word_1_607' title='bbox 2437 4365 2751 4418; x_wconf 87' lang='lat' dir='ltr'>nuntiatmn</span> <span class='ocrx_word' id='word_1_608' title='bbox 2797 4375 2884 4418; x_wconf 89' lang='lat' dir='ltr'>est</span> <span class='ocrx_word' id='word_1_609' title='bbox 2927 4363 3149 4418; x_wconf 83' lang='lat' dir='ltr'>Cesram</span> <span class='ocrx_word' id='word_1_610' title='bbox 3205 4364 3489 4434; x_wconf 88' lang='lat' dir='ltr'>ipsiusque</span> <span class='ocrx_word' id='word_1_611' title='bbox 3528 4363 3761 4416; x_wconf 78' lang='lat' dir='ltr'>comites</span> 
     </span>
    </p>
   </div>
   <div class='ocr_carea' id='block_1_92' title="bbox 2180 4455 3760 4527">
    <p class='ocr_par' dir='ltr' id='par_1_92' title="bbox 2180 4455 3760 4527">
     <span class='ocr_line' id='line_1_92' title="bbox 2180 4455 3760 4527; baseline -0.002 -18"><span class='ocrx_word' id='word_1_612' title='bbox 2180 4457 2372 4510; x_wconf 88' lang='lat' dir='ltr'>relicto</span> <span class='ocrx_word' id='word_1_613' title='bbox 2402 4457 2540 4510; x_wconf 88' lang='lat' dir='ltr'>vado</span> <span class='ocrx_word' id='word_1_614' title='bbox 2571 4457 2688 4510; x_wconf 89' lang='lat' dir='ltr'>loca</span> <span class='ocrx_word' id='word_1_615' title='bbox 2718 4457 3002 4524; x_wconf 88' lang='lat' dir='ltr'>superiora</span> <span class='ocrx_word' id='word_1_616' title='bbox 3040 4457 3282 4526; x_wconf 85' lang='lat' dir='ltr'>petiisse.</span> <span class='ocrx_word' id='word_1_617' title='bbox 3317 4455 3440 4527; x_wconf 81' lang='lat' dir='ltr'>Ipse</span> <span class='ocrx_word' id='word_1_618' title='bbox 3472 4471 3598 4524; x_wconf 77' lang='lat' dir='ltr'>ergo</span> <span class='ocrx_word' id='word_1_619' title='bbox 3631 4471 3760 4508; x_wconf 80' lang='lat' dir='ltr'>cuui</span> 
     </span>
    </p>
   </div>
   <div class='ocr_carea' id='block_1_93' title="bbox 491 4547 3766 4619">
    <p class='ocr_par' dir='ltr' id='par_1_93' title="bbox 491 4547 3766 4619">
     <span class='ocr_line' id='line_1_93' title="bbox 491 4547 3766 4619; baseline -0.001 -16"><span class='ocrx_word' id='word_1_620' title='bbox 491 4549 618 4617; x_wconf 72' lang='lat' dir='ltr'>ﬁlio,</span> <span class='ocrx_word' id='word_1_621' title='bbox 655 4559 819 4619; x_wconf 85' lang='lat' dir='ltr'>caput</span> <span class='ocrx_word' id='word_1_622' title='bbox 849 4551 946 4619; x_wconf 88' lang='lat' dir='ltr'>ipsi</span> <span class='ocrx_word' id='word_1_623' title='bbox 981 4558 1036 4603; x_wconf 88' lang='lat' dir='ltr'>et</span> <span class='ocrx_word' id='word_1_624' title='bbox 1065 4550 1287 4604; x_wconf 89' lang='lat' dir='ltr'>barbam</span> <span class='ocrx_word' id='word_1_625' title='bbox 1325 4552 1496 4616; x_wconf 85' lang='lat' dir='ltr'>rasit;</span> <span class='ocrx_word' id='word_1_626' title='bbox 1534 4551 1730 4607; x_wconf 83' lang='lat' dir='ltr'>deinde</span> <span class='ocrx_word' id='word_1_627' title='bbox 1785 4555 1999 4611; x_wconf 81' lang='lat' dir='ltr'>traditis</span> <span class='ocrx_word' id='word_1_628' title='bbox 2031 4562 2078 4616; x_wconf 74' lang='grc' dir='ltr'>υί</span> <span class='ocrx_word' id='word_1_629' title='bbox 2117 4559 2155 4611; x_wconf 81' lang='grc' dir='ltr'>ί)</span> <span class='ocrx_word' id='word_1_630' title='bbox 2196 4549 2366 4602; x_wconf 81' lang='lat' dir='ltr'>sociis</span> <span class='ocrx_word' id='word_1_631' title='bbox 2404 4549 2519 4602; x_wconf 89' lang='lat' dir='ltr'>suis</span> <span class='ocrx_word' id='word_1_632' title='bbox 2557 4562 2786 4616; x_wconf 80' lang='lat' dir='ltr'>pergens</span> <span class='ocrx_word' id='word_1_633' title='bbox 2822 4547 3045 4602; x_wconf 89' lang='lat' dir='ltr'>ﬂuvium</span> <span class='ocrx_word' id='word_1_634' title='bbox 3085 4548 3330 4618; x_wconf 85' lang='lat' dir='ltr'>trajecit,</span> <span class='ocrx_word' id='word_1_635' title='bbox 3366 4547 3766 4618; x_wconf 76' lang='lat' dir='ltr'>profectusque</span> 
     </span>
    </p>
   </div>
   <div class='ocr_carea' id='block_1_94' title="bbox 489 4642 2066 4716">
    <p class='ocr_par' dir='ltr' id='par_1_94' title="bbox 489 4642 2066 4716">
     <span class='ocr_line' id='line_1_94' title="bbox 489 4642 2066 4716; baseline 0.004 -21"><span class='ocrx_word' id='word_1_636' title='bbox 489 4659 625 4711; x_wconf 89' lang='lat' dir='ltr'>quas</span> <span class='ocrx_word' id='word_1_637' title='bbox 669 4643 854 4708; x_wconf 81' lang='lat' dir='ltr'>ferret,</span> <span class='ocrx_word' id='word_1_638' title='bbox 902 4643 1128 4710; x_wconf 89' lang='lat' dir='ltr'>litteris,</span> <span class='ocrx_word' id='word_1_639' title='bbox 1165 4644 1230 4697; x_wconf 89' lang='lat' dir='ltr'>ad</span> <span class='ocrx_word' id='word_1_640' title='bbox 1266 4642 1621 4715; x_wconf 85' lang='lat'><strong>233—235</strong></span> <span class='ocrx_word' id='word_1_641' title='bbox 1653 4655 1858 4716; x_wconf 88' lang='lat' dir='ltr'>patrem</span> <span class='ocrx_word' id='word_1_642' title='bbox 1910 4664 2066 4702; x_wconf 88' lang='lat' dir='ltr'>suum</span> 
     </span>
    </p>
   </div>
   <div class='ocr_carea' id='block_1_95' title="bbox 419 4729 2067 4808">
    <p class='ocr_par' dir='ltr' id='par_1_95' title="bbox 419 4729 2067 4808">
     <span class='ocr_line' id='line_1_95' title="bbox 419 4729 2067 4808; baseline 0.002 -19"><span class='ocrx_word' id='word_1_643' title='bbox 419 4729 422 4732; x_wconf 65' lang='grc'><em>’</em></span> <span class='ocrx_word' id='word_1_644' title='bbox 493 4735 708 4789; x_wconf 78' lang='lat' dir='ltr'>L‘esram</span> <span class='ocrx_word' id='word_1_645' title='bbox 761 4735 938 4800; x_wconf 88' lang='lat' dir='ltr'>misit,</span> <span class='ocrx_word' id='word_1_646' title='bbox 988 4735 1146 4789; x_wconf 90' lang='lat' dir='ltr'>asino</span> <span class='ocrx_word' id='word_1_647' title='bbox 1191 4735 1414 4791; x_wconf 82' lang='lat' dir='ltr'>clitellis</span> <span class='ocrx_word' id='word_1_648' title='bbox 1461 4737 1696 4792; x_wconf 89' lang='lat' dir='ltr'>instrato</span> <span class='ocrx_word' id='word_1_649' title='bbox 1728 4738 2067 4808; x_wconf 86' lang='lat' dir='ltr'>impositum,</span> 
     </span>
    </p>
   </div>
   <div class='ocr_carea' id='block_1_96' title="bbox 493 4825 2069 4898">
    <p class='ocr_par' dir='ltr' id='par_1_96' title="bbox 493 4825 2069 4898">
     <span class='ocr_line' id='line_1_96' title="bbox 493 4825 2069 4898; baseline 0.002 -17"><span class='ocrx_word' id='word_1_650' title='bbox 493 4843 592 4881; x_wconf 78' lang='lat' dir='ltr'>una</span> <span class='ocrx_word' id='word_1_651' title='bbox 624 4840 749 4879; x_wconf 91' lang='lat' dir='ltr'>cum</span> <span class='ocrx_word' id='word_1_652' title='bbox 783 4835 984 4888; x_wconf 88' lang='lat' dir='ltr'>turma,</span> <span class='ocrx_word' id='word_1_653' title='bbox 1019 4825 1109 4881; x_wconf 89' lang='lat' dir='ltr'>cui</span> <span class='ocrx_word' id='word_1_654' title='bbox 1143 4827 1199 4881; x_wconf 91' lang='lat' dir='ltr'>in</span> <span class='ocrx_word' id='word_1_655' title='bbox 1233 4828 1503 4883; x_wconf 84' lang='lat' dir='ltr'>mandatis</span> <span class='ocrx_word' id='word_1_656' title='bbox 1533 4827 1759 4883; x_wconf 90' lang='lat' dir='ltr'>dederat</span> <span class='ocrx_word' id='word_1_657' title='bbox 1787 4830 1966 4898; x_wconf 89' lang='lat' dir='ltr'>ipsum</span> <span class='ocrx_word' id='word_1_658' title='bbox 2003 4832 2069 4884; x_wconf 90' lang='lat' dir='ltr'>ad</span> 
     </span>
    </p>
   </div>
   <div class='ocr_carea' id='block_1_97' title="bbox 490 4919 2074 4992">
    <p class='ocr_par' dir='ltr' id='par_1_97' title="bbox 490 4919 2074 4992">
     <span class='ocr_line' id='line_1_97' title="bbox 490 4919 2074 4992; baseline 0.006 -23"><span class='ocrx_word' id='word_1_659' title='bbox 490 4927 695 4987; x_wconf 85' lang='lat' dir='ltr'>patrem</span> <span class='ocrx_word' id='word_1_660' title='bbox 726 4935 886 4973; x_wconf 85' lang='lat' dir='ltr'>suum</span> <span class='ocrx_word' id='word_1_661' title='bbox 923 4919 1213 4976; x_wconf 85' lang='lat' dir='ltr'>deducere.</span> <span class='ocrx_word' id='word_1_662' title='bbox 1246 4919 1505 4992; x_wconf 72' lang='lat' dir='ltr'>Epistola:</span> <span class='ocrx_word' id='word_1_663' title='bbox 1531 4929 1714 4976; x_wconf 88' lang='lat' dir='ltr'>autem</span> <span class='ocrx_word' id='word_1_664' title='bbox 1745 4937 1906 4992; x_wconf 84' lang='lat' dir='ltr'>quant</span> <span class='ocrx_word' id='word_1_665' title='bbox 1939 4925 2074 4978; x_wconf 85' lang='lat' dir='ltr'>scri-</span> 
     </span>
    </p>
   </div>
   <div class='ocr_carea' id='block_1_98' title="bbox 493 5015 2073 5086">
    <p class='ocr_par' dir='ltr' id='par_1_98' title="bbox 493 5015 2073 5086">
     <span class='ocr_line' id='line_1_98' title="bbox 493 5015 2073 5086; baseline 0 -18"><span class='ocrx_word' id='word_1_666' title='bbox 493 5016 594 5083; x_wconf 84' lang='lat' dir='ltr'>psit</span> <span class='ocrx_word' id='word_1_667' title='bbox 637 5017 738 5070; x_wconf 85' lang='lat' dir='ltr'>lioc</span> <span class='ocrx_word' id='word_1_668' title='bbox 780 5017 1062 5086; x_wconf 77' lang='lat' dir='ltr'>exemplar</span> <span class='ocrx_word' id='word_1_669' title='bbox 1103 5026 1225 5072; x_wconf 89' lang='lat' dir='ltr'>est:</span> <span class='ocrx_word' id='word_1_670' title='bbox 1273 5018 1319 5069; x_wconf 84' lang='lat' dir='ltr'><strong>A</strong></span> <span class='ocrx_word' id='word_1_671' title='bbox 1371 5033 1532 5073; x_wconf 83' lang='lat' dir='ltr'>servo</span> <span class='ocrx_word' id='word_1_672' title='bbox 1563 5016 1771 5072; x_wconf 88' lang='lat' dir='ltr'>Christi</span> <span class='ocrx_word' id='word_1_673' title='bbox 1818 5015 2073 5071; x_wconf 87' lang='lat' dir='ltr'>Heraclio</span> 
     </span>
    </p>
   </div>
   <div class='ocr_carea' id='block_1_99' title="bbox 491 5105 2072 5180">
    <p class='ocr_par' dir='ltr' id='par_1_99' title="bbox 491 5105 2072 5180">
     <span class='ocr_line' id='line_1_99' title="bbox 491 5105 2072 5180; baseline -0.002 -17"><span class='ocrx_word' id='word_1_674' title='bbox 491 5123 641 5176; x_wconf 69' lang='lat' dir='ltr'>apem</span> <span class='ocrx_word' id='word_1_675' title='bbox 672 5105 722 5180; x_wconf 67' lang='grc' dir='ltr'>[τι</span> <span class='ocrx_word' id='word_1_676' title='bbox 751 5106 883 5179; x_wconf 88' lang='lat' dir='ltr'>Deo]</span> <span class='ocrx_word' id='word_1_677' title='bbox 907 5118 1205 5162; x_wconf 88' lang='lat' dir='ltr'>consecuto</span> <span class='ocrx_word' id='word_1_678' title='bbox 1232 5108 1297 5162; x_wconf 89' lang='lat' dir='ltr'>ad</span> <span class='ocrx_word' id='word_1_679' title='bbox 1325 5108 1549 5162; x_wconf 87' lang='lat' dir='ltr'>Cesram</span> <span class='ocrx_word' id='word_1_680' title='bbox 1579 5111 2072 5178; x_wconf 82' lang='lat' dir='ltr'>contemptibilem,</span> 
     </span>
    </p>
   </div>
   <div class='ocr_carea' id='block_1_100' title="bbox 491 5199 2074 5270">
    <p class='ocr_par' dir='ltr' id='par_1_100' title="bbox 491 5199 2074 5270">
     <span class='ocr_line' id='line_1_100' title="bbox 491 5199 2074 5270; baseline 0.005 -22"><span class='ocrx_word' id='word_1_681' title='bbox 491 5201 828 5266; x_wconf 71' lang='lat' dir='ltr'>perplexum,</span> <span class='ocrx_word' id='word_1_682' title='bbox 877 5216 977 5270; x_wconf 83' lang='lat' dir='ltr'>ope</span> <span class='ocrx_word' id='word_1_683' title='bbox 1013 5199 1357 5254; x_wconf 77' lang='lat' dir='ltr'>destitutum.</span> <span class='ocrx_word' id='word_1_684' title='bbox 1399 5200 1491 5254; x_wconf 79' lang='lat' dir='ltr'>His</span> <span class='ocrx_word' id='word_1_685' title='bbox 1540 5202 1835 5269; x_wconf 73' lang='lat' dir='ltr'>praemissis</span> <span class='ocrx_word' id='word_1_686' title='bbox 1878 5218 1894 5255; x_wconf 89' lang='lat'><strong>:</strong></span> <span class='ocrx_word' id='word_1_687' title='bbox 1947 5203 2074 5256; x_wconf 81' lang='lat' dir='ltr'>Col-</span> 
     </span>
    </p>
   </div>
   <div class='ocr_carea' id='block_1_101' title="bbox 492 5287 2073 5362">
    <p class='ocr_par' dir='ltr' id='par_1_101' title="bbox 492 5287 2073 5362">
     <span class='ocr_line' id='line_1_101' title="bbox 492 5287 2073 5362; baseline -0.001 -18"><span class='ocrx_word' id='word_1_688' title='bbox 492 5292 592 5362; x_wconf 86' lang='lat' dir='ltr'>legi</span> <span class='ocrx_word' id='word_1_689' title='bbox 628 5307 728 5360; x_wconf 85' lang='lat' dir='ltr'>ego</span> <span class='ocrx_word' id='word_1_690' title='bbox 761 5289 859 5344; x_wconf 90' lang='lat' dir='ltr'>tibi</span> <span class='ocrx_word' id='word_1_691' title='bbox 897 5290 948 5342; x_wconf 93' lang='lat' dir='ltr'>in</span> <span class='ocrx_word' id='word_1_692' title='bbox 977 5287 1374 5356; x_wconf 87' lang='lat' dir='ltr'>redemptionis</span> <span class='ocrx_word' id='word_1_693' title='bbox 1405 5287 1509 5341; x_wconf 91' lang='lat' dir='ltr'>mei</span> <span class='ocrx_word' id='word_1_694' title='bbox 1542 5295 1594 5341; x_wconf 89' lang='lat' dir='ltr'>et</span> <span class='ocrx_word' id='word_1_695' title='bbox 1625 5287 1892 5341; x_wconf 80' lang='lat' dir='ltr'>ditionnm</span> <span class='ocrx_word' id='word_1_696' title='bbox 1922 5303 2073 5342; x_wconf 86' lang='lat' dir='ltr'>mea-</span> 
     </span>
    </p>
   </div>
   <div class='ocr_carea' id='block_1_102' title="bbox 491 5377 2074 5452">
    <p class='ocr_par' dir='ltr' id='par_1_102' title="bbox 491 5377 2074 5452">
     <span class='ocr_line' id='line_1_102' title="bbox 491 5377 2074 5452; baseline -0.004 -17"><span class='ocrx_word' id='word_1_697' title='bbox 491 5400 609 5436; x_wconf 90' lang='lat' dir='ltr'>rutn</span> <span class='ocrx_word' id='word_1_698' title='bbox 656 5383 890 5452; x_wconf 86' lang='lat' dir='ltr'>pretium</span> <span class='ocrx_word' id='word_1_699' title='bbox 922 5381 1066 5450; x_wconf 86' lang='lat' dir='ltr'>quod</span> <span class='ocrx_word' id='word_1_700' title='bbox 1118 5379 1309 5449; x_wconf 79' lang='lat' dir='ltr'>potui,</span> <span class='ocrx_word' id='word_1_701' title='bbox 1368 5389 1492 5433; x_wconf 88' lang='lat' dir='ltr'>sunt</span> <span class='ocrx_word' id='word_1_702' title='bbox 1549 5387 1731 5431; x_wconf 90' lang='lat' dir='ltr'>autem</span> <span class='ocrx_word' id='word_1_703' title='bbox 1785 5377 2074 5432; x_wconf 79' lang='lat' dir='ltr'>Persarum</span> 
     </span>
    </p>
   </div>
   <div class='ocr_carea' id='block_1_103' title="bbox 494 5472 2074 5548">
    <p class='ocr_par' dir='ltr' id='par_1_103' title="bbox 494 5472 2074 5548">
     <span class='ocr_line' id='line_1_103' title="bbox 494 5472 2074 5548; baseline -0.001 -19"><span class='ocrx_word' id='word_1_704' title='bbox 494 5479 696 5547; x_wconf 86' lang='lat' dir='ltr'>rapita,</span> <span class='ocrx_word' id='word_1_705' title='bbox 724 5479 928 5546; x_wconf 87' lang='lat' dir='ltr'>quibus</span> <span class='ocrx_word' id='word_1_706' title='bbox 961 5475 1154 5548; x_wconf 79' lang='lat' dir='ltr'>[datis]</span> <span class='ocrx_word' id='word_1_707' title='bbox 1185 5474 1328 5546; x_wconf 87' lang='lat' dir='ltr'>quod</span> <span class='ocrx_word' id='word_1_708' title='bbox 1360 5473 1456 5526; x_wconf 92' lang='lat' dir='ltr'>tibi</span> <span class='ocrx_word' id='word_1_709' title='bbox 1488 5472 1714 5542; x_wconf 87' lang='lat' dir='ltr'>promisi</span> <span class='ocrx_word' id='word_1_710' title='bbox 1744 5473 2074 5542; x_wconf 79' lang='lat' dir='ltr'>persolvant.</span> 
     </span>
    </p>
   </div>
   <div class='ocr_carea' id='block_1_104' title="bbox 497 5565 2073 5638">
    <p class='ocr_par' dir='ltr' id='par_1_104' title="bbox 497 5565 2073 5638">
     <span class='ocr_line' id='line_1_104' title="bbox 497 5565 2073 5638; baseline -0.001 -18"><span class='ocrx_word' id='word_1_711' title='bbox 497 5569 690 5622; x_wconf 84' lang='lat' dir='ltr'>Statim</span> <span class='ocrx_word' id='word_1_712' title='bbox 722 5586 848 5638; x_wconf 87' lang='lat' dir='ltr'>ergo</span> <span class='ocrx_word' id='word_1_713' title='bbox 877 5570 965 5622; x_wconf 87' lang='lat' dir='ltr'>tibi</span> <span class='ocrx_word' id='word_1_714' title='bbox 1003 5569 1214 5623; x_wconf 84' lang='lat' dir='ltr'>litteras</span> <span class='ocrx_word' id='word_1_715' title='bbox 1251 5582 1396 5620; x_wconf 87' lang='lat' dir='ltr'>meas</span> <span class='ocrx_word' id='word_1_716' title='bbox 1434 5565 1754 5634; x_wconf 80' lang='lat' dir='ltr'>perlegeris,</span> <span class='ocrx_word' id='word_1_717' title='bbox 1780 5577 2073 5634; x_wconf 89' lang='lat' dir='ltr'>antequam</span> 
     </span>
    </p>
   </div>
   <div class='ocr_carea' id='block_1_105' title="bbox 496 5656 2077 5729">
    <p class='ocr_par' dir='ltr' id='par_1_105' title="bbox 496 5656 2077 5729">
     <span class='ocr_line' id='line_1_105' title="bbox 496 5656 2077 5729; baseline 0.003 -21"><span class='ocrx_word' id='word_1_718' title='bbox 496 5676 591 5710; x_wconf 80' lang='lat' dir='ltr'>eas</span> <span class='ocrx_word' id='word_1_719' title='bbox 631 5674 659 5710; x_wconf 91' lang='lat' dir='ltr'>e</span> <span class='ocrx_word' id='word_1_720' title='bbox 692 5677 852 5714; x_wconf 89' lang='lat' dir='ltr'>manu</span> <span class='ocrx_word' id='word_1_721' title='bbox 905 5671 995 5715; x_wconf 85' lang='lat' dir='ltr'>tua</span> <span class='ocrx_word' id='word_1_722' title='bbox 1041 5661 1368 5729; x_wconf 78' lang='lat' dir='ltr'>deposueris</span> <span class='ocrx_word' id='word_1_723' title='bbox 1445 5656 1610 5712; x_wconf 83' lang='lat' dir='ltr'>uittas</span> <span class='ocrx_word' id='word_1_724' title='bbox 1652 5657 1744 5726; x_wconf 91' lang='lat' dir='ltr'>qui</span> <span class='ocrx_word' id='word_1_725' title='bbox 1797 5675 1857 5710; x_wconf 85' lang='lat' dir='ltr'>ea</span> <span class='ocrx_word' id='word_1_726' title='bbox 1907 5658 1971 5712; x_wconf 84' lang='lat' dir='ltr'>ad</span> <span class='ocrx_word' id='word_1_727' title='bbox 2025 5667 2077 5713; x_wconf 91' lang='lat' dir='ltr'>te</span> 
     </span>
    </p>
   </div>
   <div class='ocr_carea' id='block_1_106' title="bbox 499 5745 2062 5828">
    <p class='ocr_par' dir='ltr' id='par_1_106' title="bbox 499 5745 2062 5828">
     <span class='ocr_line' id='line_1_106' title="bbox 499 5745 2062 5828; baseline 0.004 -29"><span class='ocrx_word' id='word_1_728' title='bbox 499 5763 581 5813; x_wconf 72' lang='lat' dir='ltr'>per</span> <span class='ocrx_word' id='word_1_729' title='bbox 601 5745 799 5828; x_wconf 80' lang='lat' dir='ltr'>lerant.</span> <span class='ocrx_word' id='word_1_730' title='bbox 835 5749 984 5806; x_wconf 85' lang='lat' dir='ltr'>Vale.</span> <span class='ocrx_word' id='word_1_731' title='bbox 1015 5750 1112 5804; x_wconf 88' lang='lat' dir='ltr'>Ubi</span> <span class='ocrx_word' id='word_1_732' title='bbox 1139 5753 1301 5823; x_wconf 88' lang='lat' dir='ltr'>igitur</span> <span class='ocrx_word' id='word_1_733' title='bbox 1324 5753 1387 5805; x_wconf 86' lang='lat' dir='ltr'>ad</span> <span class='ocrx_word' id='word_1_734' title='bbox 1414 5762 1617 5822; x_wconf 84' lang='lat' dir='ltr'>patrem</span> <span class='ocrx_word' id='word_1_735' title='bbox 1649 5767 1804 5804; x_wconf 89' lang='lat' dir='ltr'>suum</span> <span class='ocrx_word' id='word_1_736' title='bbox 1840 5751 2062 5805; x_wconf 64' lang='lat' dir='ltr'>ticsram</span> 
     </span>
    </p>
   </div>
   <div class='ocr_carea' id='block_1_107' title="bbox 501 5837 2072 5912">
    <p class='ocr_par' dir='ltr' id='par_1_107' title="bbox 501 5837 2072 5912">
     <span class='ocr_line' id='line_1_107' title="bbox 501 5837 2072 5912; baseline 0.003 -22"><span class='ocrx_word' id='word_1_737' title='bbox 501 5837 836 5903; x_wconf 61' lang='lat' dir='ltr'>pervenisset</span> <span class='ocrx_word' id='word_1_738' title='bbox 860 5840 1128 5905; x_wconf 75' lang='lat' dir='ltr'>Kobadcs,</span> <span class='ocrx_word' id='word_1_739' title='bbox 1153 5860 1387 5912; x_wconf 84' lang='lat' dir='ltr'>eumque</span> <span class='ocrx_word' id='word_1_740' title='bbox 1405 5885 1417 5907; x_wconf 89' lang='lat'>,</span> <span class='ocrx_word' id='word_1_741' title='bbox 1443 5844 1620 5910; x_wconf 74' lang='lat' dir='ltr'>capite</span> <span class='ocrx_word' id='word_1_742' title='bbox 1647 5853 1698 5897; x_wconf 89' lang='lat' dir='ltr'>ct</span> <span class='ocrx_word' id='word_1_743' title='bbox 1729 5842 1892 5895; x_wconf 85' lang='lat' dir='ltr'>barba</span> <span class='ocrx_word' id='word_1_744' title='bbox 1914 5843 2072 5906; x_wconf 83' lang='lat' dir='ltr'>rasis,</span> 
     </span>
    </p>
   </div>
   <div class='ocr_carea' id='block_1_108' title="bbox 2174 4635 3768 4708">
    <p class='ocr_par' dir='ltr' id='par_1_108' title="bbox 2174 4635 3768 4708">
     <span class='ocr_line' id='line_1_108' title="bbox 2174 4635 3768 4708; baseline 0.001 -18"><span class='ocrx_word' id='word_1_745' title='bbox 2174 4645 2259 4691; x_wconf 88' lang='lat' dir='ltr'>est</span> <span class='ocrx_word' id='word_1_746' title='bbox 2293 4637 2467 4692; x_wconf 88' lang='lat' dir='ltr'>donec</span> <span class='ocrx_word' id='word_1_747' title='bbox 2498 4635 2929 4708; x_wconf 87' lang='lat' dir='ltr'>Trapezuulium</span> <span class='ocrx_word' id='word_1_748' title='bbox 2965 4640 3294 4708; x_wconf 90' lang='lat' dir='ltr'>perveniret.</span> <span class='ocrx_word' id='word_1_749' title='bbox 3332 4637 3464 4694; x_wconf 91' lang='lat' dir='ltr'>Dein</span> <span class='ocrx_word' id='word_1_750' title='bbox 3493 4654 3768 4694; x_wconf 85' lang='lat' dir='ltr'>conscen-</span> 
     </span>
    </p>
   </div>
   <div class='ocr_carea' id='block_1_109' title="bbox 2175 4727 3770 4799">
    <p class='ocr_par' dir='ltr' id='par_1_109' title="bbox 2175 4727 3770 4799">
     <span class='ocr_line' id='line_1_109' title="bbox 2175 4727 3770 4799; baseline 0.003 -17"><span class='ocrx_word' id='word_1_751' title='bbox 2175 4729 2252 4783; x_wconf 90' lang='lat' dir='ltr'>sis</span> <span class='ocrx_word' id='word_1_752' title='bbox 2304 4729 2532 4783; x_wconf 87' lang='lat' dir='ltr'>navibus</span> <span class='ocrx_word' id='word_1_753' title='bbox 2566 4727 3091 4799; x_wconf 81' lang='lat' dir='ltr'>Constantinopolim</span> <span class='ocrx_word' id='word_1_754' title='bbox 3127 4729 3296 4794; x_wconf 90' lang='lat' dir='ltr'>adiit,</span> <span class='ocrx_word' id='word_1_755' title='bbox 3343 4729 3498 4797; x_wconf 86' lang='lat' dir='ltr'>cujus</span> <span class='ocrx_word' id='word_1_756' title='bbox 3570 4730 3770 4786; x_wconf 61' lang='lat' dir='ltr'>incolae</span> 
     </span>
    </p>
   </div>
   <div class='ocr_carea' id='block_1_110' title="bbox 2178 4821 3770 4892">
    <p class='ocr_par' dir='ltr' id='par_1_110' title="bbox 2178 4821 3770 4892">
     <span class='ocr_line' id='line_1_110' title="bbox 2178 4821 3770 4892; baseline 0 -18"><span class='ocrx_word' id='word_1_757' title='bbox 2178 4822 2280 4890; x_wconf 87' lang='lat' dir='ltr'>ipsi</span> <span class='ocrx_word' id='word_1_758' title='bbox 2321 4838 2444 4875; x_wconf 91' lang='lat' dir='ltr'>cum</span> <span class='ocrx_word' id='word_1_759' title='bbox 2497 4821 2697 4892; x_wconf 83' lang='lat' dir='ltr'>gaudio</span> <span class='ocrx_word' id='word_1_760' title='bbox 2733 4831 2785 4875; x_wconf 90' lang='lat' dir='ltr'>et</span> <span class='ocrx_word' id='word_1_761' title='bbox 2835 4821 3212 4876; x_wconf 82' lang='lat' dir='ltr'>exsultatione</span> <span class='ocrx_word' id='word_1_762' title='bbox 3255 4835 3654 4882; x_wconf 86' lang='lat' dir='ltr'>occurrerunt,</span> <span class='ocrx_word' id='word_1_763' title='bbox 3695 4838 3770 4874; x_wconf 82' lang='lat' dir='ltr'>ac</span> 
     </span>
    </p>
   </div>
   <div class='ocr_carea' id='block_1_111' title="bbox 2177 4913 3774 4989">
    <p class='ocr_par' dir='ltr' id='par_1_111' title="bbox 2177 4913 3774 4989">
     <span class='ocr_line' id='line_1_111' title="bbox 2177 4913 3774 4989; baseline -0.001 -22"><span class='ocrx_word' id='word_1_764' title='bbox 2177 4925 2380 4982; x_wconf 85' lang='lat' dir='ltr'>septem</span> <span class='ocrx_word' id='word_1_765' title='bbox 2416 4915 2533 4967; x_wconf 88' lang='lat' dir='ltr'>dies</span> <span class='ocrx_word' id='word_1_766' title='bbox 2565 4913 2800 4976; x_wconf 89' lang='lat' dir='ltr'>edendo,</span> <span class='ocrx_word' id='word_1_767' title='bbox 2833 4913 3094 4989; x_wconf 71' lang='lat' dir='ltr'>bibendo.</span> <span class='ocrx_word' id='word_1_768' title='bbox 3130 4923 3182 4967; x_wconf 92' lang='lat' dir='ltr'>et</span> <span class='ocrx_word' id='word_1_769' title='bbox 3217 4913 3415 4967; x_wconf 63' lang='lat' dir='ltr'>laetitia:</span> <span class='ocrx_word' id='word_1_770' title='bbox 3458 4915 3774 4982; x_wconf 75' lang='lat' dir='ltr'>insumpse-</span> 
     </span>
    </p>
   </div>
   <div class='ocr_carea' id='block_1_112' title="bbox 2177 5003 3772 5061">
    <p class='ocr_par' dir='ltr' id='par_1_112' title="bbox 2177 5003 3772 5061">
     <span class='ocr_line' id='line_1_112' title="bbox 2177 5003 3772 5061; baseline 0 -3"><span class='ocrx_word' id='word_1_771' title='bbox 2177 5015 2324 5058; x_wconf 90' lang='lat' dir='ltr'>runt.</span> <span class='ocrx_word' id='word_1_772' title='bbox 2366 5003 2686 5059; x_wconf 79' lang='lat' dir='ltr'>Nuntiatum</span> <span class='ocrx_word' id='word_1_773' title='bbox 2739 5015 2918 5060; x_wconf 87' lang='lat' dir='ltr'>autcm</span> <span class='ocrx_word' id='word_1_774' title='bbox 2967 5016 3048 5058; x_wconf 88' lang='lat' dir='ltr'>est</span> <span class='ocrx_word' id='word_1_775' title='bbox 3100 5003 3282 5061; x_wconf 75' lang='lat' dir='ltr'>Ccsrze</span> <span class='ocrx_word' id='word_1_776' title='bbox 3333 5003 3643 5059; x_wconf 79' lang='lat' dir='ltr'>Heracliam</span> <span class='ocrx_word' id='word_1_777' title='bbox 3694 5006 3772 5058; x_wconf 86' lang='lat' dir='ltr'>ad</span> 
     </span>
    </p>
   </div>
   <div class='ocr_carea' id='block_1_113' title="bbox 2177 5097 3778 5170">
    <p class='ocr_par' dir='ltr' id='par_1_113' title="bbox 2177 5097 3778 5170">
     <span class='ocr_line' id='line_1_113' title="bbox 2177 5097 3778 5170; baseline 0.001 -21"><span class='ocrx_word' id='word_1_778' title='bbox 2177 5097 2374 5151; x_wconf 86' lang='lat' dir='ltr'>vadum</span> <span class='ocrx_word' id='word_1_779' title='bbox 2428 5114 2709 5170; x_wconf 81' lang='lat' dir='ltr'>reversum</span> <span class='ocrx_word' id='word_1_780' title='bbox 2778 5099 3108 5164; x_wconf 73' lang='lat' dir='ltr'>traiecisse,</span> <span class='ocrx_word' id='word_1_781' title='bbox 3167 5108 3410 5152; x_wconf 88' lang='lat' dir='ltr'>stramen</span> <span class='ocrx_word' id='word_1_782' title='bbox 3470 5109 3652 5152; x_wconf 87' lang='lat' dir='ltr'>autem</span> <span class='ocrx_word' id='word_1_783' title='bbox 3708 5108 3778 5150; x_wconf 66' lang='lat' dir='ltr'>et</span> 
     </span>
    </p>
   </div>
   <div class='ocr_carea' id='block_1_114' title="bbox 2177 5190 3773 5261">
    <p class='ocr_par' dir='ltr' id='par_1_114' title="bbox 2177 5190 3773 5261">
     <span class='ocr_line' id='line_1_114' title="bbox 2177 5190 3773 5261; baseline -0.002 -16"><span class='ocrx_word' id='word_1_784' title='bbox 2177 5193 2362 5245; x_wconf 76' lang='lat' dir='ltr'>iizizum</span> <span class='ocrx_word' id='word_1_785' title='bbox 2398 5191 2448 5244; x_wconf 89' lang='lat' dir='ltr'>in</span> <span class='ocrx_word' id='word_1_786' title='bbox 2489 5190 2711 5246; x_wconf 90' lang='lat' dir='ltr'>ﬂuvium</span> <span class='ocrx_word' id='word_1_787' title='bbox 2749 5193 2877 5247; x_wconf 88' lang='lat' dir='ltr'>dolo</span> <span class='ocrx_word' id='word_1_788' title='bbox 2921 5208 2982 5246; x_wconf 84' lang='lat' dir='ltr'>ac</span> <span class='ocrx_word' id='word_1_789' title='bbox 3015 5191 3208 5246; x_wconf 77' lang='lat' dir='ltr'>fraude</span> <span class='ocrx_word' id='word_1_790' title='bbox 3240 5192 3308 5247; x_wconf 89' lang='lat' dir='ltr'>ab</span> <span class='ocrx_word' id='word_1_791' title='bbox 3345 5192 3464 5261; x_wconf 91' lang='lat' dir='ltr'>ipso</span> <span class='ocrx_word' id='word_1_792' title='bbox 3501 5190 3773 5258; x_wconf 83' lang='lat' dir='ltr'>injectum</span> 
     </span>
    </p>
   </div>
   <div class='ocr_carea' id='block_1_115' title="bbox 2178 5282 3761 5354">
    <p class='ocr_par' dir='ltr' id='par_1_115' title="bbox 2178 5282 3761 5354">
     <span class='ocr_line' id='line_1_115' title="bbox 2178 5282 3761 5354; baseline -0.002 -17"><span class='ocrx_word' id='word_1_793' title='bbox 2178 5283 2367 5339; x_wconf 74' lang='lat' dir='ltr'>fuisse.</span> <span class='ocrx_word' id='word_1_794' title='bbox 2404 5282 2497 5338; x_wconf 85' lang='lat' dir='ltr'>llle</span> <span class='ocrx_word' id='word_1_795' title='bbox 2542 5300 2673 5354; x_wconf 91' lang='lat' dir='ltr'>ergo</span> <span class='ocrx_word' id='word_1_796' title='bbox 2709 5283 2773 5337; x_wconf 92' lang='lat' dir='ltr'>ad</span> <span class='ocrx_word' id='word_1_797' title='bbox 2821 5284 3008 5339; x_wconf 88' lang='lat' dir='ltr'>urbem</span> <span class='ocrx_word' id='word_1_798' title='bbox 3057 5300 3212 5338; x_wconf 86' lang='lat' dir='ltr'>suam</span> <span class='ocrx_word' id='word_1_799' title='bbox 3257 5282 3536 5352; x_wconf 81' lang='lat' dir='ltr'>profectus</span> <span class='ocrx_word' id='word_1_800' title='bbox 3576 5283 3761 5351; x_wconf 79' lang='lat' dir='ltr'>ipsam</span> 
     </span>
    </p>
   </div>
   <div class='ocr_carea' id='block_1_116' title="bbox 2180 5378 3774 5446">
    <p class='ocr_par' dir='ltr' id='par_1_116' title="bbox 2180 5378 3774 5446">
     <span class='ocr_line' id='line_1_116' title="bbox 2180 5378 3774 5446; baseline -0.002 -15"><span class='ocrx_word' id='word_1_801' title='bbox 2180 5379 2475 5433; x_wconf 84' lang='lat' dir='ltr'>desolatam</span> <span class='ocrx_word' id='word_1_802' title='bbox 2513 5379 2739 5441; x_wconf 87' lang='lat' dir='ltr'>invenit,</span> <span class='ocrx_word' id='word_1_803' title='bbox 2777 5386 2833 5431; x_wconf 89' lang='lat' dir='ltr'>ut</span> <span class='ocrx_word' id='word_1_804' title='bbox 2862 5393 2965 5432; x_wconf 89' lang='lat' dir='ltr'>nec</span> <span class='ocrx_word' id='word_1_805' title='bbox 2998 5378 3050 5430; x_wconf 91' lang='lat' dir='ltr'>in</span> <span class='ocrx_word' id='word_1_806' title='bbox 3082 5393 3144 5430; x_wconf 87' lang='lat' dir='ltr'>ea</span> <span class='ocrx_word' id='word_1_807' title='bbox 3177 5393 3312 5446; x_wconf 87' lang='lat' dir='ltr'>puer</span> <span class='ocrx_word' id='word_1_808' title='bbox 3340 5383 3507 5436; x_wconf 85' lang='lat' dir='ltr'>esset,</span> <span class='ocrx_word' id='word_1_809' title='bbox 3542 5391 3644 5428; x_wconf 91' lang='lat' dir='ltr'>nec</span> <span class='ocrx_word' id='word_1_810' title='bbox 3674 5379 3774 5445; x_wconf 87' lang='lat' dir='ltr'>qui</span> 
     </span>
    </p>
   </div>
   <div class='ocr_carea' id='block_1_117' title="bbox 2178 5468 3086 5537">
    <p class='ocr_par' dir='ltr' id='par_1_117' title="bbox 2178 5468 3086 5537">
     <span class='ocr_line' id='line_1_117' title="bbox 2178 5468 3086 5537; baseline 0.002 -17"><span class='ocrx_word' id='word_1_811' title='bbox 2178 5479 2416 5529; x_wconf 80' lang='lat' dir='ltr'>vocaret,</span> <span class='ocrx_word' id='word_1_812' title='bbox 2453 5485 2552 5522; x_wconf 86' lang='lat' dir='ltr'>nec</span> <span class='ocrx_word' id='word_1_813' title='bbox 2583 5468 2676 5537; x_wconf 90' lang='lat' dir='ltr'>qui</span> <span class='ocrx_word' id='word_1_814' title='bbox 2709 5468 3086 5537; x_wconf 85' lang='lat' dir='ltr'>responderet.</span> 
     </span>
    </p>
   </div>
   <div class='ocr_carea' id='block_1_118' title="bbox 2250 5561 3824 5629">
    <p class='ocr_par' dir='ltr' id='par_1_118' title="bbox 2250 5561 3824 5629">
     <span class='ocr_line' id='line_1_118' title="bbox 2250 5561 3824 5629; baseline -0.003 -15"><span class='ocrx_word' id='word_1_815' title='bbox 2250 5562 2424 5629; x_wconf 86' lang='lat' dir='ltr'>Atque</span> <span class='ocrx_word' id='word_1_816' title='bbox 2446 5579 2508 5614; x_wconf 81' lang='lat' dir='ltr'>ex</span> <span class='ocrx_word' id='word_1_817' title='bbox 2531 5578 2597 5616; x_wconf 90' lang='lat' dir='ltr'>eo</span> <span class='ocrx_word' id='word_1_818' title='bbox 2622 5572 2866 5626; x_wconf 82' lang='lat' dir='ltr'>tempore.</span> <span class='ocrx_word' id='word_1_819' title='bbox 2895 5562 3160 5615; x_wconf 78' lang='lat' dir='ltr'>infirmari</span> <span class='ocrx_word' id='word_1_820' title='bbox 3191 5561 3481 5616; x_wconf 83' lang='lat' dir='ltr'>Persarum</span> <span class='ocrx_word' id='word_1_821' title='bbox 3509 5575 3776 5628; x_wconf 81' lang='lat' dir='ltr'>regnum,</span> <span class='ocrx_word' id='word_1_822' title='bbox 3813 5575 3824 5587; x_wconf 88' lang='grc'><strong>·</strong></span> 
     </span>
    </p>
   </div>
   <div class='ocr_carea' id='block_1_119' title="bbox 2179 5647 3810 5723">
    <p class='ocr_par' dir='ltr' id='par_1_119' title="bbox 2179 5647 3810 5723">
     <span class='ocr_line' id='line_1_119' title="bbox 2179 5647 3810 5723; baseline -0.003 -16"><span class='ocrx_word' id='word_1_823' title='bbox 2179 5655 2344 5721; x_wconf 89' lang='lat' dir='ltr'>idque</span> <span class='ocrx_word' id='word_1_824' title='bbox 2400 5672 2545 5708; x_wconf 86' lang='lat' dir='ltr'>anno</span> <span class='ocrx_word' id='word_1_825' title='bbox 2596 5655 2808 5722; x_wconf 90' lang='lat' dir='ltr'>imperii</span> <span class='ocrx_word' id='word_1_826' title='bbox 2864 5653 3096 5708; x_wconf 84' lang='lat' dir='ltr'>lleraelii</span> <span class='ocrx_word' id='word_1_827' title='bbox 3145 5653 3415 5723; x_wconf 85' lang='lat' dir='ltr'>septimo,</span> <span class='ocrx_word' id='word_1_828' title='bbox 3461 5647 3810 5720; x_wconf 68' lang='lat' dir='ltr'>eodemqro</span> 
     </span>
    </p>
   </div>
   <div class='ocr_carea' id='block_1_120' title="bbox 2182 5744 3782 5814">
    <p class='ocr_par' dir='ltr' id='par_1_120' title="bbox 2182 5744 3782 5814">
     <span class='ocr_line' id='line_1_120' title="bbox 2182 5744 3782 5814; baseline -0.003 -15"><span class='ocrx_word' id='word_1_829' title='bbox 2182 5747 2358 5800; x_wconf 72' lang='lat' dir='ltr'>lli-irae</span> <span class='ocrx_word' id='word_1_830' title='bbox 2386 5747 2638 5814; x_wconf 76' lang='lat' dir='ltr'>septimo.</span> <span class='ocrx_word' id='word_1_831' title='bbox 2671 5751 2826 5801; x_wconf 72' lang='lat' dir='ltr'>Auno</span> <span class='ocrx_word' id='word_1_832' title='bbox 2862 5747 3071 5814; x_wconf 89' lang='lat' dir='ltr'>imperii</span> <span class='ocrx_word' id='word_1_833' title='bbox 3103 5745 3332 5800; x_wconf 88' lang='lat' dir='ltr'>lleraelii</span> <span class='ocrx_word' id='word_1_834' title='bbox 3366 5744 3608 5801; x_wconf 85' lang='lat' dir='ltr'>secundo</span> <span class='ocrx_word' id='word_1_835' title='bbox 3635 5759 3782 5798; x_wconf 79' lang='lat' dir='ltr'>cun-</span> 
     </span>
    </p>
   </div>
   <div class='ocr_carea' id='block_1_121' title="bbox 2181 5834 3784 5895">
    <p class='ocr_par' dir='ltr' id='par_1_121' title="bbox 2181 5834 3784 5895">
     <span class='ocr_line' id='line_1_121' title="bbox 2181 5834 3784 5895; baseline -0.002 -5"><span class='ocrx_word' id='word_1_836' title='bbox 2181 5841 2407 5894; x_wconf 85' lang='lat' dir='ltr'>stitutus</span> <span class='ocrx_word' id='word_1_837' title='bbox 2457 5847 2538 5892; x_wconf 79' lang='lat' dir='ltr'>est</span> <span class='ocrx_word' id='word_1_838' title='bbox 2581 5837 2838 5891; x_wconf 73' lang='lat' dir='ltr'>Yusatius</span> <span class='ocrx_word' id='word_1_839' title='bbox 2887 5835 3252 5895; x_wconf 77' lang='lat' dir='ltr'>[Bouil&#39;aciusl</span> <span class='ocrx_word' id='word_1_840' title='bbox 3291 5836 3601 5894; x_wconf 65' lang='lat' dir='ltr'>patriarcha</span> <span class='ocrx_word' id='word_1_841' title='bbox 3653 5834 3784 5888; x_wconf 73' lang='lat' dir='ltr'>Ro-</span> 
     </span>
    </p>
   </div>
  </div>
