4014 6218
317 306 454 366 103‘)

1754 309 2127 370 ANNALES.

3411 306 3554 369 1090
3585 245 3600 266 ‘

315 435 529 484 manus,
561 421 653 490 qui
685 438 858 476 annos
885 422 1126 493 quinque
1166 425 1330 489 sedit,
1357 424 1480 479 dein
1508 433 1753 480 mortuus
1805 435 1885 480 est
1913 437 1962 491 Α
1992 425 2034 479 si
2085 435 2298 492 pactum
2354 430 2405 475 et
2451 423 2826 491 juramentum
2882 421 3194 475 violaverim
3254 422 3407 474 cedet
3454 422 3554 474 hoc

315 527 454 563 anno
499 525 640 564 nono
699 513 908 580 imperii
944 512 1224 583 ejusdem,
1257 515 1348 584 qui
1386 524 1438 569 et
1471 515 1646 569 lleira:
1681 531 1876 580 nonus,

315 601 786 670 Coristantinopoli
846 619 1102 672 egressus
1158 603 1446 661 lleraclius
1507 606 1882 678 Hierosolyma

313 690 558 744 tendebat
589 733 604 750 .
643 681 768 760 quo
816 694 1023 749 videret
1074 696 1204 765 quid
1252 697 1466 766 ilhiltS-l
1513 698 1886 753 devastasseut

313 784 507 837 Persae.
559 781 662 837 Ubi
694 793 872 839 autem
921 786 1178 841 llemsum
1225 791 1564 859 pervenisset
1597 792 1886 845 nolueruiit

310 875 419 940 ejus
468 876 659 929 incolae
707 876 882 944 ipsum
931 879 1208 948 recipere,
1252 879 1416 952 240
1449 883 1696 937 dicentes
1739 885 1880 952 ipsi:

312 968 572 1023 .llaronita
607 980 664 1024 tu
710 985 769 1024 es
813 985 876 1023 ac
919 973 1170 1041 religioni
1216 969 1414 1028 nostrae
1453 973 1738 1029 adversus.
1771 974 1884 1031 Illis

311 1077 435 1129 ergo
471 1062 679 1116 relictis
712 1063 776 1115 ad
814 1066 1204 1119 monasterium
1236 1065 1472 1121 Maronis
1507 1068 1660 1130 abiit,
1693 1069 1743 1122 in
1776 1084 1883 1138 quo

312 1155 395 1218 qui
423 1163 576 1206 erant
611 1156 861 1209 monachi
885 1159 1090 1226 egressi
1115 1159 1330 1212 obviam
1360 1161 1460 1230 ipsi
1487 1161 1709 1229 profecti
1733 1173 1878 1217 sunt.

313 1244 426 1306 li‘uit
468 1255 650 1299 autem
708 1245 992 1302 lleraclius
1041 1248 1306 1303 Maronita
1335 1292 1351 1318 ,
1402 1251 1711 1322 multasque
1746 1252 1881 1321 ipsis

311 1352 437 1406 apes
469 1339 738 1404 contulit,
770 1341 913 1409 agris
941 1341 1104 1394 etiam
1139 1343 1345 1396 donato
1380 1345 1715 1399 monasterio
1747 1344 1884 1400 adeo

313 1441 364 1482 ιιι
395 1445 653 1498 prospere
683 1447 741 1486 se
767 1432 1032 1508 haberent
1056 1449 1142 1489 res
1170 1450 1384 1488 eorum.
1405 1435 1534 1491 Inde
1560 1437 1880 1492 Damascum

313 1520 592 1590 proiectus
620 1531 722 1576 est.
756 1522 880 1576 Fuit
915 1533 1093 1578 autem
1128 1525 1382 1580 Damasci
1412 1527 1495 1580 vir
1528 1528 1750 1597 quidam
1787 1544 1884 1583 no—

312 1609 450 1663 mine
484 1609 707 1663 lllansur
745 1609 962 1680 Serjuni
1001 1614 1177 1678 ﬁlius,
1214 1616 1437 1671 tributis
1465 1617 1749 1688 exigendis
1783 1634 1884 1674 no-

313 1700 453 1754 mine
499 1700 748 1756 Mauricii
795 1703 1150 1773 imper'atoris
1184 1709 1503 1776 prietectus.
1540 1726 1571 1765 a
1614 1725 1722 1779 quo
1757 1725 1880 1765 cum

313 1792 568 1856 pecunias
586 1805 791 1861 peteret
812 1793 1093 1850 llcraclius
1117 1807 1229 1851 toto
1251 1813 1520 1854 annormn
1547 1817 1652 1870 quo
1672 1801 1881 1858 obsessi

312 1891 465 1936 erant
518 1883 998 1955 Constantinopoli
1061 1887 1290 1944 Romani
1341 1893 1518 1955 spatio
1569 1891 1880 1966 [debitas,]

312 1981 466 2042 atque
495 1974 584 2029 ille
611 1976 855 2032 Damasci
887 1978 1149 2032 tributum
1177 1996 1235 2035 se
1265 1981 1331 2036 ad
1359 1983 1582 2037 Cesram
1617 1985 1880 2040 detulisse

311 2066 679 2134 responderet,
719 2071 958 2140 graviter
996 2072 1048 2124 in
1081 2089 1202 2126 eum
1240 2075 1523 2144 inquisivit
1563 2078 1882 2133 verberibus

310 2164 355 2206 at
391 2154 821 2215 iucarceratione
844 2199 858 2225 ,
889 2161 1065 2216 donec
1100 2163 1169 2217 ab
1205 2165 1322 2232 ipso
1354 2169 1566 2221 centies
1599 2167 1745 2222 mille
1782 2185 1880 2223 au-

309 2261 432 2300 reos
485 2259 866 2317 extorqueret;
933 2252 1056 2306 dein
1118 2239 1220 2322 ipsi
1277 2254 1657 2323 praefecturam
1723 2260 1880 2314 istam

309 2337 650 2393 conﬁrmavit
700 2361 714 2394 :
764 2358 926 2411 quain
983 2346 1054 2398 ob
1113 2361 1337 2399 causam
1396 2349 1684 2405 Mansurus
1742 2353 1878 2406 iram

309 2437 529 2493 pectore
582 2445 683 2484 suo
735 2433 788 2485 in
849 2433 1160 2488 lleraclium
1221 2437 1372 2491 iuvit.
1427 2438 1559 2494 lude
1608 2441 1882 2508 prolectus

309 2520 588 2576 l’leraclius
624 2520 1002 2595 Hierosolyma
1041 2527 1216 2595 petiit.
1251 2528 1498 2598 Cumque
1537 2529 1879 2588 Tiberiadem

309 2609 686 2676 pervenisset,
735 2613 940 2682 egressi
1000 2613 1067 2667 ad
1127 2616 1301 2684 ipsum
1351 2615 1522 2674 Judaei
1575 2617 1883 2675 Tiberiadis

310 2699 520 2765 incolae,
555 2716 654 2756 nec
684 2718 794 2757 non
827 2706 1069 2772 regionis
1093 2706 1325 2760 Galihea:
1348 2717 1620 2764 montanae
1639 2721 1692 2766 et
1717 2711 1879 2766 Naza-

309 2792 440 2844 rethi
471 2793 826 2863 Omniumque
851 2797 1010 2851 istius
1045 2799 1216 2867 partis
1243 2802 1589 2869 Oppidorum,
1623 2804 1726 2872 ipsi
1757 2819 1878 2859 cum

310 2885 624 2940 muneribus
658 2900 1043 2952 occurrerunt,
1080 2891 1256 2946 fausta
1299 2905 1717 2962 comprecantes
1739 2934 1753 2958 ,
1787 2911 1879 2950 ru-

308 2987 601 3044 grntesque
645 2988 704 3030 ut
753 2980 1094 3038 securitatem
1144 2983 1281 3051 ipsis
1324 2989 1683 3050 concederet;
1715 3003 1878 3056 quam

307 3069 614 3131 concessit,
648 3069 942 3140 l‘tedusque
975 3089 1099 3126 cum
1149 3074 1282 3145 ipsis
1316 3075 1514 3132 litteris
1549 3080 1876 3150 obsignavit.

307 3155 403 3209 libi
457 3168 642 3213 autem
700 3160 1072 3233 Hierosolyma
1128 3167 1465 3232 pervenisset
1514 3169 1726 3223 obviam
1778 3173 1877 3241 ipsi

305 3245 369 3297 lat
391 3247 427 3298 ti
458 3256 587 3300 sunt
615 3248 978 3321 [monasterii]
1004 3250 1362 3322 241-243
1389 3253 1450 3305 Al
1481 3253 1577 3307 Sik
1605 3258 1875 3320 monachi,

305 3337 565 3404 urbisque
598 3337 1108 3410 llierosolyiuitanze
1142 3346 1353 3408 incolae,
1397 3346 1696 3401 comitante
1729 3347 1878 3416 ipsos

305 3427 563 3492 Modesto.
592 3449 716 3484 cum
751 3433 1040 3488 thuribulis
1064 3444 1115 3489 et
1141 3437 1343 3491 sullitu.
1369 3439 1502 3492 Cum
1533 3455 1660 3494 vero
1687 3441 1874 3510 urbem

306 3522 585 3588 ingressus
614 3539 673 3575 ea
711 3541 834 3593 qua:
864 3525 1144 3580 diruerant
1171 3543 1234 3581 ac
1261 3531 1664 3585 succenderant
1695 3532 1874 3586 Persa:

305 3617 554 3679 vidisset,
587 3631 780 3686 magna
817 3615 1045 3672 aﬂectus
1074 3630 1156 3672 est
1193 3622 1438 3675 tristitia.
1489 3621 1619 3677 Dein
1652 3640 1772 3678 cum
1810 3639 1873 3679 ea

305 3713 666 3773 conspexerat
705 3707 1015 3770 Modestus,
1076 3707 1326 3762 videlicet
1388 3712 1648 3778 templum
1681 3709 1879 3765 licsur-

304 3797 594 3858 rectionis,
649 3797 868 3866 Cranii,
919 3808 969 3848 et
1025 3797 1137 3850 Mar
1189 3801 1578 3861 Constantini,
1635 3785 1874 3866 rurSum,

303 3886 505 3955 gaudio
537 3885 764 3939 alii-ctus
798 3885 1043 3939 Modesto
1077 3885 1148 3939 ob
1181 3902 1242 3940 ea
1285 3902 1404 3955 quae
1438 3886 1641 3938 fecerat
1672 3887 1877 3956 gratias

302 3983 430 4051 egit.
465 3977 765 4031 Narrarunt
805 3987 987 4032 autem
1036 3978 1138 4048 ipsi
1182 3978 1432 4031 monachi
1475 3986 1530 4030 ct
1569 3977 1876 4049 Hierosoly-

302 4089 513 4124 tnorttm
551 4071 741 4123 incola:
775 4067 989 4124 Jtldtlms
1022 4069 1111 4140 qni
1143 4069 1285 4122 t'll‘Cﬂ
1318 4069 1689 4142 Hierosolyma
1719 4073 1878 4140 dege-

300 4174 452 4226 rent,
489 4180 593 4215 una
627 4179 750 4216 cum
786 4163 851 4216 iis
882 4163 972 4231 qtti
996 4162 1230 4216 Galilmte
1263 4171 1520 4215 montana
1557 4164 1872 4227 incolerent,

301 4273 408 4326 quo
444 4264 686 4325 tempore
719 4265 984 4309 venerunt
1027 4255 1232 4319 Persae,
1273 4254 1408 4324 ipsis
1439 4269 1497 4308 se
1528 4253 1872 4323 adjuuxisse,

301 4364 570 4418 opemque
605 4349 795 4402 tulisse
818 4386 832 4410 ,
864 4349 1122 4416 ipsosque
1151 4347 1491 4403 Christianos
1523 4348 1670 4401 caede
1700 4347 1872 4418 magis

1988 517 2119 570 mihi
2165 519 2215 570 in
2254 516 2604 586 opprobrium
2628 556 2640 578 ,
2679 514 2989 584 famamque
3025 514 3157 566 mihi
3195 515 3388 566 malum
3425 530 3556 569 con-

1987 607 2222 672 ciliabit;
2275 625 2374 662 nec
2424 616 2606 661 certus
2658 623 2780 660 sum
2831 609 2874 662 si
2927 607 3018 661 alii
3070 606 3307 674 cuipiam
3365 617 3556 675 prmter

1984 696 2204 753 Judacos
2243 709 2457 769 pactum
2493 699 2698 768 scripto
2728 697 3186 760 confirmaverint,
3216 696 3348 748 illud
3381 697 3556 764 ipsum

1987 803 2017 842 a
2067 805 2150 843 me
2200 799 2572 858 accrpturum.
2640 788 2694 842 Si
2741 805 2871 860 ergo
2923 788 3024 841 hoc
3074 802 3182 840 non
3234 787 3558 854 pr.t-stitero,

1987 883 2241 946 mendax,
2280 883 2443 936 fallax
2486 893 2541 937 et
2594 884 2818 936 n'iinitne
2857 883 2960 936 title
3021 880 3242 947 dignus,
3276 877 3416 944 apud
3447 895 3562 933 om-

1987 990 2085 1028 nes
2118 975 2320 1043 passim
2360 975 2607 1028 homines
2639 975 2910 1035 habebor,
2942 973 3081 1025 ultra
3129 981 3412 1040 peccatum
3452 985 3561 1022 ma-

1989 1080 2154 1132 gnum
2191 1073 2242 1116 et
2273 1064 2453 1118 scelus
2481 1064 2637 1132 cujus
2674 1079 2798 1118 reus
2839 1079 2933 1117 ero
2965 1062 3105 1130 apud
3142 1061 3428 1114 Dominum
3470 1075 3562 1111 nn-

1987 1166 2160 1212 strum
2198 1155 2510 1222 Christum,
2545 1172 2667 1210 cum
2703 1157 2958 1226 populum
2991 1156 3078 1209 cui
3112 1156 3268 1208 {idem
3304 1153 3562 1215 feceram,

1985 1263 2217 1317 e:nnque
2269 1255 2430 1317 pacto
2477 1248 2673 1302 litteris
2722 1247 3041 1317 consignato
3090 1245 3560 1314 (conﬁrmaverant

1989 1338 2412 1407 interfecerim.)
2461 1339 2559 1394 Cui
2612 1340 2729 1392 illi:
2776 1337 2937 1392 Novit
2996 1339 3259 1392 Dominus
3313 1337 3564 1388 Christus

1985 1429 2192 1485 caedem
2229 1430 2472 1500 ipsorum
2513 1431 2606 1485 tibi
2640 1440 2993 1499 peccatorum
3031 1429 3395 1499 expiationem
3434 1442 3565 1479 con-

1990 1524 2307 1578 ciliaturum
2337 1565 2352 1590 ,
2397 1532 2452 1578 et
2497 1524 2849 1587 iniquitatum
2891 1532 3104 1577 tuarum
3158 1521 3561 1581 remissionem,

1984 1627 2308 1671 excusatum
2356 1619 2518 1670 etiam
2557 1626 2607 1671 te
2639 1617 2918 1672 habebunt
2950 1617 3197 1670 homines
3219 1653 3234 1678 ,
3279 1615 3422 1684 qttod
3458 1629 3564 1682 quo

1986 1718 2232 1778 tempore
2271 1709 2404 1778 ipsis
2429 1711 2776 1766 securitatem
2808 1709 3156 1775 concessisti,
3193 1723 3297 1762 non
3326 1707 3563 1768 noveris.

1917 1783 1956 1838 Β
1989 1815 2088 1853 nec
2147 1796 2808 1869 perspectum'habueris
2838 1840 2851 1863 ,
2908 1817 3071 1868 quam
3113 1799 3563 1868 \Chrisdanorum

1986 1900 2226 1961 stragem
2255 1892 2563 1954 ediderant,
2612 1907 2750 1961 quas
2798 1892 3064 1947 ecclesias
3109 1892 3395 1945 diruerant
3441 1904 3563 1944 cum

1986 1983 2083 2035 tibi
2117 1983 2331 2035 obviam
2356 1983 2563 2052 egressi
2597 1983 2917 2038 muneribus
2945 1993 2996 2038 te
3025 1984 3342 2053 exceperint
3369 1981 3560 2048 ;,qitod

1985 2074 2112 2128 dolo
2150 2075 2218 2129 ab
2254 2075 2388 2144 ipsis
2429 2075 2656 2140 factum,
2691 2084 2745 2130 et
2777 2075 2846 2128 ad
2879 2076 3096 2145 culpam
3134 2091 3298 2145 quam
3334 2081 3567 2130 commi-

1985 2175 2167 2218 serant
2205 2167 2590 2221 amoliendam.
2625 2165 2742 2219 Jatn
2773 2182 2904 2220 vero
2935 2168 3110 2222 etedes
3150 2183 3360 2227 eorum,
3389 2170 3564 2220 sacri-

1987 2255 2165 2310 ﬁcium
2189 2258 2294 2312 erit
2329 2274 2359 2311 a
2389 2269 2440 2312 te
2468 2257 2580 2311 Deo
2609 2258 2852 2326 oblatum
2885 2275 2900 2311 :
2934 2273 3034 2312 nos
3067 2269 3248 2311 autem
3283 2268 3562 2326 peccatum

1989 2349 2092 2401 hoc
2123 2365 2152 2401 a
2189 2359 2236 2402 te
2276 2347 2352 2419 [in
2387 2347 2512 2420 nos]
2539 2348 2938 2404 transferemus
2962 2388 2977 2412 ,
3014 2349 3222 2417 tibique
3257 2349 3435 2417 ipsum
3473 2366 3560 2402 es-

1985 2438 2278 2507 p‘abimus.
2319 2448 2571 2508 rogantes
2603 2438 2886 2492 Dominum
2917 2449 3162 2493 nostrum
3193 2439 3377 2495 Jesnm
3410 2441 3559 2495 Chri-

1985 2538 2128 2583 stuzn
2167 2547 2232 2583 ne
2268 2527 2444 2599 ipsum
2498 2531 2589 2584 tibi
2641 2532 2908 2600 imputet,
2959 2546 3024 2585 ac
3055 2531 3416 2600 septimanam
3457 2549 3560 2600 qua

1984 2637 2083 2676 ova
2139 2632 2192 2676 et
2243 2637 2443 2676 caseus
2494 2623 2891 2688 comeduntur,
2949 2623 3097 2676 illam
3151 2620 3390 2693 [nempe]
3444 2640 3560 2688 qua?

1979 2712 2248 2781 jejunium
2297 2727 2556 2781 magnum
2610 2712 2886 2780 praecedit,
2933 2721 3245 2765 statuemus
3289 2711 3560 2780 jejunium

1983 2802 2351 2875 245-247
2387 2819 2578 2873 purum
2612 2805 2757 2873 quod
2789 2804 3000 2874 jejunio
3037 2819 3232 2872 magno
3265 2818 3558 2858 accensea-

1984 2901 2094 2955 tur,
2125 2909 2234 2962 quo
2263 2896 2316 2946 in
2349 2893 2427 2946 tui
2453 2894 2686 2963 gratiam
2711 2893 3052 2962 jejnnemtrs,
3081 2908 3311 2946 ovorum
3339 2903 3393 2945 ct
3415 2895 3559 2946 casei

1982 2999 2077 3038 esu
2136 2985 2342 3038 omisso
2393 2985 2634 3053 quandiu
2685 2985 2906 3039 durabit
2959 2984 3146 3054 religio
3224 2984 3560 3038 Christian.

1985 3073 2252 3128 llelchita:
2279 3075 2422 3127 enim
2454 3074 2793 3130 hebdomada
2819 3075 2922 3128 ista
2957 3076 3023 3128 ab
3054 3090 3151 3129 esu
3179 3076 3364 3130 carnis
3394 3075 3559 3128 absti-

1984 3168 2202 3231 nebant,
2229 3183 2328 3220 ova
2353 3175 2406 3220 et
2433 3181 2649 3221 caseum
2680 3176 2734 3220 et
2759 3167 2938 3235 pisces
2968 3167 3018 3219 in
3043 3168 3159 3236 ipsa
3188 3169 3556 3231 comedenti-5,

1987 3259 2063 3312 uti
2118 3275 2146 3311 e
2197 3257 2401 3328 Typico
2450 3257 2624 3311 sancti
2665 3257 2777 3312 Mar
2831 3257 2987 3312 Saba:
3056 3247 3247 3326 liquet.
3298 3259 3558 3311 Dixerunt

1982 3358 2161 3403 autem
2195 3349 2270 3400 illi
2311 3364 2326 3400 :
2368 3345 2480 3403 Nos
2510 3363 2570 3401 ea
2605 3347 2682 3401 tui
2737 3349 2910 3416 gratia
2945 3347 3346 3417 jejunabimus,
3381 3347 3556 3401 omnis

1982 3440 2056 3493 rei
2111 3440 2324 3509 pinguis
2367 3455 2521 3492 esum
2570 3437 2921 3500 amittentes,
2964 3448 3130 3507 atque
3177 3435 3279 3491 ltoé
3323 3452 3556 3500 canone,

1981 3528 2586 3592 exeommuuicalimre,
2629 3537 2682 3582 et
2719 3529 3070 3581 anathemate
3103 3528 3414 3581 saucicmus
3438 3568 3451 3589 ,
3490 3542 3558 3581 ne

1980 3637 2221 3691 unquam
2276 3629 2554 3683 mutetur,
2615 3622 2681 3675 de
2732 3621 2921 3674 eodem
2977 3622 3027 3673 in
3073 3637 3264 3676 omnes
3307 3623 3558 3690 regiones

1980 3716 2192 3769 litteras
2238 3715 2540 3778 mittentes,
2591 3722 2649 3766 ut
2690 3715 2740 3766 in
2795 3712 3234 3782 propitiatitmetn
3272 3712 3474 3783 [cedatl
3506 3713 3554 3767 ei

1978 3805 2123 3874 quod
2159 3822 2186 3857 a
2227 3817 2276 3858 te
2324 3805 2760 3872 impetravimus.
2798 3807 3058 3857 Annueus
3095 3821 3223 3874 ergo
3275 3808 3373 3858 hac
3408 3806 3460 3858 in
3499 3821 3555 3858 re

1981 3897 2112 3965 ipsis
2149 3895 2458 3959 lleraelius,
2489 3911 2518 3949 e
2550 3895 2754 3950 Judaeis
2786 3897 2876 3963 qui
2915 3896 3060 3947 circa
3098 3897 3469 3967 Hierosolyma
3502 3905 3554 3949 ct

1979 3996 2216 4041 montem
2269 3986 2502 4040 Galilaaa:
2546 3995 2722 4047 erant,
2772 4000 2914 4054 quos
2963 3987 3305 4052 prehendere
3354 3989 3550 4054 potuit,

1979 4075 2296 4129 innumeros
2341 4074 2565 4129 occidit.
2647 4072 2722 4126 Ex
2773 4072 2904 4141 ipsis
2946 4074 3089 4126 enim
3126 4073 3214 4124 alii
3251 4074 3554 4136 latuerunt,

1978 4166 2067 4218 alii
2094 4164 2215 4235 fuga
2242 4181 2298 4218 se
2319 4166 2374 4219 in
2399 4165 2634 4226 deserta,
2659 4173 2875 4218 montes
2902 4172 2954 4218 i-t
2976 4166 3141 4218 valles
3167 4175 3221 4218 et
3249 4164 3544 4236 IEgyputtu

1978 4255 2374 4309 subduxerunt.
2407 4252 2644 4306 Primam
2677 4268 2809 4324 ergo
2838 4253 3030 4322 jejunii
3070 4255 3451 4322 septimanam,
3493 4258 3546 4308 in

1977 4364 2081 4416 qua
2116 4347 2378 4401 Melehita:
2410 4362 2436 4398 a
2473 4346 2654 4399 carnis
2687 4355 2897 4398 tantum
2932 4361 3028 4399 esu
3064 4345 3368 4410 abstinent,
3409 4348 3549 4416 jeth-

302 4438 658 4508 QtlalllpetSiB
685 4445 1021 4508 persecutos.
1047 4445 1102 4492 et
1124 4440 1384 4492 ecclesias
1411 4447 1672 4502 vastasse,
1701 4438 1874 4506 iisque
1908 4460 1949 4516 ο
1981 4441 2126 4490 nium
2179 4437 2488 4490 absolutum
2539 4443 2884 4500 statuerunt,
2939 4435 2991 4489 in
3043 4451 3150 4505 qua
3209 4438 3551 4506 imperatoris

302 4532 550 4585 ﬂammas
577 4532 845 4600 injecisse,
869 4531 1106 4585 ostensis
1133 4532 1234 4601 ipsi
1260 4531 1416 4586 czesis
1443 4531 1536 4600 qui
1567 4531 1618 4583 in
1644 4530 1870 4584 Mamela

301 4622 534 4692 conjecti
591 4621 826 4676 fuerant.
866 4623 1166 4684 Certiorem
1213 4624 1374 4676 etiam
1415 4623 1591 4692 ipsum
1631 4622 1874 4676 fecerunt

300 4730 485 4767 eorum
540 4729 660 4783 qua!
702 4712 870 4767 ,ιιιόωί
919 4713 1043 4784 Tyri
1094 4723 1564 4782 perpetraverant,
1614 4714 1757 4782 quod
1805 4714 1870 4766 ad

299 4808 497 4860 caedem
551 4807 1031 4870 Christianorum,
1075 4813 1128 4858 et
1167 4807 1519 4860 ecclesiarum
1572 4804 1871 4858 ιΙθιιιοΙὶιίη·

299 4915 442 4955 nent.
482 4899 692 4964 Quibus
727 4899 1054 4953 lleraclius:
1089 4897 1226 4964 Quid
1259 4912 1411 4968 ergo,
1450 4898 1643 4967 inquit,
1675 4897 1874 4951 vultis?

300 4989 714 5059 Responderunt
744 5006 757 5041 :
797 4990 862 5045 Ut
888 5000 1100 5060 gratutn
1133 4990 1296 5042 nobis
1328 4988 1538 5042 faciens
1564 5002 1752 5040 omnes
1778 4986 1868 5054 qui

299 5087 440 5137 iirca
475 5084 854 5153 Hierosolyma
879 5093 929 5136 et
955 5084 1007 5136 in
1036 5095 1216 5137 monte
1238 5079 1473 5134 Galiltete
1497 5087 1625 5132 sunt
1651 5077 1868 5133 Judmos

300 5190 322 5230 ε
357 5177 536 5229 medio
586 5178 778 5238 tollas,
821 5190 942 5228 cum
989 5174 1121 5226 certi
1173 5187 1279 5224 non
1323 5171 1496 5224 simus
1531 5169 1661 5238 quin
1701 5166 1866 5219 adve-

298 5270 478 5320 niente
513 5278 670 5335 gente
703 5269 887 5336 aliqua
920 5265 1076 5319 nobis
1106 5263 1325 5315 inimica
1357 5260 1430 5312 illi
1461 5274 1652 5312 rursus
1679 5265 1867 5311 contra

299 5373 394 5410 nos
431 5357 696 5409 auxilium
735 5357 871 5426 ipsis
910 5356 1108 5418 lerant,
1151 5362 1206 5404 ut
1237 5351 1348 5419 jam
1385 5349 1568 5402 Persis
1605 5349 1864 5401 tulerunt.

298 5448 592 5516 lies-pendit
629 5448 947 5502 l'leraclius:
985 5443 1268 5510 Quomodo
1303 5440 1533 5516 interlici
1575 5441 1717 5508 ipsos
1750 5456 1868 5509 pcr-

299 5539 540 5603 mittam,
584 5554 707 5592 cum
753 5539 862 5606 jam
910 5535 1262 5590 securitatem
1308 5532 1440 5602 ipsis
1477 5534 1866 5593 concesserim,

300 5646 462 5691 eoque
512 5630 616 5682 line
659 5643 875 5698 pactum
930 5625 1127 5680 litteris
1170 5624 1649 5690 consignaverim?
1705 5623 1868 5696 244

300 5740 387 5778 ros
415 5736 596 5776 autem
628 5725 781 5777 St'lllS
814 5722 940 5784 quid
977 5719 1265 5784 fuailzl'rago
1297 5715 1541 5769 debitum
1582 5718 1670 5772 sit.
1707 5719 1862 5783 Quod

1982 4529 2213 4583 Heraclii
2265 4530 2438 4599 gratia
2481 4528 2827 4598 jejunarent,
2877 4544 2986 4598 quo
3035 4528 3404 4582 remitteretur
3450 4531 3552 4599 ipsi

1982 4617 2200 4672 foederis
2225 4620 2308 4672 sui
2335 4619 2554 4672 violatio
2581 4626 2633 4671 et
2653 4615 2966 4670 Judteorum
2995 4617 3190 4683 ca‘des,
3213 4620 3280 4670 ab
3303 4635 3551 4683 ovorum,

1979 4711 2122 4766 casei
2189 4720 2242 4764 et
2274 4709 2504 4779 piscium
2537 4724 2632 4763 esu
2665 4710 2718 4762 in
2749 4710 2938 4763 eadem
2967 4710 3337 4777 abstinentes,
3381 4727 3550 4780 caque

1979 4801 2046 4855 de
2089 4816 2146 4854 re
2196 4802 2248 4853 in
2295 4815 2485 4854 omnes
2529 4801 2782 4869 regiones
2825 4800 3038 4855 litteras
3077 4801 3452 4872 scripserunt:
3490 4819 3550 4860 ac

1976 4891 2194 4961 Egypti
2246 4890 2514 4961 Cophtitae
2563 4893 2614 4944 in
2667 4891 2814 4966 hunc
2865 4907 3038 4963 usque
3086 4894 3226 4948 diem
3277 4896 3546 4964 jejunium

1980 4984 2109 5037 illud
2153 4983 2468 5038 observant.
2491 4981 2668 5054 Syria:
2713 4999 2841 5037 vero
2876 4985 3218 5062 Damascenaa
3251 4986 3458 5048 incolae,
3496 4997 3550 5041 et

1997 5075 2167 5130 Grieci
2200 5073 2463 5130 Melchita:
2499 5086 2620 5145 post
2651 5084 2882 5129 mortem
2921 5075 3152 5131 Heraclii
3196 5079 3389 5132 iterum
3425 5079 3552 5132 heb-

1978 5166 2208 5221 domada
2262 5167 2363 5222 ista
2395 5182 2520 5230 ova,
2563 5182 2814 5232 caseum,
2857 5180 2910 5222 et
2956 5171 3132 5238 pisces
3175 5172 3551 5226 comederunt.

1977 5257 2142 5328 248
2171 5257 2226 5310 In
2261 5257 2450 5313 eadem
2483 5259 2646 5313 etiam
2676 5260 2932 5329 jejunaut
2975 5262 3165 5316 diebus
3196 5261 3450 5316 Mercurii
3498 5277 3550 5316 et

1977 5349 2206 5406 Veneris
2233 5366 2407 5420 usque
2433 5352 2496 5404 ad
2520 5350 2752 5417 Nonam,
2780 5351 2902 5406 dein
2930 5354 3071 5417 ovis,
3099 5367 3281 5416 caseo,
3306 5361 3360 5408 et
3384 5356 3548 5424 pisci-

1976 5440 2104 5504 bus,
2138 5454 2438 5505 vescentes,
2475 5443 2778 5516 secnudum
2811 5459 3078 5499 eanouem
3115 5459 3144 5496 a
3167 5457 3359 5500 sancto
3390 5447 3550 5502 L‘Eice-

1979 5533 2152 5602 phoro
2188 5537 2498 5602 patriarcha
2542 5534 3176 5603 Constantinopolitano,
3219 5549 3456 5610 martyre
3497 5552 3549 5595 et

1981 5626 2325 5687 confessore,
2360 5629 2595 5694 positum
2622 5645 2637 5693 ;
2667 5628 3126 5694 quemadmodum
3158 5639 3436 5687 ostensum
3465 5646 3546 5688 est

1958 5720 2032 5799 in
2074 5721 2256 5783 tvpico
2287 5720 2569 5782 Ecclesiae,
2608 5721 2856 5775 \idelicet
2885 5721 3219 5778 ortbedoms
3244 5724 3345 5779 ista
3384 5729 3547 5785 scuti-
