4014 6218
525 307 657 373 1091

1566 299 1933 363 EUTYCHII
1967 300 2007 356 Α
2021 295 2497 357 LEXANDRINI
2534 296 2748 355 PATR.

3647 290 3779 357 1093

530 438 692 481 mana
724 424 841 480 ovis
870 432 923 481 et
948 438 1109 480 caseo
1139 422 1308 487 vesci,
1341 423 1504 477 etiam
1536 420 1728 475 diebus
1764 417 2013 472 Mercurii
2044 426 2097 470 et
2130 421 2172 477 Α
2201 417 2416 473 adversi
2474 422 2652 477 erant,
2711 411 3014 467 octodecim
3070 410 3362 477 interfecit,
3435 410 3779 481 fugientibus

529 517 784 585 Veneris;
816 517 918 572 nisi
949 516 1090 586 quod
1118 515 1312 570 diebus
1340 512 1487 573 istis,
1515 511 1767 566 Mercurii
1801 509 2011 564 scilicet
2035 518 2090 561 et

529 608 793 673 Veneris,
846 594 1019 678 usque
1064 608 1131 662 ad
1186 606 1392 659 Nonam
1436 604 1707 673 jejunent.
1761 602 1862 666 Qui
1913 614 2088 653 canon

524 700 774 769 coarguit
798 715 893 755 eos
925 700 1017 768 qui
1045 698 1297 766 jejunant
1329 698 1502 765 gratia
1532 692 1764 747 Heraclii
1800 692 2093 760 imperato-

526 794 623 858 ris,
653 808 684 846 c
724 799 873 847 secta
916 788 1338 851 Maronitarum,
1379 800 1408 839 a
1450 800 1684 855 quorum
1732 783 1891 837 laetis
1935 783 2093 835 malis

526 891 733 937 avertat
764 896 865 934 nos
898 879 1063 942 Deus,
1093 893 1213 931 cum
1249 891 1356 930 non
1387 875 1548 931 liceat
1578 874 1817 928 hominis
1849 872 2093 926 mortalis

525 974 699 1047 gratia
727 975 1014 1044 jejunare;
1046 986 1222 1041 eoque
1253 969 1424 1038 magis
1454 969 1598 1039 quod
1632 969 1939 1036 imperator
1966 965 2091 1027 iste,

526 1080 650 1120 eum
686 1064 850 1132 hujus
886 1062 1074 1134 mundi
1104 1061 1271 1114 vitam
1302 1059 1617 1127 deponeret,
1649 1054 1913 1110 Maronita
1946 1067 2092 1107 mor-

528 1169 657 1210 tuus
682 1157 772 1209 sit.
808 1154 878 1209 Ut
903 1160 1085 1207 autem
1112 1152 1178 1204 ad
1206 1149 1491 1204 historiam
1526 1156 1893 1209 revertamur,
1924 1143 2096 1198 Hera-

526 1243 667 1296 clius
700 1238 1004 1295 Modestum
1041 1238 1368 1292 monachum
1392 1274 1407 1300 ,
1453 1233 1769 1289 monasterii
1802 1232 1865 1287 Al
1895 1231 2093 1287 Ducesi

528 1333 870 1403 praefectum,
902 1330 1269 1400 patriarcham
1300 1327 1850 1396 Hierosdlymitanum
1881 1324 2093 1379 consti-

528 1424 653 1487 tuit,
686 1438 748 1476 ac
782 1438 840 1476 se
885 1420 1209 1474 Damascum
1241 1419 1397 1489 sequi
1425 1417 1610 1487 jussit,
1640 1432 1750 1488 quo
1780 1431 1810 1470 e
1837 1414 2088 1471 Damasci

529 1515 778 1586 vectigali
819 1515 920 1583 ipsi
953 1515 1206 1580 (lauaret,
1236 1520 1291 1567 et
1322 1512 1388 1566 de
1418 1510 1721 1565 Palrestiuae
1751 1509 1953 1563 tributo
1987 1506 2091 1577 ipsi

508 1600 868 1667 remitteret,
901 1618 1010 1672 quo
1050 1617 1241 1657 omnes
1273 1602 1536 1657 ecclesias
1567 1600 2097 1670 Hierosolymitanas

529 1709 668 1764 quas
698 1693 981 1747 diruerant
1024 1691 1205 1746 Persa":
1250 1692 1607 1745 instauraret.
1653 1688 1923 1743 Reversus
1968 1702 2099 1758 ergo

2197 510 2624 583 domesticorum
2672 505 2847 577 ipsius
2899 505 3149 574 reliquis.
3187 504 3440 575 Dixitque
3476 522 3491 559 :
3531 504 3644 575 Ego
3682 507 3779 560 ho-

2196 601 2433 655 minibus
2475 598 2738 652 tributnm
2794 597 3130 651 remissurus
3178 610 3339 655 sum,
3396 596 3529 649 adeo
3597 604 3654 647 ut
3711 596 3777 649 ad

2194 707 2387 747 omnes
2421 688 2720 756 universim
2748 687 3055 758 pertingant
3088 686 3301 755 justitia
3331 694 3385 741 et
3417 686 3777 741 beneficentia

2196 801 2339 840 mea.
2378 782 2574 837 Parum
2606 792 2788 835 autem
2812 780 2967 835 ﬂuxit
2994 781 3257 849 temporis
3280 790 3569 850 antequam
3605 796 3779 851 gras-

2198 888 2410 934 saretur
2465 877 2519 928 in
2589 875 2837 929 subditos
2889 874 3060 942 ipsius
3113 874 3319 941 pestis,
3380 889 3490 941 qua
3535 873 3781 943 plerique

2194 985 2386 1025 eorum
2429 985 2458 1022 e
2490 969 2670 1021 medio
2713 964 2913 1021 sublati
2969 973 3116 1024 sunt,
3165 973 3432 1031 pereunte
3485 977 3592 1016 una
3646 979 3779 1034 rege

2195 1060 2537 1115 Shirawaiho
2587 1058 2678 1128 qui
2712 1069 2765 1111 et
2807 1056 3058 1110 Kohadcs
3091 1055 3282 1121 audiit,
3330 1072 3427 1109 nec
3478 1070 3584 1108 non
3622 1066 3778 1125 patre

2195 1152 2369 1222 ipsius
2422 1151 2588 1206 Gesra
2642 1166 2655 1200 :
2706 1150 2943 1217 spatium
2998 1164 3107 1220 quo
3160 1150 3408 1218 regnavit
3455 1149 3777 1202 octimestre

2195 1252 2336 1299 erat.
2374 1244 2577 1300 Deinde
2608 1252 2730 1313 post
2782 1244 2958 1313 ipsum
3013 1242 3260 1312 regnavit
3294 1240 3529 1295 Azdsbir
3581 1241 3776 1294 Shira-

2199 1336 2359 1389 waibi
2395 1334 2558 1400 filius,
2606 1351 2768 1405 quem
2818 1336 2998 1390 statim
3043 1335 3268 1387 adortus
3318 1332 3606 1401 praefectus
3634 1332 3776 1385 limi-

2200 1434 2313 1480 tum
2357 1426 2775 1481 occidentalium
2833 1424 3011 1496 ipsum
3059 1422 3296 1486 occidit,
3354 1438 3479 1477 cmn
3533 1424 3777 1492 quinque

2202 1525 2414 1571 tantum
2466 1518 2749 1572 mensibus
2793 1526 3100 1584 regnasset.
3157 1512 3295 1567 Tum
3346 1528 3566 1582 regnmn
3610 1528 3776 1566 oceu-

2199 1609 2346 1678 pavit
2369 1608 2586 1679 quidam
2617 1609 2837 1663 nomine
2861 1607 3093 1674 Jorhan,
3116 1606 3207 1676 qui
3236 1622 3265 1661 e
3288 1606 3455 1675 stirpe
3486 1606 3629 1676 regia
3660 1620 3777 1659 non

2201 1699 2324 1765 fuit,
2351 1711 2405 1757 et
2431 1717 2461 1757 e
2490 1701 2646 1771 cujus
2694 1700 2898 1755 familia
2931 1717 3035 1755 non
3082 1701 3224 1755 alius
3255 1700 3379 1768 quis
3437 1699 3504 1752 ad
3552 1713 3778 1767 regnum

531 1784 836 1839 Hieraclius
867 1785 936 1838 ab
964 1783 1360 1853 Hierosolymis
1404 1780 1756 1846 Damascum,
1793 1781 1866 1836 ibi
1896 1781 2103 1836 substi-
2136 1804 2177 1861 Β
2206 1796 2493 1866 aspiravit,
2546 1794 2686 1849 Idem
2750 1803 2868 1849 erat
2912 1809 3075 1862 quem
3151 1792 3505 1865 253-255
3554 1794 3779 1847 miserat

530 1879 617 1941 tit,
642 1892 671 1930 a
696 1876 953 1931 Mansuro
981 1889 1234 1928 nummos
1258 1875 1505 1944 exigens.
1531 1872 1683 1929 Sedit
1709 1886 1891 1929 autem
1919 1872 2103 1928 Mode-

530 1978 649 2024 stus
674 1982 865 2021 novem
899 1980 1139 2028 menses,
1163 1965 1287 2018 dein
1317 1973 1568 2018 mortuus
1597 1975 1703 2031 est,
1736 1979 1798 2019 ac
1824 1973 1949 2034 post
1980 1964 2101 2033 ejus

533 2068 763 2112 mortem
792 2071 885 2111 sex
916 2057 1079 2111 annis
1109 2057 1228 2111 sine
1259 2057 1567 2125 patriarcha
1620 2061 1818 2111 mansit
1843 2057 2104 2112 cathedra

533 2147 1048 2219 llierosoiymitana.

599 2240 771 2293 Porro
810 2255 956 2295 anno
999 2241 1209 2310 imperii
1261 2239 1611 2314 259-251
1646 2242 1885 2298 Heraclii
1931 2241 2104 2297 unde-

530 2333 675 2387 cimo
708 2334 845 2388 diem
884 2333 1014 2388 obiit
1048 2333 1385 2388 Mobammed
1415 2336 1492 2389 fil.
1519 2335 1808 2389 Abdollahi
1833 2337 2095 2405 prOpheta

532 2423 976 2481 Musleminorum
1004 2427 1089 2480 die
1120 2425 1305 2494 Lume,
1334 2427 1427 2497 qui
1452 2428 1727 2484 secundus
1755 2439 1873 2484 erat
1904 2429 2106 2485 mensis

532 2519 720 2573 liabite
754 2519 973 2590 prioris,
1023 2534 1169 2573 anno
1198 2518 1373 2574 Heirm
1404 2520 1719 2585 undecimo,
1752 2521 2105 2590 sepultusque

532 2618 615 2666 est
640 2610 782 2665 domi
808 2600 919 2665 suae
941 2612 994 2664 in
1012 2626 1116 2678 qua
1143 2620 1391 2666 mortuus
1409 2619 1510 2674 est.
1531 2611 1679 2666 domi
1702 2612 1827 2668 scil.
1850 2614 2103 2683 Ayeshre;

532 2701 651 2757 dies
682 2702 937 2756 tredecim
970 2703 1161 2755 morbo
1187 2698 1288 2756 s'uo
1318 2702 1606 2757 laboravit.
1638 2702 1889 2759 Mortuus
1917 2713 2101 2759 autem

537 2805 623 2849 est
660 2810 837 2851 annos
878 2806 1043 2849 natus
1094 2794 1375 2865 sexaginta
1427 2795 1593 2863 lares;
1649 2796 1853 2851 liberos
1912 2806 2108 2866 praeter

532 2889 850 2943 Pbatcmam
890 2884 1079 2941 nullos
1116 2888 1341 2957 reliquit
1373 2886 1720 2956 superstites,
1774 2888 1869 2943 sed
1898 2896 1953 2941 et
2018 2888 2107 2942 illa

534 2979 897 3049 quadraginta
938 2988 1064 3048 post
1117 2978 1295 3047 ipsum
1331 2977 1527 3031 diebus
1580 2986 1797 3031 mortua
1843 2987 1948 3040 est,
2000 2976 2108 3049 [vel

533 3071 836 3125 secundum
884 3070 1024 3127 alios
1082 3065 1476 3138 septuaginta,]
1540 3069 1703 3137 idque
1744 3062 1957 3122 Chalifa
2005 3068 2107 3122 Abi

2206 1888 2451 1957 Aperwiz
2512 1886 2579 1941 ad
2628 1886 2830 1941 bellum
2882 1880 3148 1940 Roinanis
3201 1886 3568 1941 inferendum.
3625 1886 3777 1938 illum

2206 1980 2421 2035 insidiis
2477 1980 2578 2050 ipsi
2637 1978 2860 2034 structis
2914 1978 3111 2033 mulier
3157 1978 3397 2046 quardam
3444 1994 3474 2031 e
3527 1978 3777 2047 prosapia

2205 2076 2375 2142 regia.
2436 2072 2659 2125 nomine
2711 2070 3148 2134 Arztnaudocht,
3209 2085 3241 2124 e
3299 2068 3477 2124 medio
3534 2069 3779 2133 sustulit,

2206 2171 2490 2231 postquam
2526 2160 2641 2214 dies
2674 2159 2863 2229 viginti
2889 2158 3026 2214 duos
3059 2168 3340 2228 regnasset
3370 2176 3383 2212 :
3422 2161 3639 2227 regibus
3666 2175 3774 2210 au-

2207 2261 2315 2306 tem
2361 2252 2499 2305 haud
2531 2261 2874 2307 accensetur.
2908 2250 3113 2306 Deinde
3138 2261 3260 2322 post
3302 2253 3478 2319 ipsum
3532 2255 3778 2320 regnavit

2208 2344 2429 2413 quidam
2461 2359 2491 2396 e
2520 2340 2644 2396 filiis
2674 2340 2951 2404 llormozi,
2982 2343 3074 2412 qui
3125 2342 3178 2395 in
3213 2342 3431 2411 regione
3474 2340 3774 2395 Turcarum

2210 2435 2331 2497 fuit,
2386 2442 2443 2489 et
2500 2436 2691 2489 audito
2744 2450 2991 2504 quaenam
3047 2434 3365 2488 acciderant
3421 2432 3777 2495 differentia,

2209 2526 2478 2590 accessit;
2521 2539 2716 2579 nomen
2766 2523 2839 2577 illi
2886 2524 2987 2577 fuit
3015 2524 3208 2588 Ccsra,
3261 2520 3379 2577 Ebn
3418 2523 3634 2588 Kobad,
3668 2522 3777 2575 Ebu

2209 2614 2466 2669 Mormoz.
2498 2618 2679 2685 lanlIl
2714 2631 2842 2670 vero
2873 2616 3101 2671 adortus
3130 2615 3222 2685 qui
3256 2615 3509 2670 confiniis
3538 2616 3777 2669 Corasan

2212 2718 2464 2779 praeerat,
2509 2708 2815 2772 interfecit,
2867 2726 2987 2763 cum
3035 2721 3146 2762 tres
3199 2722 3414 2762 menses
3469 2717 3774 2773 regnasset.

2210 2802 2344 2857 adeo
2386 2810 2443 2854 ut
2489 2817 2586 2855 nec
2636 2803 2752 2871 ipse
2799 2803 3019 2872 regibus
3065 2810 3453 2853 annumeratus
3507 2801 3600 2855 sit.
3647 2797 3775 2854 Tum

2212 2903 2333 2962 post
2382 2908 2506 2946 eum
2562 2892 2751 2956 Murla,
2815 2892 2997 2947 Cesra:
3043 2893 3177 2953 filia,
3220 2907 3339 2960 que
3394 2892 3576 2945 (ᾅδει-ξε
3630 2905 3774 2945 soror

2211 2985 2423 3038 uterinu
2466 2985 2588 3049 fuit,
2632 2984 3024 3054 sesquiannunt
3063 2985 3355 3054 regnavit:
3410 2984 3524 3036 haec
3577 2983 3775 3036 nullum

2210 3078 2389 3147 exegit
2414 3077 2702 3142 tributum,
2734 3091 3093 3145 uummosque
3134 3076 3399 3130 exercitui
3456 3076 3773 3129 distribuit:

535 3162 724 3215 Decro.
758 3160 1154 3216 Convenerunt
1200 3161 1347 3214 enim
1397 3158 1707 3214 Moslemini
1748 3159 1813 3213 ad
1857 3159 1975 3214 Abu
2010 3158 2080 3214 Bc
2134 3152 2175 3208 C
2212 3184 2445 3239 cumque
2477 3170 2529 3223 in
2563 3183 2728 3239 τρεηο
2763 3169 3082 3223 comjrmala
3123 3168 3309 3234 mem,
3354 3167 3469 3237 ipsa
3507 3168 3573 3221 ab
3601 3182 3667 3221 eo
3694 3167 3773 3219 de.

532 3268 687 3306 crum
745 3250 1207 3324 inaugurandum,
1258 3253 1347 3307 cui
1404 3268 1599 3308 nomen
1647 3252 1939 3315 Ahdollab,
1991 3251 2105 3306 Ebu

531 3344 766 3399 Otuman
794 3346 978 3410 Amer,
1022 3343 1139 3399 Ebn
1162 3344 1336 3413 C_aab,
1372 3347 1485 3400 Ebn
1537 3343 1700 3407 Saad,
1736 3342 1853 3397 Ebu
1895 3341 2105 3413 Tiyet".

534 3435 650 3490 Ehn
683 3435 937 3501 Morrah;
984 3436 1253 3505 cujusque
1281 3446 1455 3489 mater
1500 3434 1701 3498 Saluta,
1744 3432 1853 3486 filia
1888 3430 2104 3497 Sochri,

532 3530 647 3584 Ehu
680 3529 870 3593 Amur,
909 3528 1023 3581 Ebn
1056 3526 1220 3590 Saab,
1248 3525 1361 3580 Ebn
1394 3525 1559 3589 Saad,
1597 3524 1715 3578 Ebn
1746 3522 1960 3594 'l‘iyem,
1990 3521 2107 3577 Ehn

533 3618 748 3672 Morrah
774 3635 788 3671 :
822 3618 1034 3686 fuitque
1070 3617 1417 3687 inauguratio
1454 3616 1628 3684 ipsius
1657 3614 1848 3668 eodem
1876 3614 1966 3668 die
1991 3630 2101 3684 quo

533 3722 782 3765 mortuus
821 3718 908 3765 est
959 3708 1332 3763 Mohammed.
1388 3709 1616 3762 Czeteris
1669 3707 1744 3779 [in
1788 3708 2108 3777 juramento

426 3797 437 3805 ⁷
533 3800 637 3871 ipsi
688 3797 1021 3870 praestando]
1055 3797 1431 3869 praceuntibus
1468 3798 1670 3852 Ornaro
1705 3796 1818 3852 Ebn
1858 3796 2104 3862 Chetebi,

533 3902 585 3947 et
609 3893 881 3946 Otluuano
915 3890 1030 3946 Ebn
1064 3889 1250 3957 Alani,
1287 3888 1450 3959 idque
1488 3903 1635 3944 anno
1670 3889 1884 3959 imperii
1934 3888 2106 3944 Hera-

533 3986 619 4041 clii
654 3986 1025 4039 Retnanorum
1061 3983 1408 4053 imperatoris
1438 3982 1731 4036 undecimo
1765 3998 1780 4035 :
1811 3992 1978 4051 atque
2006 3984 2108 4036 hoc

534 4091 680 4131 anno
710 4078 1044 4131 constitutus
1073 4084 1158 4129 est
1193 4071 1488 4128 Oborudus
1519 4068 1843 4144 [Honorius]
1872 4070 2107 4140 patriar-

534 4170 635 4224 cha
682 4167 987 4232 Romanus,
1036 4165 1130 4238 qui
1181 4164 1487 4221 octodecim
1540 4178 1718 4218 annos
1764 4164 1929 4227 sedit,
1977 4163 2105 4217 dein

536 4272 783 4316 mortuus
820 4270 924 4315 εει.
955 4259 1122 4316 Cesra
1159 4252 1339 4313 autem
1370 4255 1629 4311 llormozi
1670 4255 1837 4321 filius,
1885 4270 2010 4309 cum
2040 4254 2107 4308 ad
2153 4244 2157 4248 ”

536 4354 724 4406 urbem
755 4366 909 4406 suam
942 4351 1303 4421 pervenisset,
1329 4358 1381 4403 et
1414 4363 1575 4417 quam
1610 4347 1684 4401 ibi
1713 4345 1916 4401 caedem
1946 4344 2108 4400 fecis-

533 4456 616 4501 set
641 4444 945 4509 Heraclius,
973 4443 1102 4511 quid
1121 4441 1311 4506 ruinae,
1336 4440 1581 4506 vidisset,
1604 4453 1802 4509 magno
1824 4446 2108 4507 correptus

534 4547 618 4593 est
648 4537 857 4600 dolore,
903 4536 1039 4589 nihil
1082 4545 1259 4588 tamen
1306 4534 1372 4588 de
1411 4547 1623 4588 morum
1658 4532 1876 4587 feritate
1922 4530 2111 4585 remit-

535 4641 680 4693 tens,
712 4629 847 4681 adeo
878 4635 936 4679 ut
970 4626 1206 4694 graviter
1247 4624 1456 4679 ferrent
1487 4624 1740 4680 homines
1778 4623 1951 4691 ipsius
2004 4622 2107 4677 im-

535 4719 769 4788 perium,
804 4715 1090 4770 deficiente
1115 4715 1251 4784 ipsis
1286 4714 1568 4783 patientia,
1610 4712 1770 4783 252
1819 4712 2109 4781 ipsumque

539 4808 837 4860 infaustum
873 4805 1140 4869 dicerent,
1172 4812 1361 4873 utpote
1393 4819 1501 4873 quo
1527 4813 1789 4871 regnante
1837 4802 2110 4870 perierint

538 4897 738 4956 Persia:
784 4897 996 4962 incolae,
1045 4906 1384 4966 vastatzeque
1437 4896 1548 4950 sint
1599 4897 1848 4963 ipsorum
1888 4892 2106 4947 domus.

538 4989 663 5061 ipso
716 5004 845 5058 ergo
895 4998 1018 5059 post
1066 5004 1244 5044 annos
1291 4988 1515 5058 triginta
1562 4996 1686 5040 octo
1734 4984 2009 5049 abdicato,
2053 4985 2111 5038 in

540 5084 717 5138 locum
758 5083 877 5154 ejus
908 5084 1315 5138 substitueruut
1367 5082 1537 5135 tilium
1587 5081 1759 5148 ipsius
1802 5076 2110 5141 Kobadem,

540 5175 727 5244 quiet
781 5175 1089 5231 Shirawaib
1142 5174 1467 5242 appellatus,
1528 5159 1699 5224 filium
1757 5169 1938 5222 Maria:
1991 5168 2115 5222 lilia:

541 5266 787 5322 Mauricii
838 5269 1209 5323 Romanorum
1265 5262 1639 5334 imperatoris,
1674 5261 1837 5332 cujus
1883 5262 1952 5314 ab
1978 5260 2113 5329 ipsis

540 5359 711 5413 occisi
740 5358 913 5414 cades
949 5358 1217 5412 malorum
1259 5355 1489 5411 istorum
1516 5353 1757 5408 omnium
1787 5366 1950 5407 causa
1980 5352 2112 5418 fuit;

543 5464 666 5503 cum
696 5447 926 5522 [σθαι-ω]
953 5464 1107 5504 socer
1135 5455 1304 5513 esset,
1341 5452 1507 5515 atque
1539 5443 1629 5499 ille
1659 5458 1914 5501 socerum
1956 5456 2114 5496 suum

548 5540 738 5592 ulcisci
774 5547 1020 5609 cuperet.

625 5631 878 5685 Kobades
924 5641 1105 5686 autem
1161 5644 1327 5699 regno
1359 5624 1652 5699 prtefectus
1680 5626 1956 5697 justitiam
2006 5640 2118 5696 pra‘.

547 5741 607 5783 se
638 5724 782 5790 tulit,
814 5732 869 5778 et
895 5723 1151 5794 injuriam
1184 5737 1293 5793 qua
1346 5735 1612 5793 oppressa
1667 5720 1845 5775 fuerat
1892 5719 2115 5774 amovit.

516 5818 591 5916 ιΕ
618 5815 743 5874 filiis
779 5821 960 5872 autem
991 5815 1167 5886 patris
1199 5815 1307 5883 sui,
1336 5816 1427 5886 qui
1455 5814 1558 5885 ipsi
1589 5814 1781 5870 matris
1809 5828 1920 5871 sure
1949 5825 2119 5869 causa

184 6106 527 6165 Δ

2210 3262 2487 3315 nominata
2521 3269 2623 3315 est.
2658 3260 2862 3315 Deinde
2897 3268 3019 3330 post
3056 3262 3226 3328 ipsam
3280 3260 3529 3329 regnavit
3561 3258 3773 3328 quidam

2212 3352 2435 3405 nomine
2483 3349 2943 3417 Hosbnastadah,
2992 3352 3138 3420 quie
3192 3352 3371 3421 patrui
3425 3351 3605 3406 Cesrae
3658 3349 3774 3401 filiis

2208 3456 2346 3512 erat,
2377 3446 2591 3501 duobus
2635 3447 2918 3502 mensibus
2968 3448 3235 3517 regnavit,
3280 3448 3407 3501 dein
3463 3444 3775 3499 interfectus

2207 3547 2311 3603 est,
2348 3553 2446 3593 nec
2496 3538 2641 3593 inter
2685 3554 2843 3607 rcges
2895 3549 3232 3594 muneratur.
3285 3540 3416 3594 Post
3475 3540 3650 3609 ipsum
3702 3554 3771 3591 re-

2209 3632 2393 3702 gnavit
2421 3631 2856 3694 Arzmandocht,
2900 3630 3079 3686 Cesrie
3132 3632 3261 3695 lilia,
3296 3648 3415 3701 (μω
3464 3640 3517 3684 et
3573 3632 3772 3685 modice

2185 3722 2535 3791 interposito
2565 3722 2743 3791 spatio
2771 3737 2978 3776 veneno
3029 3724 3244 3778 sublata
3278 3733 3494 3777 mortua
3530 3734 3633 3779 est.
3660 3737 3775 3775 cum

2211 3822 2488 3883 regnasset
2512 3827 2713 3865 annum
2750 3821 2805 3867 et
2833 3822 3072 3882 quatuor
3100 3828 3345 3877 menses;
3380 3822 3432 3865 et
3472 3812 3584 3866 haec
3614 3815 3665 3865 in
3696 3827 3774 3865 re-

2208 3918 2313 3974 gno
2342 3901 2660 3957 conﬁrmata
2690 3910 2795 3964 est,
2824 3910 2877 3956 et
2909 3903 2977 3955 ab
3006 3902 3196 3957 eodem
3242 3900 3613 3955 denominata.
3653 3901 3776 3953 Post

2209 3998 2380 4064 ipsam
2414 3994 2659 4064 regnavit
2694 3993 2914 4064 quidam
2956 3996 3179 4049 nomine
3212 3992 3777 4047 Parachuradchosbra

2214 4098 2400 4137 mense
2424 4099 2556 4146 uno,
2590 4083 2715 4137 dein
2755 4083 2975 4137 occisus
3004 4092 3110 4146 est,
3146 4097 3319 4152 neque
3353 4082 3573 4151 regibus
3605 4096 3779 4132 annn-

2215 4182 2478 4226 meratur.
2502 4172 2703 4227 Totum
2739 4180 2917 4227 autem
2960 4174 3193 4242 spatium
3226 4188 3336 4242 quo
3371 4173 3617 4240 regnavit
3660 4169 3776 4224 Shi-

2209 4265 2416 4319 rawaih
2446 4306 2461 4330 ,
2505 4273 2557 4320 et
2593 4265 2685 4335 qui
2732 4266 2836 4335 ipsi
2877 4275 3299 4329 successerunt,
3343 4263 3506 4334 256
3540 4274 3645 4315 tam
3688 4263 3781 4315 viri

2192 4370 2372 4441 ‘quam
2420 4356 2655 4419 feminae,
2704 4365 2815 4410 tum
2842 4357 2932 4426 qui
2970 4371 3232 4427 regnasse
3267 4355 3636 4425 perhibentur,
3674 4362 3784 4405 tum

2213 4448 2304 4516 qui
2328 4462 2512 4517 regum
2530 4463 2758 4502 numero
2784 4447 2926 4501 haud
2955 4457 3332 4509 aceensentnr,
3357 4461 3527 4515 usque
3551 4446 3611 4499 ad
3628 4442 3784 4497 Para-

2215 4537 2784 4602 choradcboshraum,
2818 4553 2927 4592 una
2959 4554 3080 4593 cum
3124 4540 3412 4593 intervallo
3454 4538 3596 4607 quod
3641 4536 3787 4589 inter

2210 4628 2347 4683 duos
2377 4627 2649 4697 quoslibet
2681 4644 2836 4699 reges
2885 4629 3224 4692 intercessit,
3253 4639 3488 4699 quatuor
3518 4642 3789 4681 annorum

2212 4724 2336 4789 fuit,
2376 4723 2538 4793 idque
2582 4732 2754 4777 totum
2794 4724 2970 4781 turbis
3003 4733 3056 4779 et
3099 4725 3338 4779 metibus
3372 4727 3611 4794 plenum.
3648 4722 3789 4777 Cum

2210 4830 2340 4885 ergo
2381 4816 2629 4869 viderent
2657 4815 2833 4869 Persa:
2859 4831 2969 4886 quo
3005 4818 3352 4869 devenisseut
3402 4812 3791 4879 seditionibus,

2210 4916 2259 4960 et
2291 4905 2715 4975 praevalentibus
2745 4906 2880 4975 ipsis
2929 4906 3211 4971 ROmauis,
3235 4920 3466 4976 qumque
3501 4904 3639 4955 mala
3677 4914 3790 4956 tam

2212 4995 2527 5064 religionem
2562 4994 2805 5063 ipsorum
2847 5009 3009 5063 quam
3048 5009 3391 5049 communem
3431 4994 3600 5046 vitam
3633 4994 3791 5046 inva-

2213 5089 2436 5154 sissent,
2466 5087 2778 5157 conquisito
2794 5085 2979 5141 Cesra:
3015 5086 3147 5152 filio,
3175 5088 3399 5139 neruine
3428 5082 3794 5150 Yazdcjerdo,

2214 5180 2307 5248 qui
2329 5187 2367 5231 'a
2396 5178 2767 5241 Shirawaiho,
2800 5192 2924 5232 cum
2962 5174 3161 5231 fratres
3190 5177 3310 5246 ejus
3357 5176 3679 5238 trucidaret,
3715 5175 3792 5229 fu-

2215 5279 2387 5338 gerat,
2424 5271 2601 5338 ipsum
2650 5268 2755 5324 sibi
2804 5283 2985 5339 regem
3035 5268 3416 5338 praefecerunt,
3466 5282 3636 5319 annos
3675 5276 3795 5318 tum

2221 5369 2409 5414 natum
2436 5357 2771 5430 quindecim.
2817 5357 2987 5412 Erant
3034 5369 3216 5412 autem
3266 5357 3491 5411 allectus
3539 5357 3795 5425 ipsorum

2216 5451 2437 5515 diversi,
2468 5463 2646 5506 cmtus
2681 5450 2864 5515 divisi,
2901 5458 2955 5505 et
3002 5465 3063 5504 se
3107 5459 3296 5503 mutuo
3327 5449 3481 5505 bellis
3516 5449 3797 5502 lacessen-

2219 5554 2321 5607 tes,
2346 5541 2778 5613 uniuscujusque
2808 5555 2964 5598 terra:
2992 5552 3220 5607 tractus,
3252 5542 3422 5605 urbis,
3456 5551 3547 5593 aut
3582 5540 3800 5607 (ιρρίάῖ,

2219 5651 2313 5707 per
2348 5645 2515 5689 totum
2552 5649 2780 5704 regnum
2807 5635 3028 5696 incolis,
3078 5636 3278 5689 vicinis
3298 5635 3436 5688 “suis
3479 5634 3680 5687 bcilum
3720 5637 3801 5683 in.

2221 5727 2555 5795 ferentibus;
2603 5734 3033 5795 manseruntque
3078 5727 3179 5781 hoc
3206 5734 3354 5780 Statu
3408 5724 3604 5786 urbes,
3641 5723 3801 5776 vide-

2222 5816 2347 5873 licet
2374 5816 2538 5873 rebus
2569 5816 2876 5883 dissolutis,
2920 5815 3122 5887 populo
3150 5814 3353 5879 diviso,
3406 5825 3573 5883 regno
3597 5824 3803 5865 corru-
