4014 6218
345 282 480 340 1093

1780 282 2148 344 ΛΝΝΔΙΕΞ.

3461 284 3601 349 1094

344 402 453 461 pto,
494 391 917 460 ltominibuSque
975 389 1114 443 inter
1167 404 1228 444 se
1272 388 1754 453 dissentientibus,
1789 400 1912 443 octo
1946 400 1996 455 Α
2034 392 2296 445 adversos
2322 406 2379 446 se
2408 390 2739 460 praebuerint
2776 392 2827 446 itt
2856 407 2914 446 re
2953 392 3135 462 aliqua
3164 410 3287 465 qua:
3323 396 3403 449 vel
3431 404 3603 451 terras

341 496 512 535 unitos
545 499 558 534 :
590 497 757 551 regno
789 489 967 534 autem
998 480 1288 550 praefectus
1322 488 1406 534 est
1445 495 1590 533 anno
1608 479 1918 534 clmlifatus

344 573 440 625 Abi
499 571 648 624 Becri
708 571 883 640 primo
937 588 951 624 :
1007 571 1170 641 idque
1214 586 1363 624 anno
1412 570 1625 640 imperii
1679 568 1916 624 lleraclii

344 662 713 716 Romanorum
748 661 1096 731 imperatoris
1129 663 1441 718 undecimo.

409 755 528 806 Abu
578 752 782 808 Becrus
831 754 1145 807 cbalifatnm
1221 755 1477 809 obtinens
1528 755 1733 810 Arabes
1786 754 1919 808 deli-

344 843 547 896 eieutes
609 842 752 896 bello
812 844 1146 913 Oppugnavit
1196 844 1370 898 donec
1421 844 1488 898 ad
1546 843 1915 898 lslamismum

344 944 768 991 reverterentur.
815 935 943 990 Dein
990 934 1288 991 Chaledum
1345 936 1459 990 Ebn
1492 934 1671 991 Walid
1723 952 1920 1007 magno

343 1028 669 1081 instructum
692 1028 940 1080 exercitu
974 1026 1218 1081 Eracnm
1255 1028 1423 1092 misit,
1449 1030 1538 1097 qui
1573 1045 1695 1082 cum
1728 1029 1778 1082 in
1815 1031 1922 1084 Me—

346 1119 645 1187 sopotamia
682 1127 867 1170 castra
918 1121 1214 1188 posuisset,
1264 1134 1584 1189 progressos
1619 1122 1689 1172 ad
1740 1121 1916 1189 ipsum

345 1209 583 1281 regionis
632 1209 781 1264 illius
816 1211 1087 1280 primores
1135 1212 1188 1264 in
1246 1212 1405 1267 fidem
1450 1213 1675 1282 recepit,
1725 1211 1918 1283 257-

344 1304 507 1374 259
530 1318 712 1373 pacem
741 1319 861 1359 cum
892 1304 998 1358 illis
1020 1315 1207 1373 pactus
1233 1320 1805 1361 summanummorum
1835 1322 1922 1359 se-

348 1398 592 1465 ptuagies
627 1397 842 1462 millies,
877 1399 966 1464 qui
1017 1400 1255 1466 primum
1305 1409 1460 1451 erant
1509 1399 1739 1467 vectigal
1772 1398 1918 1467 quod

347 1481 399 1540 in
436 1488 604 1541 liraco
639 1490 877 1540 solutum
911 1497 1015 1552 est,
1049 1504 1113 1541 ac
1148 1489 1305 1557 primi
1355 1490 1561 1543 numini
1613 1491 1704 1558 qui
1757 1506 1820 1544 ex
1855 1505 1920 1543 ea

349 1579 628 1648 provincia
660 1579 725 1631 ad
754 1579 1098 1633 Abubeerum
1127 1589 1511 1646 pervenerunt.
1539 1581 1670 1635 Dein
1704 1581 1922 1648 scripsit

350 1672 664 1725 Abubecrus
696 1670 1013 1730 Yamanum,
1065 1672 1126 1725 Al
1155 1670 1330 1743 Tayif,
1383 1673 1640 1737 Meecam,
1675 1676 1921 1741 aliasque

2023 498 2252 546 ves;ras,
2277 486 2358 538 vel
2388 485 2701 554 sanguines,
2729 484 2813 538 vel
2836 499 2993 553 opes,
3021 487 3103 540 vel
3132 487 3333 542 liberos
3366 500 3597 555 spectet,

2021 574 2386 647 [titulumque]
2458 576 2594 630 illud
2640 591 2670 629 a
2739 576 2892 631 vobis
2947 578 3315 646 repellamus,
3365 581 3604 648 quandiu

2020 667 2381 723 confeederati
2427 669 2587 723 nobis
2640 667 2889 731 fueritis,
2940 669 3105 739 idque
3155 680 3315 738 pacto
3364 690 3390 721 ιι
3452 674 3605 725 nobis

2023 760 2403 813 confirmatum
2447 760 2771 815 habueritis.
2811 760 2969 826 Quod
3025 761 3071 816 si
3133 762 3460 825 abnueritis,
3499 781 3605 816 ttun

2019 862 2105 905 erit
2153 850 2298 904 inter
2356 866 2458 905 nos
2515 852 2896 923 261-263
2964 862 3018 908 et
3068 868 3167 907 vos
3278 861 3404 911 Iter,
3443 872 3609 922 quam

2021 940 2201 1009 gladio
2234 955 2320 993 res
2351 939 2733 1009 dijudicanda,
2761 942 2939 996 donec
2983 941 3069 996 vel
3121 957 3317 995 omnes
3339 943 3402 995 ad
3436 959 3605 996 unum

2022 1033 2343 1097 moriamur,
2374 1014 2639 1102 autquod
2667 1035 2921 1088 volumus
2946 1049 2975 1087 a
3004 1035 3158 1090 vobis
3179 1040 3607 1104 consequamur.

2020 1122 2292 1180 Patricius
2337 1141 2470 1195 ergo
2506 1126 2594 1180 ubi
2631 1123 2821 1180 Omari
2872 1125 3048 1181 Ebnol
3103 1126 3196 1181 Asi
3232 1129 3395 1180 verba
3449 1128 3608 1180 andi-

2024 1216 2217 1278 visset,
2247 1223 2302 1270 et
2333 1216 2657 1286 quantillam
2691 1216 2864 1285 ipsius
2892 1218 3155 1272 rationem
3186 1218 3436 1280 haberet,
3468 1218 3608 1271 dixit

1988 1296 1993 1300 ’
2022 1305 2319 1369 comitibus
2348 1306 2467 1360 suis
2495 1325 2509 1361 :
2540 1306 2804 1376 Suspicor
2850 1307 2996 1361 hunc
3030 1308 3215 1378 populi
3253 1308 3404 1363 illius
3434 1309 3607 1378 impe-

2024 1408 2266 1452 ratorem
2303 1414 2458 1466 esse,
2495 1400 2744 1469 ipsisque
2792 1398 2848 1453 in
2896 1400 3173 1453 mandatis
3207 1399 3379 1464 dedit,
3428 1408 3486 1453 ιιι
3518 1398 3607 1454 ubi

2024 1490 2089 1541 ad
2127 1497 2340 1558 portam
2385 1492 2543 1545 urbis
2571 1491 2825 1545 exiturus
2870 1492 3210 1560 perveniret,
3251 1491 3452 1545 collum
3505 1490 3608 1561 ipsi

2024 1581 2404 1650 praeciderent.
2440 1580 2562 1635 Fuit
2586 1592 2767 1636 autem
2795 1597 2918 1636 cum
2953 1581 3155 1638 Omaro
3186 1598 3339 1653 puer,
3388 1583 3608 1637 nomine

2029 1671 2289 1736 Wardan,
2322 1674 2415 1742 qui
2444 1675 2684 1742 linguam
2716 1673 3037 1729 Romaicam
3069 1676 3323 1739 callebat,
3353 1692 3474 1730 cum
3514 1691 3608 1731 na-

350 1766 583 1818 Arabum
617 1764 813 1830 tribus,
848 1779 1003 1834 opem
1047 1766 1114 1818 ab
1143 1765 1276 1833 ipsis
1312 1776 1502 1834 petens
1538 1765 1604 1819 ad
1642 1765 1920 1819 Romanos
1954 1753 1992 1807 Β
2025 1768 2170 1820 tlone
2202 1764 2424 1820 Grtecus
2468 1774 2636 1820 esset.
2678 1767 2922 1821 Narrans
2972 1783 3106 1837 ergo
3138 1766 3341 1823 Omaro
3382 1765 3609 1821 Warda-

350 1857 1025 1928 oppugnandos.Cumque
1052 1860 1116 1909 ad
1145 1858 1321 1927 ipsum
1344 1859 1743 1927 pervenissent,
1765 1857 1923 1913 Orna-

350 1967 466 2003 rnm
519 1950 694 2004 Ebnol
738 1951 854 2015 Asi,
906 1950 1273 2018 Sitarjabilutn
1328 1951 1445 2005 Ebn
1486 1950 1707 2006 Hasnab
1740 1952 1922 2007 Abno-

349 2043 564 2098 baidum
598 2043 777 2097 Ebnol
810 2041 1010 2108 larabi,
1042 2040 1307 2096 Yazidum
1361 2042 1477 2097 Ebn
1530 2045 1632 2097 Abi
1678 2043 1879 2114 Sofyan
1905 2083 1922 2109 ,

347 2136 516 2206 copiis
580 2135 884 2191 instructos
960 2138 1155 2199 misit,
1215 2138 1548 2206 imperatore
1615 2140 1924 2193 constituto

348 2230 544 2282 Umaro
589 2228 762 2283 Ebnol
810 2228 929 2293 Asi,
966 2226 1241 2299 jnssitqne
1278 2230 1331 2282 in
1385 2229 1595 2300 Syriam
1634 2246 1729 2299 per
1781 2230 1921 2284 viam

347 2319 454 2374 llalt
485 2319 734 2383 tendere,
768 2320 820 2372 in
849 2321 1118 2374 mandatis
1154 2323 1292 2374 dans
1339 2337 1406 2374 ne
1435 2323 1517 2375 vel
1550 2336 1737 2375 senem
1766 2330 1925 2376 tetate

348 2420 682 2479 provectum,
740 2413 819 2464 vel
874 2410 1135 2464 infantem
1169 2412 1568 2475 minorennem,
1600 2414 1682 2466 vel
1732 2413 1925 2467 mulie-

349 2514 459 2555 rem
504 2502 818 2570 quampiam
864 2503 1204 2565 occiderent,
1260 2502 1344 2555 vel
1393 2502 1646 2555 arborem
1696 2502 1924 2572 frugife-

349 2609 462 2647 ram
498 2594 874 2663 przeriderent,
916 2594 997 2647 vel
1047 2595 1223 2648 locum
1259 2596 1462 2647 cultum
1498 2605 1799 2659 vastarent,
1842 2597 1924 2649 vel

349 2684 579 2753 palmam
612 2688 1008 2739 succenderent
1054 2700 1150 2739 aut
1196 2688 1572 2752 snccidorent,
1620 2692 1699 2742 vel
1746 2705 1923 2751 ovem,

350 2777 562 2840 bovem,
610 2786 704 2829 aut
750 2777 960 2829 ltzcdnm
1003 2777 1340 2846 jugulat-ent.
1399 2778 1477 2831 Illi
1516 2795 1646 2849 ergo
1697 2781 1923 2850 profecti

348 2878 472 2923 Stlltt
509 2869 682 2921 donec
717 2878 896 2921 castra
928 2879 1195 2937 ponerent
1242 2869 1293 2922 iu
1338 2885 1476 2939 pago
1507 2867 1703 2923 Tadnu
1738 2873 1913 2935 dicto,

349 2975 468 3029 qua:
506 2975 536 3013 e
577 2960 728 3029 pagis
759 2958 919 3013 Gazae
946 2970 1050 3027 cst,
1086 2976 1193 3029 qua
1227 2958 1487 3029 llejazuin
1533 2963 1794 3032 respicit;
1833 2964 1922 3019 ubi

348 3052 414 3106 ad
444 3053 593 3120 ipsos
620 3052 859 3105 delatum
905 3062 988 3106 est
1036 3053 1285 3105 nuntium
1336 3051 1579 3106 lleraclii
1636 3058 1915 3110 exercitus

348 3143 404 3199 in
436 3144 567 3197 urbe
601 3141 783 3197 Gazab
820 3152 1183 3213 congregatos
1225 3143 1413 3198 fuisse.
1456 3143 1741 3199 Heraelius
1775 3151 1919 3200 enim

347 3237 400 3289 id
463 3236 728 3303 temporis
776 3232 1025 3309 Dtrtnasci
1080 3234 1207 3288 fuit.
1275 3235 1512 3305 Scripsit
1569 3254 1700 3308 ergo
1758 3238 1924 3294 Otnar

350 3327 519 3381 tlbnol
543 3326 633 3380 Asi
680 3326 746 3378 ad
784 3326 899 3377 Abtt
938 3324 1170 3377 Berrum
1209 3340 1367 3395 opem
1407 3332 1473 3379 ab
1511 3331 1630 3397 ipso
1665 3332 1919 3399 petitum,

349 3422 631 3491 ipsumque
674 3417 958 3470 certiorem
990 3417 1141 3480 fecit,
1172 3417 1225 3471 in
1260 3433 1428 3471 unum
1452 3422 1783 3475 Convenisse
1816 3419 1922 3475 lle-

350 3510 502 3563 taelii
560 3511 767 3577 copias.
798 3508 916 3561 Abu
945 3506 1147 3561 Becrus
1180 3508 1345 3577 igitur
1376 3510 1442 3563 ad
1471 3508 1769 3565 Cltaledum
1804 3512 1919 3568 Ebn

351 3600 528 3654 Walid
582 3600 829 3669 scripsit,
864 3610 923 3653 ut
960 3600 1074 3667 ipse
1112 3615 1237 3651 cum
1271 3603 1444 3670 copiis
1497 3605 1612 3657 suis
1657 3606 1725 3657 ad
1758 3606 1924 3660 Oma-

350 3711 469 3747 rum
512 3691 686 3746 Ebnol
729 3692 824 3746 Asi
870 3691 1335 3761 proficisceretur,
1371 3708 1482 3763 quo
1529 3696 1774 3751 subsidio
1820 3699 1922 3767 ipsi

350 3800 511 3843 esset.
563 3787 849 3842 Profectus
878 3787 1041 3857 260
1083 3803 1217 3857 ergo
1260 3788 1463 3842 Clialed
1513 3789 1630 3843 Ebn
1677 3788 1857 3843 Walid
1893 3807 1923 3844 a

349 3884 535 3937 lazrab
581 3897 675 3951 per
731 3881 872 3934 \iant
919 3882 1117 3934 deserti
1167 3881 1233 3934 ad
1288 3879 1546 3935 Otnarutn
1588 3871 1783 3951 ,Ἐὺιιυι
1829 3885 1921 3937 Asi

349 3976 617 4044 pervenit.
671 3975 854 4043 Copia:
890 3983 1070 4028 autem
1111 3973 1343 4028 lieraelii
1393 3990 1451 4028 se
1482 3975 1641 4030 Gaza:
1676 3979 1927 4031 munive-

350 4076 493 4121 runt.
536 4066 668 4120 Cum
708 4081 841 4134 ergo
888 4064 1090 4119 Gazam
1137 4066 1502 4120 accessissent
1548 4068 1695 4123 misit
1746 4067 1924 4122 Patri-

349 4161 491 4226 cius,
525 4163 788 4213 exercitui
843 4159 1078 4212 lieraclii
1117 4160 1433 4228 praefectus,
1471 4160 1541 4212 ad
1570 4159 1927 4215 Muslemino-

351 4266 467 4303 rum
506 4251 830 4310 exercitum,
867 4263 1067 4318 rogans
1098 4255 1158 4300 ιιι
1201 4250 1265 4300 ad
1306 4250 1482 4317 ipsum
1524 4247 1717 4303 ducent
1753 4265 1782 4303 e
1810 4252 1927 4303 suis

350 4342 659 4410 quempiam
729 4342 1012 4393 tnitterent
1072 4356 1183 4409 quo
1254 4341 1595 4394 internuntio
1652 4351 1922 4396 uteretur.

2025 1872 2131 1911 nus
2176 1858 2305 1927 quid
2336 1858 2623 1922 audierat;
2664 1859 2821 1922 Dolo,
2858 1858 3059 1929 inquit,
3118 1868 3269 1914 utere
3314 1876 3425 1930 quo
3451 1874 3610 1929 egre-

2024 1950 2214 2004 diaris.
2254 1950 2478 2005 Dicente
2528 1950 2695 2020 igitur
2736 1951 2970 2020 patricio
3001 1935 3203 2006 Otnaro
3238 1952 3412 2006 Ebnol
3464 1953 3557 2005 Asi
3593 1966 3607 2003 :

2025 2042 2193 2097 Estne
2239 2043 2382 2096 inter
2424 2047 2604 2097 socios
2645 2051 2765 2097 tuos
2810 2044 2903 2113 qui
2957 2044 3052 2099 tibi
3114 2058 3209 2112 par
3258 2046 3332 2098 sit
3373 2043 3611 2113 aliquis!

2025 2132 2327 2204 Respondit
2348 2134 2514 2190 Omar
2547 2154 2561 2191 :
2598 2136 2730 2191 Sum
2755 2152 2856 2208 ego
2898 2153 2928 2191 e
2951 2137 3246 2192 comitibus
3269 2136 3403 2191 meis
3429 2135 3611 2206 lingua

2026 2226 2264 2280 maxime
2295 2228 2470 2291 rudis,
2499 2237 2553 2283 et
2587 2228 2821 2283 consilio
2873 2228 3100 2282 minime
3152 2227 3385 2297 pollens,
3436 2228 3613 2296 siqui-

2024 2315 2146 2371 dem
2194 2317 2306 2386 ipse
2355 2334 2462 2372 non
2508 2319 2648 2372 alius
2685 2334 2807 2375 sum
2862 2334 3027 2388 quam
3085 2320 3318 2389 legatus,
3353 2319 3445 2388 qui
3478 2319 3611 2389 quid

2025 2405 2104 2458 illi
2159 2406 2288 2458 milii
2325 2407 2582 2462 dixerunt
2633 2410 2700 2462 ad
2755 2416 2808 2462 te
2848 2409 3165 2477 pertulerim
3201 2424 3216 2463 :
3249 2422 3380 2463 sunt
3427 2420 3611 2464 autem

2026 2494 2209 2549 decem
2245 2496 2343 2547 viri
2374 2511 2459 2551 me
2484 2498 2913 2566 praestantiorcs,
2944 2499 3036 2567 qni
3060 2500 3358 2553 exercitum
3391 2510 3610 2569 regunt,

2026 2602 2091 2640 ac
2123 2588 2413 2641 voluerunt
2438 2588 2658 2656 quidem
2702 2590 2818 2657 ipsa
2852 2606 2959 2643 una
3010 2605 3221 2643 mecum
3254 2590 3321 2643 ad
3369 2598 3421 2645 te
3451 2607 3614 2645 arce-

1990 2677 2178 2741 .dcrc,
2208 2676 2309 2731 nisi
2337 2678 2481 2746 quod
2526 2693 2610 2731 me
2660 2679 2933 2744 miserint,
2971 2688 3030 2733 ut
3057 2679 3188 2748 qttid
3231 2679 3482 2735 dictul‘bs
3533 2684 3613 2737 sis

2026 2764 2292 2835 audiam:
2325 2766 2468 2836 quod
2502 2768 2545 2820 si
2582 2769 2675 2821 tibi
2725 2771 2901 2824 visum
2950 2768 3113 2824 fuerit
3168 2779 3225 2823 nt
3260 2772 3411 2841 ipsos
3434 2772 3612 2827 addu-

2026 2872 2167 2922 cam,
2207 2876 2315 2929 quo
2346 2875 2536 2914 eorum
2563 2861 2729 2915 verba
2759 2862 2977 2926 audias,
3018 2865 3272 2933 sciasque
3305 2880 3390 2919 tne
3424 2881 3611 2920 verum

2028 2951 2120 3004 tibi
2164 2949 2393 3017 dixisse,
2443 2952 2547 3007 hoc
2598 2953 2803 3008 fecero.
2860 2955 2959 3010 Cui
3024 2958 3285 3025 patricius
3332 2972 3348 3011 :
3400 2957 3614 3023 Fac.as,

2030 3044 2227 3114 inquit.
2271 3041 2467 3099 Secum
2503 3047 2649 3101 enim
2700 3055 2889 3101 mente
2929 3050 3189 3117 cogitavit
3236 3049 3482 3119 dixitque
3521 3068 3616 3120 pa-

2036 3136 2227 3186 tricius
2266 3150 2280 3187 :
2314 3133 2501 3190 Satius
2529 3145 2614 3189 est
2645 3137 2778 3188 milii
2822 3145 2880 3189 ut
2909 3137 3095 3205 plures
3128 3154 3292 3207 qualn
3341 3149 3399 3193 ut
3447 3158 3615 3196 unum

2034 3226 2376 3280 interficiant.
2420 3225 2564 3280 Misit
2594 3243 2723 3297 ergo
2744 3228 2809 3281 ad
2844 3228 2971 3283 illos
3001 3245 3139 3298 quos
3178 3228 3417 3299 jusserat
3444 3234 3617 3286 inter-
3670 3280 3676 3287 .

2035 3319 2196 3374 licere
2224 3316 2389 3389 264
2420 3317 2711 3393 Ornarum,
2743 3334 2810 3374 ne
2838 3320 3017 3389 ipsum
3058 3331 3232 3375 tuorte
3258 3321 3437 3376 nllove
3471 3329 3617 3377 malo

2032 3413 2328 3480 adiicerent,
2366 3430 2595 3484 sperans
2621 3429 2939 3469 accessuros
2970 3418 3158 3471 decem
3182 3418 3355 3488 ipsius
3378 3420 3612 3473 comites

2031 3521 2142 3577 quo
2202 3507 2351 3576 ipsos
2404 3521 2434 3560 e
2503 3506 2684 3561 medio
2735 3508 2975 3563 tolleret.
3036 3507 3201 3563 Omar
3256 3526 3388 3580 ergo
3460 3522 3619 3581 porta

2031 3616 2285 3672 egressus
2324 3600 2489 3655 sociis
2515 3602 2635 3654 suis
2669 3600 2946 3670 quomodo
2984 3615 3045 3654 se
3078 3616 3164 3655 res
3189 3602 3413 3657 haberet
3488 3618 3619 3656 nar-

2033 3708 2160 3746 rans
2190 3690 2344 3760 :Ego
2392 3691 2614 3760 (inquit)
2663 3706 2941 3759 nunquam
3004 3690 3072 3744 ad
3123 3691 3283 3745 talem
3350 3703 3618 3747 revertar.

2036 3782 2197 3844 Tum,
2231 3781 2373 3836 Deus
2400 3782 2670 3835 maximus
2703 3793 2807 3843 est.
2864 3782 3209 3848 exclamavit,
3242 3798 3305 3837 ac
3347 3770 3620 3853 prodeun-

2035 3874 2179 3927 tibus
2209 3858 2473 3928 Romanis
2495 3873 2739 3942 przelinm
2777 3874 2918 3928 inter
2951 3875 3097 3942 ipsos
3129 3879 3485 3934 commissum
3510 3886 3621 3944 est,

2036 3965 2226 4034 inquo
2256 3964 2430 4018 versis
2482 3967 2537 4017 in
2592 3964 2775 4032 fugant
2831 3961 3094 4019 Romanis
3143 3982 3394 4036 magnam
3422 3986 3618 4025 eorum

2034 4068 2271 4124 stragem
2323 4055 2514 4118 edidit,
2562 4069 2799 4123 quorum
2859 4056 3088 4124 vestigia
3135 4056 3368 4112 insecuti
3421 4061 3618 4115 Mosle-

2036 4148 2166 4203 mini
2219 4150 2368 4218 ipsos
2415 4147 2702 4202 Palaestina
2754 4156 2809 4201 et
2840 4146 3099 4202 Ordonno
3155 4148 3529 4220 Hierosolyma
3563 4165 3619 4208 et

2033 4242 2340 4297 Caesaream
2372 4240 2664 4309 fugarunt;
2700 4241 2751 4295 in
2783 4243 2985 4311 quibus
3021 4257 3146 4295 cum
3176 4256 3234 4296 se
3259 4245 3619 4300 munivissent

2037 4335 2287 4389 homines
2322 4333 2445 4387 illos
2500 4332 2864 4403 reliquerunt,
2897 4332 2951 4387 in
2982 4343 3166 4403 partes
3211 4334 3456 4389 Bathniaa
3499 4347 3617 4402 ten-

352 4432 497 4486 υιιίι
548 4434 711 4503 igitur
765 4432 951 4486 Clialid
998 4429 1199 4485 Ouiaro
1254 4430 1426 4485 Ebnol
1480 4434 1573 4487 Asi
1611 4432 1834 4487 :Adcas
1866 4444 1919 4487 tu
1955 4446 1999 4501 ι)
2034 4426 2247 4490 dentes.
2277 4439 2451 4494 eaque
2487 4426 2554 4480 de
2588 4439 2648 4480 re
2683 4425 2895 4480 litteras
2926 4425 2993 4479 ad
3041 4424 3159 4480 Abu
3189 4423 3423 4481 Becnuu
3476 4429 3621 4482 scri-

352 4526 551 4594 ipsum.
586 4524 871 4579 Profectus
917 4524 1083 4593 igitur
1130 4520 1366 4577 Omarus
1395 4535 1582 4592 aperta
1640 4526 1743 4594 ipsi
1769 4523 1926 4579 Gazae

342 4625 505 4686 porta
540 4610 822 4683 ingressus
853 4623 958 4676 est,
987 4629 1149 4682 quem
1183 4614 1483 4679 Patricius,
1515 4618 1607 4669 ubi
1639 4619 1706 4670 ad
1742 4617 1921 4685 ipsmn

353 4708 714 4779 pervenisset,
764 4705 1047 4768 salutavit,
1097 4705 1221 4756 dciu
1275 4705 1414 4758 dixit
1462 4706 1565 4775 ipsi
1605 4723 1620 4758 :
1660 4708 1803 4771 Quid
1848 4719 1929 4761 est

351 4797 496 4864 quod
548 4810 642 4851 vos
671 4795 724 4848 in
775 4799 1051 4863 regionem
1100 4805 1343 4847 nostram
1396 4796 1658 4860 adduxit,
1705 4807 1760 4852 et
1797 4797 1929 4867 quid

321 4887 574 4941 -tandc'm
607 4884 808 4939 vultis?
839 4884 1141 4953 Respondit
1182 4883 1351 4939 Ornar
1384 4884 1555 4939 Ebnol
1586 4888 1679 4942 Asi
1714 4905 1727 4943 :
1755 4885 1931 4942 Jnssit

324 4961 461 5035 inos
498 4979 764 5031 Dominus
798 4986 988 5031 noster
1016 4992 1115 5030 vos
1146 4991 1485 5045 oppugnare,
1535 4979 1640 5031 nisi
1686 4982 1768 5033 vel
1803 4981 1931 5033 reli-

319 5057 569 5140 gionem
612 5079 856 5123 nostram
893 5069 1307 5137 amplectantini
1339 5083 1449 5137 quo
1487 5068 1639 5123 vobis
1687 5072 1759 5124 sit
1783 5070 1931 5140 quod

356 5161 534 5225 nobis,
567 5169 620 5213 et
651 5169 843 5214 contra
871 5173 967 5213 vos
1002 5159 1147 5227 quod
1176 5164 1371 5212 contra
1407 5173 1528 5221 nos,
1556 5158 1787 5227 sitisque
1823 5157 1932 5212 fra—

357 5266 468 5309 tres
508 5255 702 5319 nostri,
733 5260 791 5307 ut
817 5267 916 5307 nec
951 5252 1120 5306 liceat
1151 5252 1313 5306 nobis
1344 5251 1500 5307 vobis
1546 5251 1806 5305 dan'mum
1844 5254 1930 5307 in-

357 5346 519 5411 ferre,
553 5355 649 5401 aut
683 5345 999 5401 contrarios
1046 5357 1169 5398 esse
1194 5381 1210 5409 ,
1240 5343 1325 5397 vel
1361 5344 1407 5396 si
1442 5345 1548 5398 boc
1582 5343 1791 5407 nolitis,
1828 5344 1931 5397 tri-

357 5441 572 5493 butum?
600 5441 666 5493 de
695 5453 805 5513 quo
845 5439 986 5491 inter
1015 5449 1116 5490 nos
1145 5442 1198 5488 et
1247 5450 1343 5489 vos
1373 5435 1719 5501 convenerit,
1774 5436 1932 5490 nobis

355 5531 653 5603 quotannis
686 5533 738 5584 in
786 5538 1106 5601 perpetuum
1135 5528 1377 5598 quandiu
1429 5528 1755 5596 superstites
1794 5531 1932 5583 utri-

355 5640 463 5693 que
512 5623 807 5689 fuerimus,
852 5621 1141 5694 pendatis;
1173 5633 1282 5691 quo
1322 5636 1707 5691 oppugnemus
1760 5622 1930 5677 vestri

354 5728 523 5769 causa
571 5730 764 5772 omnes
811 5714 903 5784 qui
938 5725 1037 5769 vos
1066 5710 1314 5783 aggressi
1356 5706 1599 5780 fuerint,
1630 5718 1725 5767 aut
1774 5710 1930 5769 vobis

2031 4528 2296 4587 pserunt:
2339 4526 2390 4571 at
2422 4531 2546 4570 cum
2584 4516 2656 4570 ad
2688 4517 2861 4586 ipsum
2899 4517 3180 4573 adveniret
3220 4521 3465 4586 nuntius,
3492 4520 3610 4589 ipse

2030 4609 2141 4663 vita
2171 4616 2505 4673 excesserat,
2541 4607 2746 4663 Omaro
2796 4609 2958 4663 Ebnil
3000 4610 3230 4665 Cbctabi
3287 4625 3618 4667 successore

2031 4701 2354 4764 constituto,
2405 4701 2529 4754 Abu
2554 4698 2755 4755 Becrus
2793 4700 3071 4769 siquidem
3122 4712 3394 4771 aegrotans
3447 4714 3617 4758 testa-

2031 4802 2213 4846 mento
2242 4790 2502 4846 Otnarum
2533 4791 2693 4845 Ebnil
2719 4790 2946 4847 Cltetabi
2978 4793 3305 4862 designavit.
3335 4794 3616 4866 Scriptum

2032 4895 2211 4938 autem
2236 4892 2355 4937 erat
2379 4893 2762 4937 testamentum
2796 4899 2958 4937 manu
2985 4886 3239 4939 Otbmani
3269 4887 3384 4941 Ebn
3408 4888 3615 4941 Aﬂ‘ani.

2033 4971 2306 5029 ObiitAbn
2333 4973 2463 5028 Becr
2492 4973 2579 5028 die
2606 4976 2911 5044 penultinto
2941 4976 3144 5031 mensis
3169 4977 3405 5032 lomada:
3431 4991 3616 5045 poste-

2035 5066 2224 5131 rioris,
2252 5067 2383 5120 anni
2431 5065 2605 5122 lleira
2636 5067 2834 5122 decimi
2891 5069 3037 5122 tertii
3074 5070 3299 5125 :oravit
3350 5087 3451 5139 pro
3498 5073 3619 5137 ipso

2035 5157 2203 5214 Omar
2234 5157 2405 5213 Ebnol
2441 5158 2706 5227 Cltetabi;
2759 5162 3007 5231 sepultus
3052 5171 3135 5217 est
3167 5163 3220 5216 in
3249 5163 3442 5217 iisdem
3485 5176 3614 5216 aeut-

2034 5252 2137 5307 bus
2175 5252 2375 5323 quibus
2412 5250 2778 5308 Mobannned.
2813 5251 2945 5307 Fuit
2994 5255 3285 5309 cbalifatus
3310 5255 3488 5322 ipsius
3526 5274 3618 5307 :m-
3698 5282 3709 5291 -

2036 5360 2230 5399 norum
2279 5345 2537 5410 duorum,
2586 5347 2857 5401 mensium
2912 5348 3101 5411 trium,
3144 5345 3361 5401 dierum
3425 5351 3616 5416 viginti

2035 5439 2289 5493 duorum.
2349 5438 2424 5491 Eo
2461 5451 2571 5508 quo
2625 5448 2874 5494 mortuus
2917 5447 3004 5493 est
3056 5437 3147 5492 die
3193 5450 3464 5491 annorum
3517 5440 3618 5491 fut

2036 5530 2323 5596 sexaginta
2361 5528 2550 5582 trium.
2589 5529 2714 5582 Fuit
2764 5539 2946 5581 autem
2986 5527 3107 5582 Abu
3164 5526 3370 5581 Becrus
3419 5542 3618 5597 proci-

2034 5636 2153 5687 rus,
2186 5621 2473 5685 candidus,
2508 5623 2746 5676 candore
2791 5629 2976 5674 tamen
3011 5623 3079 5675 ad
3128 5618 3450 5675 ﬂavedinem
3489 5636 3613 5674 Ver-

2036 5721 2219 5787 geute,
2250 5713 2615 5788 .maciientus,
2649 5710 2989 5785 mystacibus
3035 5713 3201 5790 raris,
3234 5712 3376 5772 facle
3430 5728 3618 5771 macra
