4014 6218
417 1109 434 1177 l

450 4501 451 4504 “
499 4495 1134 4567 ευηδιεηιίηοροιὶιαηυε
1187 4511 1202 4548 :

478 276 617 333 1095

1500 268 1864 333 EUTYCHII
1914 267 2328 327 ALEXANDB
2343 265 2450 325 lN‘I
2494 265 2712 325 PATR.

3581 249 3722 312 1096

474 384 828 458 265-267
877 387 1051 444 Oculis
1125 389 1568 450 subsidenlilms,
1618 387 1841 440 barbam
1890 399 2044 438 suam
2078 392 2118 446 Α
2151 383 2394 437 narravit
2437 382 2570 452 ipsis
2599 379 2730 450 quid
2779 378 2878 433 sibi
2916 375 3232 446 contigisset
3271 372 3499 441 ejusque
3547 371 3723 422 histo-

475 479 640 532 binna
670 488 723 532 et
769 493 979 535 cetamo
1026 482 1234 551 tingere
1282 482 1500 544 solitus,
1541 495 1666 532 raro
1711 486 2046 548 tegmentum

474 566 575 619 sibi
646 569 930 622 astrictum
979 571 1247 625 retinens.
1293 568 1651 623 (iousiliarius
1702 569 1876 635 ipsius
1924 575 2045 622 erat

475 656 589 710 Abu
632 655 852 712 Kahafa:
897 658 1154 712 Alsuidus
1196 659 1449 727 jauitoris
1504 673 1730 712 munere
1777 658 1878 728 ipsi
1925 657 2045 710 fun-

477 754 918 818 gebaturservus
958 751 1130 817 ipsius
1161 749 1351 804 Sadid.

763 839 1064 908 Chalifatus
1114 841 1302 895 Omari
1331 840 1489 895 Ebm'l
1521 841 1765 896 Chetabi.

553 930 891 985 Chalil'atum
969 934 1201 986 obtinuit
1276 934 1441 988 Omar
1509 934 1724 1004 (Ebuo-l
1796 931 2046 993 Chctahi,

477 1025 590 1078 Ebu
621 1025 832 1089 Nofail,
856 1024 972 1078 Ebn
1003 1024 1161 1078 Abdil
1197 1026 1337 1089 azis,
1379 1024 1493 1078 Elin
1545 1025 1736 1096 Biyah,
1762 1024 1875 1077 Ebn
1911 1025 2046 1087 Ada,

479 1118 590 1169 l'Lbn
633 1116 798 1182 Caab,
833 1119 918 1170 cui
972 1125 1144 1170 mater
1175 1117 1276 1170 fuit
1320 1115 1568 1171 Cathitna
1634 1116 1735 1168 lilia
1787 1114 2044 1168 llashami

480 1209 654 1262 ICbui-l
687 1207 1010 1279 Mogayarm,
1043 1209 1158 1264 Ebn
1196 1210 1488 1272 Abdillabi,
1542 1209 1656 1261 Ebn
1686 1206 1890 1272 Omari,
1929 1207 2046 1260 Ebn

482 1301 781 1369 Machzum)
811 1300 898 1354 die
930 1300 1117 1356 Martis
1165 1301 1354 1356 eodem
1403 1317 1512 1370 quo
1542 1310 1790 1354 mortuus
1821 1309 1902 1353 est
1927 1299 2044 1352 Abu

481 1393 632 1458 Becr,
703 1395 865 1464 idque
918 1409 1062 1448 anno
1117 1394 1329 1464 imperii
1393 1395 1622 1448 lleraclii
1703 1391 2046 1461 imperatoris

483 1488 860 1541 Romanorum
895 1488 1112 1541 decimo
1165 1488 1346 1550 tertio,
1392 1486 1548 1540 initio
1605 1485 1892 1538 chalifatns
1928 1488 2046 1550 ejus

480 1579 806 1632 constitutus
835 1586 918 1631 est
953 1576 1223 1645 Georgius
1277 1575 1589 1645 patriarcha
1609 1571 2040 1631 Alexandrinus;

481 1664 568 1734 qui
605 1674 837 1734 quatuor
860 1679 1031 1718 annos
1068 1665 1231 1725 sedit,
1290 1664 1413 1716 dein
1470 1663 1652 1714 audito
1699 1659 2046 1714 Mosleminos

483 1758 713 1810 deviCtis
756 1755 1016 1810 Romanis
1075 1755 1412 1809 Palaestinam
1461 1764 1761 1820 occupasse
1799 1751 2048 1805 eosdem-
2079 1729 2119 1784 Β

486 1863 590 1914 que
614 1847 910 1916 ’Ᾱῖεγμιυιη
938 1847 1179 1906 tendere,
1233 1844 1367 1897 mari
1428 1859 1487 1898 se
1527 1843 1878 1898 committens
1931 1843 2054 1895 Ale-

489 1940 709 1992 xandria
745 1938 1083 1992 Palaestinam
1147 1937 1304 2006 fugit,
1335 1937 1642 2005 mansitque
1700 1945 1821 2004 post
1878 1936 2053 2003 ipsum

489 2031 745 2083 cathedra
781 2028 1149 2083 Alexandrina
1211 2032 1418 2096 absque
1459 2030 1766 2097 patriarcha
1808 2027 2055 2080 Melchita

493 2136 656 2174 mnos
687 2123 982 2190 nonaginta
1023 2130 1254 2190 septem.
1289 2120 1418 2174 Post
1473 2119 1648 2188 ipsius
1700 2133 1832 2171 vero
1876 2117 2054 2186 fugant

485 2214 823 2268 constitutus
873 2221 959 2268 est
1019 2214 1197 2284 Cyrus
1269 2212 1575 2282 patriarcha
1621 2209 2046 2270 Alexandrinus,

486 2309 574 2376 qui
599 2309 868 2361 Mamuita
917 2307 1041 2371 fuit,
1073 2306 1316 2374 ejusdem
1360 2321 1485 2359 eum
1543 2286 1791 2358 Heraclio
1845 2303 2059 2371 religio-

489 2401 596 2455 nis.
628 2398 754 2453 Fuit
807 2409 989 2454 autent
1053 2398 1396 2453 Alexandriae
1467 2396 1769 2450 monachus
1829 2395 2052 2464 quidam

487 2495 705 2548 nomine
728 2492 1069 2561 Sophronius
1135 2491 1223 2561 qui
1267 2490 1393 2562 Cyri
1467 2490 1790 2558 patriarchae
1852 2486 2059 2540 doctri-

487 2602 607 2639 nam
637 2585 984 2655 improbavit.
1017 2584 1271 2639 Ass’eruit
1310 2585 1481 2653 Cyrus
1519 2598 1640 2636 csse
1687 2580 1917 2632 Domino
1963 2593 2062 2632 ne-

489 2691 604 2733 stro
641 2680 864 2733 Christo
893 2688 1116 2732 naturas
1144 2679 1302 2740 duas,
1355 2677 1685 2730 voluntatem
1714 2689 1898 2736 unam,
1936 2688 2063 2741 opc—

489 2771 752 2823 rationcm
784 2785 971 2833 unam,
1013 2783 1299 2835 personam
1330 2784 1521 2832 unam,
1569 2782 1687 2836 qua:
1738 2775 1817 2819 cst
1856 2765 2059 2818 Maroni

489 2862 778 2916 sententia.
798 2861 964 2931 268
979 2861 1254 2916 Accedens
1271 2874 1400 2930 ergo
1423 2859 1765 2928 Sophronius
1782 2859 1843 2922 ad
1859 2857 2056 2927 Cyrum

495 2957 888 3022 patriarcham,
943 2971 1065 3007 cum
1134 2958 1256 3023 ipso
1313 2953 1686 3021 disputatione
1722 2952 1930 3012 habita,
1979 2948 2059 3012 Si,

2154 480 2289 530 riam
2355 475 2628 544 exposuit.
2693 470 2940 539 Cumque
2992 483 3098 521 non
3153 461 3724 530 essctllierosolymis

2153 567 2489 638 patriarcha,
2569 563 2784 618 muneri
2859 556 3208 632 patriarchali
3278 551 3570 622 praifecms
3637 558 3725 603 cst

2153 659 2495 728 Sophronius
2529 658 2600 711 ob
2629 655 2750 710 ﬁdei
2780 669 2892 709 sua:
2931 651 3304 706 sinceritatem
3339 661 3358 701 :
3389 645 3721 710 scripsitque

2151 751 2218 806 de
2260 753 2363 806 [ide
2395 752 2638 805 libellum
2666 728 2827 817 quem
2893 744 2946 798 in
2998 757 3188 796 (mines
3240 738 3488 807 regiones
3548 735 3720 799 misit,

2152 857 2547 912 acceptumque
2611 842 2922 895 habuerunt
2984 832 3202 910 [totius]
3259 829 3446 884 mundi
3505 827 3722 887 incohc,

2152 936 2335 1004 ibique
2390 951 2534 988 anno
2578 932 2871 987 chali'falus
2929 924 3320 988 Otiiari,Ebnil
3364 920 3587 976 Chctabi
3635 932 3725 970 se-

2149 1029 2351 1082 cundo.
2385 1028 2540 1081 Anno
2569 1028 2862 1082 chalil‘atns
2891 1023 3136 1094 ejusdem
3167 1018 3357 1087 quinto
3383 1011 3717 1069 constitutus

2150 1128 2232 1174 est
2279 1119 2630 1173 Macedonius
2685 1118 2994 1187 patriarcha
3048 1109 3423 1166 Antiochenus
3475 1105 3528 1157 in
3583 1102 3719 1154 urbe

2147 1209 2790 1278 Constantinopolitana,
2823 1208 2914 1277 qui
2948 1203 3211 1257 Maronita
3247 1200 3367 1252 fuit.
3405 1190 3720 1249 Canstanti-

2150 1301 2330 1370 nopoli
2372 1317 2465 1356 Sex
2515 1315 2687 1352 annos
2732 1298 3010 1357 substitit,
3054 1295 3178 1349 dein
3211 1307 3241 1346 e
3285 1289 3419 1342 vivis
3461 1284 3718 1346 excessit.

2149 1407 2442 1466 antequam
2493 1395 2836 1450 Antiochiam
2881 1393 2961 1444 rei
3013 1392 3294 1458 ingressus
3344 1392 3487 1437 esset
3517 1379 3597 1433 vel
3638 1377 3720 1430 vi-

2148 1490 2337 1544 disset.

2147 1600 2163 1644 ξ
2222 1583 2376 1634 Anno
2413 1578 2704 1634 chaliiatns
2738 1575 2920 1632 Omari
2955 1573 3112 1628 Ebnil
3148 1571 3372 1627 Chelahi
3411 1574 3584 1630 sexto,
3619 1565 3725 1618 im.

2152 1673 2286 1744 perii
2323 1686 2450 1726 vero
2493 1669 2729 1724 lleraclii
2777 1669 2989 1722 decimo
3032 1674 3243 1726 octavo,
3281 1661 3607 1715 constitutus
3640 1663 3724 1707 est

2159 1766 2332 1837 Syrus
2364 1763 2672 1834 patriarcha
2710 1755 3377 1840 ConstantinOpnlitanus,
3413 1752 3501 1821 qui
3533 1759 3586 1803 et
3616 1747 3728 1800 Ma-

2158 1859 2335 1911 ronita
2385 1857 2508 1908 fuit.
2543 1857 2730 1907 Annos
2758 1861 2882 1906 octo
2930 1851 3071 1905 sedit
3100 1848 3202 1918 (vel
3235 1844 3536 1900 secundum
3577 1840 3723 1893 aliud

2157 1949 2456 2016 exriiipiar,
2493 1944 2675 2014 duos),
2715 1959 2896 1997 verum
2927 1957 2956 1994 a
2991 1939 3219 1993 Martina
3263 1951 3430 1989 uxore
3471 1931 3728 1995 lleraelii,

2159 2056 2279 2111 qua:
2309 2038 2614 2092 orthodoxa
2654 2035 2775 2094 fuit,
2809 2035 2859 2088 in
2888 2033 3136 2087 exsilium
3171 2031 3364 2097 pulsus
3395 2038 3497 2088 ρει,
3527 2039 3646 2094 qua)
3678 2033 3730 2073 ct

2161 2109 2280 2184 loco
2342 2129 2463 2196 ejus
2526 2127 2755 2180 Paulum
2821 2123 3187 2194 patriam-ham
3241 2109 3728 2182 Constantinopoli

2161 2221 2439 2294 pratl‘eeit:
2475 2221 2562 2273 hie
2589 2220 2750 2274 etiam
2787 2217 3052 2271 Maronita
3083 2216 3202 2279 fuit,
3242 2227 3413 2266 annos
3443 2225 3535 2264 sex
3570 2223 3628 2262 se
3670 2208 3729 2269 it,

2161 2316 2282 2369 dein
2316 2322 2566 2367 mortuus
2600 2322 2708 2367 est.
2738 2312 2864 2366 Post
2903 2310 3022 2379 ejus
3052 2309 3257 2360 obitum
3297 2302 3536 2358 restituit
3562 2300 3731 2354 llcra-

2163 2409 2298 2464 clins
2327 2407 2545 2479 Syrum,
2573 2407 2664 2475 qui
2697 2421 2726 2459 a
2757 2405 2987 2476 coniuge
3021 2405 3189 2474 ipsius
3226 2402 3495 2469 relegatus
3532 2397 3731 2456 fuerat.

2163 2499 2458 2561 cathrdrzn,
2515 2513 2679 2567 quam
2743 2506 2948 2564 septem
3012 2509 3186 2548 annos
3238 2491 3558 2560 occupavit,
3606 2488 3731 2542 dciu

2163 2609 2411 2651 mortuus
2439 2605 2543 2650 est.
2570 2593 2872 2649 Obsidione
2901 2602 3082 2647 autem
3113 2593 3398 2646 cinxerant
3428 2587 3731 2642 Moslcmini

2166 2687 2513 2742 Damascum.
2575 2686 2822 2756 Cumque
2884 2685 3169 2739 ehalifatni
3243 2684 3530 2754 pra-fectus
3585 2690 3733 2736 esstrt

2162 2781 2326 2836 Omar
2359 2781 2542 2835 Ebno’l
2581 2781 2787 2836 Chetab
2818 2781 3036 2850 scriptis
3068 2779 3267 2834 litteris
3288 2820 3302 2843 ,
3339 2779 3500 2850 272
3530 2778 3735 2848 quibus

2161 2872 2420 2928 (imarum
2449 2874 2617 2929 Ebnol
2647 2873 2740 2942 Asi
2770 2873 3088 2944 prml'ectura
3116 2873 3411 2936 abdicavit,
3439 2888 3560 2926 eam
3586 2871 3732 2926 Cha-

2165 2967 2285 3020 lrdo
2318 2967 2477 3021 libnil
2513 2965 2712 3022 Walidi
2754 2959 3048 3021 cornuiisil.
3083 2953 3586 3024 llera‘rlius_au:em
3624 2963 3734 3015 Ro-

492 3045 691 3114 inquit,
723 3044 794 3098 ita
825 3060 911 3099 res
947 3044 1169 3098 haberet
1195 3048 1469 3113 quomodo
1505 3052 1560 3094 tu
1605 3042 1827 3105 asset-is,
1890 3051 2058 3094 esset-

2167 3075 2457 3112 manornm
2492 3062 2808 3130 inperator,
2839 3061 2930 3128 qui
2971 3061 3232 3112 Damasco
3260 3056 3515 3112 llemsum
3556 3072 3737 3109 reces-

509 3150 618 3204 que
648 3136 871 3189 Christo
905 3136 1154 3189 voluntas
1184 3148 1311 3200 una,
1369 3133 1613 3203 operatio
1646 3146 1774 3198 una,
1810 3145 2058 3185 necessa-

395 3275 404 3284 .
492 3231 574 3282 rio
601 3237 745 3283 esset
771 3228 872 3297 ipsi
909 3237 1100 3282 natura
1143 3241 1274 3291 una,
1331 3240 1438 3279 non
1494 3226 1613 3280 dua:
1650 3236 1872 3286 naturae,
1910 3224 2056 3292 quod

492 3327 747 3373 asserunt
803 3317 1088 3371 Jacobilw.
1130 3315 1197 3370 At
1264 3331 1364 3369 nos
1430 3316 1476 3369 ci
1531 3317 1664 3369 duas
1727 3315 2056 3374 voluntates,

493 3409 736 3478 duasque
768 3409 1135 3478 operationcs,
1176 3416 1336 3477 prout
1369 3414 1503 3459 sunt
1527 3407 1626 3474 ipsi
1665 3405 1785 3458 duae
1832 3412 2058 3464 naturre,

494 3503 863 3565 attribuimus,
891 3517 1016 3554 cum
1047 3500 1385 3568 impos-ibile
1439 3499 1530 3559 sit,
1591 3507 1651 3549 nt
1698 3499 1768 3551 sit
1807 3495 2060 3549 voluntas

494 3609 594 3646 una
629 3594 766 3646 duas
797 3592 1015 3646 habenti
1054 3602 1301 3643 naturas.
1341 3589 1396 3642 Si
1435 3589 1646 3641 unicam
1694 3589 1917 3642 haberet
1969 3605 2060 3641 vo-

495 3683 780 3744 luntatem,
817 3689 963 3734 certe
989 3689 1040 3732 et
1086 3680 1300 3732 unicam
1357 3680 1579 3732 haberet
1611 3687 1882 3731 naturam.
1922 3676 2057 3732 Cum

496 3785 618 3837 ergo
652 3768 792 3823 duas
834 3744 1031 3822 babc‘at
1055 3778 1304 3832 naturas,
1359 3769 1492 3822 duas
1537 3769 1700 3821 e'iam
1756 3768 1917 3822 habit
1963 3783 2060 3820 vo-

496 3870 751 3916 luntates.
783 3861 880 3914 Cui
913 3860 1086 3931 Cyrus
1117 3879 1130 3913 z
1168 3858 1302 3914 Tam
1353 3860 1675 3914 Theodorus
1704 3859 1804 3931 [ιιι.
1841 3859 2060 3929 llorius]

496 3958 691 4020 inquit,
726 3951 1036 4020 patriarcha
1061 3947 1219 4003 Rom.
1255 3965 1416 4018 quam
1469 3948 1694 4018 Sergius
1749 3950 2052 4004 Constanti-

500 4043 852 4109 nOpolitanus
884 4043 934 4094 in
966 4042 1105 4094 hanc
1134 4042 1456 4094 sr-Ittetitiatit
1497 4041 1898 4106 conspirat-um.
1931 4039 2064 4094 Pro-

497 4135 670 4193 iectus
701 4150 830 4204 ergo
891 4134 1235 4203 Soplironius
1280 4133 1834 4201 Constantinopolim,
1870 4148 2063 4186 occur-

497 4229 634 4282 renti
659 4227 733 4281 ibi
768 4226 870 4295 ipsi
903 4225 1092 4294 Sergio
1149 4224 1471 4291 patriarcha:
1535 4226 1775 4275 narravit
1815 4226 1940 4291 quid
1983 4225 2064 4276 in-

498 4331 575 4371 iet‘
607 4332 665 4371 se
684 4325 747 4370 ac
781 4317 980 4384 Cyrum
1033 4312 1396 4381 pall'lal'Cllitlll
1433 4311 1864 4366 Alexandrinum
1897 4313 2066 4366 inter-

2161 3161 2334 3212 serat,
2367 3153 2458 3205 tibi
2495 3151 2846 3207 Moslemiuos
2877 3153 3049 3221 captis
3077 3151 3364 3204 l’aircstina
3395 3161 3446 3203 ct
3473 3151 3734 3202 ()rdonno

2161 3241 2446 3296 Bathuiam
2484 3245 2758 3310 profectos
2797 3260 2921 3298 esse
2959 3243 3278 3307 audivisset,
3315 3241 3510 3296 llemso
3541 3245 3734 3293 Antio-

2163 3333 2340 3387 chiam
2373 3333 2745 3400 desm-ndeus,
2781 3333 3030 3389 mandata
3069 3333 3229 3386 edixit
3253 3375 3267 3398 ,
3302 3341 3352 3384 et
3395 3319 3737 3401 congregatis

2162 3425 2299 3480 Most
2331 3427 2601 3481 Arabibus
2624 3443 2653 3482 c
2679 3427 2822 3482 tribu
2849 3427 3054 3490 Gasan,
3079 3425 3264 3490 ledan,
3289 3425 3439 3485 Caib,
3463 3414 3671 3478 Lachau
3699 3438 3738 3473 ο

2162 3517 2497 3586 reliquisque
2543 3518 2632 3587 qui
2685 3517 2787 3572 sub
2810 3519 3040 3572 arbitrio
3065 3521 3237 3586 ipsius
3260 3525 3414 3571 erant
3438 3515 3732 3573 Arabibus.

2163 3610 2355 3662 ducem
2410 3610 2544 3678 ipsis
2597 3611 2894 3681 prmposuit
2937 3627 2966 3666 e
3016 3612 3132 3664 suis
3179 3610 3468 3680 quemdam
3517 3611 3734 3661 nomine

2165 3700 2484 3765 Mabanum,
2536 3718 2742 3772 eosque
2794 3701 3119 3758 Damascum
3170 3702 3357 3766 misit,
3411 3702 3632 3770 scriptis
3662 3701 3732 3753 ad

2165 3791 2484 3845 Mansuram
2531 3792 2845 3860 prtel'eetum
2894 3809 3054 3847 suum
3093 3793 3287 3847 litteris
3327 3808 3437 3862 quo
3468 3794 3606 3846 datis
3642 3809 3738 3859 pe-

2165 3885 2343 3940 cuniis
2372 3887 2522 3940 viros
2553 3885 2736 3955 (istos)
2778 3885 2882 3940 sibi
2921 3888 3201 3940 retineret.
3240 3887 3374 3940 Cmn
3415 3894 3594 3940 autem
3625 3885 3738 3938 Ma-

2167 3974 2272 4026 lian
2323 3981 2376 4026 ct
2422 3989 2542 4042 qua:
2594 3988 2715 4028 cum
2769 3975 2886 4043 ipso
2927 3985 3115 4029 CSSCIH.
3161 3977 3353 4044 cupiat,
3403 3976 3731 4029 Πειηιειςιίιηι

2167 4067 2580 4135 pervenissent,
2625 4066 2758 4120 dixit
2795 4069 2930 4136 ipsis
2980 4066 3241 4120 Mansnr:
3289 4067 3439 4119 llaud
3477 4082 3613 4136 opus
3650 4079 3738 4118 est

2166 4157 2482 4225 imperatori
2517 4156 2717 4225 ingenti
2747 4157 2847 4209 hoc
2879 4170 3038 4209 exere
3063 4164 3118 4207 t.t
3151 4172 3164 4220 ;
3202 4156 3404 4208 Arabes
3434 4157 3574 4208 enim
3604 4171 3740 4223 gens

2167 4260 2298 4304 sunt
2336 4249 2626 4310 bellicosa,
2672 4255 2725 4300 et
2764 4248 2807 4299 si
2855 4248 2948 4316 qui
2999 4259 3188 4300 contra
3241 4247 3387 4316 ipsos
3433 4248 3740 4315 prodierint

2167 4354 2347 4410 pugna
2373 4341 2524 4409 ipsos
2553 4339 2890 4402 lacessitum,
2915 4327 3248 4392 exercitibus
3275 4351 3466 4392 eorum
3499 4347 3737 4401 stragem

499 4409 781 4498 cess-'55“?
827 4405 986 4498 Qu?“
1037 4412 1266 4458 "malus
1319 4410 1404 4457 εει
1464 4402 1689 4473 Sergius
1755 4407 2062 4473 Patrum“
2095 4417 2138 4472 ί)
2170 4431 2372 4483 illaturi
2403 4436 2564 4493 sunt;
2599 4429 2728 4482 huic
2759 4437 2940 4482 autem
2972 4429 3234 4482 exercitui
3270 4429 3458 4482 multis
3486 4443 3620 4498 opus
3652 4437 3742 4479 «st

1274 4505 1329 4549 at
1390 4510 1515 4550 cum
1565 4507 1687 4563 post
1742 4499 1960 4551 biduum
1996 4499 2062 4553 ad

498 4595 674 4661 ipsum
703 4605 731 4642 a
763 4589 906 4659 Cyro
937 4589 1114 4642 delata
1145 4595 1331 4642 essent
1375 4603 1624 4652 munera,
1673 4599 1879 4644 mutata
1939 4606 2060 4644 sen-

515 4683 664 4738 entia
685 4697 807 4746 sua,
836 4681 1102 4735 adversus
1131 4680 1439 4750 Sophronia
1472 4680 1653 4735 factus
1675 4682 1727 4734 in
1784 4684 1905 4752 (lyri
1941 4697 2064 4736 ευιιο

502 4773 726 4827 tentiam
767 4772 920 4826 abiit.
982 4770 1304 4826 Theodorus
1363 4771 1528 4824 etiam
1565 4773 1904 4838 .patriarcha
1959 4773 2066 4824 lto-

425 4909 428 4912 .
501 4879 691 4919 manus
714 4877 969 4933 perverse
996 4865 1263 4926 sentiens,
1295 4863 1431 4932 ipsis
1480 4878 1764 4917 assensum
1814 4867 2063 4932 pnebuit,

501 4973 750 5014 asserens
809 4965 1061 5010 naturam
1129 4956 1302 5010 solam
1349 4954 1556 5010 Christi
1606 4956 1877 5025 duplicem
1920 4972 2062 5011 esse.

501 5053 650 5119 Quod
702 5049 1022 5116 improbans
1082 5048 1423 5117 Sophronius
1462 5046 1654 5102 :Haud
1715 5051 1809 5111 ita,
1867 5049 2063 5118 inquit,

500 5164 578 5200 res
609 5155 716 5200 est.
747 5141 1029 5214 Siquidem
1067 5142 1324 5212 qualibet
1380 5157 1485 5208 res,
1537 5141 1616 5213 [in
1659 5141 1802 5213 ipso]
1865 5144 2065 5211 duplex

501 5250 572 5294 3st
611 5238 713 5293 nisi
733 5237 874 5307 quod
901 5235 967 5290 ad
1002 5248 1284 5303 personam
1319 5234 1570 5301 pertinet.
1599 5233 1726 5287 Dein
1760 5235 2016 5288 dixerunt
2051 5252 2064 5287 :

485 5330 600 5384 Nec.
631 5329 766 5382 duas
785 5328 1089 5380 voluntates
1107 5323 1360 5385 dicimus,
1383 5323 1833 5378 neevnluntatem
1860 5341 2021 5377 unam
2047 5343 2060 5377 :

501 5420 813 5488 mansitque
843 5418 1114 5472 sententia
1146 5414 1403 5468 Ecclesia:
1432 5416 1591 5468 annis
1621 5414 1843 5468 circiter
1879 5414 2070 5486 269-

506 5512 657 5583 271
685 5510 1045 5580 quadraginta
1076 5523 1172 5562 sex
1211 5506 1475 5586 indecisa.
1531 5505 1662 5560 Dein
1724 5506 2069 5577 Sophronins

505 5601 970 5670 ConstantinOpnli
987 5600 1355 5672 Hierosolyma
1374 5599 1714 5667 pervenit-ns,
1734 5603 1948 5655 obviam
1967 5604 2068 5672 ipsi

505 5695 660 5746 lactis
693 5693 974 5750 monachis
1005 5693 1264 5762 urbisque
1290 5691 1806 5765 llicrosolymitarue
1845 5697 2068 5762 incolis,

2165 4520 2442 4590 pecuniis;
2473 4534 2536 4573 ac
2567 4519 2812 4572 Damasci
2842 4537 2946 4572 non
2975 4531 3095 4574 sunt
3125 4536 3262 4589 quas
3293 4521 3429 4590 ipsis
3455 4536 3743 4588 erogemivs

2167 4609 2333 4678 (quod
2373 4609 2438 4662 ad
2476 4608 2624 4677 ipsos
2664 4607 3017 4673 diﬂ'crcndos,
3056 4625 3138 4670 ac,
3179 4609 3302 4660 dolo
3340 4612 3482 4660 malo
3517 4610 3582 4660 ab
3619 4608 3742 4675 ips:

2170 4696 2370 4749 factum
2401 4704 2685 4749 autumant
2714 4697 2985 4757 nonnulli,
3013 4715 3121 4766 quo
3151 4697 3421 4763 homines,
3453 4699 3742 4750 audicntvs

2169 4803 2276 4840 non
2315 4802 2438 4841 esse
2471 4787 2718 4840 Damasci
2753 4803 2889 4857 quas
2922 4789 3053 4856 ipsis
3087 4791 3420 4859 elargirctur
3451 4792 3739 4858 pecuum,

2167 4875 2588 4946 dissiparentur,
2613 4893 2676 4931 ac
2704 4878 3001 4934 Damascus
3027 4878 3359 4934 Mosleminis
3384 4883 3687 4934 traderetur
3726 4888 3740 4934 i

2167 4966 2266 5018 (Tui
2298 4965 2514 5030 Maban,
2541 4965 2718 5020 Trade
2769 4969 2926 5021 nobis
2956 4969 3178 5039 (inquit)
3202 4985 3321 5038 qua:
3342 4986 3507 5039 penes
3535 4981 3582 5024 te
3610 4979 3743 5023 srnt

2169 5060 2467 5126 pecunias,
2525 5075 2624 5112 nos
2670 5069 2846 5112 alitem
2893 5061 2958 5113 ad
3009 5062 3386 5129 imperatorem
3439 5065 3748 5118 Scribemts

2169 5153 2458 5202 Certiorem
2503 5165 2624 5203 eum
2672 5149 2934 5205 faciemus
2976 5167 3082 5207 non
3129 5168 3249 5208 esse
3293 5155 3540 5210 Damasci
3582 5172 3742 5209 nune

2171 5253 2321 5301 nios,
2357 5246 2414 5291 ut
2445 5238 2492 5292 si
2525 5239 2626 5304 ipsi
2661 5239 3029 5312 273x275
3068 5244 3200 5298 viris
3232 5261 3374 5315 Opus
3403 5246 3598 5310 ,l’ncrit,
3639 5249 3747 5299 al‘-

2171 5345 2334 5398 quam
2397 5331 2657 5398 pecunias
2723 5334 3040 5401 acquirendi
3107 5337 3374 5391 rationem
3444 5339 3748 5409 excogita,

2169 5438 2372 5492 easque
2421 5422 2488 5476 ad
2535 5423 2658 5477 illos
2698 5439 3034 5496 quocunque
3070 5431 3291 5484 tandem
3337 5433 3498 5508 modp
3539 5436 3745 5486 mittat.

2171 5515 2304 5568 Cum
2341 5525 2521 5569 autem
2565 5517 2866 5574 audivisset
2910 5519 3145 5588 Maban,
3192 5524 3404 5579 Arabes
3453 5523 3751 5579 Tiberiadc

2171 5621 2425 5676 egressos
2461 5605 2783 5662 Damascum
2829 5612 3087 5678 tendere.
3126 5614 3368 5671 collectis
3410 5617 3583 5686 cepiis
3622 5632 3750 5668 sms

2176 5699 2441 5752 Damasco
2480 5699 2760 5768 prolectus
2806 5705 2956 5758 bidui
3011 5707 3113 5760 iter
3158 5721 3417 5764 emensus
3457 5717 3573 5767 est.
3614 5707 3752 5761 dein
