4014 6218
331 231 470 297 1097

1766 219 2133 285 ANNAIES.

3454 225 3587 291 10ξὸ

324 350 745 401 castramctatus
794 349 877 394 est
931 340 999 393 ad
1058 338 1252 392 vadum
1303 336 1577 407 quoddam
1638 347 1897 404 magnum
1934 335 1979 392 Α
2010 334 2224 389 ritatem
2266 337 2589 407 praestitisse
2624 338 2768 409 quod
2806 338 2871 393 ad
2917 340 3056 394 vitas
3084 350 3320 407 vestras,
3365 342 3587 399 domos.

324 436 525 491 Wadil’
558 431 769 489 Ramad
811 430 1015 486 dictum
1038 469 1056 496 ,
1100 430 1220 485 loco
1267 429 1354 483 cui
1385 442 1588 482 nomen
1624 424 1905 495 Aljaulan;

324 545 389 585 ac
424 529 586 598 vulgo
618 525 903 591 Yakusah,
964 523 1178 593 fuitque
1235 522 1433 577 vadum
1472 523 1613 575 inter
1645 520 1825 589 ipsum
1854 524 1908 571 et

324 620 534 675 Arabes
568 618 743 673 instar
776 616 958 673 fossae.
996 614 1076 670 lbi
1112 615 1279 686 igitur
1309 613 1506 669 diebus
1537 612 1743 682 aliquot
1774 607 1907 665 sub-

327 712 606 775 stiterunt,
631 707 909 762 Arabibus
933 706 1066 775 ipsis
1093 721 1159 761 ex
1189 705 1419 759 adverso
1452 702 1667 773 positis.
1698 702 1765 756 At
1792 687 1915 770 pos‘

327 798 447 853 dies
479 797 690 867 aliquot
721 793 1017 852 Mansurus
1060 792 1386 863 praelectus,
1421 791 1692 845 Damasco
1729 802 1915 860 egros-

328 908 452 955 sus,
482 890 701 945 Mahani
727 890 1030 945 exercitum
1063 888 1241 957 petiit,
1278 886 1539 957 pecunias
1570 899 1757 940 secum
1785 881 1916 935 alic-

327 1001 459 1040 rens
489 997 628 1056 quas
669 983 743 1037 ibi
785 981 1117 1052 collegerat,
1162 989 1219 1032 ut
1242 978 1509 1035 militibus
1547 975 1766 1031 easdem
1794 973 1914 1029 dis-

329 1078 616 1132 tribueret.
698 1071 873 1127 Noctu
924 1079 1107 1125 autem
1179 1070 1247 1125 ad
1287 1070 1587 1125 exercitum
1647 1065 1915 1138 pervenit,

332 1168 526 1223 multis
556 1166 736 1236 ipsum
766 1180 798 1220 e
838 1162 1091 1218 Damasci
1141 1161 1336 1218 incolis
1375 1160 1770 1216 comitantibus
1818 1159 1911 1228 qui

338 1263 593 1316 lucernas
625 1264 927 1328 gestarent,
981 1269 1220 1323 cumque
1269 1254 1336 1308 ad
1366 1253 1665 1308 exercitum
1693 1251 1919 1322 propius

337 1351 731 1412 accessissent,
763 1359 1017 1420 tympana
1053 1346 1373 1417 pulsarent,
1404 1353 1462 1398 et
1493 1343 1741 1399 buccinis
1768 1342 1919 1397 clan-

333 1453 547 1513 gerenl,
595 1456 657 1495 ac
684 1441 981 1496 clamorem
1025 1438 1269 1493 ederent.
1313 1434 1472 1500 Quod
1514 1434 1676 1489 etiam
1706 1449 1735 1487 a
1768 1432 1920 1487 Man-

336 1552 472 1594 snro
497 1536 635 1590 mala
660 1534 854 1589 fraude
878 1532 1106 1587 factum.
1143 1529 1377 1585 Romani
1409 1540 1591 1583 autem
1619 1525 1754 1582 visis
1780 1541 1921 1596 pone

334 1643 400 1683 se
451 1627 715 1690 lucernis,
783 1623 1078 1693 auditoque
1138 1628 1519 1691 tympanorum
1563 1626 1618 1673 et
1662 1618 1916 1672 tubarum

337 1720 592 1791 strepitu,
619 1716 883 1788 suspicati
909 1713 1119 1769 Arabes
1144 1727 1174 1766 a
1198 1721 1350 1781 tergo
1380 1709 1533 1780 ipsos
1554 1724 1913 1781 aggressuros

338 1826 406 1865 ac
454 1809 934 1873 circumdatums,
983 1805 1040 1859 in
1094 1803 1276 1872 fugam
1324 1803 1573 1855 conversi
1620 1815 1815 1855 omnes
1859 1800 1915 1854 in

337 1910 639 1958 torrentem
672 1901 863 1963 istum,
890 1896 1101 1952 scilicet
1122 1893 1302 1948 Wadil
1328 1891 1558 1955 Remad,
1582 1893 1673 1962 qui
1699 1901 1916 1946 torrens

333 2002 424 2051 est
472 1992 631 2048 valde
667 2004 933 2060 magnus,
974 1986 1315 2050 incidentes,
1353 1982 1676 2053 perierunt;
1728 1983 1916 2051 paucis

337 2083 655 2138 admodum
683 2096 749 2136 ex
791 2081 926 2151 ipsis
967 2077 1346 2141 evadentibus,
1393 2090 1624 2145 quorum
1660 2074 1829 2142 aliqui
1860 2073 1915 2127 in

343 2177 459 2231 loca
499 2176 711 2229 diversa
743 2170 871 2242 fuga
903 2186 961 2227 se
994 2168 1422 2240 proripuerunt;
1457 2165 1550 2219 alii
1590 2163 1914 2219 Damascum

339 2267 547 2321 reversi
593 2274 719 2320 sunt
746 2281 762 2326 ;
790 2262 882 2316 alii
914 2260 1313 2330 Hierosolyma,
1343 2260 1433 2314 alii
1470 2257 1775 2312 Caesaream
1809 2253 1916 2308 Pa-

343 2359 567 2413 latstinze
594 2355 758 2423 2⁸16
786 2353 1063 2423 fugerunt.
1093 2352 1194 2417 Qui
1217 2360 1396 2404 autem
1425 2349 1746 2402 Damascum
1770 2347 1915 2400 ahie-

344 2458 476 2506 runt
504 2464 535 2503 e
582 2446 869 2507 Romanis,
911 2445 1164 2498 timentes
1206 2456 1274 2497 ne
1314 2455 1344 2493 a
1386 2438 1728 2495 Mosleminis
1767 2438 1916 2492 obsi-

342 2544 509 2597 dione
575 2541 951 2610 cingerentur,
1016 2534 1159 2589 cibis
1220 2541 1384 2601 atque
1435 2530 1714 2601 opsoniis,
1764 2535 1820 2582 et
1865 2527 1915 2581 id

347 2650 519 2705 genus
561 2632 683 2686 aliis
722 2640 1062 2701 quaecunque
1102 2632 1399 2696 potuerunt
1457 2622 1603 2677 intro
1657 2622 1914 2692 receptis,

344 2731 413 2782 ad
451 2733 639 2797 portas
684 2722 930 2777 ballistas
957 2727 1012 2774 et
1042 2717 1326 2772 machinas
1355 2723 1690 2782 statuerunt,
1718 2714 1918 2784 quibus

349 2821 551 2874 milites
588 2814 952 2887 praefecerunt
981 2810 1152 2875 ;dein
1187 2811 1251 2864 ad
1284 2809 1594 2863 Heracliam
1625 2808 1920 2877 imperato-

350 2928 463 2965 rem
500 2909 802 2964 scribentes
836 2919 995 2973 Opem
1032 2903 1102 2956 ab
1138 2902 1258 2972 ipso
1291 2901 1590 2971 petierunt,
1631 2899 1919 2970 ipsumque

347 3005 639 3058 certiorem
670 2999 919 3053 fecerunt
952 2996 1081 3065 quid
1115 2994 1248 3064 ipsis
1282 2994 1485 3047 lecerat
1512 2992 1822 3057 Mansurus,
1853 3006 1917 3045 ac

347 3095 549 3165 quibus
590 3105 719 3162 erga
768 3090 918 3159 ipsos
966 3085 1185 3141 insidiis
1225 3100 1359 3139 usus
1411 3085 1649 3138 virorum
1685 3094 1918 3153 stragem

348 3185 636 3238 edidisset.
680 3180 876 3233 Maban
911 3192 1041 3233 vero
1087 3174 1154 3230 ad
1191 3172 1501 3231 Heracliam
1536 3176 1919 3243 imperatorem

352 3277 533 3331 redire
566 3276 775 3330 veritus
798 3313 812 3338 ,
859 3288 928 3326 ne
960 3272 1029 3325 ab
1078 3272 1197 3341 ipso
1234 3271 1671 3333 interﬁceretur,
1706 3269 1831 3338 luga
1862 3282 1923 3321 se

352 3369 404 3420 in
436 3362 678 3419 inontem
709 3360 843 3417 Sina
878 3360 1173 3429 recipiens,
1209 3361 1380 3412 vitam
1413 3358 1770 3411 monasticam
1802 3373 1922 3409 am-

354 3457 545 3526 plexus
594 3462 705 3517 est,
752 3451 927 3505 ascito
961 3450 1063 3503 sibi
1096 3448 1319 3502 nomine
1359 3447 1676 3501 Anastasio.
1718 3442 1923 3512 Estque

353 3549 469 3617 ipse
516 3553 712 3600 auctor
762 3541 1033 3598 sermoois
1083 3554 1191 3609 quo
1239 3538 1514 3593 Psalmum
1568 3552 1600 3591 e
1648 3533 1922 3588 Davidicis

355 3648 571 3693 sextum
630 3638 1020 3703 interpretatus
1066 3642 1171 3687 est.
1222 3629 1325 3684 Ubi
1377 3639 1555 3683 autem
1599 3627 1923 3681 Damascum

357 3729 737 3799 pervenissent
775 3724 1105 3786 Moslemini,
1140 3732 1318 3775 castra
1360 3719 1545 3789 posuit
1573 3716 1777 3771 Chaled
1815 3715 1923 3770 Eb-

355 3821 464 3877 nul‘
519 3818 729 3882 Walid,
768 3817 834 3871 ad
880 3826 1090 3887 portam
1138 3810 1507 3873 Orientalem,
1553 3807 1675 3861 Abu
1720 3803 1926 3860 Obaida

354 3914 525 3968 Ebnol
550 3910 760 3975 Jarahi,
794 3912 859 3963 ad
895 3921 1101 3978 portam
1134 3904 1341 3969 labiae;
1367 3905 1567 3956 Amrus
1601 3898 1773 3952 Ebnol
1803 3896 1924 3960 Asi,

358 4009 421 4059 ad
474 4016 683 4074 portam
727 4002 980 4063 Thomze;
1022 3997 1190 4052 Yazid
1241 3996 1355 4051 Ebn
1407 3994 1509 4048 Abi
1557 3990 1802 4062 Solyan,
1857 3987 1926 4042 ad

357 4109 571 4170 portam
604 4109 849 4166 parvam,
893 4105 1070 4161 usque
1120 4089 1187 4143 ad
1229 4097 1449 4159 portam
1491 4084 1679 4139 Cisau.
1724 4080 1926 4136 Urbem

357 4205 488 4258 ergo
518 4186 803 4241 obsidione
838 4183 1132 4238 cinxerunt
1162 4193 1259 4234 sex
1293 4175 1598 4239 mensibus,
1636 4174 1798 4227 unico
1828 4184 1927 4225 ex-

358 4288 517 4352 cepto
557 4279 645 4334 die
666 4318 680 4340 .
729 4273 1124 4348 prodeuntibus
1155 4270 1398 4341 quotidie
1435 4267 1643 4322 Graecis
1670 4280 1701 4319 e
1733 4263 1924 4334 portis,

360 4384 653 4441 pugnaque
696 4383 792 4424 eos
837 4364 1257 4421 lacessentibus.
1308 4360 1425 4426 Qua
1465 4358 1531 4413 de
1577 4372 1636 4411 re
1675 4370 1799 4410 cum
1831 4368 1927 4423 per
1956 4364 2006 4421 ι)

362 4464 571 4519 litteras
614 4460 877 4516 Omarum
926 4455 1099 4510 Ebnol
1143 4452 1374 4509 Chetabi
1426 4450 1715 4506 certiorem
1764 4445 1931 4501 iecis-

361 4563 511 4618 sent,
545 4554 635 4608 ille
678 4550 962 4620 rescriptis
995 4546 1191 4603 litteris
1224 4544 1515 4600 Chaledum
1551 4538 1721 4594 Ebnal
1751 4537 1932 4591 Walid

363 4646 598 4715 imperio
628 4641 927 4708 abdicavit,
975 4640 1143 4695 rebus
1194 4638 1314 4693 Abu
1360 4635 1624 4693 Obsidam
1656 4631 1773 4687 Ebn
1803 4629 1932 4686 Iar-

366 4740 483 4792 rahi
518 4735 848 4807 praeﬁciens.

434 4831 573 4883 Cum
634 4843 767 4883 vero
829 4824 1115 4881 obsidione
1170 4830 1521 4877 arctarentur
1584 4813 1930 4879 Damasceni,

363 4923 643 4993 prolectus
684 4920 907 4974 Mansur
951 4915 1199 4971 Damasci
1230 4910 1603 4982 277-279
1644 4908 1930 4978 praefectus

366 5015 431 5068 ad
464 5023 675 5082 portam
712 5008 1056 5072 orientalem,
1086 5005 1383 5061 Clialedum
1413 5001 1530 5056 Ebn
1560 4998 1739 5054 Walid
1765 5012 1931 5068 roga-

366 5105 467 5171 vit,
508 5100 692 5156 utsihi
737 5099 983 5168 suisque,
1029 5103 1087 5150 et
1126 5093 1218 5164 qui
1260 5108 1384 5147 eum
1439 5092 1558 5161 ipso
1581 5097 1789 5153 essent,
1834 5100 1936 5141 nec

369 5214 478 5252 non
516 5193 764 5249 Damasci
807 5190 1026 5252 incolis,
1061 5187 1302 5256 exceptis
1341 5183 1624 5249 Romanis,
1661 5180 1934 5235 securita-

371 5299 478 5343 tem
514 5285 858 5343 concederet,
889 5281 981 5351 qni
1016 5278 1119 5350 ipsi
1171 5276 1416 5330 Damasci
1442 5282 1627 5343 portas
1674 5272 1932 5342 aperiret.

368 5381 469 5435 Cui
521 5380 578 5432 in
626 5391 691 5432 eo
709 5374 859 5446 quod
912 5372 1071 5441 petiit
1124 5382 1375 5423 annuens
1424 5362 1675 5430 Cbaled,
1720 5363 1934 5417 litteras

372 5468 691 5527 securitatis
725 5465 828 5536 ipsi
862 5461 1202 5531 perscripslt,
1235 5472 1471 5526 quarum
1503 5456 1606 5510 hoc
1639 5463 1725 5510 est
1753 5467 1937 5507 exeru-

373 5564 491 5633 plar
514 5579 527 5615 :
553 5558 791 5614 Libellus
817 5556 918 5609 iste
943 5550 1149 5624 [datus]
1171 5558 1255 5605 est
1280 5563 1310 5601 a
1333 5546 1571 5601 Chaledo
1595 5544 1708 5598 Ebn
1730 5540 1935 5605 Walid,

377 5655 530 5711 urbis
558 5649 810 5705 Damasci
842 5644 1072 5707 incolis;
1109 5640 1329 5713 [Notum
1364 5637 1455 5711 sit]
1488 5652 1573 5693 me
1603 5636 1754 5694 vobis
1786 5650 1939 5693 secu-

590 5742 866 5803 Pnnoc.
909 5735 1026 5795 Gn.
1064 5733 1212 5795 CXI.

2016 442 2144 496 quo,
2175 443 2239 485 ac
2264 444 2415 500 opes,
2446 439 2501 487 et
2527 431 2792 487 ecclesias
2820 442 3053 499 vestras,
3081 447 3147 487 ne
3168 433 3478 501 diruantnr,
3502 439 3587 491 vel

2018 520 2410 590 inhabitentur,
2445 523 2538 579 sed
2566 525 2790 594 pacillce
2814 523 2969 579 vobis
2991 525 3384 580 concedantur.
3407 525 3586 592 Quam

2016 626 2143 667 cum
2200 613 2458 670 Mansuro
2516 617 2758 672 chartam
2810 615 3125 672 tradidisset
3177 618 3294 686 ipse
3344 618 3588 673 Cltaledo

2018 716 2235 775 portam
2287 708 2608 764 orientalem
2660 710 2990 779 adaperuit,
3060 707 3155 779 qui
3212 722 3342 779 ergo
3391 711 3585 765 urbem

2019 796 2307 867 ingressus
2338 801 2516 856 socios
2549 817 2680 859 suos
2726 801 3065 869 inclamans,
3108 799 3334 858 Gladios
3366 802 3594 872 (inquit)

2022 897 2234 946 vestros
2284 890 2584 948 recondito.
2669 891 2906 963 ingressi
2958 901 3141 947 autem
3193 890 3417 948 Chaledi
3472 890 3589 945 Elin

2021 979 2233 1036 Waledi
2274 982 2476 1038 milites
2517 983 2727 1051 urbem,
2770 985 3245 1055 Deum§optimum
3289 984 3587 1039 maximum

2021 1074 2178 1148 [voce
2206 1077 2339 1151 alta]
2371 1079 2737 1136 celebrarunt.
2768 1080 2966 1137 Milites
3000 1081 3165 1153 igitur
3200 1080 3374 1138 Graeci
3401 1081 3491 1150 qui
3520 1080 3592 1134 ad

2020 1178 2206 1240 portas
2240 1173 2521 1228 constituti
2558 1172 2794 1239 fuerant,
2827 1189 2974 1241 eum,
3009 1174 3193 1228 audita
3221 1170 3593 1228 celebratione

2020 1263 2160 1327 ista,
2205 1274 2429 1320 nossent
2481 1264 2797 1322 Mansuram
2841 1274 3025 1335 aperta
3079 1274 3235 1335 porta
3279 1264 3488 1320 Arabes
3536 1262 3591 1316 in

2020 1357 2210 1412 urbem
2261 1359 2649 1426 intromisisse,
2697 1360 2932 1415 desertis
2973 1359 3147 1428 portis
3188 1358 3465 1427 lugerunt.
3503 1355 3594 1410 ln-

2020 1463 2243 1520 gressus
2273 1462 2359 1505 est
2391 1465 2524 1522 ergo
2554 1436 2949 1508 AburObaidah
2978 1450 3154 1506 Ebnol
3186 1447 3367 1505 larahi
3400 1448 3593 1503 urbem

2022 1541 2203 1611 gladio
2245 1543 2440 1598 stricto
2485 1544 2551 1598 ad
2608 1554 2818 1613 portam
2867 1543 3066 1611 labiae;
3126 1543 3271 1598 lazid
3321 1543 3436 1597 Ebn
3488 1541 3592 1595 Abi

2024 1634 2248 1704 Solyan,
2289 1635 2471 1705 gladio
2509 1638 2673 1692 etiam
2717 1640 2929 1705 stricto,
2976 1648 3131 1708 porta
3178 1652 3384 1709 parva;
3428 1634 3594 1690 Omar

2022 1726 2198 1783 Ebnol
2240 1730 2366 1795 Asi,
2405 1730 2585 1801 gladio
2619 1732 2845 1793 stricto,
2890 1739 3046 1801 porta
3089 1730 3353 1785 Thomas:
3396 1729 3488 1783 ubi
3524 1726 3595 1781 ad

2024 1829 2237 1892 tempus
2305 1823 2420 1877 acri
2465 1836 2640 1893 pugna
2689 1822 3005 1885 dimicavit,
3054 1836 3195 1877 caesa
3243 1837 3308 1876 ex
3362 1830 3596 1890 utroque

2022 1914 2265 1970 exercitu
2297 1913 2364 1968 ad
2398 1922 2609 1985 portam
2642 1914 2865 1970 Thomas
2893 1930 3084 1985 magna
3120 1916 3397 1970 hominum
3429 1914 3596 1985 280

2023 2006 2399 2071 multitudine,
2436 2022 2537 2060 nec
2568 2005 2851 2061 desierunt
2894 2005 3333 2061 Mohammedani
3361 2007 3594 2073 credere,

2023 2108 2079 2154 et
2128 2100 2369 2167 captivos
2437 2098 2635 2152 facere.
2705 2095 3080 2152 Occurrerunt
3148 2108 3327 2151 autem
3390 2097 3597 2153 Chaled

2024 2190 2220 2247 Ebnol’
2260 2190 2462 2257 Walid,
2498 2190 2617 2246 Abu
2653 2191 2895 2247 Ohaidah
2919 2230 2934 2255 ,
2980 2190 3148 2246 Ebnol
3177 2188 3390 2260 Jarahi,
3432 2190 3599 2248 Yazid

2026 2286 2138 2342 Eho
2170 2286 2271 2340 Abi
2310 2283 2537 2356 Sol‘yan,
2568 2292 2619 2338 et
2649 2284 2850 2339 Amrus
2882 2282 3072 2337 Ebnol‘
3104 2285 3219 2346 Asi,
3256 2283 3403 2357 [loco
3426 2285 3595 2357 dicto]

2025 2380 2089 2433 Al
2134 2378 2415 2449 Ziyanain.
2475 2375 2708 2445 Fuitque
2762 2376 2814 2430 in
2873 2390 3037 2429 manu
3092 2374 3332 2432 Mansuri
3381 2377 3598 2432 libellus

2027 2485 2324 2540 expansus.
2356 2466 2610 2524 Narravit
2640 2482 2771 2537 ergo
2805 2467 2914 2521 illis
2947 2466 3152 2523 Chalcd
3189 2468 3363 2524 Ebnol
3388 2464 3595 2535 Walid,

2038 2576 2199 2630 quam
2243 2557 2645 2633 [Damascenis]
2682 2559 3033 2614 securitatem
3075 2561 3464 2617 concessisset.
3508 2561 3597 2617 Di-

2018 2665 2294 2727 .centeque
2328 2652 2537 2709 Yazido
2565 2652 2679 2710 Ebn
2718 2653 2819 2709 Abi
2851 2653 3055 2725 Sofyan
3088 2672 3102 2709 :
3138 2654 3252 2710 Hoc
3282 2656 3597 2712 securitatis

2026 2745 2294 2821 [pactum]
2332 2754 2510 2800 ratum
2556 2760 2663 2801 non
2710 2745 3008 2812 habemus;
3044 2746 3442 2815 responderunt
3474 2747 3594 2802 Abu

2026 2841 2271 2897 Obaidah
2319 2852 2375 2897 et
2417 2843 2581 2895 Omar
2624 2839 2810 2895 Ebnol‘
2850 2841 2989 2895 Asi:
3033 2839 3144 2895 Nos
3189 2841 3368 2910 ipsum
3416 2851 3599 2895 ratum

2032 2933 2335 2995 habemus,
2388 2930 2680 2985 comitibus
2726 2930 2843 2986 suis
2894 2930 3267 2986 exclamantes
3308 2951 3321 2987 :
3374 2931 3599 2988 Gladios

1946 3030 1989 3086 c
2026 3020 2343 3089 recondito;
2375 3019 2629 3076 Yazadus
2659 3036 2791 3077 vero
2826 3021 2991 3077 sociis
3025 3021 3185 3077 suis:
3222 3021 3297 3077 Ne
3328 3023 3599 3078 reconda-

2027 3115 2118 3171 tis.
2162 3115 2305 3169 Dixit
2337 3113 2539 3169 Amrus
2576 3113 2746 3167 Ebnol
2794 3114 2934 3169 Asi:
2974 3113 3396 3170 Consentiamus
3438 3115 3599 3170 dedi-

2028 3209 2176 3263 tione
2225 3216 2441 3277 captam
2493 3222 2617 3261 esse
2680 3206 2903 3273 urbem;
2959 3206 3104 3276 quod
3158 3221 3281 3260 cum
3339 3206 3597 3261 omnibus

2026 3300 2300 3370 placeret,
2362 3301 2502 3354 dixit
2560 3298 2670 3355 illis
2727 3297 2992 3354 Mansur:
3052 3297 3169 3353 Hoc
3226 3299 3360 3353 mihi
3411 3299 3597 3354 statim

2030 3402 2287 3450 testatum
2337 3392 2546 3448 facite:
2591 3392 2884 3462 libelloque
2933 3405 3065 3460 ergo
3104 3391 3426 3461 inscriptum
3470 3399 3596 3447 est:

2025 3488 2235 3546 Testati
2282 3495 2444 3549 sunt,
2495 3485 2615 3540 Abu
2653 3484 2898 3540 Obaidah
2944 3482 3115 3539 Ebnol
3167 3484 3373 3549 larahi,
3429 3482 3601 3539 Yazid

2032 3584 2144 3638 Ebn
2176 3581 2279 3637 Abi
2304 3579 2534 3651 Solyan,
2566 3578 2768 3633 Amrus
2797 3575 2973 3632 Ebnol
2996 3577 3112 3642 Asi,
3143 3586 3197 3632 et
3221 3575 3456 3644 Sariabil
3480 3577 3600 3632 Ebn

2028 3674 2311 3744 llnjanazz
2371 3671 2692 3741 accepitque
2758 3667 2982 3726 Mansur
3041 3668 3307 3725 libellum.
3365 3669 3600 3725 Militum

2028 3777 2207 3821 autem
2236 3763 2544 3820 Graecorum
2568 3770 2838 3834 quotquot
2857 3769 3172 3827 evaserunt,
3194 3763 3260 3815 ad
3285 3760 3598 3817 lleraclium

2030 3860 2444 3925 imperatorem,
2494 3858 2841 3912 Antiochiam
2889 3864 3261 3915 accesserunt.
3299 3855 3599 3919 .Heraclius

2030 3960 2209 4005 autem
2253 3949 2549 4017 imperator
2590 3946 2778 4001 audito
2816 3955 3030 4015 captam
3076 3961 3198 4003 esse
3222 3948 3595 4004 Damascum:

2030 4038 2164 4096 Vale
2190 4037 2462 4109 (inquit)o
2496 4035 2675 4106 Syria,
2700 4036 2751 4090 id
2783 4044 2886 4102 est,
2926 4032 3079 4101 Vale,
3114 4034 3378 4092 Damasce
3406 4036 3597 4107 Syriaa,

2030 4127 2559 4198 Constantinopolim
2600 4140 2769 4195 usque
2804 4124 3079 4195 prolectus
3118 4134 3223 4188 est,
3258 4125 3420 4197 idque
3453 4142 3599 4183 sunto

2032 4222 2325 4279 chalil'atus
2354 4218 2539 4275 Omari
2575 4217 2730 4273 Ebnil
2781 4218 3008 4273 Chetabi
3045 4218 3240 4286 tertio;
3282 4216 3600 4274 Mansurum

2032 4327 2214 4373 autem
2259 4312 2512 4370 Damasci
2555 4310 2869 4377 praelectum
2909 4310 2981 4366 ob
3025 4310 3166 4364 mala
3212 4310 3387 4380 ipsius
3433 4311 3601 4378 facta,

2035 4410 2293 4485 quodque
2328 4408 2530 4465 Grzecis
2567 4407 2621 4462 in
2658 4419 2826 4460 causa
2860 4404 2961 4459 fuit
3004 4410 3065 4457 ut
3107 4403 3510 4469 occiderentur,
3553 4413 3609 4462 et

2034 4501 2390 4576 281-283
2451 4495 2922 4555 Mohammedanis
2982 4503 3171 4548 contra
3240 4495 3389 4564 ipsos
3443 4509 3603 4565 apem

2036 4602 2275 4662 tulisset,
2294 4594 2642 4651 anathemate
2666 4589 3054 4661 percusserunt
3072 4601 3264 4643 omnes
3280 4586 3605 4656 patriarchae

2035 4707 2089 4753 et
2127 4691 2369 4765 episcopi
2411 4702 2507 4758 per
2555 4684 2874 4740 universum
2915 4690 3182 4735 terrarum
3226 4678 3437 4732 orbem.
3472 4675 3604 4732 Post

2035 4787 2155 4841 dies
2213 4793 2391 4838 autem
2443 4787 2652 4849 septem
2712 4775 2961 4846 pervenit
3008 4772 3074 4827 ad
3126 4770 3386 4827 Omarum
3441 4768 3603 4823 Ebnil

2038 4874 2267 4933 Chctabi
2299 4871 2523 4929 nuntius
2545 4912 2564 4946 ,
2604 4868 2893 4924 certiorem
2936 4865 3114 4934 ipsum
3151 4862 3356 4918 iaciens
3388 4870 3602 4929 captam

2036 4985 2160 5026 esse
2189 4968 2539 5021 Damascum.
2563 4960 2796 5030 Scripsit
2821 4972 2951 5027 ergo
2984 4956 3148 5012 Omar
3176 4953 3350 5009 Ebnol
3378 4950 3603 5007 Chetabi

2038 5065 2104 5119 ad
2135 5063 2361 5117 Amrum
2402 5057 2575 5113 Ebnol
2603 5055 2715 5118 Asi,
2749 5062 2809 5107 ut
2843 5052 3142 5106 exercitum
3173 5063 3334 5105 suum
3361 5045 3605 5101 Palwstio

2039 5172 2167 5213 nam
2216 5153 2543 5215 abduceret;
2574 5145 2907 5215 scripsitque
2948 5140 3206 5196 Yazidum
3231 5139 3346 5194 Ehn
3373 5137 3474 5192 Abi
3500 5136 3603 5191 So-

2043 5251 2168 5321 lyan
2209 5245 2473 5299 Damasco
2498 5237 2734 5309 pratici;
2776 5235 3098 5305 Serjabilum
3141 5232 3312 5287 lilium
3348 5229 3600 5292 Hasanae,

2040 5342 2332 5401 Oroddano
2375 5333 2606 5409 [regioni
2642 5327 2961 5401 Iordanis];
2998 5327 3120 5382 Abu
3185 5320 3408 5379 Ohaidas
3429 5320 3601 5377 Ebnol

2042 5436 2243 5497 larahi,
2276 5431 2499 5487 ﬂamso.

2115 5527 2397 5583 Proiectus
2418 5530 2499 5578 est
2520 5534 2652 5590 ergo
2667 5518 2866 5571 Amrus
2889 5510 3058 5566 Ebnol
3079 5509 3198 5574 Asi,
3222 5506 3561 5563 Palaestinam
3585 5520 3602 5570 ;

2045 5620 2297 5694 Sarjabil.
2348 5613 2699 5673 Oroddanum
2730 5626 2744 5675 ;
2775 5605 2898 5663 Abu
2932 5599 3370 5694 ObaidaeAEbnol
3404 5597 3604 5661 larahi,

3170 5691 3245 5757 35
