4014 6218
523 170 658 232 109)

1478 168 1863 229 ΕΗΤΥΟΗΙΙ
1898 166 2439 228 ALEXANDRINI
2488 169 2711 229 PATR.

3642 168 3792 232 11Οο

512 286 835 337 liaalbccutn
896 282 1073 353 [cujus
1126 282 1343 353 incolae]
1382 283 1482 352 ipsi
1512 284 1799 337 dixerunt:
1836 281 1945 337 Nos
1970 296 2090 335 eas-
2119 283 2166 338 A
2196 292 2302 333 tam
2362 283 2482 337 caeli
2516 299 2529 347 ;
2584 282 2837 337 Israelita:
2884 290 3071 336 autem
3110 280 3377 335 Sanctum
3433 296 3783 338 sanctorum.

516 373 641 425 dem
670 372 1036 438 conditiones,
1064 388 1199 442 quas
1229 373 1584 428 Damascenis
1615 372 1759 441 pacti
1788 372 1943 435 estis,
1976 372 2096 427 sine

510 464 947 518 contradictione
1004 465 1421 534 amplectimur;
1494 479 1669 534 quare
1733 466 2088 519 securitatem

509 555 642 621 ipsis
667 556 874 624 scripto
904 556 1199 610 concessit.
1226 557 1364 609 Tum
1400 554 1657 611 llatnstun
1679 556 1957 626 profectus
1986 564 2090 618 est,

508 647 668 715 cujus
732 650 898 702 etiam
958 646 1149 701 incolae
1204 646 1462 702 dixerunt
1522 667 1536 704 :
1602 648 1667 701 Et
1717 664 1816 702 nos
1872 650 2091 703 easdem

510 738 711 806 quibus
736 755 858 793 cum
894 738 1242 795 Damascenis
1281 756 1467 811 pacem
1496 741 1720 804 fecistis,
1750 741 2091 796 conditiones

515 831 903 899 amplectimur
946 847 961 884 :
996 830 1196 901 quibus
1239 833 1404 888 etiam
1454 831 1743 904 [libellum]
1778 833 2090 888 securitatis

507 925 757 977 scribens
787 926 976 977 urbem
1008 924 1291 993 ingressus
1329 935 1431 979 est.
1487 924 1655 980 Urbis
1696 926 1862 978 etiam
1898 923 2087 979 Halebi

508 1016 700 1069 incolis
730 1015 973 1069 libellum
1004 1016 1319 1071 securitatis
1342 1016 1603 1087 scripsit;
1634 1032 1933 1086 onmesque
1960 1033 2087 1087 pas-

508 1112 611 1160 sim
668 1108 833 1162 urbes
891 1114 948 1161 ut
1014 1123 1074 1163 se
1128 1107 1409 1161 deditione
1466 1109 1738 1176 acciperet
1790 1108 2083 1175 petierunt.

510 1200 734 1265 Deinde,
772 1217 896 1256 eum
931 1201 999 1255 ad
1034 1199 1512 1255 Moltatnmetlanos
1538 1200 1883 1269 pervenisset
1921 1196 2087 1268 [nun-

506 1292 634 1364 tius]
669 1294 736 1348 de
767 1294 953 1348 Omari
979 1293 1151 1349 .Ebnil
1183 1292 1393 1348 Chetab
1432 1292 1693 1355 adventu,
1725 1290 1841 1345 Abu
1867 1290 2086 1345 Obaidae

503 1387 694 1441 Ebno’l
743 1385 917 1439 larabi
969 1385 1266 1439 comitibus
1314 1386 1431 1439 suis
1480 1383 1653 1454 Aiyad
1704 1382 1818 1437 Elin
1873 1382 2080 1437 Canam

505 1479 787 1547 praefecit;
820 1476 987 1531 Yazid
1019 1478 1134 1532 Enn
1176 1476 1277 1530 Abi
1313 1475 1516 1547 Solyau
1556 1476 1673 1531 suis
1706 1477 1931 1529 Mawian
1966 1474 2081 1529 Ebn

503 1571 603 1624 Abi
654 1570 895 1638 Sol‘yan:
949 1568 1146 1623 Amrus
1195 1569 1365 1623 Ebnol
1414 1568 1508 1623 Asi
1559 1570 1671 1623 suis
1703 1568 1875 1621 ﬁlitun
1922 1583 2080 1623 suum

502 1624 919 1715 Abdollalium:
976 1662 1078 1730 ipsi
1148 1659 1314 1731 284
1362 1658 1565 1714 Otnaro
1618 1660 1778 1713 Ebuil
1830 1624 2158 1723 Chetabi,”

501 1752 716 1807 obviam
743 1763 937 1807 euntes
980 1770 993 1806 :
1036 1759 1147 1804 tum
1198 1766 1389 1806 omnes
1434 1748 1809 1819 Hierosolyma
1859 1750 2085 1820 profecti

489 1844 791 1900 obsidione
821 1845 1010 1897 urbem
1046 1843 1359 1897 cinxerunt.
1398 1841 1612 1895 Prodiit
1644 1857 1775 1912 ergo
1812 1843 1876 1896 ad
1916 1843 2083 1897 Oma-

501 1952 619 1989 rutn
647 1936 810 1990 Ebuil
836 1934 1064 1989 Chetabi
1097 1934 1443 2003 Sophronias
1468 1935 1785 2004 patriarcha
1822 1936 2086 1992 Hieroso-

500 2027 817 2099 lymitauus,
849 2028 936 2081 cui
963 2028 1315 2081 securitatem
1345 2026 1619 2082 concessit
1644 2027 1833 2093 Dmar,
1871 2029 2085 2097 ipsique

498 2117 740 2171 libellum
803 2119 1050 2188 scripsit,
1110 2118 1273 2187 cujus
1327 2117 1429 2172 hoc
1481 2121 1765 2188 exemplar
1827 2128 1913 2172 est
1960 2133 1976 2171 :
2025 2119 2083 2173 ltt

497 2210 720 2264 nomine
770 2209 863 2265 Dei
909 2210 1303 2274 misericordis,
1340 2210 1701 2266 miseratoris.
1752 2212 1835 2267 Ab
1881 2210 2084 2267 Omaro

495 2301 656 2358 Ebuil
704 2301 959 2367 Chetabi,
1012 2303 1164 2358 urbis
1208 2302 1368 2358 Elia:
1409 2303 1632 2359 incolis.
1667 2304 1908 2359 Securos
1963 2304 2080 2359 fore

497 2396 649 2463 ipsos
679 2390 823 2461 quod
855 2392 924 2447 ad
961 2393 1100 2449 vitas
1136 2407 1292 2459 suas,
1325 2402 1379 2450 et
1425 2394 1646 2459 liberos,
1682 2408 1837 2463 opes,
1886 2403 1942 2449 et
1987 2410 2082 2451 ec-

495 2484 693 2538 clesias
739 2498 913 2549 suas;
963 2483 1086 2539 illas
1136 2483 1347 2539 scilicet
1399 2498 1500 2538 nec
1552 2484 1791 2538 dirutum
1843 2484 1932 2551 iri,
1983 2500 2084 2541 nec

499 2577 801 2630 habitatum
855 2593 868 2629 :
919 2585 1199 2646 teStesque
1244 2576 1519 2632 adhibuit.
1571 2577 1772 2647 Aperta
1807 2591 1941 2647 ergo
1977 2578 2080 2648 ipsi

500 2678 657 2738 porta
695 2670 883 2724 urbem
921 2668 1198 2740 ingressus
1243 2668 1409 2724 Omar
1437 2685 1564 2726 cum
1610 2670 1910 2727 comitibus
1941 2672 2078 2738 suis,

497 2761 644 2815 sedit
674 2760 729 2816 in
760 2762 1025 2832 penetrali
1057 2758 1295 2833 [templi]
1328 2762 1798 2821 Resurrectionis.
1831 2763 2081 2835 Cumque

496 2853 717 2907 adesset
767 2863 985 2922 tempus
1036 2855 1395 2924 precationis,
1440 2856 1584 2911 dixit
1620 2856 1934 2927 Sophronio
1983 2873 2081 2929 pa-

494 2946 750 2999 triarcha:
791 2962 805 2998 :
842 2948 1010 3000 Orare
1040 2946 1221 3014 cupio.
1258 2947 1357 3002 Cui
1411 2948 1723 3017 patriarcha
1770 2966 1785 3004 :
1822 2948 1866 3005 0
1905 2950 2081 3021 impe-

492 3043 643 3088 rator
694 3033 959 3100 ﬁdelium,
1001 3049 1067 3090 eo
1099 3050 1208 3104 quo
1241 3050 1301 3091 es
1349 3036 1470 3092 loco
1511 3052 1629 3092 ora.
1677 3038 1823 3095 Dixit
1861 3038 2074 3096 Otnar:

494 3127 634 3182 Nolo
666 3126 754 3182 hic
783 3142 961 3184 orare.
998 3128 1211 3183 Educto
1241 3145 1371 3200 ergo
1405 3130 1474 3185 ad
1523 3132 1782 3202 templum
1813 3134 2079 3189 Constan-

491 3220 589 3273 tini
624 3228 854 3289 tegetem
906 3220 1140 3291 projecit
1177 3221 1229 3276 in
1283 3221 1471 3292 templi
1505 3225 1684 3279 medio
1716 3240 1731 3288 ;
1804 3235 1858 3277 at
1890 3223 2075 3291 Omar,

490 3308 601 3365 Nec
629 3310 741 3373 hic,
776 3311 976 3381 inquit,
1007 3326 1166 3365 orare
1197 3311 1338 3366 volo.
1370 3312 1748 3383 Egressusque
1776 3315 1841 3368 ad
1874 3315 2077 3386 gradus

488 3401 581 3471 qui
636 3412 766 3456 sunt
812 3402 881 3456 ad
934 3410 1149 3472 portam
1200 3402 1447 3456 ecclesiae
1498 3404 1675 3457 sancti
1725 3403 2076 3461 Constantini

488 3502 595 3553 qua
623 3487 900 3543 Orientem
939 3489 1185 3558 respicit,
1221 3487 1294 3542 ibi
1328 3487 1474 3543 solus
1509 3504 1676 3558 super
1709 3491 1909 3561 gradus
1949 3508 2073 3548 ora-

489 3581 565 3631 vit
617 3579 789 3633 :dein
831 3578 1118 3634 considens
1164 3578 1303 3633 dixit
1348 3579 1656 3648 Sophronio
1690 3584 2019 3651 patriarchae
2056 3605 2068 3641 :

486 3667 723 3732 Nostiu’,
764 3685 796 3724 ο
846 3668 1181 3739 patriarcha,
1238 3685 1410 3739 quare
1461 3674 1604 3726 intra
1654 3675 1913 3745 templum
1952 3694 2072 3733 non

485 3759 754 3813 oraverim
786 3760 808 3813 ?
841 3758 1142 3828 Respondit
1176 3762 1304 3815 ille:
1346 3762 1501 3817 llaud
1556 3766 1806 3835 equidem
1855 3770 2002 3836 novi,
2040 3784 2073 3825 0

485 3859 784 3920 unperator
819 3852 1081 3909 ﬁdelium.
1119 3855 1263 3909 Dixit
1298 3856 1371 3909 illi
1403 3854 1611 3924 Ornar:
1653 3858 1710 3913 Si
1747 3862 1889 3914 intra
1929 3871 2072 3916 tem-

484 3942 633 4013 plum
674 3958 953 4008 orassem,
986 3946 1243 4015 periisset
1286 3948 1381 4003 tibi
1433 3950 1584 4015 illud,
1636 3965 1699 4005 ac
1743 3968 1773 4008 e
1818 3954 2071 4011 manibus

492 4038 601 4091 tuis
635 4039 839 4103 exiret,
874 4037 1337 4095 Mobatnmedanis
1384 4052 1509 4110 post
1543 4042 1849 4098 discessum
1885 4062 2065 4101 meum

485 4128 584 4183 tibi
628 4129 758 4183 illud
790 4131 1189 4201 eripientibus;
1228 4147 1291 4187 ac
1324 4133 1434 4202 jam
1472 4134 1832 4206 285-287
1865 4138 2064 4193 dicturi

482 4232 607 4277 sunt
636 4243 647 4277 :
674 4222 772 4278 Hic
804 4226 980 4278 oravit
1010 4223 1198 4280 Otnar.
1239 4226 1432 4281 Verum
1466 4228 1600 4281 aﬁ‘er
1630 4232 1762 4283 mihi
1794 4234 2060 4301 chartam,

480 4330 588 4383 quo
625 4315 717 4369 tibi
753 4317 1123 4386 syngrapham
1161 4318 1421 4373 scribam.
1459 4318 1687 4389 Scripsit
1722 4338 1850 4392 ergo
1893 4324 2061 4380 Omar

479 4406 841 4474 syngrapham
888 4406 1017 4477 [qua
1073 4407 1261 4480 jussit]
1300 4424 1367 4463 ne
1415 4419 1598 4464 oraret
1652 4410 2061 4471 Mohammeda-

480 4512 671 4549 norum
706 4498 902 4567 aliquis
932 4514 1099 4568 super
1132 4501 1357 4568 gradus,
1391 4501 1498 4556 nisi
1531 4502 1843 4572 singulatim
1874 4522 1891 4569 ;
1926 4523 2063 4564 neve

479 4591 550 4642 ibi
588 4590 653 4642 ad
698 4607 886 4660 preces
932 4593 1333 4660 convenirent;
1384 4610 1564 4666 neque
1599 4610 1765 4666 super
1809 4600 1948 4670 ipsis
1991 4603 2058 4657 ad

477 4694 662 4744 preces
706 4682 968 4747 praeconis
1017 4697 1147 4738 voce
1200 4696 1634 4742 convocarentur
1670 4706 1685 4743 :
1725 4689 1828 4744 hac
1879 4693 1943 4747 de
1998 4709 2058 4749 re

477 4771 837 4837 conscriptam
870 4775 1233 4844 syngrapham
1266 4778 1590 4845 patriarcha:
1631 4780 1877 4836 tradidit.
1917 4781 2054 4838 Tum

476 4862 624 4918 etilli
651 4864 785 4918 dixit
812 4862 977 4920 Otnar
1008 4882 1023 4921 :
1056 4867 1151 4922 Est
1179 4871 1321 4938 quod
1355 4871 1485 4925 mihi
1508 4886 1546 4924 ra
1580 4879 1636 4927 te
1668 4870 1890 4929 hederis
1918 4875 2043 4945 jure

476 4955 778 5022 debeatur;
827 4959 1001 5012 locum
1055 4974 1183 5029 ergo
1234 4962 1365 5015 mihi
1403 4966 1637 5018 concede
1673 4964 1724 5017 in
1772 4980 1882 5034 quo
1913 4975 2058 5020 tem-

477 5047 620 5114 plum
645 5060 940 5103 cxstruam.
965 5049 1063 5105 Cui
1098 5052 1405 5121 patriarcha
1437 5071 1451 5106 :
1482 5054 1612 5123 Ego,
1644 5055 1842 5125 inquit,
1872 5056 2051 5111 locum

479 5138 793 5207 imperatori
855 5140 1089 5194 ﬁdelium
1143 5144 1436 5197 concedam
1505 5146 1558 5197 in
1614 5159 1722 5212 quo
1788 5145 2049 5215 templum

479 5239 722 5285 exstruat
769 5232 887 5302 (cui
944 5236 1273 5290 exstruendo
1318 5234 1637 5291 Graecorum
1693 5238 2060 5307 imperatores

479 5332 712 5387 ttnpares
747 5320 988 5387 fuerunt,
1019 5322 1271 5377 videlicet
1301 5332 1509 5393 petram
1548 5326 1600 5379 in
1646 5340 1752 5394 qua
1789 5328 1931 5383 Deus
1963 5327 2055 5384 Ja-

479 5411 669 5465 cobuiu
697 5412 959 5469 allocutus
995 5423 1098 5482 est,
1129 5414 1290 5484 quam
1318 5415 1607 5485 appellavit
1634 5415 1871 5478 Iacobus
1901 5421 2041 5479 Por-

594 5588 614 5618 ⁸
638 5588 825 5648 Matth.
864 5609 1018 5661 χλιιι,
1055 5594 1143 5650 58.
1226 5592 1455 5650 'Mattb.
1494 5610 1640 5662 utv,
1673 5596 1724 5654 2.

2199 369 2406 440 Estque
2458 374 2573 443 ipsa
2624 375 2676 428 in
2735 380 2897 427 terra:
2958 371 3156 437 medio,
3216 371 3427 442 fuitque
3478 375 3791 430 sacrarium

2196 458 2493 530 lsraelitis;
2527 466 2620 534 qui
2655 477 2852 533 magna
2884 462 3055 531 ipsam
3086 462 3139 516 iu
3172 462 3523 518 veneratione
3556 463 3790 531 habent,

2196 563 2357 623 atque
2388 557 2694 626 ubicunque
2726 556 2947 621 fuerint,
2984 555 3122 611 inter
3154 554 3423 609 orandum
3452 553 3628 611 {acies
3654 573 3792 613 suas

2195 646 2261 701 ad
2297 648 2465 716 ipsam
2510 648 2846 716 conversas),
2886 648 2986 702 hac
3018 647 3333 703 conditione
3378 658 3438 703 ut
3479 647 3612 704 mihi
3655 666 3790 721 syn-

2197 739 2463 809 grapham
2484 741 2732 807 scribas,
2778 756 2843 796 ne
2880 742 3020 795 intra
3068 738 3789 811 llierosolymaexstruatur

2196 840 2394 898 praeter
2429 830 2559 886 illud
2608 832 2973 887 adoratoriurn
3024 829 3590 905 [Mohammedicum].
3629 833 3786 889 Scri-

2197 922 2303 990 psit
2334 937 2463 994 ergo
2509 923 2677 979 Omar
2723 922 2893 979 Ebnol
2928 921 3154 977 Chetabi
3204 922 3306 976 bac
3335 922 3399 977 de
3447 939 3506 978 re
3551 941 3788 995 syngrao

2189 1014 2349 1083 pham
2381 1030 2541 1085 quam
2593 1015 2691 1084 ipsi
2739 1015 2985 1070 tradidit.
3057 1012 3335 1082 Siquidem
3371 1030 3496 1069 cum
3552 1015 3785 1074 Ranvani

2192 1105 2504 1175 religionem
2560 1108 2923 1163 Christianam
3001 1106 3231 1175 amplexi
3288 1116 3493 1172 essent,
3543 1109 3784 1165 aediﬁca-

2196 1210 2389 1268 rctque
2425 1200 2626 1256 Helena
2656 1201 2995 1256 Constantini
3032 1210 3224 1265 mater,
3274 1199 3659 1273 Hierosolymis
3691 1220 3783 1259 ec-

2188 1298 2423 1365 clesias;
2492 1294 2712 1350 fuerunt
2766 1293 2938 1348 Petrae
2995 1293 3146 1348 locus
3202 1293 3413 1363 ipsique
3469 1296 3774 1363 adjacentia

2186 1400 2414 1455 vastata,
2442 1388 2668 1458 ideoque
2697 1386 2863 1456 288
2897 1385 3103 1442 relicta.
3142 1385 3315 1440 Petrae
3348 1396 3527 1441 autem
3579 1388 3771 1455 pulve-

2184 1497 2299 1536 rem
2346 1480 2647 1549 injecerant
2691 1478 2827 1532 adeo
2875 1486 2933 1531 ut
2977 1492 3138 1547 super
3182 1477 3354 1545 ipsam
3388 1479 3588 1547 grande
3623 1490 3772 1534 esset

2187 1569 2610 1641 sterquilinium,
2659 1568 2890 1637 ideoque
2943 1568 3111 1637 ipsam
3148 1569 3414 1638 neglectui
3463 1568 3774 1624 habuerunt

2193 1663 2451 1726 liornani,
2497 1676 2670 1730 neque
2713 1662 2813 1729 ipsi
2854 1675 2979 1715 eum
3017 1676 3178 1730 quem
3227 1661 3474 1716 solebant
3511 1661 3777 1718 Israelita:

2176 1754 2449 1808 honorem
2482 1753 2819 1814 detulerunt,
2853 1766 3032 1822 neque
3062 1768 3225 1822 supra
3276 1755 3447 1822 ipsam
3484 1755 3771 1809 ecclesiam

2187 1853 2523 1909 struxerunt,
2576 1857 2641 1896 eo
2685 1844 2831 1912 quod
2877 1844 3085 1897 dictum
3129 1844 3200 1897 sit
3247 1859 3277 1898 a
3318 1844 3545 1898 Domino
3591 1855 3774 1898 nostro

2193 1934 2415 1988 Christo
2447 1933 2500 1988 in
2532 1933 2824 1998 Evangelia
2862 1942 3086 1989 sancto:
3122 1932 3251 1988 Ecce
3285 1935 3606 2004 relinquetur
3630 1936 3771 1990 vobis

2174 2025 2374 2079 domus
2425 2038 2599 2080 vestra
2647 2026 2855 2081 deserta
2885 2026 2905 2055 ⁸
2951 2042 2966 2091 ;
3010 2041 3267 2086 necnon,
3302 2026 3415 2079 Non
3445 2029 3769 2095 relinquetur

2185 2120 2267 2172 hic
2289 2119 2423 2185 lapis
2442 2132 2600 2186 super
2619 2119 2850 2187 lapidem
2870 2118 2963 2189 qui
2988 2135 3091 2172 non
3114 2119 3362 2173 diruatur
3382 2137 3444 2173 ac
3468 2132 3700 2174 vastetur
3722 2122 3763 2175 ⁷.

2187 2209 2336 2264 Hanc
2371 2210 2441 2264 ob
2486 2222 2709 2264 causam
2746 2208 3086 2278 reliquerunt
3117 2208 3411 2264 Christiani
3456 2211 3622 2277 ipsam
3672 2211 3766 2264 de-

2186 2309 2409 2367 sertam,
2447 2300 2593 2355 nulla
2642 2315 2804 2367 super
2855 2299 3027 2369 ipsam
3061 2308 3340 2355 exstructa
3379 2286 3627 2355 ecclesia.
3668 2300 3767 2354 So-

2186 2394 2449 2465 phronius
2498 2407 2632 2462 ergo
2672 2392 2982 2460 patriarcha
3014 2391 3276 2448 Omarum
3328 2393 3500 2447 Ebnol
3535 2393 3761 2447 Chetabi

2186 2500 2346 2540 manu
2398 2487 2728 2555 prehensum
2784 2485 2849 2540 ad
2896 2485 3299 2554 sterquilinium
3329 2484 3574 2541 deduxit.
3602 2485 3767 2542 Omar

2184 2592 2362 2636 autem
2395 2581 2562 2637 vestis
2596 2594 2708 2636 sua:
2751 2593 2847 2634 ora
2890 2579 3160 2648 prehensa
3196 2578 3370 2646 ipsam
3407 2576 3629 2647 pulvere
3661 2580 3763 2631 im-

2185 2674 2368 2745 plevit,
2400 2688 2565 2744 quem
2606 2672 2665 2727 in
2701 2671 2893 2725 vallem
2928 2669 3206 2725 Cehennze
3236 2668 3494 2739 projecit.
3524 2668 3764 2722 Moham-

2172 2765 2401 2821 »suedani
2426 2778 2569 2834 ergo
2600 2763 3003 2832 conspicientes
3034 2762 3294 2815 Omarutn
3334 2759 3506 2815 Ebnol
3540 2759 3760 2813 Chetabi

2183 2858 2392 2928 gremio
2424 2871 2522 2911 suo
2571 2854 2847 2925 pulverem
2881 2865 3143 2924 gestasse,
3200 2853 3299 2920 ipsi
3335 2854 3569 2921 seposita
3620 2866 3763 2904 mora

2107 2961 2152 3022 (ζ
2185 2967 2376 3008 omnes
2407 2951 2629 3021 gremiis
2660 2949 2823 3006 etiam
2862 2948 3294 3011 suis,-vestibus,
3327 2946 3557 3016 clypeis,
3586 2944 3762 2999 corbi-

2182 3045 2306 3107 bus,
2337 3054 2503 3114 atque
2552 3042 2732 3098 urceis
2776 3049 3151 3111 asportarunt,
3191 3040 3366 3094 donec
3412 3038 3670 3092 mundato
3700 3052 3761 3091 ac

2168 3146 2413 3209 purgato
2449 3138 2568 3191 loco
2594 3143 2879 3206 appareret
2913 3144 3087 3202 petra.
3122 3131 3256 3185 Tum
3286 3129 3594 3185 dicentibus
3633 3145 3762 3183 non-
3809 3153 3821 3168 -

2179 3230 2343 3285 nullis
2395 3241 2411 3287 :
2462 3227 2816 3283 [Ediﬁcemus
2877 3226 3135 3295 templum
3200 3223 3273 3277 ita
3330 3232 3387 3277 ut
3438 3232 3645 3291 petram
3696 3220 3760 3274 ad

2178 3322 2379 3377 Keblah
2408 3329 2755 3384 statuamus,-
2780 3318 2914 3372 dixit
2933 3315 3108 3373 -Omar
3138 3332 3152 3370 :
3180 3313 3549 3385 Nequaquam,
3580 3328 3761 3366 verum

2180 3415 2249 3466 ita
2295 3412 2550 3481 templum
2595 3420 2871 3467 struemus
2904 3417 2962 3463 ut
2998 3418 3200 3478 petram
3237 3407 3304 3461 ad
3340 3418 3539 3477 partem
3578 3407 3760 3474 ipsius

2181 3499 2540 3569 posteriorem
2585 3498 2941 3552 collocemus.
2993 3494 3203 3550 Struxit
3255 3510 3387 3564 ergo
3423 3495 3585 3549 Omar
3619 3503 3757 3548 tent-

2184 3596 2332 3660 plum
2392 3592 2545 3657 cujus
2596 3592 2652 3644 in
2705 3596 2856 3657 parte
2915 3586 3216 3656 posteriore
3278 3592 3487 3655 petram
3542 3588 3756 3641 statuit.

2180 3684 2387 3741 Deinde
2418 3682 2732 3737 Bethlehem
2767 3680 2837 3735 ad
2868 3695 2986 3736 eam
3010 3678 3286 3735 visendam
3312 3678 3611 3748 profectus,
3640 3694 3759 3731 cum

2178 3778 2397 3832 adesset
2444 3774 2710 3831 orationis
2764 3782 2998 3841 tempus,
3039 3773 3183 3826 intra
3233 3770 3521 3827 ecclesiam
3568 3771 3763 3840 289-

2172 3867 2331 3939 291
2360 3868 2535 3921 oravit
2561 3864 2629 3919 ad
2652 3878 2835 3919 arcum
2871 3863 3198 3918 australem.
3233 3860 3365 3914 Erat
3391 3870 3571 3915 autem
3602 3876 3761 3915 arcus

2187 3970 2339 4014 totus
2370 3973 2532 4027 opere
2561 3954 2834 4011 tessellata
2864 3954 3194 4023 variegatus.
3231 3952 3571 4021 Scripsitque
3599 3950 3763 4005 Omar

2172 4051 2499 4119 patriarcha:
2544 4047 2909 4118 syngrapham
2961 4060 3027 4100 ne
3078 4052 3302 4105 orarent
3351 4043 3472 4098 loco
3514 4045 3615 4096 isto
3646 4041 3761 4095 Mc-

2173 4139 2516 4197 hammedani
2549 4140 2655 4193 nisi
2703 4137 2931 4208 singuli,
2973 4136 3117 4190 alius
3157 4146 3278 4204 post
3312 4134 3501 4199 alium,
3537 4150 3664 4190 neve
3688 4134 3759 4187 ad

2170 4232 2432 4286 orandum
2483 4229 2558 4284 ibi
2596 4230 2846 4297 ,coirent,
2898 4241 3076 4297 neque
3135 4224 3204 4281 ad
3260 4240 3452 4294 preces
3498 4224 3762 4293 pra-conis

2094 4299 2137 4356 θ
2175 4338 2303 4379 voce
2331 4331 2804 4387 convocarentur;
2844 4334 3019 4389 neque
3060 4325 3365 4371 mutaretur
3406 4317 3551 4369 ineo
3597 4314 3763 4381 quid-

2168 4432 2355 4488 quam.
2385 4417 2452 4469 At
2475 4422 2718 4483 tempore
2746 4414 2847 4467 hoc
2873 4422 3057 4466 nostro
3081 4420 3268 4463 contra
3298 4408 3481 4461 ierunt
3508 4406 3761 4460 Mahom-

2170 4506 2384 4561 medaui
2421 4503 2603 4558 Omari
2641 4503 2816 4557 Ebnol
2851 4499 3075 4555 Chetabi
3100 4498 3327 4567 scripto.
3356 4494 3491 4550 Nam
3538 4506 3589 4549 et
3621 4497 3761 4549 sub-

2169 4596 2282 4649 lato
2354 4610 2521 4664 opere
2600 4595 2874 4662 variegato
2932 4592 3001 4646 ab
3059 4605 3233 4654 arcu,
3291 4586 3555 4658 quidquid
3623 4588 3764 4656 ipsis

2168 4690 2339 4745 visum
2389 4688 2491 4740 fuit
2527 4685 2727 4741 ibidem
2772 4683 3133 4753 scripserunt,
3167 4688 3223 4735 et
3267 4680 3337 4734 ad
3391 4694 3580 4748 preces
3613 4679 3765 4733 coie-

2167 4791 2317 4846 runt,
2348 4781 2664 4836 hominibus
2689 4780 2956 4850 praeconis
2981 4792 3113 4832 voce
3137 4773 3473 4830 convocatis.
3500 4772 3765 4840 Idemque

2169 4874 2413 4928 fecerunt
2445 4875 2609 4928 etiam
2665 4876 2715 4928 in
2768 4870 3032 4942 gradibus
3078 4867 3171 4938 qui
3204 4867 3357 4937 juxta
3414 4874 3625 4935 portam
3661 4878 3766 4916 ec-

2167 4965 2343 5018 clesiae
2370 4964 2717 5020 Constantini
2747 4966 2987 5028 fuerant,
3014 4975 3180 5030 super
3208 4972 3351 5027 quos
3367 4957 3542 5011 oravit
3565 4955 3761 5017 Oniar,

2168 5057 2381 5127 sibique
2433 5067 2711 5110 sumentes
2758 5053 3047 5108 dimidium
3104 5050 3355 5106 vestibuli
3406 5045 3651 5102 ecclesia:
3700 5045 3763 5133 in

2169 5151 2286 5218 ipso
2314 5149 2614 5202 oratorium
2641 5151 3050 5210 exstruxerunt,
3070 5141 3216 5213 quod
3240 5139 3538 5195 oratorium
3565 5134 3727 5191 Ornat
3743 5139 3763 5177 ι

2168 5240 2500 5295 vocitarunt.
2562 5262 2565 5269 -

2234 5330 2403 5386 Porro
2436 5340 2681 5385 mortuus
2713 5339 2796 5385 est
2828 5329 3173 5400 Sophronius
3208 5324 3519 5397 patriarcha
3554 5320 3758 5378 lliero-

2168 5423 2549 5495 solymitanus,
2594 5430 2878 5493 postquam
2915 5435 3142 5479 munere
3177 5420 3266 5477 illo
3311 5426 3547 5490 quatuor
3590 5413 3761 5471 annis
