4014 6218
356 272 493 340 1101

1798 267 2166 333 ANNALES.

3488 266 3616 334 liti?

353 387 575 444 functus
601 394 766 443 esset.
819 384 947 441 Post
985 393 1220 442 mortem
1272 390 1453 441 autem
1495 383 1669 454 ipsius
1713 396 1779 438 ex
1831 398 1939 453 quo
1970 386 2013 444 Α
2045 392 2151 450 set,
2187 384 2260 438 ita
2304 384 2394 438 ille
2429 382 2531 453 ipsi
2576 381 2795 452 scripsit
2828 399 2843 438 :
2887 382 3059 438 Servo
3100 384 3225 447 Dei,
3273 378 3476 439 Omaro
3507 387 3619 443 El.n

359 479 596 535 decessit
623 487 943 533 manserunt
964 475 1341 549 Hierosolyma
1370 476 1578 544 absque
1627 474 1939 544 patriarcha

355 586 529 625 annos
578 570 767 640 viginti
818 584 1038 624 novem.
1090 567 1261 624 Jussit
1318 577 1499 622 autem
1551 565 1717 622 Omar
1769 560 1943 620 Ebnol

326 664 452 717 ,Asi
480 663 687 732 paratis
711 662 883 731 copiis
909 661 1201 734 IEgyptum
1231 660 1539 732 proﬁcisci;
1575 658 1942 728 praecepitque

357 758 495 822 εἰμι
526 754 570 808 si
602 770 726 809 cum
765 756 831 810 ad
873 755 1048 825 ipsum
1078 754 1432 825 pervenirent
1460 752 1655 807 littera:
1688 751 1859 822 ipsius
1890 751 1944 804 in

357 848 565 902 ditione
594 848 764 918 Syriae
793 859 962 912 esset,
997 846 1319 903 subsisteret
1352 860 1451 901 nec
1495 845 1724 899 ulterius
1750 855 1942 911 perge-

358 951 472 1006 ret;
506 941 589 994 sin
647 942 715 995 ad
748 941 922 1010 ipsum
974 939 1347 1010 perferrentur
1385 948 1679 1009 postquam
1720 922 1941 1008 Egypti

360 1035 498 1087 lines
527 1033 809 1103 ingressus
842 1040 1009 1097 esset,
1042 1031 1481 1102 progrederetur.
1514 1029 1653 1084 Tum
1685 1042 1943 1085 reversus

361 1134 448 1179 est
477 1127 644 1177 Omar
671 1123 842 1179 Ebnol
868 1123 1094 1180 Cbetabi
1127 1124 1196 1180 ab
1232 1122 1623 1193 Hierosolymis
1652 1120 1943 1176 Medinam.

362 1218 481 1271 Abu
515 1216 679 1287 292
720 1216 966 1271 Obaidah
996 1224 1177 1271 autem
1213 1216 1379 1270 Ebnol
1418 1214 1598 1269 iarahi
1639 1213 1898 1268 Hamsum
1927 1226 1942 1276 ;

362 1308 489 1361 dein
518 1306 721 1361 Hamso
747 1306 1111 1362 Keuasriuum
1146 1306 1428 1378 profectus
1456 1315 1567 1360 est.
1603 1303 1947 1374 Scripsitque

363 1397 433 1451 ad
469 1399 641 1466 ipsum
674 1396 965 1451 Keuasrini
1008 1398 1292 1467 patricius,
1343 1397 1448 1451 sibi
1495 1396 1659 1450 unius
1692 1392 1817 1448 anni
1865 1392 1949 1446 in-

365 1491 559 1545 ducias
593 1499 803 1558 petens,
851 1505 959 1559 quo
987 1489 1054 1543 ad
1092 1489 1405 1543 lleraclium
1435 1488 1825 1559 imperatorem
1856 1499 1948 1540 ac-

365 1581 625 1637 cederent
655 1583 922 1647 bomiues,
946 1592 1111 1653 utque
1141 1581 1236 1652 qui
1266 1581 1340 1635 ibi
1376 1588 1660 1636 manerent
1690 1579 1744 1634 in
1774 1577 1952 1634 foedus

364 1686 421 1729 et
468 1685 680 1745 pactum
728 1677 1128 1747 reciperentur.
1163 1675 1263 1730 Cui
1312 1687 1439 1728 cum
1493 1672 1780 1727 annuisset
1828 1672 1949 1726 Abu

2046 473 2298 536 Chetabi,
2334 473 2574 529 ﬁdelium
2619 470 2981 541 imperatori;
3025 473 3168 543 quod
3216 489 3357 544 aegre
3396 474 3623 549 [primo]

2047 568 2173 622 tulit
2218 566 2387 622 Omar
2435 567 2610 623 Ebnol
2664 566 2913 634 Chetabi,
2972 582 3152 637 neque
3196 569 3437 638 agnovit.
3489 571 3625 625 Dein

2047 662 2186 717 dixit
2218 677 2233 714 :
2271 659 2384 731 Ego
2415 675 2538 716 sum
2574 675 2765 716 servus
2799 660 2918 725 Dei,
2951 673 3050 730 ego
3084 656 3251 713 Otnar
3285 658 3455 714 Ebnol
3487 662 3625 719 Che-

2048 753 2183 818 tabi,
2213 768 2312 823 ego
2346 753 2579 807 ﬁdelium
2611 754 2950 823 imperator;
2974 768 3159 808 verum
3189 753 3324 807 dixit
3355 755 3418 809 Al
3454 755 3626 825 Megi-

2048 845 2146 900 rah
2180 846 2297 900 Ebn
2344 843 2591 900 Shaabae.
2634 846 2950 916 Appei'latus
2972 855 3054 902 est
3085 845 3248 918 296
3290 863 3419 917 ergo
3462 847 3631 903 0.nar

2049 937 2226 993 Ebnol
2277 936 2502 991 Chetabi
2552 937 2763 991 Amirol
2810 937 3125 1001 Mutnenin,
3179 953 3274 993 seu
3336 939 3630 1009 imperator

2051 1028 2290 1083 ﬁdelium
2331 1037 2539 1097 :atque
2577 1042 2641 1081 ex
2678 1040 2744 1081 eo
2780 1035 3027 1095 tempore
3059 1024 3305 1097 insigniti
3344 1034 3472 1083 sunt
3500 1028 3631 1083 clta~

2052 1119 2159 1174 lifaa
2182 1119 2364 1183 titulo,
2398 1117 2611 1174 Amirol
2643 1117 2944 1174 Mumenin.

2018 1271 2029 1281 _
2123 1211 2416 1280 Yazdejird
2465 1219 2643 1267 autem
2695 1213 2984 1267 Persarum
3036 1227 3130 1267 rex
3193 1212 3384 1267 auditu
3431 1212 3634 1267 certior

2054 1304 2228 1360 factus
2277 1304 2344 1359 de
2384 1304 2619 1358 adventu
2666 1304 2827 1359 Saadi
2875 1304 2985 1358 Ebn
3024 1304 3125 1359 Abi
3167 1304 3448 1370 Wakkasi,
3481 1304 3637 1358 fami-

2052 1397 2180 1451 liam
2213 1412 2371 1452 suam
2405 1411 2470 1450 ac
2500 1396 2789 1452 thesauros
2822 1395 2878 1451 in
2904 1395 3093 1451 Sinam
3125 1395 3401 1467 deportari
3433 1394 3591 1463 jussit
3618 1415 3633 1461 ;

2053 1491 2230 1562 copiis
2261 1504 2489 1545 numero
2521 1492 2728 1560 paucis,
2778 1504 2842 1544 ac
2882 1489 3234 1545 facultatibus
3282 1488 3513 1545 modicis
3549 1507 3636 1546 re-

2055 1583 2245 1649 tentis;
2280 1582 2650 1651 praefecloque
2678 1581 2743 1635 Al
2781 1579 3087 1651 Madayeuo
3121 1580 3375 1636 Chorado
3405 1581 3470 1635 Al
3497 1578 3634 1637 Uzdi

2056 1674 2226 1729 fratre
2254 1671 2521 1737 Rostami,
2558 1672 2879 1728 Rostamum
2915 1673 3062 1727 misit
3097 1683 3470 1746 eppttgnatutn
3503 1673 3639 1727 Saa-

368 1766 645 1834 Obaidah,
684 1765 896 1837 rogavit
926 1768 1186 1836 patricius
1221 1767 1337 1821 Abu
1368 1764 1633 1821 Obaidam
1665 1772 1723 1819 ut
1744 1764 1953 1819 colutn-
1989 1757 2030 1812 Β
2057 1770 2185 1825 dum
2221 1766 2339 1824 Ebn
2379 1768 2483 1825 Abi
2516 1764 2797 1822 Wakkasi.
2842 1767 2937 1825 ille
2981 1783 3114 1839 ergo
3153 1767 3403 1824 Kadesim
3451 1768 3633 1823 sedem

367 1876 492 1914 naut
557 1868 827 1916 statueret
884 1860 1028 1915 inter
1082 1859 1303 1915 Graecos
1358 1869 1415 1914 et
1468 1857 1954 1913 Mohammedanos

364 1961 634 2018 erectam,
660 1967 828 2022 quam
882 1966 1058 2023 neque
1096 1952 1331 2007 transire
1375 1950 1841 2005 Mohammedanis
1888 1951 1954 2005 ad

369 2044 593 2100 Graecos
656 2044 862 2110 liceret,
920 2060 1026 2099 nec
1071 2044 1277 2099 Graecis
1331 2044 1397 2098 ad
1448 2043 1954 2107 Mohammedanos,

364 2150 474 2205 qua
546 2135 601 2189 in
672 2137 925 2191 columna
994 2136 1224 2207 eﬁigicm
1300 2136 1538 2192 lleraclii
1611 2134 1956 2206 imperatoris

368 2226 625 2299 {throno}
668 2231 817 2299 regio
846 2229 1134 2285 insidentis
1164 2230 1486 2300 pinxerant.
1523 2227 1676 2295 Quod
1710 2237 1765 2283 et
1795 2242 1959 2283 acce-

371 2332 525 2390 ptutn
563 2321 754 2375 habuit
798 2322 915 2376 Abu
943 2319 1186 2375 Obaidae.
1233 2321 1369 2373 Dum
1406 2329 1591 2374 autem
1625 2319 1782 2386 equis
1823 2334 1959 2373 con-

374 2413 594 2468 scensis
622 2428 651 2465 e
685 2412 1149 2466 Mohatnmedanis
1178 2411 1397 2480 quidam
1430 2410 1707 2480 equitandi
1753 2421 1871 2464 arte
1905 2423 1963 2463 se

370 2512 712 2565 exercerent,
742 2516 869 2556 ecce
906 2502 1022 2555 Abu
1061 2500 1292 2555 llandali
1332 2499 1447 2554 Ebn
1483 2499 1634 2553 Amri
1669 2500 1828 2569 pleno
1864 2499 1963 2552 im-

376 2603 505 2662 petu
538 2607 679 2661 equo
709 2580 1052 2654 suo‘vectus,
1085 2608 1252 2646 manu
1286 2591 1497 2646 hastam
1536 2597 1729 2646 tenens
1753 2590 1964 2645 colum-

379 2699 507 2737 nam
550 2685 706 2739 istatn
738 2692 900 2754 atque
934 2685 1162 2755 eﬁigiem
1197 2682 1440 2747 transiit,
1476 2682 1791 2751 ferrumque
1818 2683 1963 2752 quod

380 2778 448 2832 ad
482 2774 797 2830 inferiorem
841 2777 1013 2832 hastae
1045 2792 1157 2830 suae
1200 2785 1409 2844 partem
1452 2783 1624 2841 esset,
1658 2775 1820 2829 oculo
1850 2772 1966 2828 eiii-

381 2870 509 2939 giei,
546 2870 691 2924 haud
728 2869 853 2923 data
897 2883 1083 2938 opera,
1117 2867 1347 2938 inﬁgens
1378 2866 1483 2938 ipsi
1516 2867 1737 2922 oculum
1774 2862 1969 2920 conto-

383 2960 486 3014 dit.
535 2959 808 3015 Patricius
854 2973 985 3028 ergo
1033 2956 1321 3012 Kenasrini
1370 2960 1639 3012 accedens
1690 2954 1827 3009 dixit
1867 2954 1967 3010 Abi

384 3051 609 3106 Obaidae
653 3068 667 3104 :
705 3050 974 3104 Fraudem
1007 3048 1166 3103 nobis
1219 3047 1451 3113 fecistis,
1499 3062 1532 3102 ο
1564 3047 1722 3103 turba
1768 3046 1967 3102 Mosle~

389 3158 627 3212 morum,
658 3143 863 3199 violata
898 3156 1051 3212 pace,
1080 3148 1246 3211 atque
1277 3140 1515 3195 induciis
1545 3156 1666 3211 qua:
1696 3141 1838 3195 inter
1867 3156 1968 3197 nos

385 3243 547 3289 erant
588 3235 805 3290 solutis.
858 3234 1083 3288 Dicente
1130 3232 1245 3286 Abu
1278 3231 1523 3287 Obaidah
1554 3252 1569 3287 :
1605 3231 1669 3287 Et
1716 3234 1968 3303 quisnam

388 3326 566 3396 ipsum
595 3326 867 3381 violavit?
896 3324 1199 3396 Respondit
1232 3325 1502 3379 Patricius
1534 3344 1547 3380 :
1582 3324 1676 3379 llle
1706 3325 1797 3395 qui
1825 3322 1970 3394 regis

390 3422 563 3474 nostri
590 3422 810 3475 oculqu
863 3419 1113 3475 conﬁxit.
1148 3417 1292 3472 Dixit
1341 3419 1458 3472 Abu
1499 3415 1743 3472 Obaidah
1778 3434 1792 3470 :
1830 3415 1967 3481 Quid

390 3530 520 3584 ergo
552 3515 758 3569 vultis?
785 3512 1210 3584 Responderunt
1246 3532 1259 3566 :
1299 3511 1415 3566 Non
1446 3513 1605 3566 aliter
1638 3511 1973 3582 placabimur

393 3621 553 3675 quam
608 3608 653 3662 si
699 3607 847 3675 regis
900 3607 1067 3663 vestri
1121 3606 1315 3661 oculus
1356 3613 1601 3660 eruatur.
1653 3603 1801 3658 Dixit
1853 3604 1973 3658 Abtt

394 3702 636 3762 Obaidah
666 3718 681 3757 :
717 3702 969 3757 Statuam
1001 3711 1174 3753 meam
1201 3696 1386 3766 ponite
1410 3696 1530 3751 loco
1553 3696 1749 3762 istius;
1779 3695 1976 3751 deinde

399 3792 757 3868 293-295
807 3791 935 3857 quid
987 3789 1143 3845 vobis
1188 3788 1414 3842 libuerit
1463 3802 1528 3841 ac
1585 3787 1761 3841 visum
1814 3785 1978 3841 fuerit

396 3892 581 3947 facite.
623 3884 1044 3954 Responderunt
1080 3900 1094 3936 :
1131 3879 1249 3935 Non
1291 3880 1399 3934 alia
1446 3879 1605 3933 nobis
1650 3880 1828 3948 imago
1867 3877 1980 3946 pla-

400 3985 547 4038 ουιήι
575 3996 738 4052 quam
784 3977 929 4047 regis
976 3973 1145 4030 vestri
1176 3970 1421 4036 maximi,
1453 3970 1509 4025 in
1554 3984 1665 4039 quo
1706 3978 1982 4023 annuente

403 4076 541 4145 ipsis
596 4074 712 4127 Abu
773 4068 979 4126 Obaida
1032 4083 1158 4122 cum
1212 4065 1472 4122 fecissent
1521 4061 1693 4119 Graeci
1741 4069 1980 4116 statuam

404 4167 589 4225 Omari
645 4165 805 4220 Ebnil
859 4161 1083 4217 Chetabi
1140 4159 1409 4215 accedens
1456 4173 1521 4212 ex
1570 4156 1705 4225 ipsis
1760 4153 1982 4225 quidam

405 4261 564 4315 hasta
606 4259 820 4314 oculum
854 4255 959 4326 ipsi
996 4253 1244 4309 conﬁxit.
1282 4250 1422 4307 Tum
1454 4249 1727 4305 Patricius
1758 4265 1774 4302 :
1806 4246 1983 4313 Nunc,

408 4349 608 4419 inquit,
636 4350 785 4417 juste
826 4345 1115 4400 nobiscum
1147 4343 1361 4412 egistis.
1393 4340 1554 4395 Anno
1597 4340 1764 4411 igitur
1791 4346 1985 4394 exacto

2060 1863 2227 1935 ﬁgens
2259 1863 2332 1917 ibi
2376 1860 2700 1933 permansit,
2736 1862 2908 1916 donec
2942 1860 3304 1916 occideretur.
3343 1860 3497 1927 Quod
3546 1861 3641 1915 Ulli

2058 1950 2382 2021 Yazdejirtlo
2419 1953 2732 2007 nuntiatum
2772 1961 2939 2015 esset,
2968 1952 3286 2031 videretque
3320 1967 3483 2023 quam
3512 1967 3642 2022 erga

2060 2047 2238 2117 ipsum
2283 2047 2487 2116 obliqui
2527 2054 2713 2104 essent
2756 2052 2990 2118 populus
3039 2032 3200 2117 athe
3231 2046 3502 2103 exercitus
3530 2046 3640 2110 sui,

2061 2152 2335 2209 quamque
2365 2140 2723 2210 immorigeri,
2760 2154 2823 2193 ac
2853 2139 3082 2209 periisse
3114 2140 3389 2198 exercitus
3413 2142 3497 2197 sui
3535 2143 3644 2213 pri-

2065 2233 2290 2297 marios,
2342 2240 2510 2300 atque
2569 2231 2714 2285 inter
2760 2230 2913 2300 ipsos
2965 2229 3297 2286 discordiam
3352 2248 3493 2300 esse,
3546 2250 3644 2305 pro

2066 2332 2216 2378 certo
2271 2320 2463 2375 habuit
2510 2331 2654 2375 retro
2705 2319 2786 2374 ire
2835 2334 3064 2390 regnum
3115 2336 3299 2376 suum.
3362 2318 3541 2387 Quare
3588 2323 3643 2377 iu

2066 2414 2306 2467 Persiam
2343 2410 2620 2478 profectus
2649 2410 2774 2465 inde
2801 2407 2984 2464 hieran
3019 2425 3213 2467 versus
3246 2427 3342 2481 per
3370 2412 3513 2467 viam
3544 2413 3643 2469 Se-

2061 2500 2262 2571 jestani
2313 2500 2577 2571 perrexit,
2626 2501 2802 2555 donec
2854 2501 2928 2555 ibi
2984 2502 3425 2569 interﬁceretUr;
3470 2518 3646 2575 neque

2071 2608 2308 2662 unquam
2330 2591 2595 2646 bellorqu
2625 2602 2679 2648 et
2700 2592 3104 2648 dissensionum
3131 2609 3325 2664 expers
3351 2593 3453 2649 fuit
3476 2612 3647 2667 usque

2069 2685 2197 2739 dum
2254 2685 2618 2741 occideretur.
2664 2682 2931 2753 Regnavit
2981 2695 3163 2740 autem
3208 2702 3381 2743 annos
3435 2690 3646 2759 viginti.

2070 2776 2234 2829 Omar
2269 2784 2455 2830 autem
2485 2774 2714 2831 Chetabi
2746 2775 2887 2829 ﬁlius
2926 2774 3016 2829 ubi
3049 2773 3320 2831 Medinam
3358 2779 3643 2847 pervenis-

2071 2875 2173 2929 set,
2209 2867 2427 2937 scriptis
2470 2868 2668 2923 litteris
2711 2865 2971 2922 Omarum
3003 2866 3176 2924 Ebnol
3212 2870 3306 2925 Asi
3347 2870 3649 2927 Palaestina:

2070 2959 2398 3030 praefectura
2434 2959 2729 3025 abdicavit,
2755 2956 2970 3030 jussum
3000 2960 3243 3017 collectis
3273 2964 3445 3033 copiis
3476 2962 3645 3035 Egy-

2072 3061 2224 3121 ptttm
2290 3050 2537 3106 tendere.
2595 3050 2878 3105 Moawiam
2942 3067 3070 3106 vero
3122 3050 3236 3107 Ebn
3290 3054 3389 3108 Abi
3443 3054 3645 3126 Sofyau

2073 3141 2365 3207 Askelauo,
2427 3142 2703 3209 Caesarem,
2760 3151 2814 3198 et
2865 3143 3166 3199 Palazstiuae
3218 3144 3495 3215 prmfecit,
3554 3149 3649 3218 qui

2071 3235 2376 3290 Cmsaream
2416 3240 2470 3289 et
2498 3232 2828 3290 Askelanum
2869 3236 3048 3307 gladio
3091 3238 3258 3308 cepit,
3306 3238 3469 3309 idque
3507 3256 3652 3295 anno

2074 3325 2362 3381 chalifatus
2403 3324 2588 3381 Omari
2637 3323 2795 3381 Ebnil
2833 3326 3061 3382 Chctabi
3102 3332 3353 3400 septimo.
3392 3332 3526 3387 Tum
3557 3349 3652 3389 ac-

2074 3417 2287 3471 cedenti
2323 3418 2594 3472 Uthmano
2626 3416 2780 3473 Ebnil
2811 3420 3039 3489 Aphano
3069 3422 3135 3475 ad
3168 3421 3425 3479 Omarum
3462 3424 3655 3496 297-

2076 3507 2241 3580 299
2278 3509 2433 3563 Ebnil
2469 3509 2721 3576 Chctabi,
2757 3526 2881 3565 cum
2928 3512 3157 3567 dixisset
3192 3512 3379 3579 Omar,
3429 3518 3655 3589 scriptis

2077 3604 2145 3657 ad
2179 3601 2405 3657 Amrum
2458 3599 2633 3658 Ebnol
2666 3602 2758 3656 Asi
2802 3603 3001 3659 litteris
3049 3605 3223 3675 ipsum
3276 3606 3561 3665 Palaestina
3601 3621 3659 3665 et

2078 3696 2323 3750 Caesarea
2361 3695 2696 3759 abdicatum,
2727 3692 3023 3767 Egyptum
3055 3699 3206 3753 adire
3234 3700 3395 3770 jussi,
3430 3702 3655 3758 Moawia

2080 3783 2200 3839 Ειπι
2245 3785 2347 3838 Abi
2390 3783 2591 3854 Sofyau
2626 3783 2927 3842 Palaestina:
2973 3796 3027 3843 et
3079 3790 3338 3847 Caesarea:
3379 3796 3658 3863 prtefecto.

2081 3874 2412 3940 Othmanus,
2466 3875 2621 3930 Nosti
2678 3878 2925 3947 (inquit),
2971 3896 3003 3934 ο
3054 3880 3357 3951 imperator
3400 3887 3658 3953 ﬁdelium,

2083 3964 2344 4021 Omarqu
2383 3965 2644 4020 audacem
2674 3982 2813 4033 esse,
2842 3982 2905 4021 ac
2941 3971 3300 4041 praecipitem,
3334 3975 3660 4048 imperiique

2086 4071 2380 4125 amantem,
2410 4069 2594 4114 metuo
2622 4074 2752 4130 ergo
2781 4074 2849 4115 ne
2877 4060 3161 4129 profectus
3194 4063 3315 4119 sine
3349 4066 3417 4121 iis
3458 4069 3663 4138 quibus

2086 4154 2358 4208 conﬁdere
2387 4152 2589 4222 possit,
2622 4152 2705 4208 vel
2752 4152 2874 4209 sine
2900 4154 3096 4224 copiis,
3130 4154 3448 4213 Moslemios
3483 4161 3666 4245 perdi-

2089 4243 2223 4300 tioni
2248 4252 2501 4314 exponat,
2525 4244 2989 4315 opportunitatem
3017 4260 3266 4314 sperans,
3287 4262 3407 4317 quae
3434 4243 3661 4308 nesciat.

2088 4350 2186 4404 pro
2228 4335 2349 4405 ipso
2398 4348 2465 4388 an
2508 4342 2698 4390 contra
2750 4334 2928 4403 ipsum
2979 4332 3164 4392 faciat.
3221 4337 3485 4395 Poenituit
3534 4357 3665 4412 ergo

409 4456 599 4511 pacem
646 4448 699 4495 et
742 4437 923 4493 foedus
967 4436 1350 4490 observarunt.
1388 4430 1543 4502 Cepit
1585 4438 1768 4485 autem
1813 4428 1985 4499 Aiyad
2021 4449 2064 4506 ι)
2094 4426 2351 4483 Outarum
2381 4422 2825 4492 EhnolChetabi,
2850 4426 2995 4497 quod
3023 4426 3092 4481 ad
3118 4429 3340 4484 Amrum
3369 4431 3541 4487 Ebnol
3570 4436 3663 4489 Asi

410 4533 523 4587 Ehe
570 4529 805 4595 Canam,
844 4525 1319 4597 Mesopotamiam,
1368 4523 1613 4579 Rakkam
1662 4531 1715 4578 et
1753 4520 1985 4587 Roham,

412 4623 708 4679 securitate
757 4621 892 4690 ipsis
929 4628 983 4674 et
1030 4632 1163 4688 pace
1211 4626 1391 4687 pacta.
1441 4613 1754 4687 Almogirah
1807 4622 1986 4668 autem

414 4715 801 4784 Atlerbijanum
832 4711 1011 4782 gladio
1036 4708 1388 4780 expugnavit.
1418 4705 1637 4764 Primus
1676 4714 1857 4762 autem
1884 4706 1988 4762 fuit
2014 4697 2020 4703 ’

414 4806 731 4878 Almogirah
788 4804 880 4875 qui
932 4801 1193 4858 Omarum
1246 4799 1423 4855 Ebnil'
1474 4798 1724 4864 Cltetabi,
1778 4798 1989 4853 Amirol

420 4899 738 4964 Mumenin,
796 4911 893 4952 seu
958 4894 1343 4963 imperatorem
1396 4890 1635 4945 ﬁdelium
1678 4890 1988 4960 appellavit.

420 4992 681 5047 Homines
725 4986 994 5059 siquidem
1045 4993 1257 5040 mortuo
1306 4980 1691 5037 Mahummede
1732 4982 1851 5035 Abu
1893 4979 1994 5036 Be-

421 5101 602 5153 crum,
644 5082 933 5147 Chalifam,
978 5093 1076 5135 seu
1115 5076 1375 5131 vicarium
1424 5074 1602 5129 nuntii
1644 5073 1737 5127 Dei
1787 5075 1995 5129 vocita-

424 5181 577 5235 bant.
609 5176 854 5246 Cumque
892 5172 959 5227 ad
992 5172 1167 5242 ipsum
1206 5169 1507 5226 scriberent
1541 5167 1715 5239 ipsius
1754 5166 1993 5236 praefecti

423 5272 668 5327 scribere
714 5268 965 5326 solebant
1009 5262 1277 5321 :Vicario
1323 5261 1503 5316 nuntii
1555 5259 1673 5325 Dei,
1721 5275 1750 5314 a
1778 5258 1845 5313 N.
1882 5269 1992 5314 etc.

424 5365 561 5419 Cum
590 5377 722 5435 ergo
749 5359 1034 5431 imperium
1072 5354 1401 5411 obtinuisset
1432 5351 1600 5408 Omar
1632 5351 1823 5406 Ebnol‘
1851 5352 1995 5407 Che-

427 5424 759 5525 tabi,ipsvutu
802 5451 1065 5506 vicarium
1109 5446 1300 5503 vicarii
1345 5444 1523 5501 nuntii
1566 5444 1661 5500 Dei
1706 5424 2037 5513 insignive-°

429 5561 559 5607 runt
590 5564 605 5602 :
643 5557 697 5603 et
732 5560 857 5602 cum
888 5544 955 5598 ad
980 5543 1157 5613 ipsum
1202 5541 1417 5596 litteras
1442 5539 1655 5607 darent,
1688 5538 1998 5594 scribebant

430 5643 670 5716 prtefecti
697 5641 868 5712 ipsius
895 5635 1147 5694 :Vicario
1177 5633 1366 5689 vicarii
1400 5633 1574 5688 nuntii
1607 5630 1701 5686 Dei
1736 5646 1763 5683 a
1796 5628 1858 5684 N.
1891 5637 1997 5685 etc.

432 5742 499 5789 Al
526 5750 649 5793 cum
678 5733 743 5789 Al
774 5730 1032 5800 Magiram
1064 5726 1181 5785 Ebu
1213 5724 1443 5782 Shaabae
1473 5722 1689 5780 Basorae
1722 5722 2028 5815 praefecis-I

2098 4518 2434 4589 scripsisset,
2468 4518 2588 4588 ejus
2619 4517 2766 4587 quod
2806 4518 3020 4573 dixerat
3054 4515 3358 4575 Ot‘hmanus
3395 4531 3667 4578 metuens.

2095 4607 2335 4666 Rursum
2380 4624 2510 4681 ergo
2550 4608 2616 4664 ad
2660 4609 2838 4679 ipsum
2883 4608 3131 4665 scribens
3166 4626 3183 4664 :
3227 4609 3285 4664 Si
3321 4614 3671 4680 pervenerint

2098 4703 2319 4776 (inquit)
2369 4704 2435 4758 ad
2482 4711 2536 4757 te
2572 4703 2765 4757 litterae
2794 4702 2911 4757 ista:
2940 4709 3234 4773 antequam
3262 4703 3481 4776 Egypti
3510 4706 3672 4762 ditiu-

2098 4810 2224 4851 nem
2272 4796 2555 4867 ingressus
2599 4794 2790 4857 fueris,
2841 4807 2907 4849 eo
2948 4794 3092 4850 unde
3125 4794 3405 4865 profectus
3451 4813 3532 4863 es,
3583 4814 3672 4853 re-

2099 4890 2230 4946 deas
2257 4905 2273 4954 ;
2303 4889 2449 4958 quod
2482 4889 2526 4943 si
2566 4887 2850 4957 ingressus
2880 4884 3073 4954 fueris,
3098 4902 3262 4958 perge
3291 4904 3398 4958 qua
3427 4890 3670 4959 cmpisti.

2100 4982 2380 5037 Assccutis
2433 4988 2611 5033 autem
2666 4978 2867 5034 litteris
2910 4979 3163 5046 Amrum,
3212 4995 3335 5035 cum
3389 4979 3672 5051 Raphachi

2102 5084 2271 5135 esset,
2299 5082 2549 5126 metuens
2591 5068 2681 5124 ille
2721 5086 2789 5125 ne
2831 5068 2879 5127 si
2909 5079 3161 5141 acceptas
3189 5085 3285 5126 eas
3317 5069 3556 5141 aperiret
3593 5075 3677 5125 in-

2102 5165 2313 5221 veniret
2353 5164 2411 5218 in
2460 5163 2592 5234 ipsis
2634 5157 3008 5234 [mandatum]
3052 5161 3343 5227 redeundi,
3391 5162 3598 5218 litteras
3644 5178 3672 5215 a

2104 5258 2300 5313 nuntio
2348 5255 2598 5325 accipere
2641 5268 2903 5318 renuens,
2952 5252 3244 5323 ipsumque
3284 5252 3572 5321 repellens,
3609 5267 3674 5307 eo

2105 5364 2214 5419 quo
2236 5357 2353 5404 erat
2382 5355 2528 5404 statu
2560 5346 2825 5417 perrexit,
2850 5345 3023 5401 donec
3044 5345 3098 5399 in
3129 5344 3249 5399 vico
3269 5343 3503 5415 quodam
3533 5346 3678 5402 inter

2104 5439 2422 5511 Raphacum
2453 5447 2508 5495 et
2538 5440 2794 5495 Arishum
2827 5444 3007 5491 castra
3034 5443 3280 5503 poneret.
3309 5434 3380 5491 De
3413 5449 3523 5506 quo
3551 5450 3673 5491 cum

2109 5534 2448 5602 interrogans
2495 5524 2819 5600 responsum
2862 5525 3120 5580 tulisset:
3148 5521 3242 5581 Est
3280 5525 3369 5583 hic
3403 5542 3434 5589 ε
3471 5527 3679 5583 ditione

2109 5625 2363 5697 Egypti;
2397 5624 2664 5680 accersito
2690 5620 2886 5675 nuntio
2915 5616 3126 5672 litteras
3156 5618 3224 5672 ab
3259 5618 3379 5689 ipso
3406 5629 3679 5689 acceptas,

2113 5736 2218 5776 una
2255 5736 2378 5775 cum
2416 5718 2479 5773 iis
2510 5716 2601 5778 qui
2636 5728 2821 5770 secum
2861 5710 3086 5767 aderant
3120 5708 3473 5768 Moslcminis.
3512 5710 3683 5781 perle-
