4014 6218
416 276 552 333 1103

1374 266 1741 328 EUTYCHll
1782 263 2324 324 ALEXANDRINI
2362 264 2582 324 PATR.

3536 260 3672 325 1104

418 385 516 451 git,
548 379 801 449 dixitque
841 378 908 432 iis
939 394 952 431 :
985 376 1069 432 Au
1110 392 1219 431 non
1252 377 1426 430 nostis
1454 376 1634 431 vicum
1673 375 1820 427 hunc
1853 388 1883 426 e
1907 372 1989 427 di-
2018 377 2058 431 Α
2089 373 2225 427 dixit
2259 373 2393 443 ipsis
2428 392 2443 428 :
2474 371 2729 427 Pervenit
2763 371 2828 425 ad
2864 370 3068 425 Arabes
3097 370 3389 438 auxilium,
3442 388 3678 443 cumque

415 477 563 528 tione
611 470 828 541 IEgypti
871 470 1036 526 esse?
1077 479 1132 521 et
1177 468 1633 538 respondentibus
1667 483 1680 519 :
1716 465 1854 529 lino,
1888 464 1994 516 ltn-

415 575 632 636 perator
667 565 894 633 (inquit)
942 562 1179 616 fidelium
1224 560 1409 635 jussit,
1444 558 1807 629 prtecepitque
1836 556 1998 627 300

416 668 473 711 ut
507 657 550 711 si
585 664 1007 725 assequcrcntur
1035 669 1119 707 me
1155 654 1352 707 litterae
1395 652 1569 723 ipsius
1607 651 1848 705 nondum
1886 664 1996 703 ter-

416 765 531 801 rant
562 746 938 815 Aigyptiacam
993 745 1326 815 ingressum,
1378 752 1715 807 reverterer;
1767 739 1913 810 quod
1952 740 1996 795 si

419 854 538 889 eaut
570 838 681 903 jam
735 840 1065 903 ingressum,
1111 849 1389 903 pergerem
1422 852 1436 887 :
1476 833 1683 904 pergite
1710 848 1838 900 ergo
1873 847 1995 887 cum

421 928 801 983 bettediCtione
852 925 943 980 Dei
1005 937 1057 979 et
1126 926 1331 979 auxilio
1398 925 1595 994 ipsius.
1656 924 1859 977 Ferunt
1907 924 1997 975 alii

420 1024 664 1084 Amruut,
695 1036 817 1074 cum
872 1020 923 1072 itt
971 1017 1259 1072 Palazstina
1306 1024 1473 1082 esset,
1521 1015 1815 1088 Egyptum
1873 1030 1997 1069 cum

420 1112 715 1166 comitibus
736 1110 851 1165 suis
880 1108 1183 1179 profectum
1220 1122 1341 1163 esse
1364 1122 1470 1161 non
1500 1108 1786 1175 impetrata
1816 1104 1998 1167 venia,

436 1203 836 1274 scripsisseque
884 1201 952 1257 ad
1004 1203 1181 1270 ipsum
1236 1199 1496 1256 Omarutn
1554 1199 1723 1255 Ebnol
1770 1198 1997 1252 Cbetabi

420 1313 543 1351 cum
577 1296 753 1350 adltuc
783 1296 920 1349 citra
958 1295 1216 1351 Arisltum
1250 1301 1438 1358 esset;
1478 1296 1658 1364 ipsum
1690 1307 1818 1348 vero
1849 1293 1999 1347 litte-

425 1403 510 1441 ras
543 1386 686 1456 apud
727 1400 787 1439 se
836 1394 1079 1440 retentas
1122 1400 1232 1439 non
1275 1384 1472 1454 legisse
1516 1384 1691 1440 donec
1742 1384 2000 1440 Arisltutn

426 1474 763 1546 perveniret;
818 1489 882 1527 ac
924 1460 1038 1528 tum
1087 1488 1180 1528 eas
1226 1473 1465 1543 legisse;
1514 1471 1568 1526 in
1620 1472 1820 1542 quibus
1868 1473 2004 1525 scri—

425 1578 572 1637 ptum
610 1567 710 1620 fuit
748 1582 763 1619 :
798 1567 880 1621 Ab
930 1564 1131 1620 Otnaro
1170 1563 1337 1619 Ebnol
1377 1563 1613 1619 Chelabi
1665 1564 1730 1618 ad
1772 1563 2000 1617 Amrum

428 1661 594 1715 libnol
630 1660 746 1714 Asi.
792 1658 887 1713 llis
917 1658 1260 1730 praemissis:
1305 1656 1589 1712 Profectus
1632 1671 1692 1711 es
1745 1667 1799 1711 tu
1838 1656 2001 1727 IEgy-

2103 467 2241 519 baud
2282 467 2455 519 simus
2484 466 2553 519 iis
2583 464 2987 534 oppugnandis,
3040 465 3221 518 securi
3253 480 3376 519 esse
3408 482 3515 520 non
3550 486 3679 537 pos-

2102 572 2315 620 sumus,
2343 571 2409 610 ne
2435 571 2618 609 arcem
2640 555 2925 624 capientes
2948 570 3049 610 nos
3080 556 3384 621 trucident;
3419 563 3629 626 quocin
3651 576 3681 613 a

2107 649 2404 704 obstructis
2439 649 2585 704 arcis
2635 650 2830 718 portis,
2880 664 3061 719 pugna
3110 648 3261 717 ipsos
3295 648 3631 705 lacessatnus
3668 668 3681 713 ;

2103 751 2270 810 atque
2306 757 2372 796 ex
2399 755 2527 797 arce
2581 740 2635 794 in
2672 741 2907 796 insulam
2948 742 3154 810 egressi
3184 740 3257 796 ibi
3290 741 3681 809 subsistamus,

2104 833 2267 888 fluvio
2303 848 2401 887 nos
2434 834 2767 888 munientes.
2802 833 3023 903 Egressi
3053 848 3185 903 ergo
3218 833 3391 889 Graeci
3423 851 3529 889 una
3557 853 3679 891 cum

2104 926 2437 980 bleltaukaso
2486 938 2545 980 et
2598 936 2743 983 cmtu
2827 928 3130 994 primorum
3179 928 3559 996 Cophtitarum
3615 946 3683 983 ex

2102 1030 2256 1088 porta
2293 1022 2516 1075 australi
2542 1060 2556 1085 ,
2583 1021 2884 1076 comitante
2915 1020 3201 1074 hominum
3240 1022 3404 1077 turba
3432 1023 3523 1090 qui
3554 1038 3680 1078 cum

2104 1112 2376 1167 Arabibus
2414 1120 2736 1182 pugnarent,
2757 1114 3073 1169 conscensis
3108 1114 3343 1168 navibus
3365 1114 3417 1168 in
3445 1116 3681 1170 insulam

2106 1215 2370 1261 venerunt
2399 1220 2464 1259 eo
2496 1206 2617 1261 loco
2653 1205 2744 1259 ubi
2788 1214 2874 1260 est
2908 1205 3068 1261 hodie
3105 1204 3511 1271 Exclusorium,
3547 1222 3677 1277 pon-

2104 1306 2324 1367 temque
2378 1298 2855 1353 resciderunt:eo
2898 1310 3078 1359 autem
3139 1308 3383 1367 tempore
3419 1298 3524 1354 fuit
3573 1316 3683 1369 quo

2106 1390 2314 1444 auctior
2346 1389 2460 1443 ﬂuit
2488 1388 2666 1444 Nilus.
2686 1390 2822 1443 Tum
2846 1388 3139 1443 Mttkaukas
3169 1390 3235 1443 ad
3258 1390 3485 1444 Amrum
3513 1391 3681 1446 Ebnol

2106 1481 2223 1546 Asi,
2254 1496 2319 1536 ac
2352 1482 2526 1551 ipsius
2563 1483 2794 1539 comites
2825 1484 3048 1538 mittens
3082 1500 3098 1539 :
3152 1481 3263 1538 Vos
3296 1483 3518 1553 (inquit)
3548 1499 3680 1552 gens

2105 1574 2242 1629 estis
2260 1574 2352 1644 qui
2386 1576 2933 1645 regionemxnostram
2961 1576 3220 1644 ingressi,
3253 1591 3433 1647 pugna
3460 1592 3556 1631 nos
3585 1592 3681 1631 ur-

2106 1664 2260 1719 sistis
2284 1664 2487 1734 diuque
2509 1667 2561 1719 in
2597 1673 2743 1722 terra
2768 1677 2958 1722 nostra
2984 1667 3333 1723 substitistis.
3352 1667 3473 1724 Jam
3500 1679 3680 1723 autem

426 1764 574 1825 ptum
608 1770 731 1809 cum
780 1754 849 1808 iis
888 1753 977 1823 qui
1002 1762 1186 1808 tecum
1233 1760 1359 1805 sunt
1392 1769 1407 1805 :
1440 1753 1494 1805 in
1530 1767 1637 1821 qua
1687 1767 1880 1818 magna
1921 1762 2005 1806 est
2042 1746 2081 1799 Β
2115 1756 2286 1808 cinxit
2314 1768 2413 1808 vos
2446 1754 2601 1810 Nilus
2644 1756 2771 1820 iste,
2818 1755 3057 1825 factique
3092 1757 3228 1812 estis
3281 1759 3531 1827 protinus
3557 1773 3683 1827 cap-

423 1866 453 1904 e
501 1846 869 1900 Romanorum
912 1846 1084 1914 copiis
1133 1844 1445 1907 multitudo,
1504 1859 1633 1898 cum
1676 1852 1854 1897 tecum
1905 1843 2002 1896 ho-

427 1940 601 1993 mines
632 1939 741 1990 sint
786 1951 1018 1989 numero
1063 1935 1242 2005 pauci.
1283 1933 1337 1989 Si
1386 1950 1515 2005 ergo
1565 1935 1804 1988 nondum
1836 1933 2005 2003 Αἰαν-

427 2039 573 2098 ptuut
601 2028 868 2096 attigeris,
911 2024 997 2079 fac
1029 2026 1246 2080 redeas.
1293 2026 1502 2079 Dixisse
1533 2041 1662 2096 ergo
1703 2026 1953 2079 Otnarum
1987 2044 1999 2079 :

426 2122 687 2183 Qua-nam
743 2127 827 2175 est
885 2118 1002 2171 haec
1051 2116 1237 2171 terra?
1283 2117 1532 2187 Cumque
1564 2117 1999 2186 responderent:

424 2209 691 2281 Egyptus
730 2228 745 2264 :
795 2208 1099 2279 profectum
1138 2208 1468 2278 porrexisse.
1511 2208 1615 2262 Alii
1651 2216 1832 2262 autem
1875 2208 2004 2260 Atu-

430 2318 546 2357 rutu
577 2318 697 2356 cum
725 2301 968 2355 exercitu
1001 2316 1102 2354 suo
1123 2299 1279 2368 juxta
1318 2298 1626 2356 Caesaream
1659 2300 1852 2363 fuisse,
1897 2314 2002 2352 una

425 2409 544 2449 cum
572 2392 784 2447 caeteris
822 2406 942 2462 qua:
976 2390 1053 2446 ibi
1086 2400 1271 2445 essent
1301 2390 1476 2459 copiis
1511 2390 1682 2460 ipsam
1718 2388 2006 2445 obsidione

425 2488 733 2555 cittgentes;
799 2494 964 2554 atque
1021 2480 1285 2538 Otnarum
1344 2479 1520 2535 Ebnol
1577 2480 1849 2544 Cbetabi,
1912 2482 2005 2552 qui

424 2578 593 2633 labiae
630 2587 747 2631 tum
801 2575 922 2641 fuit,
974 2574 1117 2629 clam
1152 2572 1220 2627 ad
1275 2572 1453 2642 ipsum
1504 2570 1717 2626 litteras
1766 2571 2009 2627 misisse.

428 2671 610 2740 ipsum
652 2682 782 2734 ergo
829 2665 1123 2736 Egyptum
1174 2660 1542 2725 contendisse,
1597 2676 1733 2716 eove
1778 2661 2004 2735 jubente

428 2763 657 2817 comites
698 2763 872 2831 ipsius
922 2761 1199 2831 profectos
1232 2772 1355 2813 esse
1400 2756 1578 2811 instar
1618 2770 1810 2810 eorum
1855 2756 1946 2826 qui
1979 2771 2009 2809 a

430 2857 546 2910 loco
595 2854 659 2908 ad
716 2855 895 2908 locum
944 2850 1313 2922 propinquum
1366 2848 1830 2918 proficiscuntur,
1886 2846 2009 2900 dein

429 2954 592 2998 noctu
647 2942 751 2996 iter
797 2940 1015 2996 fecisse.
1060 2940 1307 3008 Cumque
1343 2937 1457 3006 jam
1514 2936 1729 3005 longius
1783 2934 2009 3005 profet-ti

427 3043 632 3098 essent,
667 3047 805 3101 aegre
836 3031 1026 3085 tulisse
1054 3028 1347 3100 praefectos
1375 3029 1657 3083 exercitus
1692 3028 1825 3081 illud
1864 3027 2009 3097 quod

2111 1842 2227 1895 tivi.
2255 1840 2452 1897 llittite
2481 1857 2612 1912 ergo
2640 1843 2708 1898 ad
2739 1857 2842 1898 nos
2888 1842 3113 1899 nomine
3164 1852 3349 1899 vestro
3383 1845 3617 1916 aliquem
3653 1862 3683 1901 a

2110 1945 2219 1998 quo
2269 1931 2397 1998 quid
2452 1931 2648 1986 dicatis
2703 1932 3025 1997 audiamus;
3067 1932 3252 1989 forsan
3314 1950 3387 1990 eo
3442 1936 3686 1992 recident

2111 2024 2254 2076 inter
2287 2039 2386 2078 nos
2419 2035 2471 2078 ct
2519 2040 2618 2078 vos
2668 2041 2756 2080 res
2796 2042 2906 2095 quo
2948 2028 3165 2095 utrique
3202 2028 3469 2093 velimus;
3522 2040 3686 2099 atque

2113 2114 2201 2168 iSti
2229 2115 2371 2169 inter
2410 2131 2509 2169 nos
2550 2118 2843 2171 certamini
2877 2116 3001 2172 linis
3036 2118 3370 2187 imponetur.
3393 2118 3526 2173 Cum
3554 2136 3688 2189 ergo

2113 2206 2176 2257 ad
2204 2206 2427 2259 Atnrum
2464 2207 2638 2261 Ebnol
2673 2208 2768 2263 Asi
2799 2213 3176 2278 pervenissent
3204 2210 3515 2265 Mokaukasi
3541 2228 3688 2267 nun-

2110 2293 2191 2359 tii,
2251 2294 2398 2348 misit
2454 2294 2542 2349 ille
2590 2310 2711 2349 cum
2768 2297 2904 2366 ipsis
2960 2299 3185 2353 Abadah
3232 2300 3404 2353 Ebnol
3459 2301 3685 2362 Sameti.

2114 2380 2255 2447 (erat
2283 2394 2463 2438 autem
2495 2384 2718 2438 Abatlah
2742 2386 2927 2459 Niger)
2952 2389 3045 2458 qui
3077 2388 3165 2442 ubi
3201 2390 3267 2443 ad
3300 2389 3689 2445 Mitkaukasum

2116 2472 2398 2542 ingressus
2420 2485 2586 2537 esset,
2636 2477 2728 2531 illo
2764 2493 2929 2548 prope
2961 2480 3064 2533 sibi
3098 2480 3290 2535 sedere
3324 2481 3520 2550 jusso:
3548 2482 3691 2548 Quid

2115 2572 2221 2630 est,
2247 2564 2445 2635 inquit,
2475 2566 2619 2636 quod
2649 2583 2678 2621 a
2713 2570 2871 2625 nobis
2904 2571 3108 2627 vultis?
3138 2574 3318 2629 indica
3349 2574 3531 2629 nobis.
3586 2574 3689 2629 Cui

2116 2656 2341 2711 Abadah
2390 2676 2405 2713 :
2452 2656 2570 2713 Non
2629 2668 2714 2715 est
2768 2662 2994 2732 (inquit)
3047 2664 3191 2720 inter
3247 2680 3349 2721 nos
3403 2680 3469 2720 ac
3504 2666 3692 2737 305-

2114 2747 2274 2817 307
2309 2762 2402 2803 vos
2426 2749 2530 2803 nisi
2569 2764 2599 2805 e
2636 2751 2811 2807 tribus
2853 2754 3016 2809 rebus
3059 2771 3189 2821 una,
3248 2772 3480 2826 quarum
3515 2773 3690 2813 utram

2118 2839 2290 2894 mavis
2316 2841 2491 2910 elige;
2545 2846 2619 2897 ita
2654 2845 2800 2898 enim
2827 2846 2960 2900 mihi
2993 2848 3046 2901 in
3079 2849 3350 2905 mandatis
3376 2851 3529 2905 dedit
3557 2852 3688 2912 dux.

2118 2938 2281 2995 atque
2308 2931 2453 2987 idem
2485 2933 2601 3004 ipse
2632 2936 2700 2991 ab
2732 2936 3066 3008 imperatore
3098 2941 3339 2995 fidelium
3373 2942 3691 2997 mandatum

2120 3024 2361 3093 accepit;
2409 3041 2622 3096 nempe,
2670 3038 2729 3083 ut
2776 3031 2861 3085 vel
2918 3030 3233 3103 religionem
3264 3043 3508 3089 nostram
3568 3037 3696 3091 isle-

430 3127 663 3187 fecisset,
707 3140 765 3179 se
806 3124 873 3178 ab
914 3123 1030 3192 ipso
1064 3121 1415 3193 301-303
1448 3122 1707 3191 deceptos
1743 3120 2010 3175 videntes.
2041 3104 2087 3166 C
2124 3115 2364 3171 tuiticam
2402 3119 2830 3189 amplectamini,
2861 3133 3026 3194 atque
3057 3125 3127 3180 ita
3162 3126 3356 3182 fratres
3380 3129 3539 3184 nobis
3568 3144 3695 3184 eva-

430 3216 614 3285 iioque
662 3214 880 3285 cognito
920 3213 985 3267 ad
1039 3215 1298 3265 Otnarutn
1340 3210 1513 3265 Ebnoi
1561 3209 1783 3266 Cbetabi
1834 3209 2011 3279 ipsum

431 3308 711 3362 detulisse.
739 3305 840 3371 Qui
881 3304 947 3358 ad
982 3305 1161 3374 ipsum
1201 3302 1425 3372 scripsit
1460 3303 1629 3354 Atnro
1685 3301 1862 3355 Ebnol
1894 3300 2011 3363 Asi.

434 3401 518 3454 ltis
562 3398 900 3469 praemissis:
954 3396 1220 3465 Det‘episti
1257 3409 1351 3448 cos
1398 3394 1489 3463 qui
1533 3402 1710 3449 tecum
1758 3400 1933 3457 sunt;
1969 3392 2013 3445 si

426 3504 556 3558 ergo
599 3489 947 3558 pervenerint
995 3487 1060 3539 ad
1111 3494 1169 3538 te
1219 3486 1661 3549 litterarnostra',
1719 3494 2013 3552 antequam

431 3581 721 3651 zEgyplum
773 3581 1053 3646 ingressus
1104 3576 1297 3638 fderis,
1343 3582 1621 3628 revertere
1666 3592 1680 3630 :
1732 3576 1816 3628 sin
1867 3584 2015 3645 post-

427 3685 588 3741 quam
625 3685 743 3722 eam
790 3670 1077 3736 ingressus
1125 3667 1296 3720 fueris
1328 3666 1394 3719 ad
1431 3676 1484 3719 te
1522 3667 1742 3735 perlatae
1788 3666 2011 3731 fuerint,

430 3776 641 3831 pergas,
676 3762 928 3827 sciasque
967 3774 1049 3810 tne
1078 3773 1233 3825 opem
1269 3757 1365 3811 tibi
1393 3759 1655 3811 laturum.

504 3852 784 3907 Profectus
831 3863 963 3916 ergo
1011 3848 1304 3901 Plntrtnaut
1359 3863 1553 3915 usque,
1617 3864 1857 3902 mensem
1915 3849 2011 3903 tibi

427 3941 693 4005 substitit,
741 3938 917 3993 donec
956 3939 1132 4008 ipsam
1165 3938 1450 3991 obsidione
1482 3939 1722 3992 cinctam
1766 3948 2008 4007 caperet.

430 4033 561 4090 Dein
596 4034 829 4087 Mesrum
866 4031 1168 4102 profectus,
1202 4030 1291 4085 ubi
1325 4030 1557 4083 Romani
1592 4045 1719 4085 arce
1748 4045 1807 4085 se
1835 4029 2013 4083 tnuni-

427 4134 637 4185 verant,
684 4138 844 4192 quant
887 4122 1049 4175 ctiam
1097 4120 1245 4174 vallo
1287 4120 1533 4188 undique
1586 4123 1893 4185 cinxerant,
1957 4120 2011 4173 in

430 4215 573 4286 quod
629 4216 815 4269 clavos
884 4212 1094 4267 ferreos
1155 4212 1538 4279 coniecerant;
1597 4224 1777 4264 arcem
1843 4212 2007 4265 istam

434 4319 640 4379 septem
692 4306 978 4362 mensibus
1026 4304 1363 4365 obsidentes,
1429 4304 1667 4371 graviter
1719 4303 1869 4373 ipsos
1912 4318 2010 4373 op-

437 4408 771 4471 pugnarunt.
826 4398 893 4450 At
947 4411 1070 4449 cum
1118 4392 1431 4448 dierrretur
1485 4393 1605 4461 ejus
1656 4395 2008 4464 expugnatio,

440 4491 663 4561 scriptis
698 4488 896 4543 litteris
929 4488 996 4541 ab
1036 4486 1236 4540 Dmaro
1266 4500 1421 4555 opem
1462 4486 1653 4554 petiit,
1699 4487 1789 4555 qui
1820 4494 1873 4540 et
1909 4486 2013 4556 ipsi

448 4586 504 4638 in
564 4583 825 4635 auxilium
870 4589 1066 4646 quater
1101 4578 1247 4632 mille
1297 4578 1446 4633 viros
1490 4580 1657 4657 misit,
1713 4587 1767 4632 ct
1817 4579 2018 4649 quibus

432 4684 583 4728 erant
636 4672 908 4727 AlZobair
947 4668 1121 4725 Ebnol
1152 4670 1360 4735 Arami,
1414 4671 1640 4725 Abadah
1693 4670 1866 4726 Ebnol
1914 4671 2016 4726 Sa-

431 4767 585 4829 meti,
647 4776 699 4819 et
757 4764 1071 4820 Mosalletna
1118 4766 1239 4819 Ebn
1298 4762 1632 4829 Mukalladi;
1684 4763 2019 4832 fueruntque

429 4859 597 4910 Amro
632 4867 792 4909 antea
826 4866 1066 4925 quatuor
1106 4857 1349 4911 virorum
1400 4854 1604 4920 millia,
1654 4852 1791 4909 adeo
1824 4855 2015 4922 utjam

426 4950 596 5002 octies
635 4950 783 5003 mille
834 4948 1135 5004 evaserint.
1187 4948 1489 5003 Praefectus
1529 4957 1712 5002 autem
1760 4947 2014 5017 vectigali

427 5040 672 5113 :Egypti,
723 5043 943 5097 nomine
998 5042 1231 5097 Heraclii
1269 5041 1641 5109 imperatoris,
1690 5038 1792 5092 fuit
1830 5039 2014 5093 Almo-

428 5134 654 5202 kaukas,
702 5136 795 5205 qui
830 5147 883 5190 et
908 5134 1158 5190 Jacobita
1193 5134 1317 5199 fuit,
1369 5133 1591 5187 Graecos
1621 5131 1749 5187 odio
1778 5132 2011 5195 habens,

428 5227 531 5281 nisi
565 5228 707 5296 quod
753 5227 1080 5281 sententiam
1130 5240 1287 5279 suam
1326 5222 1687 5279 Jacobiticam
1727 5224 1904 5293 palam
1934 5221 2013 5275 fa-

428 5334 549 5374 cere
582 5320 683 5389 ipsi
720 5319 897 5374 visum
930 5335 1037 5373 non
1068 5322 1239 5382 esset,
1273 5332 1341 5370 ne
1372 5318 1442 5371 ab
1473 5316 1607 5386 ipsis
1635 5316 2008 5372 occideretur.

432 5411 574 5473 Quin
605 5421 660 5465 et
708 5410 928 5481 Aigypti
962 5408 1205 5465 redditus
1235 5407 1541 5463 detinuerat
1569 5423 1633 5463 ex
1663 5423 1769 5477 quo
1803 5407 2014 5463 obsedit
2046 5441 2067 5455 ο

430 5499 595 5555 Cesra
625 5498 1180 5574 Constantinopolim,
1230 5501 1368 5556 adeo
1409 5508 1467 5564 ut
1500 5502 1719 5555 timeret
1750 5503 1800 5554 itt
1834 5500 2010 5554 ilera-

432 5586 518 5643 clii
547 5590 894 5659 imperatoris
934 5611 1129 5649 manus
1187 5593 1430 5648 incidere
1482 5608 1551 5646 ne
1610 5592 1785 5661 ipsum
1836 5598 2011 5647 morte

433 5679 706 5737 multaret.
762 5685 894 5741 Dolo
933 5686 1097 5758 304
1144 5687 1310 5759 igitur
1361 5701 1490 5758 erga
1527 5686 1808 5743 Romanos
1850 5668 2004 5752 usus,

2118 3206 2283 3271 datis,
2316 3209 2566 3281 idemque
2590 3230 2687 3283 pro
2716 3215 2874 3271 vobis
2903 3224 2957 3270 et
2986 3233 3085 3287 pro
3126 3220 3305 3285 nobis,
3338 3220 3478 3275 idem
3504 3230 3695 3276 contra

2119 3313 2218 3353 vos
2248 3316 2311 3355 ac
2340 3312 2528 3357 c0ntra
2562 3320 2663 3361 nos
2692 3305 2880 3372 faciat;
2910 3307 3038 3381 [hoc
3063 3309 3247 3382 pacto]
3274 3328 3301 3365 a
3331 3328 3508 3383 pugna
3537 3314 3696 3368 vobis

2118 3389 2402 3446 inferenda
2450 3394 2797 3462 desistemus,
2860 3414 3037 3469 neque
3090 3402 3352 3457 damnum
3395 3402 3544 3457 vobis
3598 3405 3691 3456 in-

2119 3480 2270 3549 ferri,
2306 3486 2387 3539 vel
2428 3496 2485 3540 ut
2509 3490 2633 3557 quis
2657 3489 2710 3544 in
2754 3506 2849 3547 vos
2885 3492 3172 3548 incursum
3208 3494 3374 3551 faciat
3408 3496 3694 3565 permitte-

2119 3587 2264 3627 mus.
2298 3571 2452 3639 Quod
2476 3578 2522 3632 si
2556 3578 2835 3646 abnuatis,
2885 3580 3155 3636 tributum
3196 3585 3373 3649 nobis,
3415 3585 3558 3653 quod
3590 3599 3693 3639 no-

2118 3657 2200 3712 bis
2248 3660 2424 3715 visum
2465 3662 2650 3732 fuerit,
2702 3669 2998 3736 quotannis
3044 3670 3296 3738 pctttlatis
3348 3684 3695 3740 perpetuum.

2117 3753 2377 3819 quamdiu
2432 3756 2647 3827 utrique
2698 3760 3039 3829 superfuturi
3093 3776 3307 3824 sumus,
3370 3773 3535 3831 atque
3591 3764 3695 3817 hoc

2118 3856 2276 3912 pacto
2310 3861 2404 3900 vos
2429 3851 2496 3901 ab
2521 3850 2777 3906 omnibus
2814 3853 2909 3921 qui
2949 3868 3044 3907 vos
3084 3855 3329 3923 aggressi
3364 3855 3693 3915 fuerittt.vel

2117 3938 2207 4003 qui
2245 3940 2391 4006 quod
2426 3940 2477 3993 in
2507 3943 2748 4011 aliquam
2788 3945 3029 4014 regionis
3087 3955 3282 4001 vestrae
3316 3955 3551 4016 partem,
3612 3949 3694 4001 vel

2117 4028 2255 4082 vitas
2285 4030 2368 4083 vel
2412 4029 2699 4088 facultates
2746 4047 2953 4091 vestras
2997 4036 3257 4091 damnum
3300 4038 3564 4101 intulerit.
3595 4040 3691 4095 de-

2119 4118 2434 4189 fendemus,
2466 4136 2629 4195 atque
2662 4128 2764 4182 hoc
2788 4129 2942 4182 vobis
2970 4131 3270 4198 priestituri
3304 4146 3517 4198 sumus,
3563 4148 3694 4186 cum

2120 4214 2173 4266 in
2211 4212 2385 4270 foedus
2417 4232 2445 4269 a
2483 4218 2643 4272 nobis
2677 4221 2882 4290 recepti
2936 4219 3172 4284 fueritis.
3217 4233 3381 4292 atquc
3431 4226 3496 4279 ad
3548 4225 3694 4279 idem

2118 4314 2274 4375 pacto
2302 4310 2465 4363 vobis.
2488 4311 2733 4367 obStricti
2764 4313 2995 4369 erimus.
3049 4312 3107 4368 Si
3140 4314 3241 4370 hoc
3272 4316 3547 4384 abnuatis,
3581 4332 3697 4372 non

2117 4410 2363 4469 superest
2399 4402 2539 4457 inter
2592 4420 2691 4459 nos
2740 4413 2793 4459 et
2837 4420 2932 4461 vos
2968 4414 3165 4476 praeter
3192 4409 3359 4477 gladii
3401 4409 3695 4479 judicium,

2123 4489 2297 4544 donec
2351 4493 2432 4544 vel
2489 4492 2553 4546 ad
2609 4509 2776 4547 unum
2832 4509 3023 4550 omnes
3065 4497 3386 4562 moriamur,
3429 4501 3511 4552 vel
3561 4498 3699 4552 illud

2122 4578 2265 4646 quod
2301 4578 2553 4633 volumus
2576 4595 3001 4651 consequamur.
3033 4583 3133 4638 Cui
3175 4584 3543 4640 Almokaukas
3581 4602 3594 4638 :
3625 4582 3701 4639 Ut

2122 4668 2437 4739 religionem
2471 4678 2709 4723 vestram
2738 4672 3158 4741 amplectamur,
3210 4674 3314 4729 hoc
3344 4690 3432 4731 res
3458 4683 3544 4731 est
3573 4692 3703 4744 quin

2122 4756 2236 4810 fieri
2270 4758 2475 4827 nequit.
2505 4756 2660 4823 Quod
2687 4760 2751 4813 ad
2800 4759 2980 4816 foedus
3012 4772 3216 4827 autem,
3256 4763 3391 4818 illud
3447 4766 3590 4831 quod
3625 4766 3700 4819 ad

2122 4864 2206 4902 me
2236 4858 2288 4902 et
2313 4851 2544 4904 comites
2581 4866 2730 4904 meos
2773 4850 3059 4921 Copbtitas
3088 4894 3103 4920 ,
3151 4868 3440 4925 acceptum
3472 4857 3641 4910 ltabeo
3678 4874 3699 4911 :

2119 4941 2423 4993 abnuerunt
2455 4949 2635 4994 autem
2668 4941 2841 4996 Grzeci
2892 4943 3083 4999 fmderi
3126 4946 3369 5001 ineundo
3403 4962 3697 5001 assensum

2121 5032 2661 5100 pra:bere,dicenles:
2683 5032 2965 5105 Nunquam
2994 5028 3097 5091 huc
3130 5038 3418 5093 faciemus.
3449 5037 3558 5093 lloc
3590 5054 3698 5091 au-

2119 5132 2225 5177 tem
2251 5123 2378 5178 fecit
2408 5126 2470 5177 Al
2493 5125 2784 5181 Mokaukas
2804 5126 2994 5184 fraude
3025 5146 3089 5185 ac
3113 5131 3259 5197 dolo,
3284 5140 3341 5186 ut
3373 5133 3447 5185 ita
3472 5132 3699 5186 Gracos

2116 5232 2178 5269 ex
2215 5233 2338 5271 arce
2361 5218 2617 5273 educeret
2644 5235 2658 5272 :
2687 5218 2851 5289 308
2899 5222 3023 5276 dein
3058 5238 3245 5291 pacem
3280 5223 3561 5292 amplexus
3584 5231 3695 5284 est,

2117 5325 2222 5376 quo
2268 5324 2400 5379 opes
2435 5325 2572 5379 quas
2620 5324 2981 5381 occupaverat
3034 5313 3136 5368 sibi
3188 5314 3370 5369 salvas
3404 5315 3696 5368 retineret.

2116 5400 2386 5458 Reversus
2418 5416 2549 5472 ergo
2580 5401 2805 5457 Abadalt
2839 5402 3011 5460 Ebnol
3050 5403 3255 5461 Sameti
3288 5408 3455 5461 Amro
3481 5398 3696 5459 indica-

2116 5496 2191 5546 vit
2227 5492 2356 5563 quid
2399 5494 2603 5548 factum
2647 5508 2813 5549 esset.
2868 5495 3002 5550 Dein
3054 5494 3493 5552 Mohammedani
3535 5504 3701 5550 certo

2112 5587 2221 5654 jam
2281 5587 2519 5641 scientes
2574 5600 2779 5654 paucos
2837 5598 3045 5641 tantum
3104 5590 3159 5643 in
3216 5604 3344 5644 arce
3372 5602 3691 5658 superesse,

2115 5678 2287 5748 ipsam
2316 5694 2493 5750 pugna
2531 5680 2773 5751 aggressi
2810 5695 2872 5738 ea
2897 5690 3045 5752 parte
3076 5696 3184 5753 qua
3220 5697 3366 5740 nunc
3407 5690 3488 5739 est
3517 5678 3695 5739 Sukol
