4014 6218
408 369 545 436 1105

1807 381 1905 438 AN
1917 380 2014 440 NA
2025 382 2178 446 LES.

3523 381 3653 444 110i)

401 483 624 538 llamam
659 482 862 555 [forum
889 483 1112 557 Balnci}
1137 485 1406 540 machinis
1441 500 1503 540 ac
1540 487 1772 543 ballistis
1805 490 1978 558 petie-
2009 508 2054 562 Α
2085 494 2228 560 quod
2273 492 2326 546 in
2386 491 2570 563 fugam
2626 492 2769 547 versi
2826 502 3170 547 recesserunt
3229 492 3403 554 Graeci
3461 511 3476 547 :
3527 495 3651 548 dein

397 585 549 630 runt.
606 573 743 630 Tum
773 575 1045 631 AlZabair
1081 577 1226 631 scala
1261 576 1416 632 lateri
1446 579 1594 633 arcis
1619 578 1866 644 admota,
1916 596 1979 636 ea

400 683 522 737 qua:
549 667 727 721 forum
761 668 906 722 istud
938 669 1158 737 respicit
1200 678 1376 740 parte,
1423 673 1692 737 ascendit,
1731 688 1836 728 non
1868 663 1982 726 ani-

399 756 874 813 madvertentibus
908 759 1040 827 ipsis
1078 758 1254 814 donec
1280 769 1550 830 occupato
1582 761 1728 816 arcis
1763 760 1980 833 fastigio

397 849 736 906 exclamaret
761 869 774 906 :
805 851 964 906 Alla-h
997 851 1196 916 Achar,
1225 867 1346 916 seu,
1374 852 1517 908 Deus
1547 855 1818 909 maximus
1843 864 1928 910 est
1961 875 1974 911 :

395 955 521 994 cum
601 944 806 997 scalam
863 944 1120 998 certatim
1172 943 1568 1000 scandentibus
1638 945 1976 1009 hominibus,

396 1031 571 1088 Graeci
599 1049 626 1088 a
657 1049 836 1104 pugna
867 1034 1226 1100 desistentes,
1292 1035 1619 1092 conscensis
1663 1035 1894 1104 navigiis
1923 1035 1976 1089 in

397 1123 635 1178 insulam
663 1122 732 1179 ad
766 1123 952 1178 socios
997 1139 1128 1182 suos
1189 1140 1249 1182 se
1304 1134 1674 1196 receperunt:
1705 1133 1872 1196 atque
1903 1125 1978 1179 ita

399 1218 859 1284 Mabommedani,
895 1236 1022 1277 arce
1050 1231 1232 1292 capta,
1279 1222 1516 1288 credere,
1561 1222 1792 1286 vincire,
1831 1221 1979 1276 diri-

397 1325 548 1380 pere.
593 1310 764 1366 Graeci
813 1311 1003 1382 igitur,
1051 1313 1170 1368 viso
1207 1313 1338 1382 quid
1382 1313 1588 1368 fecerat
1616 1310 1979 1368 AlMokaukas

399 1417 675 1472 eumque,
729 1402 867 1474 ipsis
897 1403 1091 1459 fraude
1117 1411 1340 1462 ex’arce
1395 1403 1674 1469 abductis,
1727 1403 1978 1459 eamdem

400 1492 872 1548 Mahommedanis
924 1494 1240 1557 tradidisse,
1315 1509 1381 1550 ex
1437 1504 1592 1563 parte
1642 1495 1818 1565 ipsius
1869 1509 1979 1552 me-

398 1593 619 1640 tuentes
651 1586 866 1656 navigia
899 1586 1368 1654 conscenderunt,
1405 1599 1570 1658 atque
1602 1587 1656 1641 in
1684 1586 1879 1641 Ceram
1927 1587 1980 1642 ol

397 1675 632 1731 Shoraik
684 1675 966 1748 [Shoraiki
999 1676 1180 1751 vinea]
1237 1695 1298 1735 se
1352 1678 1407 1733 in
1441 1679 1720 1734 exercitus
1759 1678 1978 1733 modum

399 1780 845 1838 composuerunt.
897 1771 1262 1828 Alllokaukas
1313 1780 1495 1827 autem
1547 1787 1672 1828 cum
1745 1772 1978 1826 Atnrum

2086 584 2331 639 SaIStann
2481 584 2698 639 obviam
2723 584 2864 640 facti
2885 582 3254 639 novemdecim
3274 584 3470 640 diebus
3491 586 3623 640 dimi
3637 617 3654 626 -

2082 683 2280 729 carunt
2305 716 2319 742 ,
2355 675 2555 732 deinde
2578 684 2634 731 et
2662 677 2728 730 ad
2763 676 3017 746 Ceryaun
3049 675 3154 730 sibi
3185 675 3420 731 invicem
3461 692 3648 731 occur-

2086 773 2272 822 rentes
2301 769 2453 837 gravi
2497 769 2682 836 prmlio
2712 771 3104 834 conﬂixerunt,
3153 767 3301 823 unde
3361 768 3415 823 in
3472 769 3653 839 fugam

2083 858 2333 913 conversi
2360 857 2535 914 Graeci
2572 859 2960 915 Alexandriam
3011 874 3074 913 se
3113 867 3458 926 receperunt,
3493 870 3654 928 atque

2085 949 2137 1002 in
2171 947 2288 1017 ipsa
2316 964 2378 1004 se
2403 949 2785 1005 muniverunt.
2835 949 2995 1006 Unde
3034 949 3290 1004 leoninos
3318 952 3534 1004 animos
3563 966 3654 1002 sn-

2084 1048 2300 1095 mcntes
2327 1040 2560 1104 Arabes,
2593 1041 3002 1097 Alexandrinos
3024 1054 3202 1110 pugna
3236 1039 3653 1103 lacessiverunt,

2086 1139 2252 1199 atque
2288 1131 2402 1186 acri
2453 1131 2754 1187 certamine
2807 1134 2954 1202 ipsos
2983 1132 3250 1202 'aggressi
3288 1139 3438 1185 sunt.
3483 1131 3655 1188 Graeci

2083 1229 2266 1277 autem
2305 1223 2546 1293 quotidie
2567 1240 2597 1280 e
2622 1226 2794 1294 portis
2833 1225 3038 1295 egressi
3064 1227 3415 1287 dimicarunt.
3440 1226 3574 1280 adeo
3599 1235 3659 1278 nt

2083 1330 2148 1370 ex
2178 1323 2413 1387 utroque
2438 1319 2686 1373 exercitu
2712 1332 2907 1388 magna
2930 1319 3206 1374 occideret
3227 1317 3536 1373 multitudo.
3563 1318 3658 1372 Die

2085 1411 2266 1458 autem
2290 1405 2524 1475 quodam
2549 1406 2753 1462 acriter
2771 1407 2908 1462 adeo
2931 1418 3204 1463 certatum
3228 1416 3331 1472 est,
3368 1418 3423 1461 ut
3450 1411 3658 1462 Arabes

2083 1503 2272 1562 aperta
2301 1509 2427 1551 arce
2477 1496 2854 1552 Alexandrina
2899 1497 3042 1551 intra
3097 1497 3274 1567 ipsam
3325 1498 3474 1566 gravi
3533 1513 3658 1552 cum

2085 1584 2220 1653 ipsis
2254 1601 2434 1657 pugna
2487 1587 2874 1655 conﬂixerint;
2906 1587 3034 1644 dein
3088 1589 3142 1643 in
3180 1589 3329 1659 ipsos
3383 1590 3658 1644 irruentes

2083 1676 2279 1742 Grmci,
2301 1681 2512 1734 caeteris
2536 1680 2729 1747 pulsis,
2752 1681 2977 1736 Amrum
3005 1681 3178 1736 Ebnol
3211 1681 3326 1746 Asi,
3352 1679 3654 1735 Musletnah

2087 1764 2258 1820 Ebnol
2318 1766 2642 1824 Mocballedi
2698 1781 2752 1826 et
2818 1771 3156 1827 Wardanutn
3214 1773 3362 1827 Aturi
3417 1786 3656 1828 servum.

399 1861 465 1916 de
513 1860 720 1918 fmdere
764 1864 907 1919 inter
950 1866 1098 1934 ipsos
1146 1865 1433 1935 pangendo
1466 1865 1719 1930 adiisset,
1752 1867 1820 1920 de
1871 1864 1978 1918 hoc
2010 1870 2051 1929 Β
2084 1871 2207 1911 eum
2255 1857 2364 1913 alio
2406 1861 2670 1928 quodam,
2719 1864 2963 1932 captivos
3011 1870 3298 1929 ceperunt,
3352 1863 3657 1918 nescientes

399 1953 543 2010 inter
583 1955 732 2026 ipsos
759 1958 1039 2022 convenit,
1074 1965 1135 2012 ut
1163 1959 1422 2013 omnibus
1453 1957 1788 2013 Mesrumum
1821 1971 1850 2010 a
1875 1973 1970 2012 su-

399 2047 596 2114 periori
629 2050 747 2118 ejus
781 2061 935 2121 parte
966 2065 1139 2120 usque
1174 2051 1242 2104 ad
1293 2050 1614 2107 inferiorem
1676 2050 1972 2105 incolenti-

396 2137 523 2204 bus,
555 2137 972 2208 imponerentur
1002 2141 1114 2196 duo
1156 2141 1306 2196 aurei
1335 2156 1364 2195 a
1419 2140 1653 2212 singulis
1699 2139 1970 2210 pendendi

397 2234 506 2280 tam
538 2228 814 2286 nobilibus
839 2246 1001 2300 quam
1026 2232 1271 2302 plebeiis,
1319 2232 1573 2288 videlicet
1605 2217 1877 2302 quotquot
1904 2231 1969 2286 ad

397 2328 612 2374 aetatem
641 2323 1050 2389 pervenissent;
1077 2332 1131 2379 at
1162 2338 1263 2379 nec
1284 2340 1316 2379 a
1351 2324 1510 2379 senio
1543 2323 1834 2389 coniectis,
1868 2338 1971 2379 nec

400 2411 588 2478 pueris
645 2413 1060 2470 minorennibus
1115 2416 1208 2482 qui
1271 2430 1446 2470 annos
1501 2417 1806 2485 pubertatis
1863 2432 1972 2472 non

400 2501 730 2569 attigissent,
766 2505 1122 2576 309-311
1166 2521 1266 2561 nec
1299 2521 1328 2559 a
1359 2506 1686 2561 mulieribus
1734 2509 1975 2575 postula-

399 2603 550 2646 retur
576 2594 902 2664 quidquam.
943 2597 1241 2654 Numerum
1301 2598 1464 2652 etiam
1503 2598 1750 2653 inierunt
1778 2615 1968 2656 eorum

400 2701 430 2740 e
455 2685 724 2755 Cophtitis
756 2690 1081 2758 praesertim,
1105 2692 1196 2761 qui
1229 2691 1435 2745 tributo
1454 2692 1737 2760 pendendo
1757 2692 1975 2750 obnoxii

397 2791 618 2846 essmtt;
677 2780 1010 2852 fueruntque
1057 2784 1149 2853 qui
1188 2784 1458 2839 numerati
1504 2791 1655 2848 sunt,
1716 2784 1966 2840 homines

398 2873 579 2928 sexies
635 2873 836 2930 millies
897 2876 1068 2941 mille,
1126 2891 1361 2945 quorum
1417 2891 1615 2932 census
1660 2876 1959 2934 duodecies

399 2965 598 3020 millies
633 2982 931 3023 aureorum
961 2969 1168 3033 millia;
1197 2970 1354 3024 binos
1390 2978 1571 3025 autem
1627 2985 1823 3025 aureos
1854 2971 1976 3028 istis

398 3055 682 3124 imposuit,
752 3074 853 3129 pro
899 3059 1012 3116 illis
1064 3061 1472 3118 immunitatem
1533 3062 1666 3128 ipsis
1703 3062 1978 3132 pollicitus

397 3147 503 3203 ﬁde
538 3150 712 3204 ﬁrma.

2078 1950 2300 2003 interim
2327 1951 2551 2019 quinam
2581 1963 2789 2009 essent.
2820 1953 3032 2020 Quibus
3058 1952 3330 2010 Patricius
3355 1971 3368 2008 :
3401 1952 3547 2014 Jam,
3573 1954 3656 2007 in-

2075 2041 2218 2110 quit,
2275 2043 2332 2096 in
2391 2045 2648 2101 manibus
2703 2046 2912 2101 nostris
2946 2047 3146 2116 captivi
3205 2046 3373 2112 estis;
3423 2045 3654 2100 indicate

2075 2133 2236 2190 nobis
2269 2135 2402 2205 quid
2435 2147 2520 2190 est
2549 2137 2692 2207 quod
2738 2152 2767 2192 a
2815 2139 2974 2194 nobis
3003 2138 3204 2194 velitis.
3255 2137 3354 2194 Cui
3404 2137 3610 2192 Amrus
3639 2157 3652 2191 :

2075 2225 2427 2298 313'315
2461 2227 2595 2295 Hoc,
2629 2230 2730 2292 vel,
2766 2237 2828 2284 ut
2853 2229 3164 2297 religionem
3185 2237 3423 2283 nostram
3455 2229 3651 2299 ample.

2076 2318 2323 2384 etamiui,
2360 2319 2442 2375 vel
2479 2322 2636 2376 nobis
2689 2321 2948 2376 tributum
3003 2323 3288 2391 pendetis;
3345 2323 3483 2378 alias
3509 2338 3652 2377 nuu-

2077 2423 2239 2478 quam
2288 2426 2384 2467 vos
2413 2427 2728 2484 oppugnare
2761 2415 3104 2476 desistemus,
3143 2415 3314 2469 donec
3355 2417 3441 2471 vel
3496 2430 3599 2470 nos
3627 2429 3655 2469 e

2079 2501 2259 2555 medio
2316 2502 2546 2568 tollatis,
2608 2505 2691 2560 vel
2746 2507 2847 2574 ipsi
2899 2508 3118 2577 penitus
3169 2507 3461 2562 tollamini.
3514 2508 3652 2563 Diin

2078 2604 2210 2658 ergo
2266 2607 2296 2646 e
2343 2592 2544 2650 Graecis
2600 2595 2820 2665 quidam
2869 2597 3148 2652 Patricio:
3200 2597 3461 2666 Suspicor
3515 2599 3656 2653 hunc

2081 2683 2265 2752 populi
2299 2685 2685 2754 imperatorem
2721 2703 2864 2753 esse,
2899 2689 3098 2744 collum
3150 2705 3279 2760 ergo
3313 2691 3416 2759 ipsi
3469 2692 3658 2761 princi-

2080 2773 2224 2840 das;
2262 2775 2428 2830 Amro
2457 2776 2668 2832 scilicet
2707 2778 2882 2833 Ebnol
2931 2779 3048 2836 Asi.
3084 2779 3399 2836 Wartlanus
3448 2789 3654 2845 autem,

2081 2865 2209 2932 quid
2267 2867 2474 2922 diceret
2528 2869 2940 2936 animadverso,
2991 2885 3117 2924 cum
3173 2887 3348 2941 grtece
3417 2872 3658 2934 calleret,

2083 2956 2186 3023 ipsi
2226 2957 2275 3010 vi
2315 2966 2548 3014 attracto
2594 2960 2887 3030 colaphum
2954 2961 3177 3028 inflixit,
3229 2962 3462 3020 dicens:
3517 2963 3657 3031 Quid

2084 3045 2180 3102 tibi
2213 3055 2271 3102 ut
2310 3048 2427 3104 hazc
2468 3050 2712 3121 loquaris
2742 3052 2887 3110 inter
2920 3054 3220 3125 principes,
3271 3071 3403 3111 cum—
3445 3072 3553 3112 non
3586 3057 3659 3112 sit

2085 3137 2141 3192 in
2170 3140 2416 3195 exercitu
2466 3142 2558 3211 qui
2606 3151 2660 3198 te
2692 3142 2921 3200 inferior
2973 3147 3068 3213 sit,
3120 3145 3202 3199 vel
3236 3147 3447 3212 minor;
3491 3149 3654 3202 alium

466 3241 604 3296 Tum
633 3242 698 3297 ad
723 3243 947 3298 Amrum
971 3244 1143 3300 Ebnol
1170 3245 1261 3301 Asi
1289 3245 1554 3302 accedens
1569 3246 1967 3304 AlMokaukas:
2005 3223 2046 3279 η
2080 3233 2226 3302 loqui
2265 3235 2418 3301 sine;
2445 3243 2503 3290 ιυ
2525 3251 2636 3307 prae
2667 3238 2870 3294 vilitate
2904 3247 2996 3293 tua
3019 3247 3074 3296 te
3099 3241 3317 3297 cohibe.
3348 3239 3494 3296 Dixit
3526 3255 3657 3312 ergo

395 3332 537 3387 Nihil
577 3333 796 3405 (inquit)
838 3336 971 3391 mihi
1027 3346 1110 3391 est
1168 3352 1294 3391 cum
1359 3337 1588 3401 Graecis,
1655 3353 1831 3407 neque
1876 3328 2011 3425 (εει-ξἱ

395 3426 518 3480 dem
549 3426 682 3480 mihi
711 3442 833 3481 cum
863 3427 971 3483 illis
1005 3427 1218 3499 religio,
1267 3442 1443 3496 neque
1487 3430 1798 3486 communis
1846 3445 1972 3486 sen-

397 3517 592 3570 tentia.
622 3517 820 3571 Verum
855 3526 1004 3572 metu
1045 3533 1116 3573 ne
1181 3518 1250 3574 ab
1307 3519 1444 3589 ipsis
1483 3529 1656 3576 morte
1684 3521 1970 3587 multarer,

398 3607 720 3678 religionem
751 3615 808 3664 et
838 3623 1016 3662 meam
1048 3609 1114 3663 de
1145 3609 1389 3678 ipsorum
1441 3611 1704 3679 opinione
1749 3621 1972 3668 senten-

400 3700 528 3754 tiam
563 3699 758 3764 celavi,
793 3714 859 3755 ac
889 3699 1027 3754 clam
1059 3699 1244 3754 habui.
1280 3702 1410 3755 Peto
1438 3695 1620 3756 a‘utem
1651 3717 1680 3756 a
1707 3711 1759 3757 te
1783 3712 1842 3757 ut
1872 3706 1971 3759 tria

399 3793 532 3847 mihi
566 3793 844 3864 postulata
877 3792 1174 3848 concedas.
1212 3792 1471 3858 Quanam
1503 3793 1703 3863 (inquit
1751 3795 1970 3861 Amrus)

398 3893 526 3937 sunt
555 3883 700 3938 ista?
733 3881 1037 3952 Respondit
1069 3900 1083 3937 :
1114 3882 1194 3938 Ne
1220 3897 1306 3938 me
1337 3899 1369 3938 a
1426 3883 1662 3952 Coptitis
1711 3899 1970 3954 separes:

396 3975 490 4030 sed
519 3975 671 4030 mein
690 3991 878 4030 eorum
906 3991 1134 4032 numero
1158 3975 1380 4040 habeas,
1401 3976 1654 4045 idemque
1672 3977 1801 4032 mihi
1828 3978 1971 4046 quod

397 4066 505 4120 illis
553 4066 825 4135 imponas,
857 4065 1131 4136 siquidem
1186 4080 1312 4120 cum
1348 4067 1485 4136 ipsis
1542 4082 1752 4131 assero,
1805 4077 1970 4138 atque

399 4158 507 4212 illis
541 4157 594 4213 in
622 4159 707 4219 iis,
735 4171 857 4228 qua:
882 4157 949 4212 ad
977 4172 1064 4212 me
1093 4164 1364 4226 spectant,
1383 4156 1542 4210 fidem
1569 4156 1766 4212 habeo.
1799 4155 1970 4213 Porro

398 4250 625 4319 Coptitaa
659 4251 838 4306 fmdus
869 4250 1018 4320 quod
1071 4265 1196 4304 cum
1231 4249 1367 4318 ipsis
1401 4248 1572 4304 iniisti
1608 4264 1673 4303 ac
1720 4249 1969 4320 pepigisti

398 4341 740 4395 obscrvaturi
783 4351 932 4396 sunt.
979 4340 1323 4404 Secundum,
1359 4348 1418 4394 ut
1473 4339 1522 4395 si
1557 4340 1788 4411 posthac
1831 4355 1860 4393 a
1919 4349 1973 4396 te

401 4434 656 4503 petierint
715 4432 913 4496 Graeci,
980 4440 1201 4487 tit-cum
1261 4432 1372 4488 illis
1421 4447 1609 4501 pacem
1644 4430 1842 4498 facias,
1900 4447 1973 4487 ne

398 4525 530 4578 illud
561 4524 732 4578 facins
765 4523 942 4579 donec
977 4523 1125 4593 ipsos
1153 4521 1562 4593 disperdidcris,
1582 4523 1708 4578 etin
1739 4521 1973 4578 servitu—

401 4627 506 4671 tem
545 4618 816 4688 redegeris
846 4634 858 4670 :
893 4617 1160 4686 siquidem
1192 4616 1296 4671 hoc
1320 4617 1469 4686 digni
1519 4625 1668 4671 sunt.
1695 4616 1964 4680 Tertium,

399 4715 458 4760 ut
511 4707 558 4760 si
628 4708 854 4772 moriar,
883 4705 1074 4775 jubeas
1131 4705 1280 4775 ipsos
1333 4721 1420 4760 me
1473 4706 1525 4759 iu
1591 4707 1823 4760 ecclesia
1871 4707 1970 4763 Abi

397 4796 631 4852 Joannis
660 4795 1007 4851 Alexandriae.
1038 4797 1295 4865 sepelire.
1329 4797 1506 4866 Atque
1556 4796 1670 4850 haec
1700 4799 1974 4853 concessit

398 4893 447 4945 ei
482 4891 681 4944 Amrus
712 4894 816 4944 hoc
850 4900 1037 4959 pacto,
1069 4897 1127 4941 ut
1160 4889 1212 4942 in
1265 4903 1326 4942 se
1380 4887 1728 4958 susciperent
1777 4899 1986 4958 pontes-

397 4981 539 5036 duos
567 4980 910 5046 reﬁciendos,
969 4995 1033 5034 ac
1092 4979 1400 5034 diversoria
1454 4980 1590 5048 ipsis
1621 4989 1675 5034 et
1711 4980 1970 5050 hospitia,

398 5084 452 5127 et
482 5074 601 5127 fora
637 5087 700 5128 ac
757 5082 954 5144 pontes
1014 5073 1218 5143 ubique
1257 5072 1420 5143 31.2
1471 5075 1613 5126 inter
1652 5073 1971 5128 Phastatum

399 5178 453 5221 et
481 5167 871 5222 Alexandriam
921 5175 1178 5236 pararent
1213 5183 1228 5219 :
1263 5165 1408 5233 quod
1442 5172 1498 5219 ct
1543 5163 1814 5231 fecerunt,
1847 5182 1974 5236 pro-

399 5260 696 5314 dcuutibus
748 5259 1089 5327 Coptitarnm
1143 5258 1474 5326 primoribus
1526 5260 1593 5310 ad
1653 5258 1793 5311 viam
1867 5259 1976 5314 illis

403 5354 732 5420 parandam;
769 5359 1094 5420 pontesque,
1125 5364 1190 5404 ac
1223 5350 1338 5404 fora
1391 5356 1446 5406 et
1490 5348 1791 5404 diversoria
1840 5350 1974 5418 ipsis

401 5446 647 5500 curanda
679 5463 694 5500 :
729 5445 864 5517 quin
891 5452 945 5498 ct
977 5443 1242 5498 auxilium
1287 5444 1422 5513 ipsis
1465 5443 1707 5497 tulerunt
1738 5443 1974 5514 Coptita:

403 5554 740 5609 quacunque
796 5539 853 5594 in
913 5554 974 5594 re
1039 5540 1333 5591 voluerunt
1390 5536 1454 5589 ad
1519 5535 1753 5604 Graecos.
1804 5551 1976 5607 oppu-

403 5631 675 5700 gnandos.
737 5631 1026 5686 Profectus
1086 5638 1172 5685 est
1231 5644 1362 5699 ergo
1419 5643 1545 5682 cum
1601 5628 1716 5682 suis
1774 5631 1972 5682 Aturus

404 5725 578 5779 donec
608 5724 814 5781 Graecis
843 5723 1110 5780 universis
1132 5723 1187 5777 in
1217 5723 1447 5778 Ceramo
1510 5720 1744 5774 Shoraih
1776 5735 1972 5776 occur-

388 5825 550 5899 _reret
583 5819 728 5894 :qubi
766 5834 858 5884 per
884 5817 1125 5875 triduum
1180 5832 1356 5891 pugna
1408 5817 1794 5877 decertatum;
1851 5824 1974 5888 post

2081 3322 2224 3391 apud
2254 3338 2314 3379 se
2345 3323 2651 3383 Patricius:
2684 3327 2740 3384 Si
2773 3339 2919 3385 esset
2941 3329 3032 3386 ille
3055 3333 3357 3401 imperator
3383 3331 3655 3402 ipsorum,

2081 3415 2202 3470 fieri
2235 3431 2345 3472 non
2383 3428 2568 3488 posset
2597 3430 2658 3475 ut
2697 3420 2787 3476 hic
2820 3421 3000 3492 ipsum
3032 3424 3138 3478 hoc
3187 3425 3352 3482 modo
3390 3425 3654 3492 traheret,

2081 3521 2144 3561 ac
2178 3507 2432 3579 colaphis
2463 3511 2720 3568 caederet.
2751 3511 2900 3568 Dixit
2927 3513 3228 3572 Muslemah
3259 3515 3375 3573 Ebn
3409 3517 3658 3574 Mocbal-

2077 3599 2226 3655 ledi:
2269 3600 2328 3655 In
2379 3603 2562 3658 animo
2605 3604 2794 3660 habuit
2846 3609 3144 3676 imperator
3199 3616 3387 3664 noster
3438 3627 3469 3664 a
3499 3610 3673 3666 vobis

2077 3695 2458 3763 Oppugnandis
2488 3697 2769 3766 recedere,
2831 3707 2995 3770 atque
3025 3701 3172 3756 hunc
3207 3701 3260 3756 in
3317 3703 3478 3759 tinem
3513 3704 3657 3758 scti-

2075 3784 2184 3853 psit
2231 3784 2298 3839 ad
2355 3786 2532 3856 ipsum
2589 3788 2890 3857 imperator
2945 3789 3206 3857 fidelium,
3261 3791 3429 3848 Omar
3484 3795 3666 3848 Ebnol-

2076 3875 2341 3939 Chetabi;
2381 3876 2548 3946 idque
2580 3881 2726 3948 quod
2757 3891 3026 3936 statuerat
3057 3884 3244 3939 decem
3278 3900 3308 3939 e
3338 3887 3454 3941 suis
3485 3888 3654 3942 dutcs

2075 3966 2142 4020 ad
2173 3981 2269 4020 vos
2323 3967 2563 4034 mittere,
2621 3983 2652 4024 e
2700 3971 2994 4040 praecipuis
3055 3974 3267 4029 scilicet
3313 3992 3503 4030 eorum
3562 3984 3651 4046 qui

2076 4058 2314 4114 consilio
2356 4061 2644 4129 pollerent,
2697 4077 2806 4132 quo
2840 4063 2984 4118 inter
3015 4079 3116 4119 vos
3145 4075 3200 4118 et
3253 4066 3401 4134 ipsos
3451 4084 3654 4124 conveo

2076 4148 2218 4202 niret
2252 4148 2320 4204 de
2352 4165 2412 4205 re
2440 4151 2649 4221 aliqua,
2672 4165 2792 4222 quae
2825 4153 3073 4223 utrisque
3100 4161 3255 4224 grata
3295 4165 3464 4220 esset,
3495 4159 3656 4214 adeo—

2077 4256 2181 4309 que
2211 4256 2240 4294 a
2269 4243 2424 4297 vobis
2448 4254 2873 4301 reverteremur.
2907 4244 2966 4301 Si
2995 4261 3128 4318 ergo
3178 4246 3282 4303 hoc
3315 4249 3473 4304 vobis
3517 4253 3654 4305 arri-

2075 4331 2224 4399 deat,
2272 4333 2534 4392 dimittite
2567 4351 2669 4393 nos
2705 4352 2816 4406 quo
2847 4341 2914 4394 ad
2966 4339 3350 4410 imperatorem
3401 4352 3648 4398 nostrum

2087 4431 2416 4488 accedentes
2451 4435 2742 4491 certiorem
2777 4437 2959 4506 ipsum
3013 4436 3281 4494 faciamus
3310 4432 3518 4510 quanta
3551 4457 3670 4496 nos

2006 4559 2050 4615 Β
2078 4538 2203 4578 cum
2268 4523 2614 4582 humanitate
2665 4530 3066 4596 tractaveritis,
3116 4536 3407 4602 mittetque
3443 4533 3510 4586 ad
3556 4548 3653 4588 vos

2080 4616 2268 4673 decem
2300 4618 2492 4682 duces,
2524 4626 2690 4688 atque
2721 4622 2798 4676 ita
2829 4623 3138 4693 composito
3164 4623 3308 4679 inter
3340 4639 3438 4678 nos
3473 4633 3527 4680 et
3558 4641 3674 4680 vos-

2083 4709 2326 4779 negotio,
2358 4710 2525 4782 316
2548 4726 2615 4767 eo
2649 4711 2811 4768 modo
2840 4713 2934 4783 qui
2985 4715 3238 4784 utrisque
3267 4724 3458 4786 gratus
3494 4717 3585 4781 sit,
3623 4733 3652 4768 a

2080 4802 2238 4857 vobis
2270 4805 2616 4860 recedamus.
2646 4803 2818 4860 Batus
2842 4803 3118 4861 Patricius
3149 4823 3339 4863 verum
3363 4823 3482 4864 esse
3507 4809 3652 4877 quod

2082 4896 2318 4957 dixerat,
2371 4896 2580 4951 dituisit
2619 4897 2796 4966 ipsos,
2828 4913 3056 4967 sperans
3105 4913 3428 4956 accessuros
3486 4900 3655 4953 duces

2079 4987 2266 5042 decem
2300 5003 2441 5056 quos
2470 4988 2724 5044 occidere
2781 4997 2986 5058 posset,
3035 4999 3200 5061 atque
3254 4992 3326 5046 ita
3357 4989 3567 5043 Arabes
3599 4990 3652 5042 in

2081 5087 2402 5146 potestatem
2455 5094 2614 5134 suam
2645 5079 2935 5151 redigere:
2972 5080 3123 5136 abire
3153 5097 3284 5150 ergo
3340 5081 3487 5147 ipsos
3532 5094 3654 5148 pcr-

2081 5170 2253 5224 tuisit.
2290 5171 2371 5224 Illi
2407 5187 2534 5225 vero
2569 5172 2657 5228 ubi
2692 5173 2902 5241 egressi
2936 5180 3144 5236 essent,
3182 5171 3319 5226 dixit
3348 5169 3651 5224 Moslemab

2080 5261 2249 5314 Amro
2279 5259 2440 5314 Ebnil
2478 5261 2571 5316 Asi
2600 5279 2613 5315 :
2671 5261 2816 5318 lleus
2851 5263 3016 5318 Ature
3053 5264 3066 5316 ι
3101 5261 3355 5316 liberavit
3405 5269 3459 5314 te
3491 5261 3651 5313 War-

2081 5351 2206 5406 dani
2269 5350 2558 5421 colaphus.
2630 5353 2761 5409 Dein
2825 5352 2992 5408 Deum
3058 5350 3353 5404 maximum
3412 5349 3653 5404 celebra-

2079 5452 2225 5500 runt.

2149 5539 2362 5593 Noruut
2395 5553 2525 5608 ergo
2562 5538 2791 5593 Romani
2823 5539 3050 5592 Atnrum
3082 5533 3251 5588 fuisse
3279 5533 3368 5601 qni
3405 5533 3649 5603 captivus

2081 5629 2263 5685 fuerat
2293 5647 2306 5683 :
2343 5632 2705 5701 pmuitnitquc
2738 5630 2862 5684 illos
2895 5628 3044 5696 quod
3081 5629 3259 5698 ipsutn
3293 5626 3650 5682 dimisisseut.

2079 5722 2219 5777 'l'um
2254 5725 2642 5778 accedentibus
2695 5722 2830 5790 ipsis
2863 5737 2925 5776 ac
2956 5721 3234 5774 Romanos
3264 5718 3504 5773 clamore
3527 5731 3651 5770 evo»

2092 5816 2346 5872 cantibus
2385 5815 2532 5876 cravi
2584 5815 2886 5872 certamine
2917 5821 3213 5873 uuanatum
3244 5819 3360 5870 est:
3419 5805 3649 5864 Romani
