4014 6218
424 375 560 441 1107

1398 384 1764 445 EUTYCIIII
1810 380 2346 451 ALEXANDRINI
2388 393 2611 455 PATR.

3536 392 3673 457 νος

419 500 603 546 autem
658 492 714 547 in
749 492 926 562 fugam
977 496 1251 561 conversi,
1304 496 1395 552 alii
1457 498 1523 553 ad
1580 514 1732 555 mare
1762 515 1821 555 se
1854 500 2067 559 τεεί-Δ
2099 502 2244 558 mina
2295 503 2559 561 Phttstalo
2611 505 2937 560 Kolzamum
2988 496 3330 566 deferebant,
3380 517 3501 571 qua:
3543 503 3669 557 dein

418 588 635 657 pientes
699 590 915 658 navigia
967 592 1436 658 conscenderunt,
1484 594 1574 649 alii
1633 611 1731 666 per
1786 605 1986 651 terram

420 680 693 742 abierunt,
726 694 790 734 ac
818 681 1046 751 ingressi
1083 692 1214 738 sunt
1240 684 1541 740 Moslemini
1574 686 1987 750 Alexandriam,

418 776 708 838 postquam
741 769 795 824 in
846 772 1017 840 ipsius
1045 772 1335 829 obsidione
1389 791 1601 830 menses
1652 778 1990 846 quatuorde-

416 863 523 914 cim
559 861 1006 931 insumpsissent.
1057 864 1339 935 Captaque
1364 868 1473 936 jam
1506 868 1643 924 urbe
1675 879 1833 938 atque
1868 870 1989 939 fuga

420 952 647 1022 dilapsis
702 954 794 1023 qui
842 970 874 1009 e
922 954 1189 1011 Romanis
1242 957 1516 1028 fugerant,
1579 963 1860 1029 prol'ectds
1908 972 1992 1015 est

416 1047 620 1101 Amrus
647 1046 821 1103 Ebnol
844 1048 937 1105 Asi
967 1064 1064 1105 eos
1090 1052 1183 1120 qui
1212 1066 1309 1121 per
1332 1060 1533 1106 terram
1566 1052 1822 1122 fugerant
1846 1069 1992 1124 qua:-

418 1141 608 1194 situm.
648 1139 729 1193 llli
761 1150 941 1195 autem
977 1157 1042 1196 ex
1099 1142 1357 1213 ipsis-qui
1410 1159 1506 1214 per
1556 1160 1704 1200 mare
1743 1144 1993 1215 fugerant

418 1231 806 1285 Alexandriam
840 1233 1065 1297 reversi,
1100 1233 1450 1289 Mosleminos
1476 1234 1570 1305 qui
1600 1235 1656 1289 in
1692 1250 1753 1289 ea
1788 1235 1990 1304 reperti

420 1332 550 1376 sunt
582 1323 926 1379 occiderunt.
967 1324 1247 1394 Cumque,
1301 1339 1367 1379 eo
1400 1325 1589 1379 audito
1617 1340 1871 1381 reversus
1904 1340 1991 1380 es-

421 1423 505 1467 set
533 1415 735 1469 Amrus
767 1417 879 1471 aeri
915 1418 1094 1485 ipsum
1140 1431 1318 1487 pugna
1363 1418 1518 1485 juxta
1553 1432 1734 1472 arcem
1760 1432 1992 1485 excepe-

420 1513 586 1572 runt;
622 1521 726 1577 qua
752 1510 821 1562 ab
866 1508 986 1576 ipso
1042 1517 1201 1578 capta
1250 1524 1470 1563 rursum
1502 1508 1569 1563 ad
1607 1523 1773 1564 naves
1800 1507 1994 1563 confu-

421 1607 618 1667 gerunt
670 1599 922 1655 Romani.
948 1598 1181 1670 Scripsit
1209 1615 1340 1674 ergo
1373 1600 1571 1656 Amrus
1607 1598 1777 1655 Ebnol
1802 1601 1891 1653 Asi
1926 1599 1993 1653 ad

421 1689 679 1744 Otnarum
726 1689 884 1746 Ebnil
917 1692 1187 1747 Chetabi:
1225 1691 1427 1748 Urbem
1479 1692 1595 1760 cepi
1629 1691 1684 1744 in
1725 1706 1833 1760 qua
1865 1691 1994 1759 quid

422 1782 631 1837 sitnon
677 1782 1009 1849 describam,
1058 1783 1165 1839 nisi
1214 1782 1361 1853 quod
1410 1782 1465 1835 in
1518 1782 1637 1850 ipsa
1694 1783 1989 1851 repererim

2102 609 2198 662 per
2250 610 2399 651 mare
2443 597 2657 652 Salsum
2717 595 2987 650 Medinam
3044 591 3452 648 deferebantur.
3516 592 3673 663 Cepit

2100 685 2262 738 etiam
2294 685 2497 742 Amrus
2562 685 2736 741 Ebnol
2795 685 2889 739 Asi
2947 683 3210 753 Tripolim
3272 683 3667 738 occidentalem

2108 788 2254 828 anno
2289 772 2463 830 ileirze
2515 776 2778 831 vicesimo
2831 775 3094 838 secundo,
3154 787 3257 828 nec
3294 788 3407 828 non
3456 773 3668 843 imperii

2102 863 2335 919 lleraclii
2363 865 2625 920 vicesimo
2653 864 2921 932 secundo,
2959 863 3255 920 chalifatus
3276 864 3462 919 Omari
3494 864 3669 919 Ebnol

2100 954 2327 1010 Chetabi
2360 956 2595 1011 decinto.
2616 957 3006 1025 Exstruxitque
3028 958 3228 1011 Amrus
3259 956 3509 1012 Phustati
3535 967 3673 1010 tem-

2103 1046 2248 1114 plum
2284 1063 2561 1117 magnum.
2598 1048 2769 1103 Porro
2804 1048 3127 1103 interfectus
3160 1057 3244 1103 est
3290 1046 3457 1104 Omar
3499 1048 3673 1102 Ebnol

2104 1137 2336 1194 Chetabi
2388 1139 2638 1204 Medinaz,
2686 1141 3048 1196 interﬁciente
3088 1141 3265 1208 ipsum
3316 1139 3434 1195 Abu
3485 1138 3674 1194 Lulua:

2102 1246 2263 1287 servo
2317 1232 2540 1303 Mogirte
2599 1234 2716 1288 Elm
2766 1231 3017 1287 Shaabaa.
3070 1232 3217 1288 Obiit
3270 1232 3360 1286 die
3385 1231 3469 1287 Dil
3503 1231 3676 1301 Iiojja

2103 1324 2370 1378 vicesimo
2425 1324 2682 1394 septimo.
2747 1338 2890 1378 anno
2942 1322 3124 1379 Heirae
3175 1323 3440 1377 vicesimo
3488 1324 3671 1386 tertio,

2108 1430 2208 1470 nec
2243 1432 2347 1471 non
2386 1415 2600 1486 imperii
2632 1398 2870 1471 Heraclii
2906 1416 3166 1471 vicesimo
3200 1417 3368 1469 tertio
3416 1429 3540 1468 cum
3574 1429 3674 1467 an-

2102 1521 2295 1561 norum
2332 1514 2477 1562 esset
2507 1509 2790 1578 sexaginta
2820 1506 3007 1572 trium,
3043 1517 3289 1575 tempore
3318 1504 3671 1575 321-323

2104 1600 2369 1654 orationis
2399 1600 2704 1655 matutinae.
2748 1597 2868 1654 1am
2896 1606 3081 1653 autem
3131 1598 3188 1652 in
3224 1598 3518 1652 consilium
3568 1612 3669 1651 vo-

2101 1692 2307 1746 candos
2336 1691 2426 1764 [de
2472 1706 2797 1747 successore
2827 1688 3102 1762 eligendo]
3140 1698 3412 1745 statuerat
3438 1683 3530 1744 sex
3562 1688 3673 1743 Mo-

2105 1783 2229 1837 ham
2282 1784 2532 1849 comites,
2555 1782 2887 1839 0thmanutu
2916 1781 3032 1836 Ebn
3061 1781 3238 1844 Affan,
3266 1781 3404 1835 Alim
3435 1780 3549 1835 Ebn
3572 1780 3673 1834 Abi

421 1873 624 1941 palatia
672 1883 865 1942 quater
899 1874 1078 1941 mille;
1116 1874 1305 1928 balnea
1330 1881 1523 1943 quater
1562 1874 1745 1938 mille;
1778 1873 1996 1928 Judaeo—
2035 1860 2073 1913 Β
2104 1874 2312 1941 Talebi,
2345 1873 2574 1929 Talbum
2607 1873 2873 1928 AlZobair
2920 1873 3091 1928 Ebnol
3140 1874 3328 1935 Aram,
3367 1870 3673 1925 Abdorrah-

422 1979 543 2017 rum
598 1965 692 2032 qui
730 1965 996 2019 tributum
1024 1966 1619 2035 solvuntquadraginta
1642 1965 1999 2036 317-319

423 2054 617 2121 millia,
667 2055 849 2109 cit-cos
888 2055 1071 2124 regios
1117 2056 1571 2125 quadringentos,
1630 2058 1856 2113 olitores
1901 2058 1995 2126 qui

423 2146 571 2199 olera
596 2145 832 2200 vendunt
855 2146 1146 2202 duodecies
1181 2148 1349 2204 mille.
1381 2149 1559 2216 ipsam
1609 2162 1737 2204 vero
1773 2149 1824 2203 vi
1851 2149 1992 2218 cepi,

425 2236 579 2289 nullo
614 2237 752 2290 inito
805 2248 988 2307 pacto.
1029 2238 1330 2293 Certiorem
1389 2240 1552 2295 etiam
1610 2240 1789 2311 ipsum
1847 2241 1995 2304 fecit,

430 2341 657 2395 poscere
692 2327 1048 2385 Mosleminos
1080 2331 1254 2401 ipsam
1305 2332 1410 2387 sibi
1466 2331 1842 2388 dividendam.
1894 2333 1994 2387 Cui

428 2418 739 2474 reseribens
771 2418 939 2475 Omar
966 2419 1159 2476 Ebnol’
1191 2422 1441 2488 Chetabi,
1494 2424 1789 2478 consilium
1823 2422 1996 2494 ipsius

427 2509 780 2579 improbavit,
821 2510 1095 2580 jussitque
1135 2527 1204 2567 ne
1238 2513 1413 2583 ipsum
1447 2514 1556 2568 illis
1604 2512 1993 2586 [spoliandum]

428 2602 766 2666 permitteret
802 2612 898 2657 aut
925 2602 1220 2669 divideret,
1252 2620 1443 2659 verum
1482 2606 1712 2677 vectigal
1745 2605 1915 2676 ipsius
1940 2606 1995 2659 in

428 2693 548 2762 ipsa
577 2693 917 2751 Mosleminis
961 2695 1317 2766 relinqueret,
1351 2713 1457 2768 quo
1490 2696 1740 2753 subsidio
1771 2697 1911 2768 ipsis
1942 2698 1995 2750 in

427 2788 807 2856 oppugnandis
861 2788 1115 2845 hostibus
1156 2799 1329 2851 esset.
1382 2790 1513 2845 Eam
1563 2805 1693 2861 ergo
1742 2804 1853 2860 quo
1883 2799 1999 2844 erat

428 2887 575 2932 statu
605 2878 949 2934 confirmavit
978 2881 1205 2946 Amrus,
1233 2882 1647 2952 numeratisque
1678 2882 1874 2938 incolis
1908 2883 2001 2935 tri-

437 2973 623 3026 butum
662 2972 794 3041 ipsis
841 2973 1121 3042 imposuit.
1160 2974 1330 3028 Porro
1361 2974 1625 3045 Aigyptus
1657 2974 1913 3029 universa
1945 2973 1999 3027 in

406 3065 613 3118 l‘tedus
647 3074 861 3135 recepta
914 3065 1039 3131 fuit,
1087 3066 1296 3123 tributo
1346 3067 1600 3123 binorum
1648 3080 1938 3121 aureorum
1969 3082 2000 3121 a

430 3157 665 3228 singulis
723 3159 1050 3227 pendendo;
1104 3175 1282 3229 neque
1338 3159 1577 3230 cuipiam
1632 3158 1865 3228 amplius
1900 3173 1999 3229 pro

432 3211 612 3321 capite
639 3266 741 3307 suo
765 3252 1084 3308 solvendum
1147 3211 1532 3324 imponebartur
1582 3211 1739 3318 (ιιἰεί-
1761 3251 1855 3307 ubi
1902 3211 2003 3305 Qa.
2034 3211 2078 3270 Ο

428 3344 693 3410 jlceretur
746 3344 979 3415 aliquid,
1025 3360 1187 3416 etque
1242 3345 1618 3415 imponeretur
1656 3344 1865 3399 ratione
1896 3352 2003 3398 ter-

434 3452 614 3490 rarum
644 3444 697 3491 et
726 3434 943 3507 frugum
970 3451 1106 3507 quas
1130 3437 1649 3507 haberet).exceptis
1666 3433 2005 3489 Alexandriae

436 3529 672 3585 incolis:
711 3529 788 3583 illi
832 3529 980 3585 enim
1029 3529 1258 3597 vectigal
1312 3545 1376 3584 ac
1410 3529 1675 3583 tributum
1730 3527 1797 3582 ad
1854 3527 2006 3580 arbi-

436 3620 601 3673 trium
636 3619 757 3688 ejus
785 3620 876 3688 qui
920 3618 1057 3688 ipsis
1096 3619 1501 3688 praeficiebatur
1534 3618 1868 3687 pendebant.
1901 3617 2006 3672 Ca-

437 3724 526 3781 pta
554 3718 640 3766 est
662 3710 939 3779 siquidem
974 3711 1307 3766 Alexandria
1338 3712 1414 3775 vi,
1449 3712 1570 3766 sine
1604 3710 1877 3780 promisso
1908 3718 2003 3763 aut

435 3807 613 3873 pactis
643 3804 949 3868 conventis,
978 3803 1131 3859 nullo
1157 3818 1282 3859 cum
1321 3806 1455 3875 ipsis
1504 3805 1643 3860 inito
1671 3804 1877 3859 findere
1910 3812 2004 3857 aut

437 3896 761 3964 sponsione.
823 3895 993 3968 Capta
1061 3906 1242 3954 autem
1290 3906 1375 3954 est
1428 3898 1517 3954 die
1575 3896 1803 3953 Veneris
1854 3910 2004 3951 men-

434 3989 512 4043 sis
564 3988 869 4043 Moharram
929 3989 1234 4055 novilunio,
1284 4005 1430 4045 anno
1501 3991 1679 4047 Heirae
1722 3990 2003 4055 vicesimo,

438 4095 540 4135 nec
572 4096 683 4136 non
733 4082 947 4152 imperii
975 4083 1209 4138 Heraclii
1263 4083 1548 4147 vicesimo,
1584 4082 1676 4152 qui
1713 4081 2007 4136 chalifatus

435 4174 621 4228 Omari
676 4173 848 4230 Ebnol
901 4174 1129 4230 Chetabi
1183 4184 1411 4231 octavus
1462 4175 1587 4229 fuit.
1639 4173 1812 4229 Porro
1862 4174 2011 4228 misit

433 4272 637 4323 Atnrus
677 4267 851 4323 Ebnol
881 4268 1001 4332 Asi,
1032 4267 1275 4323 Bokbam
1332 4268 1446 4322 Ebn
1482 4267 1688 4336 Napltei
1747 4265 2006 4320 Zawilam

437 4376 632 4431 usque,
666 4371 830 4431 atque
874 4361 947 4414 ita
984 4360 1248 4430 quidquid
1301 4360 1443 4415 inter
1477 4358 1710 4412 Barkam
1749 4366 1804 4414 et
1833 4357 2009 4411 Zawi-

436 4452 539 4505 lam
566 4460 649 4507 est
697 4466 866 4521 penes
920 4450 1232 4504 Moslemios
1285 4449 1411 4514 fuit,
1442 4464 1505 4504 ac
1566 4459 1694 4505 tunc
1743 4448 2005 4519 temporis

2106 1981 2233 2021 man
2287 1965 2404 2021 Ehn
2459 1963 2595 2031 Orﬁ,
2656 1964 2923 2019 AlZaltari
2973 1974 3029 2020 et
3064 1963 3303 2018 Saadutn
3368 1963 3487 2017 Ebn
3550 1960 3675 2015 Abil

2105 2059 2370 2116 Wakkas.
2409 2058 2597 2114 Oravit
2646 2072 2749 2128 pro
2778 2073 2844 2113 eo
2893 2056 3063 2113 Sahib
3110 2056 3384 2112 AlRumi:
3429 2055 3677 2124 sepultus

2104 2161 2190 2208 est
2221 2152 2406 2206 eadem
2431 2150 2594 2205 domo
2623 2150 2678 2203 in
2704 2163 2809 2218 qua
2837 2149 3084 2219 sepultus
3117 2147 3671 2204 fueratMabommed.

2104 2244 2409 2301 Chalifatus
2442 2243 2617 2312 ipsius
2646 2256 2915 2297 annorum
2965 2250 3084 2297 erat
3112 2240 3325 2304 decem,
3359 2244 3431 2303 {et
3486 2254 3675 2294 novem

2107 2332 2401 2387 mensium.
2451 2330 2651 2387 Novies
2686 2331 2983 2386 chalifatus
3030 2330 3114 2386 sui
3150 2341 3397 2399 tempore
3448 2345 3676 2400 peregre

2105 2424 2384 2495 religionis
2405 2437 2538 2492 ergo
2557 2422 2937 2491 peregrinatus
2961 2430 3065 2476 cst.
3087 2420 3298 2477 Fuscus
3317 2432 3457 2484 erat,
3481 2435 3675 2481 scaeva,

2038 2574 2041 2578 ,
2105 2516 2316 2579 calvus,
2346 2526 2515 2586 caput
2539 2522 2594 2570 et
2626 2515 2848 2570 barbam
2898 2514 3063 2568 hinna
3096 2513 3346 2582 tingens:
3376 2512 3677 2582 spiculata-

2108 2624 2229 2663 rum
2278 2609 2382 2679 ipsi
2411 2608 2705 2680 praefectus
2733 2606 2838 2661 fuit
2864 2604 3129 2661 Abdallait
3166 2602 3286 2659 Ebn
3316 2604 3544 2669 Abbasi,
3588 2604 3678 2673 ja-

2108 2701 2257 2755 nitor
2285 2699 2456 2755 Barka
2488 2715 2681 2754 servus
2704 2699 2899 2769 ipsius.

2388 2791 2690 2861 Chalifatus
2734 2790 2989 2846 O'Itmam'
3032 2790 3148 2845 Ebn
3195 2790 3393 2860 Aﬂ'am'.

2179 2883 2237 2939 ln
2271 2882 2594 2939 clialilatum
2641 2884 2906 2939 suffectus
2950 2892 3034 2939 est
3073 2883 3306 2937 Othman
3353 2882 3466 2936 Ebn
3501 2879 3675 2935 ΑΠ’εηί

2108 2980 2226 3035 Ebn
2260 2980 2383 3034 Abil
2405 2978 2526 3045 Asi,
2551 2978 2667 3034 Ebn
2690 2979 2941 3044 Ommiaz,
2971 2979 3088 3034 Ehn
3112 2979 3481 3035 Abdishemsi.
3508 2976 3683 3032 Mater

2110 3070 2215 3139 ipsi
2254 3068 2357 3123 fuit
2389 3068 2677 3124 Ommaiab
2708 3069 2815 3123 tilia
2842 3069 3091 3136 Cubaraa,
3119 3069 3234 3125 Ebn
3270 3067 3476 3130 Rabite,
3501 3067 3683 3121 tribus

2111 3169 2237 3229 post
2278 3158 2464 3215 Omari
2506 3160 2716 3214 obitum
2743 3159 2936 3215 diebus
2964 3160 3183 3215 fiuieute
3214 3158 3298 3214 Dil
3324 3157 3499 3226 Hojja.
3528 3157 3682 3212 Fuit-

2110 3266 2217 3320 que
2263 3250 2530 3323 [initium]
2577 3249 2869 3306 chalifatus
2915 3250 3035 3319 ejus
3087 3250 3423 3305 norilunium
3477 3250 3681 3303 mensis

2112 3342 2417 3397 Moharram
2450 3340 2579 3395 anni
2609 3339 2787 3396 Heirae
2806 3340 3071 3395 vicesimo
3092 3349 3315 3410 quarto,
3344 3339 3505 3410 idque
3532 3352 3677 3391 anno

2112 3433 2324 3503 imperii
2360 3432 2596 3487 Heraclii
2634 3432 2982 3502 imperatoris
3010 3433 3389 3488 Romanorum
3424 3429 3673 3485 vicesimo

2108 3536 2329 3597 quarto.
2361 3523 2691 3579 Chalifatum
2723 3524 2961 3579 obtinuit
2984 3527 3148 3580 annis
3174 3524 3486 3580 duodecim.
3520 3524 3679 3575 Anno

2110 3618 2409 3685 chalifatus
2440 3615 2563 3682 ejus
2604 3616 2766 3671 tertio
2797 3616 3138 3672 constitutus
3189 3626 3277 3672 est
3331 3616 3541 3670 laribus
3586 3628 3680 3682 pa-

2112 3709 2353 3763 triarcha
2384 3708 2786 3774 Antiochenus,
2820 3708 2914 3776 qui
2958 3707 3217 3763 Maronita
3254 3709 3376 3764 fuit.
3417 3706 3683 3760 Constan-

2113 3798 2343 3868 tiuopoli
2383 3805 2562 3852 autem
2599 3796 2671 3868 [ei
2696 3790 2935 3868 muneri]
2961 3798 3248 3866 praefectus
3278 3806 3381 3861 est,
3408 3795 3570 3866 325
3589 3795 3679 3847 ubi

2112 3893 2359 3965 quinque
2392 3905 2568 3946 annos
2602 3891 2872 3953 substitit,
2910 3907 3085 3962 neque
3114 3890 3458 3945 Antiochiam
3494 3904 3682 3959 perve-

2113 3986 2216 4042 nit.
2247 3984 2495 4039 Mortuus
2526 3992 2704 4038 autem
2736 3992 2819 4039 est
2856 3983 3356 4054 Constantinopoli,
3387 3985 3570 4053 ibique
3594 3999 3684 4037 se-

2114 4078 2315 4146 pultus.
2348 4077 2513 4131 Auno
2544 4076 2838 4131 chalifatus
2866 4077 3113 4146 ejusdem
3146 4077 3360 4132 decimo
3393 4078 3570 4131 factus
3600 4086 3685 4130 est

2112 4169 2386 4223 Macarius
2417 4168 2729 4240 patriarcha
2758 4169 3159 4233 Antiochenus,
3211 4170 3303 4240 qui
3332 4176 3387 4224 et
3413 4169 3685 4223 Maronita

2113 4261 2238 4315 fttit.
2295 4259 2399 4316 ilic
2445 4261 2610 4316 etiam
2643 4259 3120 4331 Constantinopoli
3155 4271 3395 4324 creatus,
3441 4275 3565 4315 cum
3606 4259 3682 4313 ibi

2111 4360 2238 4407 orto
2267 4366 2445 4406 annos
2473 4354 2890 4421 permansisset,
2921 4368 3098 4423 neque
3123 4352 3467 4407 Antiochiam
3496 4366 3685 4405 acces-

2115 4448 2298 4513 sisset,
2336 4455 2584 4502 mortuus
2634 4455 2740 4511 est,
2783 4447 2969 4518 ibique
3022 4447 3287 4517 sepultus.
3320 4445 3477 4499 Auno
3514 4442 3687 4497 chali-

433 4544 598 4613 320
631 4558 735 4598 non
770 4542 1180 4613 iugrediebatur
1209 4540 1440 4596 Barkam
1470 4542 1563 4611 qui
1601 4542 1862 4597 tributttm
1895 4540 2005 4596 eri-
2030 4553 2085 4613 ι)
2116 4538 2255 4593 fatus
2277 4539 2518 4608 ejusdem
2542 4552 2686 4593 nono
2703 4538 3032 4593 constitutus
3054 4548 3133 4592 est
3152 4536 3347 4591 Petrus
3374 4532 3686 4605 patriarcha

435 4641 609 4699 geret,
644 4644 829 4684 verum
866 4639 1109 4697 tempore
1159 4631 1469 4701 praestituto
1500 4632 1768 4685 tributum
1826 4631 2006 4685 mitte-

435 4722 588 4775 bant.
622 4720 923 4790 Occupavit
954 4730 1138 4776 autem
1172 4723 1421 4778 homines
1472 4723 1756 4778 calamitas
1813 4737 2007 4792 magna

433 4813 665 4868 Medius:
698 4828 807 4883 prte
862 4828 1092 4868 annona:
1137 4816 1388 4871 caritate.
1422 4815 1655 4886 Scripsit
1682 4831 1813 4887 ergo
1843 4815 2010 4870 Omar

418 4906 611 4961 .Ebnol
641 4905 870 4962 Chetabi
899 4907 965 4961 ad
994 4908 1222 4963 Amrutn
1261 4907 1435 4963 Ebnol
1468 4909 1561 4963 Asi
1594 4907 1885 4963 certiorem
1926 4906 2010 4975 ip-

434 5009 556 5047 sum
592 4993 803 5049 faciens
830 5002 1035 5064 quanta
1062 5005 1444 5065 premerentur
1476 4997 1730 5052 homines
1758 4996 2009 5067 angustia

434 5099 500 5138 ac
537 5099 773 5141 annona:
801 5086 1055 5143 caritate.
1095 5087 1354 5157 Misitque
1385 5088 1589 5143 Amrus
1641 5088 1881 5143 camelos
1909 5089 2010 5142 tri-

434 5179 544 5233 lico
575 5188 824 5243 onustos,
852 5194 1088 5247 quorum
1134 5180 1294 5248 primi
1328 5180 1599 5234 Medinam
1636 5180 2003 5250 pertigeruut,

434 5271 561 5323 dum
595 5271 773 5325 ultimi
806 5270 984 5325 adhuc
1016 5270 1071 5324 in
1126 5269 1365 5341 Egypto
1408 5278 1616 5338 essent,
1666 5272 1807 5326 serie
1836 5272 2010 5327 conti-

437 5378 566 5417 nua.
601 5362 831 5433 Scripsit
867 5379 994 5433 ergo
1020 5364 1189 5418 Omar
1214 5362 1389 5417 Ebnol
1422 5365 1651 5420 Chetabi
1686 5364 1752 5419 ad
1779 5365 2006 5418 Amrutn

414 5454 611 5523 ,Ebnol
647 5454 738 5509 Asi
775 5463 834 5509 ut
880 5453 1193 5510 fodiendum
1235 5464 1455 5509 curaret
1512 5456 1724 5509 alveum
1753 5456 1843 5522 qui
1877 5454 2010 5509 Κοι-

440 5558 653 5596 zamum
690 5545 1043 5615 pertingt-ret,
1077 5561 1187 5616 quo
1230 5546 1445 5600 facilius
1478 5554 1860 5616 apportaretur
1894 5546 2011 5600 fru-

440 5642 707 5687 mentum.
739 5635 905 5690 Fodit
936 5653 1068 5707 ergo
1103 5640 1304 5693 Amrus
1334 5638 1533 5693 flumen
1566 5638 1695 5693 illud
1728 5640 1875 5709 quod
1910 5640 2009 5694 sub

440 5732 605 5793 ponte
631 5733 735 5788 cst,
766 5728 911 5795 quod
947 5728 1173 5784 Flumen
1198 5730 1535 5798 imperatoris
1562 5730 1800 5787 fidelium
1830 5734 2009 5801 appel-

439 5815 587 5871 latur
618 5830 630 5844 ο
691 5828 785 5881 per
812 5816 954 5885 quod
988 5832 1153 5874 naves
1185 5820 1452 5889 triticum,
1486 5821 1750 5880 hordeum
1782 5831 1834 5879 ct
1860 5822 2012 5893 legu-

2110 4629 2784 4700 ConstnntinOpolitanus,
2816 4630 2910 4699 qui
2943 4640 2997 4685 et
3028 4629 3292 4683 Maronita
3328 4628 3468 4683 fuit:
3510 4638 3687 4678 annos

2112 4738 2204 4777 sex
2234 4722 2395 4786 sedit,
2433 4722 2560 4775 dein
2591 4728 2842 4775 mortuus
2875 4730 2981 4776 est.
3023 4721 3181 4774 Auno
3211 4719 3504 4775 chalifatus
3538 4717 3691 4785 ejus-

2111 4814 2235 4868 dem
2269 4824 2467 4882 quarto
2497 4822 2716 4869 creatus
2749 4822 2833 4868 est
2875 4811 3072 4868 Petrus
3108 4812 3415 4882 patriarcha
3455 4811 3692 4865 Alexan-

2111 4908 2334 4971 drinus;
2365 4904 2631 4959 Maronita
2664 4904 2800 4971 fuit;
2831 4920 2955 4958 cum
2991 4919 3165 4960 annos
3202 4918 3393 4957 novem
3429 4904 3691 4970 sedisset,

2114 5007 2362 5053 mortuus
2397 5008 2502 5053 est.
2560 4998 2720 5052 Anno
2762 4998 3008 5066 ejusdem
3053 5006 3249 5053 octavo
3300 5006 3549 5051 mortuus
3604 5006 3694 5050 est

2114 5090 2390 5145 Honorius
2424 5089 2732 5159 patriarcha
2765 5090 3070 5154 Romanus,
3119 5090 3211 5159 qui
3251 5089 3415 5144 etiam
3448 5088 3693 5143 Maronis

2113 5183 2419 5238 doctrinam
2459 5182 2745 5253 amplexus
2782 5181 2910 5245 fuit,
2950 5192 3113 5252 atque
3160 5198 3259 5257 per
3288 5183 3467 5259 ipsum
3513 5179 3692 5233 divisa

2113 5283 2197 5329 est
2233 5272 2485 5329 Ecclesiae
2515 5274 2807 5329 sententia.
2845 5274 2977 5328 Post
3022 5274 3195 5344 ipsius
3241 5260 3449 5327 obitum
3480 5272 3692 5325 electus

2115 5376 2199 5420 est
2228 5364 2450 5433 quidam
2489 5366 2709 5420 nomine
2741 5364 3062 5429 Severinus,
3108 5365 3200 5435 qui
3240 5364 3425 5418 Romae
3458 5363 3693 5429 patriar-

2115 5460 2213 5514 cha
2255 5458 2607 5523 constitutus,
2643 5457 2735 5512 ubi
2776 5472 2873 5513 sex
2908 5472 3126 5513 menses
3161 5457 3419 5520 sedisset,
3438 5462 3694 5507 mortuus

2115 5557 2218 5603 cst.
2254 5548 2380 5602 Post
2418 5563 2581 5617 quem
2629 5547 2839 5603 electus
2879 5560 2967 5604 eSt
3018 5550 3100 5603 vir
3144 5555 3435 5618 praestans,
3467 5544 3695 5599 neruine

2114 5638 2374 5703 Joannes,
2408 5640 2475 5694 ad
2520 5653 2679 5709 quem
2720 5653 2843 5694 cum
2883 5639 3065 5694 delata
3117 5649 3264 5693 esset
3319 5638 3478 5691 istius
3536 5634 3691 5689 dubit

2116 5745 2317 5794 causa,
2366 5733 2670 5801 imperante
2722 5740 2852 5787 tunc
2898 5731 3163 5801 temporis
3210 5727 3690 5794 ConstantinOpoli

2119 5823 2370 5881 Heraclio
2407 5840 2530 5880 cum
2566 5825 2734 5881 fratre
2766 5840 2867 5883 suo
2892 5824 3283 5890 Constantino,
3320 5824 3538 5892 scripsit
3570 5823 3689 5890 ipse
