4014 6218
289 415 441 483 1³109⁷

1681 417 1988 481 ANNALE
1998 421 2055 481 S.

3442 422 3572 488 1110

285 539 352 592 ad
393 538 519 593 illos
547 534 838 606 epistolam
875 535 1067 605 in'qua
1095 533 1248 589 dubii
1281 533 1443 588 istius
1472 549 1691 590 causam
1743 533 1878 606 [ex-
1909 545 1953 599 Α
1986 531 2369 603 peri-Domini
2427 535 2601 591 nostri
2651 512 2856 593 Christi
2907 552 3014 590 non
3048 535 3220 592 fuisse
3266 538 3573 594 voluntates

285 627 522 700 posuit,]
580 627 887 698 apologiam
946 628 1114 682 edens
1167 642 1265 697 pro
1316 626 1720 696 prtedecessore
1779 641 1880 681 suo

289 722 533 777 Ilonorio
563 721 877 791 patriarcha
915 719 1187 777 Romano.
1239 718 1497 790 Epistolis
1544 704 1725 775 autent
1776 720 1881 773 ini-

285 819 424 869 tium
477 815 554 870 ita
608 831 667 871 se
718 814 956 868 habuit:
996 812 1040 866 Α
1087 811 1299 868 Joanne
1350 827 1509 884 papa,
1568 813 1880 882 patriarcha

292 905 564 971 notuano,
616 905 685 960 ad
743 903 1054 959 Heraclium
1103 912 1157 959 et
1204 902 1629 958 Constantinum
1681 903 1879 959 fratres

287 1000 652 1068 imperatores
713 997 1114 1068 325—327
1177 995 1384 1067 quibus
1436 999 1750 1053 concredita
1797 1004 1894 1052 est-

289 1092 531 1148 Eer-lesia
579 1081 784 1146 Christi
841 1091 936 1145 Dei
985 1089 1140 1158 veri,
1198 1089 1358 1160 cujus
1402 1091 1492 1145 lux
1543 1091 1879 1147 iri-tenebris

290 1184 606 1254 splenduit;
665 1183 759 1253 qui
812 1197 910 1240 nos
960 1199 988 1237 a
1041 1190 1314 1253 potestate
1364 1183 1712 1238 tenebrarum
1759 1183 1880 1238 luce

291 1295 388 1334 sua
444 1279 594 1333 mira
634 1277 910 1341 liberavit,
963 1278 1086 1334 luce
1120 1293 1248 1332 vera
1285 1275 1372 1330 cui
1418 1276 1583 1331 nullae
1632 1275 1880 1331 admistaa

293 1381 424 1430 sunt
465 1371 744 1435 tenebrae;
792 1370 888 1441 qui
945 1371 1210 1442 sanguine
1277 1372 1465 1424 crucis
1524 1383 1636 1423 sua:
1689 1383 1877 1438 pacem

296 1463 428 1519 fecit
463 1463 606 1517 inter
634 1463 834 1518 coelum
873 1469 926 1515 et
958 1469 1200 1526 terram;
1256 1459 1348 1528 qui
1385 1457 1646 1512 Ecclesia:
1685 1456 1878 1512 faciem

297 1570 520 1623 semper
549 1555 816 1609 intuetur.
849 1552 948 1608 Ille
984 1563 1072 1608 est
1118 1551 1212 1621 qui
1247 1550 1406 1606 vobis
1459 1549 1600 1605 hanc
1650 1549 1880 1619 gratiam

297 1642 448 1706 fecit,
489 1659 523 1698 ο
555 1643 939 1713 imperatores,
974 1649 1035 1696 ut
1076 1641 1366 1710 opiniones
1401 1639 1638 1710 optimas
1674 1654 1736 1694 ac
1783 1653 1883 1693 no-

296 1735 599 1792 bilissimas
631 1737 685 1790 in
723 1735 974 1790 Ecclesia
1008 1733 1433 1804 proﬁteremini,
1468 1734 1736 1803 fidemque
1759 1749 1882 1805 per-

296 1828 653 1883 fectissimam
719 1841 784 1884 ac
847 1827 950 1898 ipsi
1017 1828 1321 1895 proximam
1393 1826 1877 1896 amplcctercmini.

1988 628 2129 683 duas
2186 628 2496 684 contrarias
2545 643 2722 700 neque
2783 629 3186 684 contradixisse
3236 631 3566 686 voitlnlaiem

1988 719 2301 775 intellectus
2353 720 2526 791 ipsius
2584 721 2850 791 vpluntati
2900 721 3259 792 329-331
3301 723 3568 792 corporis.

1988 826 2169 880 neque
2201 813 2377 867 fuisse
2409 824 2692 883 peccatum
2735 815 2809 869 illi
2869 815 2959 885 qui
3015 817 3184 882 venit,
3244 826 3299 871 ut
3358 819 3566 874 tolleret

1985 915 2268 975 peccatum
2302 907 2488 962 mundi
2523 908 2722 974 (absit!
2783 907 2898 964 ﬁeri
2940 923 3048 963 non
3102 910 3324 981 potest).
3384 895 3572 981 Neque

1993 996 2159 1053 fuisse
2194 997 2427 1054 Domino
2459 1009 2650 1054 nostro
2685 999 2912 1055 Christo
2943 1009 3228 1070 peccatum
3263 1000 3345 1057 vel
3375 1019 3568 1062 unum,

1984 1107 2166 1161 neque
2197 1093 2252 1148 in
2283 1093 2462 1164 ipsius
2517 1094 2833 1158 nativitate,
2885 1111 3066 1164 neque
3112 1105 3568 1165 temperamento.

1985 1182 2190 1239 Verum
2221 1185 2455 1240 dicimus
2488 1185 2714 1256 (inquit)
2747 1203 2811 1242 ac
2860 1188 3185 1243 confitemur
3233 1189 3570 1244 Voluntatem

1988 1290 2156 1330 unam
2212 1291 2319 1346 qua
2371 1275 2705 1348 dirigerctnr
2747 1279 2923 1350 ipsius
2976 1280 3291 1336 humanitas
3334 1289 3569 1336 sancta:

1987 1383 2100 1421 non
2153 1377 2339 1423 autem
2374 1372 2676 1426 asserimus
2724 1372 3037 1426 voluntates
3072 1375 3210 1428 (Ιυιιε
3236 1373 3570 1434 COIlll‘al'iilS.

1986 1477 2107 1531 qua:
2160 1461 2467 1519 intellectui
2526 1464 2700 1534 ipsius
2759 1473 2814 1518 et
2868 1465 3086 1534 corpori
3154 1463 3381 1520 fuerint.
3459 1463 3570 1516 lloc

1986 1555 2209 1624 scripsit
2240 1553 2518 1611 Honorius
2553 1556 2866 1626 patriarcha
2892 1555 3179 1611 Romanus
3213 1557 3278 1610 ad
3317 1557 3567 1626 Sergium

1987 1647 2353 1717 patriarcbam
2392 1647 3089 1719 Constantinopolitanum.
3156 1648 3266 1704 Nos
3298 1649 3569 1719 siquidem

1989 1741 2316 1798 confitemur
2364 1741 2503 1798 duas
2551 1741 2863 1798 voluntates
2893 1727 3230 1805 contrarias,
3266 1741 3570 1797 intellectus

1990 1843 2044 1889 et
2075 1833 2369 1904 corporis:
2408 1833 2553 1905 quod
2583 1835 2980 1890 transferentes
3028 1834 3275 1889 nonnulli
3326 1833 3392 1898 ad
3443 1848 3568 1888 seno

296 1920 510 1976 Accidit
546 1921 632 1976 hic
667 1934 757 1976 res
798 1935 919 1989 qua:
972 1918 1290 1974 necessario
1340 1918 1614 1990 narranda
1670 1927 1774 1982 est,
1826 1926 1886 1972 ut
1917 1900 1958 1956 Β
1989 1926 2190 1982 tentias
2249 1942 2380 1982 suas
2428 1926 2623 1993 falsas,
2672 1936 2935 1997 putarunt
2994 1925 3297 1982 Honorium
3342 1927 3550 1996 patriar

300 2011 471 2079 ipsam
511 2010 820 2081 intelligant
854 2011 946 2080 qui
989 2012 1305 2080 aequitatem
1357 2010 1567 2072 colunt,
1621 2018 1786 2080 atque
1829 2010 1880 2063 in

298 2103 470 2172 ipsam
502 2102 814 2172 inquirunt;
847 2117 960 2172 quo
995 2102 1198 2158 veritas
1223 2101 1476 2173 superior
1501 2102 1730 2166 evadat;
1759 2115 1882 2154 eum

299 2196 366 2248 ad
420 2211 506 2251 me
558 2195 871 2265 pervenerit
929 2211 1180 2266 quaenam
1216 2195 1328 2252 sint
1367 2194 1512 2265 apud
1569 2192 1884 2249 Occidentis

299 2279 466 2334 ctiam
527 2281 736 2335 incolas
795 2281 1197 2351 discrepantiae-
1246 2292 1301 2338 et
1359 2283 1547 2347 dubia,
1587 2293 1754 2354 atque
1810 2283 1878 2336 ad

302 2387 392 2424 me
451 2372 718 2440 perlatum
775 2373 848 2427 sit
906 2374 1040 2428 illud
1094 2389 1201 2428 una
1265 2390 1391 2429 cum
1455 2375 1643 2430 fratris
1707 2376 1881 2430 nostri

304 2464 502 2534 Pyrrhi
535 2466 859 2534 patriarcha!
882 2464 1507 2537 Constantinopolitani,
1536 2470 1882 2540 aliorumque

304 2557 522 2612 litteris.
580 2555 814 2613 Necesse
848 2566 939 2612 est
987 2573 1120 2628 ergo
1170 2568 1227 2613 ut
1257 2560 1559 2630 explicetur
1611 2577 1699 2618 res
1751 2563 1878 2626 ista,

304 2663 414 2717 quo
472 2657 582 2703 tota
637 2649 1009 2720 dignoscatur.
1067 2649 1286 2705 lnitiutn
1332 2651 1503 2722 ipsius
1553 2652 1634 2708 sic
1675 2669 1734 2709 se
1781 2654 1881 2708 ba-

305 2742 431 2808 l;et,
472 2742 615 2811 quod
667 2752 792 2797 ante
827 2759 1007 2827 .annos
1063 2745 1281 2799 circiter
1325 2746 1624 2800 octodecim
1667 2748 1882 2802 dicatur

214 2857 228 2874 ε
304 2833 478 2904 Cyrus
527 2838 836 2905 patriarcha
887 2837 1292 2893 Alexandrinus
1352 2837 1596 2894 Maronis
1655 2851 1880 2895 senten-

308 2927 760 2995 tiam-amplexus
803 2942 818 2982 :
868 2927 1160 2994 videlicet,
1213 2927 1444 2984 Domino
1487 2928 1706 2986 Christo
1760 2945 1882 2986 esse

306 3027 533 3073 naturas
594 3020 754 3082 duas,
812 3019 1149 3075 voluntatem
1208 3036 1395 3088 unam,
1467 3031 1631 3092 atque
1684 3038 1882 3094 opera-

307 3116 510 3170 tionem
550 3133 735 3172 uuam.
797 3117 953 3182 Quod
1005 3135 1129 3172 cum
1171 3119 1475 3175 audivisset
1538 3122 1883 3191 Sophrouius

1987 2022 2145 2074 cham
2190 2018 2494 2075 Romanum
2542 2020 2853 2076 asseruisse
2909 2020 3250 2098 voluntatem
3308 2033 3470 2072 unam
3518 2018 3571 2072 in

1986 2110 2202 2167 Domini
2255 2113 2429 2168 nostri
2483 2111 2690 2168 Christi
2745 2112 3030 2168 divinitate
3076 2119 3131 2165 et
3181 2111 3571 2165 humanitate:

1986 2202 2134 2272 quod
2174 2203 2268 2273 qui
2300 2212 2617 2269 autumant,
2656 2220 2908 2274 rogarem
2957 2195 3104 2271 ego,‘
3134 2204 3188 2258 in
3227 2219 3330 2273 qua
3378 2212 3572 2257 natura

1985 2289 2178 2345 dicunt
2211 2309 2373 2346 unam
2408 2308 2530 2348 esse
2576 2293 2806 2349 Christo
2839 2293 2948 2349 Deo
2996 2294 3380 2349 voluntatem?
3423 2293 3478 2346 Si
3517 2295 3571 2347 in

1987 2383 2280 2438 divinitate
2330 2393 2586 2448 tantum,
2643 2393 2756 2438 tum
2814 2400 2922 2438 non
2973 2394 3056 2439 est
3118 2387 3171 2438 in
3231 2383 3573 2438 humanitate

1991 2473 2166 2543 ipsius
2212 2474 2490 2542 voluntas,
2541 2489 2605 2530 ac
2640 2475 2870 2544 proinde
2933 2491 3044 2530 non
3096 2483 3180 2530 est
3227 2475 3395 2530 homo
3448 2489 3572 2546 per~

1992 2564 2188 2622 fectus.
2249 2563 2348 2620 Sin
2403 2565 2644 2622 dixerint
2689 2567 2743 2622 iu
2800 2567 3143 2622 humanitate
3188 2567 3392 2623 Christi
3453 2579 3573 2620 esse

1992 2658 2131 2712 hanc
2158 2658 2519 2724 voluntatem,
2547 2657 2783 2715 dicimus
2801 2659 2936 2730 ipsis
2963 2659 3284 2726 :Quomodo
3299 2659 3405 2715 erit
3431 2657 3573 2712 Deus

1991 2749 2262 2832 perfectus
2278 2753 2304 2805 ἲ
2356 2749 2588 2818 Quodsi,
2617 2751 2834 2808 duabus
2859 2753 3071 2810 naturis
3094 2768 3217 2810 esse
3236 2753 3570 2808 voluntatem

1992 2860 2190 2911 unam;
2233 2847 2335 2903 hoc
2364 2856 2449 2902 est
2478 2849 2624 2918 quod
2661 2847 2779 2904 ﬁeri
2812 2865 2921 2904 non
2973 2857 3172 2918 potest.
3210 2849 3408 2906 Verum
3437 2867 3572 2904 eon-

1994 2936 2212 2992 litemur
2244 2937 2684 2997 incarnationem
2717 2940 2924 2995 Christi
2955 2941 3160 3008 unius,
3193 2941 3426 3011 ideoque
3471 2955 3574 2996 nec

1995 3042 2259 3097 negamus
2283 3027 2424 3083 duas
2448 3029 2759 3084 voluntates
2789 3045 2910 3099 quae
2937 3038 3067 3085 sunt
3092 3030 3307 3084 duabus
3332 3028 3568 3089 naturis,

1994 3131 2062 3168 ne
2090 3117 2462 3186 proprietates
2501 3118 2752 3186 ipsarum
2774 3132 3218 3187 corrumpamus.
3252 3116 3456 3171 Verum
3487 3117 3572 3171 di-

305 3210 398 3276 qui
442 3209 754 3276 patriarcha
818 3212 1353 3282 Hierosolymitattus
1407 3212 1528 3278 fuit,
1591 3229 1714 3268 cum
1763 3216 1883 3284 ipso
1915 3238 1970 3297 α
1993 3209 2170 3265 cimus
2206 3209 2428 3278 utrique
2461 3210 2696 3265 duarum
2732 3217 3053 3265 naturarum
3084 3209 3244 3279 332
3277 3207 3482 3272 Christi
3513 3207 3570 3260 in

305 3299 594 3370 disputans
643 3303 1003 3368 argumentis.
1032 3303 1398 3372 ipsumvicit.
1437 3303 1576 3359 Tum
1633 3306 1880 3375 Sapbro-

305 3392 433 3447 nius
453 3393 518 3446 ad
547 3391 796 3462 Sergium
821 3395 1186 3463 patriarcham
1207 3396 1880 3468 ConstantinOpolitanum

306 3488 611 3557 profectus,
665 3503 788 3541 cum
850 3489 1028 3557 ipsunt
1092 3490 1236 3544 idem
1296 3506 1420 3546 cum
1476 3493 1623 3561 Cyro
1683 3493 1883 3549 docere

309 3580 597 3648 reperiret,
633 3590 799 3649 atque
843 3581 1046 3648 dicere,
1079 3581 1384 3638 Honorium
1437 3585 1602 3640 etiam
1639 3588 1881 3655 patriar-

308 3672 468 3727 cham
531 3673 840 3728 Romanum
908 3675 1048 3728 idem
1103 3675 1375 3731 allirmare
1432 3675 1600 3748 328
1637 3694 1666 3734 a
1732 3678 1882 3734 Con-

309 3768 666 3836 SlalllillOpOIi
722 3766 1104 3838 Hierosolyma
1167 3784 1421 3825 reversus
1470 3781 1577 3828 est.
1633 3771 1884 3843 Cumque

307 3860 620 3924 patriarcha
670 3869 820 3914 esset
877 3861 1025 3930 (eum
1077 3859 1376 3931 siquidem,
1420 3873 1642 3932 propter
1691 3867 1882 3920 ortho-

306 3944 528 3998 doxiam
555 3945 728 4014 ipsius
760 3956 1068 4016 acceptum,
1098 3945 1493 4016 Hierosolymis
1521 3944 1889 4014 patriarcham

306 4037 694 4106 prrefecerunt,
752 4037 906 4092 urbis
959 4037 1079 4106 ejus
1131 4037 1382 4107 incolae),
1421 4037 1618 4092 librum
1673 4037 1739 4093 de
1788 4037 1892 4094 [ide

307 4127 551 4196 scripsit,
591 4144 752 4198 quem
787 4130 955 4183 totius
1003 4129 1192 4183 mundi
1242 4130 1434 4184 incola:
1473 4139 1758 4199 acceptum
1794 4129 1892 4185 ha-

308 4219 570 4276 buerunt.
631 4219 745 4275 Hoc
779 4235 905 4276 cum
958 4221 1213 4276 scivisset
1257 4219 1533 4277 Honorius
1580 4225 1891 4292 patriarcha

306 4310 616 4378 Romanus,
652 4328 754 4367 nec
793 4327 900 4366 non
939 4311 1192 4382 Sergium
1221 4313 1588 4379 patriarcltam
1621 4314 1891 4369 Constan-

313 4404 746 4474 tinopolitanum
775 4405 918 4461 falso
941 4404 1147 4460 dis-isse
1173 4405 1355 4475 ipsum
1393 4405 1720 4460 Maronitam
1747 4421 1890 4474 esse,

307 4496 510 4551 librum
546 4495 768 4566 scripsit
801 4496 854 4551 in
893 4512 1003 4565 quo
1033 4498 1248 4561 asserit,
1290 4495 1581 4552 Dominum
1637 4504 1887 4554 nostrum

1993 3301 2379 3358 incarnatione
2425 3317 2676 3372 personae
2710 3302 2899 3366 unius,
2933 3317 3057 3358 esse
3090 3303 3470 3364 voluntatem;
3514 3309 3570 3352 at

1992 3407 2102 3446 non
2153 3408 2276 3448 esse
2306 3394 2444 3449 duas
2483 3408 2764 3464 personas,
2808 3392 3272 3464 quemadmodum
3323 3389 3570 3463 [asserit]

1992 3483 2282 3539 Nestorius
2333 3485 2684 3541 maledictus.
2741 3485 2845 3551 Qui
2894 3493 3078 3540 autent
3130 3492 3388 3540 asserunt
3432 3482 3571 3538 duas

1989 3591 2110 3632 esse
2190 3587 2422 3634 naturas
2499 3585 2556 3632 et
2634 3578 2969 3634 voluntatem
3043 3592 3207 3632 unam
3291 3574 3566 3631 divinitati

1990 3667 2198 3723 Christi
2231 3680 2284 3724 et
2314 3669 2644 3724 humanitati
2680 3670 2875 3739 ipsius,
2904 3683 3008 3724 nec
3055 3684 3164 3724 non
3190 3668 3566 3738 operationem

1995 3774 2190 3824 unam,
2227 3770 2414 3816 errant
2441 3761 2522 3816 illi
2544 3762 2718 3816 instar
2749 3760 2992 3817 Maronis
3023 3760 3302 3817 maledicti
3331 3755 3354 3838 ξ,
3381 3769 3444 3816 et
3473 3759 3565 3828 qui

1994 3850 2171 3915 aiunt,
2225 3866 2386 3905 unam
2431 3861 2707 3918 naturam,
2741 3854 3302 3908 voluntatem-unam.
3332 3858 3400 3906 et
3439 3865 3568 3919 ope-

1990 3942 2260 3998 rationem
2309 3958 2495 4008 unam,
2535 3952 2764 4012 peccant
2822 3944 2994 3997 instar
3043 3943 3294 4014 Eutychii
3346 3952 3400 3996 et
3445 3941 3570 3996 Ilio-

1991 4035 2136 4091 scori
2158 4044 2211 4090 et
2227 4034 2415 4091 Severi
2434 4035 2818 4090 haereticorum
2841 4052 2853 4088 :
2873 4042 3038 4104 atque
3064 4037 3177 4089 lucc
3193 4040 3277 4089 est
3299 4034 3569 4089 sententia

1993 4123 2395 4181 Jacobitarum.
2435 4123 2636 4180 Verum
2685 4125 2938 4180 doctrina
2973 4140 3102 4179 sana
3135 4133 3188 4179 et
3215 4123 3417 4178 veritas
3456 4138 3571 4175 ma-

1993 4219 2191 4275 nifesta
2210 4219 2301 4274 illa
2323 4229 2405 4276 est
2421 4233 2586 4290 quam
2608 4220 2954 4290 protulerunt
2976 4219 3250 4282 doctores,
3287 4215 3568 4272 videlicet:

1991 4314 2130 4370 Esse
2177 4311 2442 4369 Domino.
2471 4323 2663 4368 nostro
2709 4311 2932 4368 Christo
2959 4311 3113 4366 .duas
3154 4321 3403 4374 naturas,
3433 4309 3570 4363 duas

1992 4404 2327 4470 voluntates,
2380 4406 2731 4474 operationes
2761 4402 2901 4459 duas
2929 4410 2984 4457 et
3023 4416 3314 4473 personam
3364 4415 3566 4454 unam:

1993 4511 2116 4551 cum
2150 4496 2489 4565 impossibile
2526 4496 2601 4552 sit
2627 4509 2688 4551 ut
2715 4495 2788 4551 sit
2818 4494 3032 4551 duabus
3068 4494 3281 4550 naturis
3314 4493 3570 4548 voluntas

309 4587 613 4651 Christum,
646 4587 853 4656 quiest
893 4588 1146 4657 princeps
1180 4588 1324 4652 vitae,
1365 4597 1548 4642 natum
1594 4603 1718 4645 esse
1762 4589 1881 4645 siue
1915 4600 1958 4654 D
1989 4602 2134 4644 una:
2163 4589 2312 4658 quod
2339 4587 2561 4644 siunam
2587 4589 2813 4643 haberet
2839 4586 3194 4653 voluntatem,
3217 4601 3378 4640 unam
3402 4585 3565 4641 etiam

306 4687 557 4750 peccato.
587 4678 868 4750 Siquidem
891 4678 1129 4734 Verbum
1155 4694 1248 4748 per
1271 4681 1416 4749 quod
1443 4680 1659 4735 fuerunt
1680 4681 1888 4748 omnia,

305 4787 433 4826 cum
455 4787 486 4826 e
513 4770 652 4826 coelo
680 4770 1056 4837 descenderet,
1093 4771 1460 4839 assumpsisse
1487 4773 1552 4827 de
1581 4770 1749 4826 Maria
1777 4774 1890 4826 vir-

304 4866 432 4937 gine
462 4879 684 4933 corpus,
721 4877 792 4919 ac
828 4870 1022 4916 natura
1073 4861 1233 4917 nobis
1279 4863 1456 4916 simile
1486 4863 1692 4931 factum
1728 4879 1886 4930 esse,

308 4972 652 5028 nequaquam
683 4964 864 5010 autem
899 4957 1182 5010 voluntate
1223 4953 1456 5023 peccati.
1509 4955 1700 5011 Dicere
1738 4957 1883 5012 enim

306 5050 562 5112 Paulum,
617 5047 898 5117 accepisse
927 5046 1106 5116 ipsum
1164 5045 1579 5101 similitudinem
1632 5056 1882 5102 nostrum

311 5151 658 5210 peccatorum
682 5157 696 5204 ;
725 5154 920 5207 nempe
939 5154 1141 5209 corpus
1165 5138 1282 5194 sine
1307 5147 1678 5208 peccatocum
1707 5141 1887 5193 anima

309 5232 590 5296 rationali,
624 5231 1006 5293 iutellectuali,
1033 5242 1199 5301 atque
1240 5230 1315 5284 ita
1351 5247 1513 5286 unam
1551 5233 1888 5288 voluntatem

309 5323 413 5390 ipsi
444 5323 623 5378 visum
655 5337 778 5378 esse
808 5337 1116 5384 assumere,
1161 5338 1283 5390 quae
1329 5323 1660 5379 humanitati
1716 5326 1912 5396 ipsius

308 5423 476 5479 esset,
506 5431 613 5470 non
643 5415 792 5470 sicut
842 5429 942 5469 nos
976 5415 1186 5470 scimus
1228 5415 1389 5472 nobis
1433 5431 1554 5472 esse
1602 5417 1740 5472 duas
1791 5434 1889 5472 vo-

309 5509 550 5562 luntates
602 5505 954 5569 contrarias,
1013 5520 1245 5573 quarum
1317 5507 1656 5563 voluntatum
1713 5509 1887 5563 altera

310 5600 556 5669 plantata
583 5598 653 5653 sit
690 5598 745 5654 in
783 5598 1084 5664 intellectu,
1117 5598 1292 5653 altera
1339 5599 1392 5654 in
1431 5591 1695 5670 corpore,
1744 5603 1887 5658 sint-

308 5708 417 5760 que
475 5695 619 5746 inter
672 5707 733 5746 se
785 5691 1112 5754 contrariae;
1187 5690 1333 5761 quod
1391 5693 1647 5747 universo
1700 5694 1886 5765 generi

310 5781 552 5837 humano
599 5781 908 5852 contingit,
962 5797 1086 5836 cum
1129 5780 1233 5836 sub
1285 5792 1508 5850 peccato
1541 5781 1635 5846 sit,
1684 5797 1793 5838 nec.
1817 5783 1887 5838 sit

311 5876 584 5946 quispiam
621 5891 652 5931 a
702 5881 927 5946 peccato
963 5873 1275 5933 rebellionis
1325 5874 1628 5934 immunis:
1664 5889 1716 5935 at
1765 5894 1888 5935 cor-

1996 4681 2225 4736 haberet
2250 4689 2537 4749 naturam;
2559 4697 2685 4737 eum
2712 4692 2894 4738 autem
2927 4684 3070 4750 duas.
3096 4681 3292 4736 habeat
3320 4689 3570 4741 naturas,
3604 4739 3610 4764 ἶ

1995 4775 2133 4829 duas
2171 4773 2336 4828 etiam
2376 4773 2562 4829 habet.
2599 4775 2930 4830 voluntates.
2976 4772 3254 4845 Rogamus
3305 4787 3438 4841 ergo
3475 4787 3572 4825 vos
3604 4773 3607 4776 ’

1996 4874 2054 4920 ut
2101 4865 2344 4936 iubeatis
2399 4866 2651 4920 comburi
2690 4867 2939 4922 chartam
2986 4879 3109 4936 qua:
3152 4863 3458 4931 calumnias
3517 4860 3569 4912 in

1995 4958 2231 5014 Leonem
2270 4959 2634 5027 patriarcbam
2669 4957 2975 5012 Romanum
3017 4956 3284 5021 continet,
3322 4967 3421 5007 nec
3460 4967 3568 5005 nou

1995 5053 2048 5106 in
2084 5054 2380 5109 concilium
2413 5053 2881 5117 Chalcedonense,
2932 5066 3001 5106 ne
3047 5051 3260 5122 legatur
3293 5057 3346 5102 ct
3377 5046 3445 5100 ab
3487 5047 3571 5107 iu-

1994 5144 2214 5199 tellectu
2247 5143 2429 5200 minus
2468 5144 2784 5200 valentibus
2807 5143 3089 5212 probetur,
3127 5143 3396 5209 [idemque
3422 5137 3569 5207 ipsu-

1994 5253 2113 5292 rum
2148 5245 2472 5309 corrumpat
2509 5255 2524 5293 :
2591 5251 2957 5308 rogamusque
2991 5235 3280 5289 Dominum
3318 5242 3567 5285 nostrum

1993 5330 2270 5384 Christum
2314 5341 2371 5383 ut
2420 5345 2519 5384 vos
2579 5345 2704 5385 cum
2770 5328 3190 5393 misericordia,
3244 5325 3568 5388 clementia,

1993 5430 2156 5488 atque
2191 5421 2395 5476 auxilio
2448 5417 2733 5493 respiciat,
2785 5416 3354 5489 subdaupte-imperio
3381 5424 3566 5472 vestro

1991 5521 2180 5578 gentes
2203 5511 2445 5580 potentia
2479 5512 2654 5582 ipsius
2692 5509 3074 5580 insuperabili.
3105 5505 3404 5576 Epistolam
3425 5505 3568 5571 hanc

1992 5616 2118 5654 cum
2173 5603 2501 5659 absolvisset
2561 5602 2800 5657 Joannes
2870 5601 3179 5670 patriarcha
3245 5599 3566 5662 llomanus,

1994 5693 2166 5764 ipsam
2201 5696 2348 5750 tnisit
2393 5711 2492 5765 per
2537 5695 2715 5749 virum
2753 5701 3125 5764 praestantem,
3176 5693 3395 5747 neruine
3440 5691 3570 5744 Bar-

1997 5787 2192 5850 sicatu,
2238 5786 2496 5842 Ecclesiae
2549 5786 2808 5842 Romana:
2858 5785 3333 5847 archidiaconum,
3371 5784 3462 5850 qni
3500 5782 3592 5833 ad,

1993 5876 2302 5938 llcracl‘um
2348 5878 2700 5945 333-335
2751 5887 2802 5936 et
2868 5879 3288 5936 Constantinum
3338 5877 3568 5944 impera.—
