4014 6218
514 367 644 433 1111

1474 376 1845 441 ΕΠΤὶἙΗΙΙ
1881 382 2417 444 ALEXANDRINI
2454 385 2670 445 PATR.

3633 378 3777 446 “19.

512 494 661 538 tores
686 482 990 553 perferens,
1017 487 1225 542 invenit
1248 487 1672 545 Constantinum
1696 490 1836 546 diem
1866 491 2093 560 obiisse,
2122 508 2166 561 Α
2197 498 2343 553 scias
2376 498 2536 554 (idem
2568 511 2751 554 veram
2796 496 3153 551 orthodoxam
3204 494 3442 549 fructum
3500 508 3622 549 esse
3669 511 3774 563 pa-

516 588 617 629 nec
655 589 763 628 non
832 574 1139 633 [leraelium
1176 594 1205 633 a
1264 580 1615 649 consiliariis,
1652 582 1745 653 qui
1802 585 1856 638 in
1910 586 2089 655 ipsum

513 664 779 735 impetum
830 666 1097 736 fecerant,
1138 672 1418 739 occisum;
1462 673 1606 743 quod
1654 674 1865 732 scilicet
1907 676 2083 747 ipsum

516 772 617 825 pro
643 756 991 829 inauspicato
1019 760 1305 830 haberent,
1349 780 1473 820 eum
1517 766 1785 838 Egyptus
1832 775 1888 822 et
1936 766 2091 838 Syria

460 862 461 865 ‘
518 848 659 918 ipsis
734 860 937 921 erepta:
996 862 1203 921 essent,
1259 857 1513 927 quodque
1574 859 1841 915 Maronita
1899 867 2087 923 esset;

521 940 782 1012 ipsosque
812 942 1041 1013 imperio
1066 946 1379 1017 prazfecisse
1401 948 1584 1005 fratris
1606 951 1723 1020 ejus
1746 950 2093 1005 Constantini

519 1031 793 1087 demortui
842 1033 1035 1101 filium,
1071 1050 1230 1107 quem
1285 1047 1340 1094 et
1393 1039 1461 1096 de
1523 1041 1741 1095 nomine
1791 1040 1959 1111 patris
2011 1040 2096 1095 sui

523 1124 946 1181 Constantinum
977 1130 1342 1199 appellarunt.

595 1213 722 1271 Fuit
750 1227 931 1274 autem
969 1220 1361 1278 Constantinus
1394 1224 1498 1280 iste
1531 1224 1826 1293 imperator
1848 1226 1990 1293 pius,
2010 1216 2097 1277 cui

524 1320 649 1361 cum
682 1306 907 1362 Barsika
945 1312 1175 1366 nuntius
1210 1312 1499 1382 epistolam
1542 1328 1662 1383 quae
1693 1328 1721 1366 a
1757 1312 1968 1368 Joanne
2004 1328 2101 1382 pa-

524 1400 765 1454 triarcha
795 1399 1047 1457 Romano
1079 1403 1147 1458 ad
1178 1404 1561 1474 imperatorem
1617 1405 1786 1459 missa
1838 1404 1938 1459 fuit
1992 1414 2103 1457 tra-

526 1487 783 1558 didisset,
817 1490 935 1560 ipse
993 1500 1272 1563 acceptam
1338 1494 1590 1565 perlegit,
1659 1508 1722 1549 ac
1776 1494 2102 1565 patriarchae

530 1581 873 1638 intellectum
908 1583 1163 1649 miratus,
1198 1586 1430 1643 rescribi
1458 1586 1626 1657 jussit
1649 1600 2000 1655 responsum,
2036 1586 2102 1641 ad

531 1673 679 1729 hunc
711 1673 933 1730 modum
964 1692 980 1731 :
1013 1676 1361 1747 Aceepimus,
1402 1684 1591 1733 sancte
1618 1676 1911 1743 excellens,
1946 1691 2106 1731 man-

528 1764 714 1819 datum
767 1775 944 1821 tuum.
992 1766 1102 1823 Nos
1147 1778 1327 1824 autem
1374 1767 1699 1823 confitemur
1726 1782 1791 1822 ac
1830 1767 2104 1823 credimus

2198 590 2408 656 radisi,
2465 590 2675 660 tibique
2724 588 3040 645 incumbere
3092 594 3153 640 ut
3220 586 3393 656 ipsam
3452 585 3656 639 tuearis
3703 601 3779 640 ac

2203 699 2541 755 propugnes,
2575 697 2809 753 eamque
2835 681 3149 737 hominibus
3174 688 3357 735 notam
3393 679 3580 735 facias.
3605 677 3777 733 Chri-

2199 787 2344 833 stum
2372 787 2553 833 autem
2588 776 2879 833 Dominum
2915 789 3206 846 precamur
3233 781 3294 828 nt
3326 772 3425 828 tibi
3452 772 3504 826 in
3537 772 3639 826 hoc
3668 787 3777 841 pro

2204 869 2451 924 bonitate
2490 883 2589 923 sua
2636 866 2900 921 auxilium
2959 864 3120 920 ferat.
3161 863 3452 933 Epistolam
3494 862 3637 916 hanc
3667 862 3775 914 ob-

2202 962 2480 1029 signatam
2519 960 2668 1015 misit
2697 960 3021 1016 Tlieodorus
3051 958 3357 1029 patriarcha
3403 956 3469 1011 ad
3504 956 3777 1009 Constan-

2201 1054 2375 1109 tinum
2416 1054 2826 1122 imperatorem,
2873 1050 2939 1105 ad
2989 1051 3197 1105 litteras
3229 1063 3364 1118 quas
3390 1046 3459 1101 ad
3500 1045 3774 1100 Joannem

2205 1143 2575 1213 patriarcham
2627 1142 2935 1196 Romanum
2974 1138 3218 1197 miserat.
3262 1150 3607 1203 responsum.
3637 1134 3777 1197 Quae

2208 1236 2299 1291 ubi
2332 1235 2399 1289 ad
2437 1231 2864 1289 Constantinum
2898 1228 3144 1300 pervenit
3184 1226 3365 1281 dolore
3414 1224 3639 1279 affectus
3685 1232 3777 1277 est

2206 1326 2278 1381 ob
2324 1324 2554 1378 Joannis
2606 1330 2865 1382 mortem,
2915 1319 3120 1389 apertis
3162 1327 3340 1372 autem
3398 1317 3591 1371 litteris
3631 1316 3775 1367 mire

2214 1420 2417 1488 placuit
2451 1418 2554 1486 ipsi
2589 1416 2807 1471 bonitas
2842 1412 3093 1483 responsi
3141 1410 3285 1480 quod
3326 1410 3427 1478 ipsi
3461 1408 3774 1463 reddiderat

2211 1508 2534 1564 Theodorus
2560 1506 2871 1578 patriarcha
2899 1505 3013 1558 rice
3034 1501 3283 1567 Joannis,
3316 1501 3408 1570 qui
3442 1506 3563 1553 ante
3589 1498 3773 1564 ipsum

2207 1601 2548 1665 decesserat;
2599 1598 2874 1669 jussitque
2926 1594 3091 1651 scribi
3137 1606 3481 1662 responsum.
3524 1590 3586 1644 At
3639 1604 3776 1641 cum

2211 1693 2442 1749 Romam
2483 1690 2793 1762 perveniret
2825 1689 3054 1744 nuntius
3092 1682 3471 1755 imperatoris,
3517 1679 3777 1734 Theodo-

2213 1802 2330 1841 rum
2386 1784 2551 1841 etiam
2601 1790 2872 1838 mortuum
2926 1779 3155 1845 invenit,
3214 1782 3335 1845 post
3381 1789 3537 1845 quem
3589 1773 3779 1826 Romae

530 1869 759 1914 naturas
793 1858 951 1924 duas,
991 1861 1303 1915 voluntates
1350 1858 1510 1925 duas,
1557 1869 1718 1931 atque
1752 1861 2101 1931 operationes

2210 1878 2500 1949 prmfecms
2532 1883 2617 1931 est
2658 1872 2941 1927 Martinus.

531 1948 674 2003 duas
700 1948 928 2005 Domino
954 1949 1175 2006 Christo
1204 1966 1352 2016 esse,
1401 1966 1465 2007 ac
1494 1966 1781 2021 personam
1817 1966 2004 2017 unam,
2051 1961 2104 2007 et

533 2041 629 2110 qui
667 2040 754 2096 his
783 2042 1181 2097 eoutradixerit
1215 2043 1764 2101 anathematizamus.
1812 2042 2103 2100 Credimus

532 2133 699 2189 etiam
760 2132 895 2189 illud
945 2135 1092 2207 quod
1148 2144 1505 2193 asseruerunt
1563 2136 1807 2207 episcopi
1859 2137 2101 2194 sexcenti

532 2223 761 2294 triginta
806 2224 900 2294 qui
952 2225 1005 2280 in
1057 2224 1194 2282 urbe
1242 2226 1676 2284 Chalcedonensi
1708 2235 2101 2293 convenerunt,

535 2326 589 2371 et
623 2312 968 2372 anathemate
996 2315 1325 2374 devovemus
1373 2318 1499 2377 illos
1548 2320 1642 2391 qui
1692 2320 1823 2375 illud
1874 2320 2104 2375 anathe»

534 2415 685 2462 mate
701 2407 990 2464 devovent.
1019 2409 1196 2479 Atque
1229 2409 1360 2466 illud
1380 2411 1524 2481 quod
1561 2412 1626 2467 de
1656 2411 1841 2467 charta
1872 2411 2099 2467 combu-

535 2499 729 2567 renda,
766 2500 821 2556 in
856 2515 964 2572 qua
996 2501 1288 2559 calumniae
1318 2513 1502 2559 essent
1533 2505 1584 2557 iu
1613 2501 1847 2559 Leonem
1878 2502 2108 2573 patriar-

536 2591 697 2647 chant
732 2591 1039 2650 Romanum
1071 2603 1350 2664 sanctum,
1382 2603 1437 2652 et
1465 2596 1520 2651 in
1560 2596 1849 2652 concilium
1881 2594 2107 2651 Chalce-

540 2686 803 2753 donense,
832 2695 1012 2742 ratum
1046 2688 1365 2755 habuimus,
1410 2698 1464 2745 et
1494 2688 1668 2759 ipsam
1719 2690 1828 2761 igni
1885 2689 2112 2745 tradidi-

541 2792 683 2834 mus.
716 2776 830 2834 Nos
881 2787 1065 2834 autem
1100 2779 1409 2837 doctrinam
1466 2793 1638 2848 tuam,
1690 2798 1814 2852 qua:
1861 2783 2112 2839 doctrina

540 2885 671 2925 vera
698 2878 805 2937 est,
836 2871 1065 2928 ﬁrmiter
1097 2878 1397 2931 retinemus
1431 2894 1444 2931 :
1470 2891 1839 2947 rogamusque
1867 2890 1927 2932 ut
1956 2878 2113 2934 nobis

541 2965 730 3020 pacem
783 2955 1065 3023 preceris,
1105 2963 1267 3025 atque
1316 2955 1481 3029 336
1539 2960 1606 3012 ab
1651 2960 1905 3016 omnibus
1954 2959 2111 3017 malis

542 3041 845 3099 incolumes
869 3059 1173 3101 serventur.
1209 3046 1431 3105 Barsika
1460 3050 1644 3117 igitur,
1677 3052 1914 3122 acceptis
1943 3052 2111 3123 impe-

2281 1970 2452 2025 Porro
2498 1976 2745 2037 tempore
2791 1964 3042 2020 Othmani
3076 1961 3191 2016 Ebn
3230 1958 3403 2014 Afrani
3445 1959 3592 2010 misit
3629 1954 3767 2007 Con-

2210 2063 2491 2120 stantinus
2544 2060 2844 2129 imperator
2912 2069 3130 2112 servum
3180 2053 3469 2122 quemdam
3548 2048 3775 2101 nomine

2208 2152 2511 2209 Manuelem
2560 2149 2909 2214 eunuchum,
2968 2161 3093 2201 cum
3139 2142 3384 2199 exercitu
3438 2139 3641 2211 ingenti
3679 2153 3775 2208 per

2209 2259 2380 2307 mare,
2417 2241 2511 2313 qui
2552 2240 2935 2296 Alexandriam
2968 2239 3131 2307 cepit.
3162 2233 3395 2302 Fuitque
3428 2246 3495 2287 eo
3518 2240 3763 2299 tempore

2210 2340 2265 2394 in
2309 2335 2541 2407 [Egypto
2575 2335 2777 2389 Anirus
2824 2331 2997 2389 Ebnol
3037 2328 3154 2385 Asi.
3188 2328 3389 2383 Contra
3425 2325 3603 2394 ipsum
3634 2336 3760 2389 ergo

2211 2428 2491 2500 profectus
2531 2426 2730 2479 Amrus
2769 2437 2876 2478 una
2911 2436 3031 2475 cum
3081 2417 3243 2474 Mesri
3297 2415 3492 2471 incolis
3535 2413 3765 2483 Coptitis

2216 2523 2472 2593 aliisque.
2525 2518 2822 2573 comitante
2855 2512 3018 2584 3A0
3056 2511 3219 2567 etiam
3266 2504 3647 2562 Autokaukaso
3680 2502 3769 2573 qui

2214 2615 2363 2685 ipsos
2391 2611 2615 2683 opibus,
2647 2606 2906 2676 hospitio,
2951 2612 3007 2658 et
3044 2602 3242 2658 viatico
3277 2597 3562 2661 instruxit,
3592 2610 3766 2666 pugna

2214 2707 2362 2778 ipsos
2399 2702 2550 2774 gravi
2575 2699 2791 2770 excepit
2816 2698 2883 2753 ad
2915 2707 3127 2767 portam
3156 2688 3498 2747 Alexandriae
3524 2704 3537 2750 ;
3567 2703 3685 2756 qua:
3717 2693 3769 2740 et

2212 2813 2307 2870 per
2336 2796 2454 2853 dies
2485 2795 2693 2864 aliquot
2717 2791 3031 2847 continuata
3050 2797 3166 2851 est;
3195 2787 3317 2842 dein
3349 2785 3403 2839 in
3434 2782 3615 2851 fugam
3640 2796 3765 2835 cou-

2213 2906 2405 2948 vcrsus
2428 2896 2511 2944 est
2536 2885 2748 2941 Manuel
2766 2876 3048 2939 eunuchus
3070 2894 3193 2936 cum
3229 2877 3483 2933 omnibus
3521 2874 3612 2944 qui
3646 2889 3761 2927 cum

2215 2987 2333 3056 ipso
2356 2985 2569 3037 fuerant
2591 2976 2871 3041 Romanis,
2893 2975 2985 3045 qui
3003 2972 3321 3028 conscensis
3349 2968 3584 3022 navibus
3631 2968 3767 3019 Con-

2214 3072 2623 3143 stantinopolim
2654 3068 2853 3124 reversi
2899 3075 3047 3120 sunt.
3080 3064 3276 3119 Diebus
3317 3061 3482 3116 etiam
3515 3057 3764 3113 Othmaui

545 3133 746 3233 ratoris
769 3133 1113 3233 Constantini
1148 3140 1364 3233 litteris,
1397 3156 1522 3196 cum
1542 3140 1611 3198 iis
1635 3142 1910 3213 profectus
1931 3153 2016 3200 est
2041 3145 2106 3201 ad
2137 3178 2177 3233 ε
2214 3170 2328 3225 Eb"
2349 3133 2525 3223 Αθηεήί
2548 3172 2713 3233 capta
2732 3168 2859 3217 εωιι
2883 3157 3086 3220 Africa,
3110 3154 3363 3210 Armenia
3383 3160 3436 3207 et
3456 3152 3759 3206 Chor-asan-

541 3222 809 3281 Joanuem
839 3230 1208 3299 patriarcham
1240 3230 1568 3298 Romanum,
1602 3234 1669 3290 ad
1712 3234 1871 3306 cujus
1899 3236 2108 3290 litteras

541 3332 869 3403 responsum
893 3322 1272 3380 continebant.
1308 3325 1375 3380 At
1406 3341 1530 3382 cum
1562 3324 1789 3382 Romam
1817 3326 2111 3396 appelleret

546 3410 757 3467 invenit
785 3412 1053 3472 Joannem
1085 3417 1455 3489 patriarcham
1490 3428 1766 3474 mortuum
1793 3436 1932 3474 esse.
1984 3420 2111 3475 l’ost

543 3517 703 3574 quem
732 3505 872 3559 sedit
897 3508 981 3561 vir
1003 3508 1224 3577 quidam
1244 3508 1493 3578 egregius
1520 3509 1740 3564 nomine
1767 3508 2107 3575 Theodorus,

542 3597 610 3652 ad
642 3610 805 3668 quem
860 3600 1127 3657 accedens
1178 3602 1420 3665 Barsika,
1476 3603 1763 3659 certiorem
1816 3620 1940 3659 eum
1988 3604 2114 3660 fecit

544 3688 677 3757 quid
709 3689 811 3760 ipsi
846 3689 1078 3747 dixisset
1107 3691 1430 3762 imperator,
1466 3708 1741 3764 quamque
1769 3696 2111 3752 orthodoxus

543 3787 729 3847 esset,
785 3795 1003 3853 unaque
1050 3783 1152 3854 ipsi
1222 3784 1433 3843 litteras
1486 3786 1709 3843 tradidit
1763 3788 2109 3858 imperatoris

541 3871 886 3928 Constantini
920 3874 987 3930 ad
1032 3876 1316 3946 epistolam
1356 3879 1603 3945 Joannis,
1632 3895 1795 3951 quam
1843 3881 1910 3936 ad
1942 3882 2113 3951 impe-

541 3974 759 4021 ratores
809 3966 1131 4037 seripserat,
1178 3971 1555 4039 responsorias
1608 3989 1622 4024 :
1676 3989 1812 4043 quas
1859 3983 2110 4043 acceptas

544 4060 677 4130 tegit
706 4054 1028 4117 Theodorus
1063 4063 1400 4133 patriarcha,
1437 4073 1491 4119 et
1522 4065 1900 4123 orthodoxiam
1933 4067 2110 4138 ipsius

543 4154 776 4207 miratus
821 4164 1147 4223 responsum
1196 4153 1265 4210 ad
1315 4154 1460 4225 ipsas
1507 4156 1610 4211 hoc
1656 4160 1815 4213 modo
1841 4160 2106 4225 scripsit:

540 4240 621 4296 Ad
647 4242 1068 4299 Constantinum
1108 4244 1488 4316 imperatorem
1532 4248 1654 4302 tidei
1691 4248 1919 4304 sincera:
1962 4248 2112 4320 [pro-

540 4332 834 4407 frss‘orem}
860 4336 1080 4391 unicum
1104 4353 1122 4392 :
1146 4351 1175 4391 a
1196 4334 1485 4394 Theodoro
1506 4339 1816 4409 patriarcha
1840 4339 2105 4397 Romano.

539 4425 895 4485 Gratlflcatus
923 4437 1008 4485 est
1033 4429 1196 4486 nobis
1226 4429 1490 4486 Dominus
1540 4430 1693 4487 Deus
1730 4434 2072 4499 omnipotens
2091 4474 2105 4498 ,

2212 3260 2432 3318 Praefuit
2465 3258 2750 3318 Datnaseo,
2786 3251 3002 3307 nomine
3026 3246 3332 3308 Othmanis,
3364 3244 3617 3299 Moawias
3656 3240 3763 3293 Ebu

2212 3356 2329 3425 Ahy
2361 3352 2587 3424 Sofyan.
2618 3346 2878 3402 Moawias
2908 3345 3010 3398 iste
3033 3357 3156 3395 cum
3185 3339 3342 3410 Cypri
3369 3337 3558 3392 incolis
3593 3332 3770 3387 fcedns

2213 3446 2415 3519 pepigit
2463 3457 2607 3497 anno
2654 3439 2830 3495 lleirae
2860 3434 3120 3491 vicesimo
3169 3439 3386 3495 octavo,
3431 3428 3583 3495 idque
3624 3440 3774 3477 anno

2211 3538 2505 3594 chalifatus
2543 3532 2802 3589 Othmani
2844 3537 3062 3599 quarto,
3108 3524 3319 3580 tributo
3369 3533 3655 3575 aureorntu
3691 3533 3769 3570 sc-

2213 3631 2352 3699 pties
2380 3626 2530 3681 mille
2564 3625 2926 3679 ducentorum
2964 3616 3256 3689 quotannis
3287 3615 3355 3669 ab
3399 3612 3531 3683 ipsis
3567 3611 3619 3663 in
3641 3624 3770 3677 per-

2215 3732 2438 3791 petuum
2464 3714 2800 3772 Mosleminis
2834 3711 3143 3781 pandendo,
3177 3722 3241 3762 ac
3274 3716 3423 3760 tanto
3470 3704 3635 3757 etiam
3666 3700 3771 3753 Ro-

2216 3826 2504 3869 manorum
2538 3806 2881 3881 imperatori.
2905 3802 3078 3859 Porro
3105 3798 3323 3871 collegit
3357 3794 3593 3854 Othman
3620 3791 3776 3849 Atho-

2214 3921 2431 3968 raunm,
2460 3904 2620 3971 longa
2664 3901 2866 3971 longis,
2900 3898 3084 3954 brevia
3117 3892 3373 3949 brevibus
3396 3900 3731 3954 componens
3758 3900 3771 3935 :

2214 4009 2379 4069 atque
2427 3997 2532 4052 hoc
2565 3994 2719 4048 libris
2749 4000 2959 4061 septem
3004 3988 3153 4051 fecit,
3185 3983 3406 4040 abolitis
3434 3979 3651 4035 caeteris
3683 3994 3777 4030 an-

2212 4105 2282 4143 no
2320 4087 2493 4142 lleira:
2530 4085 2808 4140 tricesimo
2840 4079 3102 4136 secundo.
3149 4076 3282 4132 Dein
3332 4070 3777 4129 discordantibus

2210 4195 2333 4234 cum
2382 4179 2502 4249 ipso
2539 4175 2851 4231 hominibus
2883 4170 3206 4227 interfectus
3237 4176 3323 4223 est
3368 4167 3600 4218 Othman
3655 4157 3773 4249 Elin

2211 4243 2420 4324 Mlani:
2457 4265 2862 4322 lnterfecerunt
2905 4263 3081 4332 ipsum
3128 4254 3466 4315 Mahommeil
3511 4254 3625 4308 Ebn
3667 4243 3771 4303 Alii

2211 4361 2367 4415 Beeri
2397 4360 2624 4412 Ammar
2650 4354 2766 4409 Ebn
2798 4352 3014 4417 Yaseri,
3042 4359 3096 4406 et
3126 4350 3346 4405 Canana
3376 4344 3491 4399 Ebn
3526 4341 3778 4403 Bashari,

2209 4452 2299 4505 die
2340 4449 2424 4504 Dil
2456 4446 2626 4518 Hajjae
2680 4453 2873 4500 octavo
2924 4443 3028 4511 (vel
3065 4441 3364 4497 secundum
3407 4436 3551 4492 aliud
3593 4450 3781 4487 exem-

538 4518 631 4588 qui
668 4516 965 4577 Ecclesiam
998 4536 1150 4576 suam
1183 4522 1555 4578 moderamine
1591 4524 1972 4580 misericordiae
1998 4540 2104 4580 sum

2217 4543 2354 4612 plar,
2379 4516 2592 4595 decimo
2612 4538 2826 4606 octavo)
2850 4553 2864 4601 ;
2894 4552 3036 4590 anno
3060 4533 3236 4589 Hcira:
3262 4533 3538 4588 tricesimo
3561 4530 3780 4599 quinto,

540 4610 765 4679 respicit
810 4611 867 4665 in
906 4612 1106 4676 pietate
1139 4618 1276 4679 tua,
1323 4612 1582 4681 deditque
1638 4615 1798 4670 nobis
1842 4616 2020 4671 locum
2060 4624 2112 4672 te

538 4699 851 4770 alloquendi
885 4714 1010 4754 cum
1044 4699 1240 4770 gaudio
1278 4710 1333 4757 et
1381 4702 1676 4768 hilaritate,
1723 4718 1832 4775 quo
1883 4705 2108 4773 gratiam

540 4791 683 4846 hanc
733 4791 912 4861 palam
963 4791 1252 4849 faciamus.
1306 4792 1411 4849 Vos
1459 4794 1727 4864 siquidem
1785 4804 2107 4865 potestatem

543 4894 782 4939 vestram
816 4882 1106 4955 accepistis
1142 4886 1260 4941 vice
1291 4886 1670 4957 apostolorum
1706 4897 2018 4943 sanctorum
2051 4897 2109 4942 ut

540 4975 702 5031 fidem
734 4977 1097 5034 Orthodoxam
1128 4981 1504 5050 propugnetis,
1551 4991 1605 5035 et
1651 4980 1968 5052 religionem
2010 4997 2107 5036 ve-

540 5084 655 5125 ram
688 5068 1051 5127 mauifestetis
1079 5086 1235 5126 anon
1266 5086 1326 5126 ut
1357 5052 1660 5137 Heraciius,
1695 5074 1787 5141 qui
1819 5071 1888 5127 ob
1919 5072 2107 5126 intide-

538 5163 744 5218 litatem
776 5177 934 5219 suam
959 5164 1214 5234 quodque
1244 5165 1526 5220 veritatem
1560 5164 1886 5226 deseruerit,
1908 5166 2106 5235 dignus

538 5270 647 5309 non
679 5263 763 5310 est
795 5254 887 5325 qui
921 5270 1015 5311 rex
1041 5256 1377 5326 appelletur;
1408 5272 1506 5312 nec
1540 5266 1597 5312 ut
1632 5256 1879 5328 Sergius,
1922 5254 2105 5311 Hono-

538 5349 676 5414 rius,
711 5346 933 5411 Paulus,
967 5355 1024 5403 et
1058 5346 1255 5403 Petrus
1285 5349 1614 5418 patriarcha:
1642 5347 2106 5417 Constantinopo-

535 5438 713 5502 litani,
775 5438 1134 5511 337339
1180 5440 1275 5510 qui
1334 5440 1549 5494 veritati
1606 5440 2102 5505 contradixerunt,

535 5538 703 5599 atque
731 5534 1076 5589 anathemate
1107 5536 1252 5605 digni
1290 5543 1451 5599 sunt,
1495 5534 1699 5606 quique
1735 5536 1803 5591 de
1843 5538 2103 5592 Ecclesiae

536 5620 707 5687 gradu
755 5623 1083 5691 dejiciantur
1127 5628 1196 5682 oh
1235 5629 1634 5683 sententiarum
1681 5644 1902 5684 suarum
1954 5629 2102 5683 falsi-

538 5718 729 5776 tatem,
766 5728 971 5785 eosque
1002 5732 1141 5789 quos
1186 5719 1241 5774 in
1284 5718 1565 5775 hominum
1595 5718 1853 5794 [animas]
1896 5722 2096 5790 injcce-

537 5810 668 5858 runt
718 5807 1157 5897 scrupulosn'l'u
1208 5820 1428 5882 autem,
1480 5812 1926 5883 praestantissime
1978 5830 2090 5885 rcx,

2214 4643 2389 4685 annos
2417 4637 2530 4682 tum
2555 4638 2738 4680 natum
2777 4625 3057 4694 oct0ginta
3094 4624 3266 4688 duos;
3302 4638 3397 4691 per
3427 4618 3663 4674 triduum
3698 4618 3783 4672 in-

2213 4721 2462 4793 sepultus
2506 4719 2727 4772 mansit.
2779 4716 2905 4772 Fuit
2960 4712 3226 4788 [staturae]
3284 4713 3585 4784 quadratae,
3639 4709 3784 4764 facie

2217 4812 2445 4884 pulchra
2468 4853 2483 4877 ,
2515 4811 2720 4875 fuscus,
2762 4809 2928 4864 barba
2955 4808 3131 4877 ampla
3165 4820 3327 4877 quam
3353 4804 3610 4874 plicabat,
3642 4805 3785 4855 deu—

2216 4920 2295 4960 tes
2334 4918 2472 4959 auro
2505 4900 2938 4972 eonstringebat.
2980 4898 3282 4954 Plurimum
3345 4911 3469 4950 eum
3499 4909 3564 4947 co
3604 4894 3786 4961 potuit

2207 4993 2559 5067 351-343
2593 4992 2827 5047 Merwau
2853 4993 2969 5046 Ebn
3000 4989 3238 5056 llaeem;
3273 4987 3517 5056 sepultus
3554 4994 3641 5039 est
3669 4981 3785 5035 Me-

2211 5085 2353 5138 dinae
2384 5082 2505 5137 loco
2539 5080 2687 5135 dicto
2727 5078 2876 5135 lasar
2916 5078 3141 5135 Caucab
3182 5075 3349 5149 [pons
3376 5072 3570 5145 stellae]
3608 5089 3624 5126 :
3670 5072 3785 5128 Sa-

2210 5175 2438 5228 tellitum
2487 5175 2741 5246 princeps
2790 5174 2893 5244 ipsi
2951 5171 3055 5228 fuit
3093 5170 3362 5226 Abdallah
3410 5167 3523 5221 Ebn
3588 5162 3787 5218 Phahd

2212 5268 2558 5325 Adawensis.
2584 5267 2823 5333 Janitor,
2868 5264 3189 5320 Hamdanus
3217 5261 3394 5332 ipsius
3418 5272 3634 5314 servus.

2518 5358 2822 5427 Chalifatus
2853 5358 2967 5413 Alis
2994 5355 3110 5411 Ebn
3134 5354 3233 5409 Abi
3264 5352 3457 5407 Talebi.

2276 5450 2610 5507 Chalifatutn
2662 5462 2784 5522 post
2813 5450 3143 5506 Othmanum
3185 5446 3421 5501 obtinuit
3452 5443 3533 5496 Ali
3558 5439 3673 5495 Ehn
3710 5438 3794 5493 Ab

2201 5542 2411 5607 Talehi,
2465 5542 2601 5613 (Ebn
2635 5542 2793 5597 Alrdil
2835 5541 3128 5605 Motallabi,
3161 5538 3277 5592 Elin
3310 5534 3589 5597 llasltemi,
3644 5531 3795 5592 Ebni

2201 5635 2361 5689 Αίιὸῑι
2414 5633 2698 5703 Manaphi;
2734 5634 2820 5687 cui
2863 5643 3033 5687 mater
3075 5631 3371 5687 Phatcmah
3436 5630 3544 5682 tilia
3589 5628 3795 5691 Asadi,

2200 5727 2317 5781 Ebn
2388 5725 2667 5791 llashemi,
2732 5725 2847 5781 Ebn
2908 5725 3068 5779 Abdil
3124 5722 3404 5793 Manaphi)
3455 5735 3642 5775 mense
3699 5716 3797 5773 Dil

2201 5818 2365 5889 llajjae
2392 5818 2517 5874 anni
2560 5816 2737 5876 lleirae
2765 5818 3025 5876 tricesimi
3052 5820 3254 5887 quinti,
3288 5818 3448 5881 idque
3483 5830 3628 5872 anno
3669 5814 3799 5872 iiu-
