4014 6218
330 368 455 431 1113

1758 371 2125 437 ANNALES.

3456 365 3587 429 1114

326 483 449 551 perii
478 480 819 536 Constantini
855 479 948 534 lilii
987 479 1339 535 Constantini
1373 489 1589 551 quarto.
1626 480 1880 537 Profecto
1924 490 1968 546 Α
2004 488 2164 542 istius
2214 486 2501 542 sententi-.2
2551 502 2669 552 qua:
2697 482 2957 539 Ecclesia:
3001 481 3273 536 contraria
3327 490 3496 542 esset.
3534 492 3587 533 et

325 584 384 625 co
411 569 629 625 Basram
662 569 761 623 fuit
786 570 1027 640 prmlium
1051 570 1254 626 Cameli
1283 588 1299 639 ;
1322 572 1515 627 deinde
1542 588 1666 627 cum
1698 571 1891 627 Cufam

324 660 578 729 peteusiu
613 660 824 731 Syriam
858 662 1127 728 tenderet,
1151 664 1505 719 commissum
1532 672 1616 717 est
1650 664 1893 733 praelium

323 753 686 807 Choruziense
714 754 767 806 in
810 754 1139 808 Nabrawan.
1196 753 1332 809 Dein
1363 754 1552 810 Cufam
1590 755 1767 819 rediit,
1797 756 1890 810 ubi

324 842 492 909 ipsum
521 841 797 896 interfecit
826 844 1237 898 Abdorrahmau
1276 845 1393 899 Ehn
1436 844 1674 898 Mimanti
1712 846 1895 900 Alma-

323 931 611 997 zadiensis,
642 931 830 987 decem
877 943 1006 990 ante
1052 934 1265 988 finitum
1321 950 1566 990 mensem
1629 935 1896 988 ltaiuada-

324 1038 444 1076 num
475 1022 692 1087 diebus,
725 1040 869 1079 anno
904 1024 1084 1079 lleira:
1109 1025 1563 1095 quadragesimo.
1594 1025 1723 1079 Erat
1770 1041 1892 1079 cum

322 1114 659 1169 occideretur
690 1129 962 1170 annorum
997 1117 1284 1185 sexaginta
1332 1118 1523 1172 trium.
1568 1116 1757 1172 Oravit
1796 1130 1893 1181 pro

325 1206 435 1272 ipso
466 1205 608 1261 ﬁlius
632 1207 806 1277 ipsius
845 1206 1047 1262 Hasan.
1084 1208 1208 1263 Fuit
1238 1209 1533 1264 chalifatns
1563 1210 1735 1279 ipsius
1796 1224 1894 1261 an-

322 1310 512 1349 norum
565 1307 805 1366 quatuor
836 1307 890 1352 et
929 1298 1116 1353 decem
1169 1301 1464 1354 mensium.
1508 1299 1721 1354 Fuscus
1770 1299 1892 1363 fuit,

320 1388 879 1458 ventrelprominentc,
902 1390 1069 1444 barba
1090 1391 1359 1459 promissa
1379 1391 1515 1446 adeo
1535 1400 1779 1445 uttotum
1794 1389 1895 1459 ipsi

323 1488 508 1547 pectus
531 1478 791 1548 operiret.
821 1478 1093 1534 Canitiem
1116 1496 1270 1535 suam
1294 1496 1401 1535 non
1430 1480 1895 1548 mutabat.Sepul-

324 1578 404 1625 tus
431 1579 515 1625 est
533 1570 584 1625 in
612 1569 902 1643 Carriyan,
930 1573 1012 1627 vel
1032 1573 1332 1628 secundum
1360 1572 1651 1627 nonnullos
1674 1574 1729 1624 in
1752 1569 1896 1623 Tha-

322 1662 481 1716 wiah.
505 1660 929 1720 Coutroversum
962 1666 1107 1720 enim
1130 1676 1217 1721 est
1245 1666 1312 1720 de
1338 1667 1458 1719 loco
1486 1665 1785 1735 sepultura:
1813 1663 1896 1731 ip-

324 1753 456 1808 sius.
478 1752 786 1809 Satellitum
807 1755 909 1826 ipsi
931 1756 1224 1827 prmfectus
1258 1756 1422 1828 344
1445 1756 1545 1810 fuit
1564 1755 1751 1809 Maaka
1778 1752 1893 1807 Ebn

2001 580 2131 647 quid
2181 579 2397 633 initium
2458 580 2559 647 ipsi
2610 577 2876 634 dederat:
2914 586 2975 629 ut
3012 574 3065 627 in
3095 573 3324 627 concilio
3365 570 3588 625 Patrum

1998 681 2311 726 sanctorum
2343 673 2629 725 anathema
2680 670 2954 724 diceretur
2985 668 3038 721 in
3073 665 3225 720 illum
3270 664 3364 732 qui
3405 679 3470 716 eo
3507 664 3592 716 di-

1999 775 2139 826 gnus
2169 768 2334 815 esset.
2386 758 2715 813 Pervenicns
2758 767 2938 811 autem
2982 757 3192 824 legatus
3243 752 3591 821 imperatoris

1999 849 2249 913 Ruinam,
2292 850 2557 921 Diyanum
2603 850 2807 903 obiisse
2856 848 3082 917 reperit.
3114 844 3178 898 Et
3218 843 3589 913 patriarcham

2003 952 2121 1009 post
2157 943 2330 1010 ipsum
2384 942 2572 995 Roma:
2605 943 2960 996 constitutum
2995 954 3119 993 esse
3147 938 3412 1007 Agabium
3454 954 3467 989 :
3501 933 3591 988 cui

2001 1048 2125 1087 cum
2157 1033 2367 1087 litteras
2398 1032 2738 1096 tradidisset,
2763 1032 2929 1103 3&8
2958 1031 3047 1085 ille
3074 1039 3339 1100 quotquot
3364 1026 3594 1079 aderant

2000 1114 2289 1189 episc0pos
2316 1119 2661 1183 convocavit,
2687 1121 2780 1188 qui
2814 1133 3043 1172 numero
3066 1125 3224 1171 erant
3252 1124 3471 1169 centum
3504 1114 3586 1165 vi-

2000 1209 2136 1278 ginti
2166 1220 2421 1277 quatuor,
2464 1224 2587 1263 cum
2628 1208 2806 1263 tribus
2838 1206 3109 1271 diaconis,
3155 1221 3221 1259 ex
3269 1204 3335 1258 iis
3375 1202 3467 1272 qui
3520 1202 3586 1254 ad

1998 1301 2171 1354 altare
2198 1300 2374 1369 ipsius
2404 1300 2895 1365 communicarent,
2942 1313 3153 1368 eosque
3197 1313 3306 1359 una
3341 1311 3462 1349 cum
3503 1297 3588 1349 le~

2000 1390 2142 1459 gatis
2174 1389 2528 1457 imperatoris
2562 1388 2731 1443 misit.
2769 1388 2902 1441 Cum
2940 1404 3073 1456 ergo
3115 1386 3587 1454 Constantinopo-

2002 1480 2093 1533 lim
2143 1480 2518 1547 pervenissent
2558 1479 2822 1549 episcopi,
2853 1479 2919 1533 ad
2953 1479 3372 1534 Constantinum
3416 1478 3586 1545 impe-

2000 1580 2235 1624 ratorem
2279 1571 2536 1640 ingressi,
2590 1570 2695 1638 ipsi
2747 1570 2979 1625 salutem
3035 1583 3099 1623 ac
3150 1568 3585 1623 benedictionem

1998 1662 2332 1732 comprecati
2392 1671 2542 1717 sunt.
2594 1663 2989 1717 Constantinus
3047 1672 3229 1716 autem
3286 1662 3587 1729 imperator

2000 1758 2288 1827 episcopos
2322 1764 2538 1812 centum
2574 1757 2855 1826 sexaginta
2888 1766 3011 1813 octo
3042 1757 3390 1820 convocavit,
3428 1756 3497 1808 ita
3532 1766 3589 1807 ut

334 1843 451 1897 Kisi
479 1844 544 1897 Al
566 1843 911 1913 Zabajensis.
952 1847 1188 1914 Janitor,
1225 1847 1447 1902 Kanbar
1474 1862 1670 1902 servus
1699 1846 1894 1914 ipsius.
1932 1830 1971 1885 Β
1997 1849 2109 1918 jam
2144 1862 2370 1902 numero
2399 1856 2587 1903 essent
2615 1848 2839 1902 ducenti
2877 1848 3171 1917 nonaginta
3205 1847 3335 1909 duo,
3366 1854 3421 1899 at
3450 1845 3591 1913 reje-

612 1933 915 2003 Cltalifatus
958 1936 1195 1991 Moawia’
1226 1938 1326 1991 Abi
1363 1938 1589 2007 Sofyau.

388 2017 673 2077 Profectus
734 2022 994 2079 Moawias
1035 2023 1152 2081 Ebn
1210 2027 1313 2082 Abi
1368 2026 1569 2099 Sofyan
1634 2027 1898 2085 Damasco

321 2108 576 2177 Eraltuut,
599 2112 672 2167 ibi
698 2116 1309 2185 praestitisjuramentis
1327 2119 1525 2174 chalifa
1549 2122 1895 2177 renuntiatus

316 2210 430 2268 est;
465 2218 665 2259 nomen
698 2205 798 2275 ipsi
834 2205 937 2262 fuit
967 2207 1141 2263 Sachr
1168 2208 1283 2264 Ebn
1314 2209 1478 2265 llarbi
1512 2210 1626 2266 Ebn
1658 2209 1891 2267 Ommias

318 2292 431 2345 lihn
480 2297 615 2349 Ahdi
657 2295 910 2363 Shemsi;
954 2308 1129 2353 mater
1158 2300 1331 2368 ipsius
1362 2302 1551 2357 lienda
1600 2304 1708 2358 (ilia
1739 2304 1894 2360 Atbae

320 2376 434 2431 Ebu
488 2378 695 2449 Rabia‘,
748 2381 863 2436 Ehn
909 2385 1023 2437 Ahd
1099 2383 1341 2440 Shamsi.
1403 2386 1763 2456 lnauguratus
1819 2402 1904 2446 est

298 2484 507 2555 .mense
551 2469 739 2527 ltabiaa
778 2473 999 2542 prioris,
1047 2490 1193 2529 anno
1243 2476 1417 2532 Heirae
1483 2480 1902 2552 quadragesimo

319 2563 516 2630 primo,
545 2563 635 2633 qui
678 2566 779 2621 fuit
804 2566 1015 2636 imperii
1040 2566 1391 2625 Constantini
1428 2571 1523 2626 filii
1552 2573 1902 2631 Constantini

317 2651 658 2721 imperatoris
707 2652 1078 2713 Romanorum
1124 2659 1411 2729 decimus;
1460 2663 1681 2733 praefuit
1725 2681 1901 2721 annos

316 2747 689 2802 novemdecim
732 2755 786 2803 et
812 2749 1051 2819 quinque
1090 2766 1329 2808 menses.
1385 2756 1543 2809 Anno
1580 2754 1896 2813 Chalifatus

315 2838 435 2903 ejus
479 2841 719 2893 secundo
766 2841 1095 2897 constitutus
1135 2853 1217 2898 est
1255 2843 1525 2916 Georgius
1576 2850 1890 2918 patriarcha

320 2929 962 3001 Coustautinopolitanus
994 2950 1007 2987 :
1038 2935 1131 3004 qui
1162 2949 1337 2991 annos
1363 2936 1549 2992 decem
1574 2938 1742 3004 sedit,
1767 2939 1893 2995 dein

315 3030 566 3075 mortuus
586 3032 688 3077 est.
714 3021 845 3092 Ejus
861 3023 1193 3094 praafecmrae
1217 3041 1363 3081 anno
1382 3029 1625 3084 secundo
1642 3028 1746 3083 fuit
1766 3044 1896 3084 cou-

312 3113 501 3165 cilium
534 3122 770 3180 sextum,
803 3114 1011 3186 fuitque
1056 3126 1169 3171 tum
1195 3116 1385 3173 Reum
1417 3120 1728 3188 patriarcha
1754 3120 1897 3174 Mar-

312 3206 481 3260 tinus.
535 3205 847 3263 Occidentis
894 3219 1075 3264 autem
1126 3209 1420 3278 praefectus
1475 3212 1695 3267 nomine
1747 3212 1893 3268 Con-

319 3297 547 3352 stantini
582 3299 929 3369 imperatoris
949 3311 1069 3356 erat
1089 3303 1311 3372 quidam
1349 3305 1570 3359 nomine
1596 3305 1893 3370 Constans,

311 3391 400 3459 qui
460 3406 584 3446 cum
633 3390 902 3447 Maronita
947 3406 1115 3460 esset,
1176 3395 1469 3451 Martinum
1524 3399 1891 3467 patriarcham

309 3482 616 3537 Romanum
632 3483 800 3553 jussit
820 3485 1064 3541 eamdem
1086 3487 1333 3557 proﬁteri
1363 3489 1715 3556 sententiam;
1737 3505 1896 3545 cum--

309 3589 416 3644 que
442 3576 630 3639 nollet,
665 3575 846 3645 ipsum
876 3578 946 3634 ad
982 3580 1171 3635 urbem
1206 3583 1503 3650 quamdam
1539 3583 1893 3653 longinquam

311 3668 589 3739 relegavit.
664 3666 797 3725 Erat
856 3680 1036 3725 autem
1092 3680 1225 3728 tunc
1277 3675 1537 3743 temporis
1593 3676 1896 3729 monachus

308 3759 528 3827 quidam
548 3769 772 3817 sanctus
804 3763 1027 3818 nomine
1052 3762 1340 3829 Maximus,
1366 3764 1453 3818 cui
1477 3764 1586 3819 duo
1606 3775 1762 3820 erant
1785 3766 1899 3820 dis-

310 3854 500 3924 cipuli.
522 3853 617 3912 Hic
632 3857 698 3911 ad
715 3856 1072 3913 Constantem
1097 3857 1407 3917 nrazfectum
1435 3858 1701 3911 accedens
1719 3858 1897 3926 ipsum

310 3952 381 4005 ob
408 3950 693 4007 sententia:
744 3965 856 4006 suae
882 3961 934 4005 et
960 3950 1142 4005 cultus
1170 3950 1508 4018 pravitatem,
1543 3948 1899 4021 355-357

313 4042 728 4098 heterodoxiam
754 4052 918 4112 atque
941 4056 1158 4112 gravem
1184 4042 1554 4100 infidelitatem
1590 4043 1891 4109 redarguit.

313 4133 487 4191 Jussit
518 4150 647 4206 ergo
681 4134 955 4191 Constans
977 4134 1212 4189 Maximo
1244 4148 1443 4188 manus
1476 4148 1539 4188 ac
1576 4134 1742 4203 pedes
1777 4148 1896 4188 am-

311 4224 515 4294 putari,
550 4224 896 4295 linguamque
930 4226 1163 4291 extrahi,
1204 4236 1368 4295 atque
1398 4227 1579 4296 ipsum
1621 4227 1673 4282 in
1717 4229 1895 4283 locum

308 4317 667 4386 longinquum
715 4318 1002 4386 ablegavit.
1051 4315 1227 4373 Jussit
1270 4319 1434 4373 etiam
1488 4319 1891 4389 discipulorum

309 4406 482 4474 ipsius
528 4407 759 4461 alterum
798 4408 1083 4476 prehendi,
1117 4408 1370 4479 idemque
1412 4409 1516 4478 ipsi
1557 4409 1673 4464 ﬁeri
1708 4425 1723 4464 :
1757 4409 1894 4464 alter

2003 1941 2105 1993 clis
2140 1940 2315 1995 tribus
2363 1938 2632 2004 diaconis,
2664 1938 2755 2007 qui
2793 1939 2861 1992 ab
2892 1939 3100 2009 Agabio
3132 1937 3437 2006 patriarcha
3478 1936 3590 1988 Ro.

2004 2046 2168 2086 mano
2208 2031 2365 2086 missi
2409 2030 2649 2094 fuerant,
2704 2039 3030 2084 manserunt
3080 2029 3317 2098 episcopi
3369 2030 3589 2083 ducenti

2000 2124 2274 2192 octoginta
2314 2137 2507 2177 novem
2538 2138 2553 2176 :
2586 2130 2755 2191 atque
2787 2121 2861 2174 ita
2896 2121 2949 2175 111
3004 2121 3268 2191 diptycho
3299 2117 3595 2176 recensenJ

2004 2223 2109 2268 tur.
2144 2212 2391 2268 Bouitate
2416 2228 2549 2283 ergo
2590 2212 2780 2267 auxilii
2814 2212 3009 2273 divini,
3042 2227 3105 2266 ac
3152 2212 3591 2265 mansuetudinis

2002 2299 2348 2355 Constantini
2376 2300 2721 2369 imperatoris
2750 2300 2923 2355 fidelis
2942 2302 3281 2367 praestantia,
3306 2312 3583 2371 peractum

2004 2401 2087 2447 est
2118 2395 2221 2448 hoc
2249 2394 2522 2463 negotium
2556 2409 2665 2461 quo
2708 2392 2762 2447 in
2798 2394 2961 2446 unius
3002 2394 3303 2447 voluntatis
3345 2401 3588 2449 asserto-

2006 2501 2093 2538 tes
2145 2494 2416 2539 statutum
2450 2494 2555 2549 est,
2586 2500 2726 2553 quos
2768 2484 3112 2539 anathemate
3146 2492 3538 2554 percusserunt
3573 2502 3589 2538 :

2006 2576 2213 2645 fuitque
2274 2574 2434 2642 hujus
2471 2576 2688 2629 concilii
2731 2576 2871 2630 sexti
2921 2591 3123 2644 praises
3180 2576 3448 2643 Georgius
3499 2591 3594 2645 pa-

2006 2670 2242 2723 triarcha
2280 2668 2945 2736 Constantinopolitanus,
2997 2677 3051 2722 et
3086 2668 3450 2737 Theophanes
3492 2684 3584 2738 pa-

2005 2763 2242 2815 triarcha
2279 2761 2656 2814 Antiochcuus
2687 2778 2699 2812 :
2736 2771 2922 2830 utpote
2946 2762 3038 2831 qui
3080 2762 3132 2813 in
3164 2762 3282 2830 ipso
3312 2763 3414 2816 hoc
3461 2776 3594 2814 con-

2001 2854 2127 2905 cilio
2152 2852 2459 2921 patriarcha
2493 2852 2843 2905 renuntiatus
2880 2860 2987 2917 est,
3022 2867 3144 2905 cum
3174 2851 3472 2914 Macarius,
3494 2852 3589 2921 qui

2000 2951 2126 2998 aute
2170 2944 2346 3013 ipsum
2410 2944 2534 3009 fuit,
2582 2943 2635 2997 in
2670 2958 2734 2998 eo
2764 2944 3117 2999 anathemate
3150 2960 3440 3013 percussus
3473 2954 3579 2999 est.

2004 3036 2346 3090 Alexandriae
2393 3044 2575 3091 autem
2608 3044 2662 3090 et
2695 3035 3089 3109 Hierosolymis
3118 3038 3426 3109 patriarcha
3459 3046 3591 3093 tunc

2007 3131 2263 3198 temporis
2290 3144 2401 3183 non
2427 3127 2547 3193 fuit,
2576 3136 2811 3201 utraque
2845 3129 2973 3184 sede
3003 3141 3254 3185 vacante.
3280 3130 3587 3183 Auathema

2009 3237 2138 3289 ergo
2154 3220 2413 3277 dixerunt
2432 3221 2484 3274 in
2509 3219 2829 3288 Macarium,
2866 3220 3237 3275 Macedonium
3261 3232 3315 3274 et
3332 3217 3589 3288 Chazjum

2000 3315 2341 3382 patriarchas
2388 3314 2757 3369 Antiochenos
2789 3353 2804 3376 ,
2863 3312 3313 3383 Stephauumque
3370 3309 3587 3364 Macarii

1998 3407 2325 3477 discipulum
2350 3425 2364 3473 ;
2411 3422 2511 3461 nec
2556 3422 2661 3459 non
2677 3406 2933 3477 Cyrrum,
2947 3417 3001 3461 et
3020 3408 3232 3460 Petrum
3253 3403 3590 3473 patriarchas

1998 3498 2419 3560 Alexandrinos,
2466 3497 2826 3568 359-351
2886 3504 2942 3551 et
2998 3494 3299 3549 Hortarium
3352 3493 3588 3564 patriar-

1998 3592 2158 3644 cham
2203 3588 2534 3656 Romanum,
2580 3588 3041 3659 Theodorumque
3092 3588 3346 3649 Paulum,
3378 3595 3433 3640 et
3488 3583 3589 3639 Pc-

2003 3698 2141 3737 trum
2175 3683 2513 3751 patriarchas
2544 3682 3194 3751 Constantinopolitanos
3229 3696 3243 3732 :
3283 3677 3585 3747 quinetiam

2003 3776 2056 3827 iu
2084 3773 2455 3835 Theodorum,
2487 3772 2684 3826 Paraui
2733 3773 3075 3843 episcopum.
3114 3780 3169 3825 et
3214 3769 3585 3824 llochronium

2004 3865 2098 3932 qui
2131 3861 2318 3915 Simon
2367 3861 3005 3932 Maguscognominatus
3029 3868 3136 3918 est.

2073 3950 2197 4006 Fuit
2271 3953 2359 4007 hic
2423 3952 2695 4021 siquidem
2784 3953 3045 4007 sacerdos
3122 3953 3293 4023 Syrus
3372 3951 3591 4006 hetero-

2002 4049 2204 4111 doxus,
2262 4046 2353 4116 qui
2386 4048 2694 4101 autumavit
2725 4044 3003 4102 Christum
3031 4047 3132 4115 ipsi
3168 4048 3221 4100 in
3258 4060 3456 4101 SOIIHIO
3480 4061 3582 4113 ap-

2008 4147 2288 4210 parentem
2318 4137 2620 4205 indicasse,
2650 4142 2883 4193 istorum
2930 4138 3020 4208 qui
3055 4151 3220 4190 unam
3246 4137 3586 4190 voluntatem

2010 4239 2326 4288 assererent
2350 4246 2532 4287 veram
2562 4246 2683 4287 esse
2730 4230 3088 4285 sententiam.
3127 4228 3592 4296 Constantinopo-

2007 4323 2098 4377 lim
2146 4339 2276 4394 ergo
2328 4322 2600 4379 accedens
2636 4333 2926 4393 postquam
2975 4327 3170 4374 contra
3222 4316 3591 4372 heterodoxos

2006 4419 2273 4465 statutum
2304 4418 2451 4466 esset
2476 4408 2785 4471 decretum,
2822 4407 2937 4461 haec
2968 4422 3200 4459 narrans
3236 4412 3465 4459 rimatus
3503 4411 3589 4457 est

264 4495 281 4509 ⁸
308 4499 488 4568 ﬂagris
515 4514 686 4555 CJBSUS
709 4509 794 4555 est
818 4515 833 4552 :
861 4499 984 4555 dein
1012 4510 1304 4569 utrumque
1336 4502 1387 4556 in
1420 4502 1599 4557 locum
1626 4502 1695 4556 ah
1712 4490 1892 4556 altero
1932 4518 1974 4571 ι)
2008 4502 2151 4556 tueri
2204 4500 2536 4556 sententiam
2609 4498 3133 4556 Monothelitarum;
3178 4511 3348 4564 quare
3408 4495 3590 4563 ipsum

310 4587 468 4658 longe
514 4599 781 4644 remotum
826 4591 1053 4660 expulit.
1100 4590 1349 4663 Cumque
1392 4592 1628 4649 Martino
1664 4594 1895 4663 patriar.

307 4683 445 4747 clue,
478 4697 541 4739 ac
585 4684 823 4739 Maximo
852 4686 1246 4755 discipulisque
1292 4687 1468 4758 ipsius
1516 4687 1728 4742 duobus
1785 4686 1890 4740 hoc

311 4775 523 4831 fecisset
577 4776 873 4843 Constans,
933 4776 1120 4833 Romae
1183 4778 1547 4848 patriarcham
1600 4776 1889 4833 constituit

308 4870 484 4923 virum
526 4870 814 4939 quemdam
862 4870 1121 4926 eximium
1172 4870 1393 4925 nomine
1429 4869 1719 4939 Diyauum.
1753 4868 1891 4922 Cum

308 4970 491 5014 autem
531 4961 733 5015 certior
775 4960 951 5017 factus
980 4970 1127 5018 esset
1151 4962 1544 5016 Constantinus
1590 4962 1891 5030 imperator

306 5047 482 5105 fidelis
537 5049 607 5104 de
630 5051 780 5104 obitu
802 5049 1075 5106 Theodori
1106 5050 1427 5119 patriarchae
1452 5048 1701 5113 Romani,
1726 5048 1887 5119 quid-

304 5155 412 5209 quo
444 5140 666 5197 fecisset
697 5141 969 5197 Constans
998 5139 1235 5195 Martino
1262 5141 1584 5210 patriarcha:
1616 5139 1888 5193 Maximo-

305 5249 409 5305 que
445 5235 715 5289 monacho
760 5243 811 5289 et
842 5234 1014 5304 ipsius
1057 5234 1367 5303 discipulis,
1413 5232 1886 5301 constitutumque

305 5341 428 5381 esse
473 5325 738 5396 Diyanum
794 5326 1158 5396 patriarcham
1208 5325 1535 5390 Romanum,
1569 5342 1709 5394 aegre
1762 5327 1876 5380 haec

304 5417 447 5480 tulit,
478 5418 808 5488 scripsitque
834 5418 899 5469 ad
941 5416 1119 5487 ipsum
1152 5416 1362 5471 litteras
1388 5432 1513 5470 cum
1563 5418 1882 5487 diplomate,

303 5523 504 5578 rogans
542 5519 601 5563 ut
634 5508 1175 5578 epraestantissimis,
1218 5509 1312 5577 qui
1364 5508 1433 5561 ad
1480 5512 1654 5563 altare
1704 5508 1881 5578 ipsius

304 5598 816 5671 [communicarent]
869 5601 1142 5670 episcopis
1189 5599 1255 5654 ad
1304 5600 1479 5668 ipsum
1518 5601 1779 5666 mitteret,
1818 5601 1884 5654 fi-

303 5692 424 5743 tlrtlt
457 5692 558 5759 ipsi
592 5692 796 5746 faciens
824 5706 888 5745 ne
921 5692 1138 5747 timeret
1162 5692 1483 5761 quidquam,
1510 5707 1697 5747 verum
1731 5691 1882 5764 [esse

306 5777 430 5840 hoc]
480 5796 589 5841 ouo
643 5783 810 5837 sciret
863 5783 1521 5857 Constantinus.causam
1578 5794 1872 5848 prmtextus

2010 4593 2359 4649 anathemate
2398 4592 2733 4647 dcvoverunt
2779 4605 2886 4645 una
2919 4606 3041 4647 cum
3098 4589 3268 4645 sociis
3319 4589 3493 4658 ipsius
3533 4596 3588 4645 ct

2004 4683 2332 4737 sententiam
2366 4681 2483 4750 ejus
2517 4680 2713 4735 falsam
2764 4679 3097 4748 reiecerunt,
3125 4676 3587 4745 appellaruntun

2009 4776 2186 4842 ipsum
2259 4775 2509 4829 homines
2558 4772 2836 4828 Simonem
2894 4771 3132 4842 Magum.
3179 4770 3429 4838 Cumque
3470 4768 3587 4836 jam

2006 4868 2360 4922 anathemate
2401 4865 2794 4920 Monothelitas
2836 4863 3070 4919 feriendi
3107 4864 3269 4917 linem
3306 4861 3581 4925 fecissent,

2005 4959 2399 5025 consederunt,
2460 4968 2519 5012 ut
2571 4958 2694 5012 lidei
2739 4956 3054 5028 Symbolum
3107 4965 3340 5019 rectum,
3392 4955 3583 5007 orthoq

2001 5051 2233 5113 doxum,
2277 5051 2577 5111 sincerum,
2608 5048 2948 5117 inculpatum
3001 5047 3103 5116 ipsi
3154 5052 3582 5113 componerent;

2002 5140 2372 5208 dixeruntque
2404 5157 2418 5193 :
2451 5138 2740 5193 Credimus
2765 5153 2925 5191 uuam
2949 5153 2977 5189 e
2999 5134 3301 5206 [personis]
3341 5133 3583 5188 Trinita-

2006 5233 2075 5285 tis
2102 5246 2225 5285 csse
2259 5230 2455 5283 Filium
2489 5229 2709 5285 unicum
2740 5232 2830 5299 qui
2863 5238 2944 5281 est
2974 5228 3209 5283 Verbum
3254 5226 3540 5293 antiquum
3564 5265 3579 5289 ,

1993 5332 2278 5387 aeternum,
2300 5322 2445 5376 Patri
2464 5321 2704 5391 aequalis,
2738 5322 2879 5376 Deus
2902 5323 2952 5373 in
2980 5332 3213 5388 persona
3242 5331 3348 5369 una
3399 5324 3453 5369 et
3480 5315 3579 5383 hy-

1997 5415 2204 5486 postasi
2235 5431 2339 5467 uua
2368 5431 2383 5480 ;
2413 5416 2502 5483 qui
2530 5414 2845 5485 agnoscitur
2870 5412 3140 5483 perfectus
3179 5423 3299 5462 esse
3328 5406 3471 5476 quod
3514 5405 3579 5460 ad

2000 5510 2396 5563 immanitatem
2426 5522 2605 5570 suam,
2644 5516 2699 5561 et
2731 5505 3005 5573 perfectus
3048 5500 3196 5571 quod
3229 5501 3296 5555 ad
3322 5498 3579 5554 divinita-

1998 5614 2132 5664 tem,
2162 5602 2215 5654 in
2250 5616 2310 5654 ea
2349 5600 2652 5655 substantia
2694 5613 2814 5665 qum
2847 5605 2925 5648 cst
2966 5595 3227 5648 Dominus
3269 5601 3454 5647 noster
3489 5589 3581 5645 Je-

1996 5712 2091 5748 sus
2128 5694 2402 5756 Christus,
2433 5691 2570 5743 duas
2602 5688 2808 5743 habens
2853 5698 3077 5741 naturas
3108 5686 3374 5756 perfectas
3399 5724 3414 5749 ,
3441 5684 3577 5738 duas

1992 5784 2365 5845 onci'ationcs,
2422 5790 2475 5838 ct
2528 5780 2664 5836 duas
2714 5780 3021 5835 voluntates
3063 5778 3116 5833 in
3160 5791 3393 5848 persona
3444 5788 3569 5828 una.
