4014 6218
509 316 647 384 1115

497 522 747 578 videlicet
783 528 948 584 Deum
999 531 1197 589 Filium
1229 539 1437 593 ultimis
1480 550 1821 613 temporibus
1852 570 2067 611 assunt-

494 612 674 680 psisse
698 633 762 670 ex
798 618 1040 691 Virgine,
1077 625 1306 682 Domina
1328 631 1490 701 352
1527 636 1688 690 Maria
1720 653 1917 696 saneta
1940 662 2069 701 (ων-ι

493 718 596 772 pus
623 707 918 766 humanum
954 731 1073 769 cum
1112 721 1292 774 anima
1338 727 1586 781 rationali
1618 769 1633 792 ,
1679 732 2010 791 intellectiva
2042 759 2055 796 :

489 794 655 863 idque
704 816 767 855 ex
820 804 1197 863 misericordia
1258 811 1348 865 Dei
1405 815 1455 869 iu
1507 817 1755 877 homines
1805 828 2057 896 prepitii:

491 902 667 957 neque
721 893 823 949 hoc
877 907 1036 965 pacto
1066 904 1361 972 contigisse
1393 907 1495 976 ipsi
1525 912 1920 983 confusionem,
1955 937 2055 977 nec

485 982 914 1049 corruptionem,
940 1004 1039 1042 nec
1080 994 1500 1060 separationem,
1545 1016 1647 1055 nec
1684 1004 2061 1079 divisionem;

486 1071 578 1123 sed
610 1086 731 1127 esse
756 1075 929 1140 ipsum
957 1096 1120 1135 unum
1162 1084 1474 1150 facientem,
1504 1105 1626 1159 qum
1659 1093 1935 1152 hominem
1973 1101 2054 1155 fa-

481 1176 606 1215 ccre
650 1164 825 1231 decet,
857 1168 909 1222 in
955 1182 1145 1225 natura
1191 1174 1383 1244 ipsius,
1417 1190 1470 1233 et
1529 1197 1648 1251 qum
1691 1187 1853 1240 Deum
1903 1190 2051 1246 face-

478 1268 538 1308 re
585 1254 740 1311 decet
775 1258 828 1312 in
864 1269 1055 1315 natura
1111 1266 1316 1334 ipsius,
1370 1273 1575 1339 quiest
1627 1275 1797 1330 Filius
1833 1282 2046 1348 unicus,

481 1342 714 1400 Verbum
743 1353 1159 1421 sempiternum,
1197 1359 1626 1430 incorporatum,
1663 1371 1807 1437 quod
1858 1388 2043 1428 revera

474 1438 679 1493 factum
712 1452 797 1497 est
828 1459 956 1501 caro
983 1487 997 1509 ,
1044 1448 1188 1504 sicut
1220 1453 1351 1507 dicit
1385 1455 1732 1529 Evangelium
1755 1475 2039 1521 sanctum:

416 1564 427 1571 .
472 1526 543 1579 ita
591 1528 807 1586 interim
852 1542 910 1588 ut
959 1552 1067 1590 non
1102 1542 1321 1595 recedat
1372 1559 1399 1596 a
1445 1545 1613 1613 gloria
1669 1564 1766 1602 sua
1814 1562 2039 1619 aaterna,

472 1633 652 1686 neque
682 1621 853 1689 ipsam
883 1635 1081 1692 mutet,
1120 1647 1307 1685 verum
1340 1634 1412 1689 sit
1450 1651 1571 1690 cum
1599 1639 1811 1696 duabus
1840 1658 2037 1713 opera~

470 1709 731 1778 tionibus,
765 1714 976 1773 duabus
1005 1722 1401 1790 voluntatibus,
1432 1738 1485 1782 et
1529 1730 1745 1787 duabus
1798 1739 2035 1800 naturis,

471 1798 616 1857 Deus
643 1814 695 1858 et
731 1806 918 1875 homo,
963 1813 1165 1880 quibus

470 1902 766 1965 utramque
806 1912 1058 1955 naturam
1090 1908 1301 1970 operari
1353 1925 1476 1963 cum
1529 1920 1912 1974 communione
1952 1922 2031 1975 al-

464 1985 657 2049 terius,
707 1987 921 2045 duabus
970 1995 1345 2053 voluntatibus
1384 2002 1602 2058 minime
1634 2008 1781 2061 inter
1822 2026 1879 2063 se
1909 2027 2032 2066 cun-

465 2075 669 2139 trariis,
695 2086 791 2130 aut
822 2086 1213 2151 pugnantibus,
1241 2090 1410 2145 altera
1446 2094 1589 2148 aliud
1622 2098 2029 2168 amplectente;

461 2179 652 2220 verum
694 2160 913 2227 manere
946 2177 1276 2233 voluntatem
1324 2182 1616 2240 humanam
1663 2190 1713 2242 in
1759 2192 2033 2251 voluntate

460 2256 649 2313 divina
684 2264 1079 2332 ontuiputeute.
1130 2269 1288 2335 Quod
1322 2275 1428 2329 nisi
1462 2277 1696 2333 Verbum
1731 2280 1850 2345 Dei,
1904 2300 2027 2340 cum

459 2344 839 2412 descenderet,
872 2358 1267 2423 assumpsisset
1303 2362 1578 2418 hominem
1620 2368 1863 2441 undique
1902 2388 2028 2440 per-

456 2433 681 2501 fectum,
719 2438 912 2496 luisset
970 2446 1119 2501 salus
1151 2460 1338 2504 nostra
1388 2453 1568 2523 imago
1620 2468 1674 2513 et
1719 2462 2025 2531 phantasia.

455 2522 742 2586 Quomodo
794 2540 973 2585 autem
1015 2538 1341 2595 conveniret
1398 2543 1816 2603 beneﬁcentiam
1888 2569 2028 2621 prae-

453 2616 638 2681 SYanti,
683 2619 772 2687 qui
809 2630 894 2675 est
939 2624 1184 2682 medicus
1225 2632 1484 2698 sapiens,
1512 2651 1698 2691 revera
1738 2642 2023 2699 sanitatem

454 2708 589 2763 dans
625 2711 944 2777 (secundum
995 2718 1123 2774 illud
1178 2725 1325 2791 quod
1383 2726 1516 2781 dicit
1574 2728 1867 2789 Malachias
1898 2752 2024 2805 pro-

449 2797 611 2865 pheta
640 2802 889 2857 :()rietur
913 2804 1003 2860 Sol
1025 2809 1271 2876 justitiae,
1306 2814 1465 2884 cujus
1502 2832 1695 2875 nomen
1728 2797 2019 2889 timebunt,

448 2888 544 2956 qui
576 2893 792 2947 sanabit
820 2894 986 2964 ipsos,
1022 2903 1369 2971 gestabitque
1396 2908 1545 2976 ipsos
1564 2911 1664 2967 alis
1687 2914 1847 2983 suis),
1884 2916 2017 2971 illud

445 2993 729 3038 assumere
782 2986 833 3039 in
860 3004 967 3057 quo
1002 3005 1268 3051 creatura:
1308 3001 1613 3070 antiquitus
1648 3006 2013 3080 353-355

446 3085 585 3126 noxa
607 3075 729 3143 fuit,
759 3090 814 3134 ut
836 3093 978 3137 esset
998 3098 1277 3153 peceatum
1311 3093 1542 3161 primum
1579 3099 1633 3151 in
1673 3100 1887 3155 homine
1914 3119 2010 3173 pe-

443 3176 542 3216 nes
569 3166 880 3238 arbitrium,
927 3160 1384 3246 voluntatem,iet
1427 3196 1751 3253 potestatem
1799 3211 1953 3249 suam
1989 3160 2085 3251 ⁸ἒο

441 3252 517 3306 Ae
539 3260 813 3324 quomodo
842 3280 947 3318 non
980 3278 1124 3323 esset
1158 3271 1260 3326 hoc
1287 3280 1658 3334 necessarium
1683 3283 1705 3335 ?
1735 3283 1871 3339 Cum
1910 3287 2013 3340 do-

438 3347 618 3398 cuerit
644 3363 743 3403 nos
776 3351 1059 3421 Dominus,
1088 3361 1180 3428 qui
1213 3374 1297 3416 est
1330 3365 1382 3418 in
1424 3367 1548 3421 sinu
1589 3369 1790 3436 Patris,
1834 3374 2006 3431 Filius

437 3437 531 3503 qui
573 3440 725 3493 solus
780 3456 865 3499 est
920 3448 1077 3515 liber,
1122 3468 1229 3506 non
1285 3468 1498 3520 servus,
1530 3476 1717 3516 verum
1768 3466 2011 3534 seipsum

437 3538 656 3580 servum
693 3530 821 3584 fecit
856 3547 1079 3604 propter
1115 3543 1347 3597 salutem
1383 3555 1625 3601 nostram
1649 3591 1665 3615 ,
1696 3552 2011 3624 dederitque

436 3614 601 3666 nobis
640 3618 930 3675 victoriam
972 3626 1025 3678 in
1052 3626 1174 3682 illos
1204 3631 1298 3699 qui
1335 3632 1619 3702 loquentes
1649 3640 1831 3697 dicant
1862 3614 2008 3699 Ada-

434 3714 583 3754 mum
626 3711 936 3764 necessario
963 3728 1237 3785 peccasse;
1266 3736 1329 3775 ac
1362 3722 1531 3781 fuisse
1563 3742 1846 3798 peccatum
1885 3737 2002 3793 absv

432 3806 538 3859 que
611 3796 889 3856 voluntate
967 3805 1182 3875 ipsius,
1254 3828 1427 3884 neque
1476 3796 1647 3877 fuisse
1696 3825 1749 3878 in
1808 3837 2003 3884 natura

432 3882 604 3951 ipsius
636 3898 958 3955 potestatem
997 3897 1246 3966 liberam,
1273 3920 1379 3974 qua
1408 3923 1438 3962 a
1473 3909 1625 3979 lapsu
1648 3930 1844 3971 cavere
1866 3933 1994 3986 pos-

431 3983 533 4028 set.
582 3978 701 4043 Quo
748 3983 988 4048 ipsarum
1026 3990 1173 4045 dicto
1218 3996 1426 4052 crimen
1474 4010 1528 4055 et
1580 4003 1854 4061 defectum
1904 4010 2000 4062 im-

430 4065 658 4134 pingunt
689 4071 975 4138 Creatori,
1024 4080 1115 4147 qui
1161 4083 1317 4152 longe
1361 4103 1525 4157 supra
1560 4093 1673 4147 haec
1702 4107 1807 4160 est,
1837 4111 1998 4170 atque

427 4156 694 4214 Adamum
733 4163 784 4216 in
818 4172 1094 4232 peccando
1128 4186 1417 4232 excusant.
1462 4180 1579 4235 Jam
1631 4200 1759 4241 vero
1791 4190 1839 4243 vi
1872 4207 1997 4247 sen-

428 4250 609 4303 tentia:
633 4268 821 4307 eorum
848 4262 1122 4325 prazcipne
1151 4267 1242 4334 qui
1279 4269 1382 4323 hoc
1412 4286 1688 4343 asserunt,
1717 4282 1994 4337 omnium-

424 4353 533 4405 que
564 4344 653 4410 qui
715 4345 781 4399 iis
825 4361 1113 4406 assensum
1164 4358 1407 4424 przebent
1437 4404 1451 4427 ,
1496 4371 1813 4425 necessario
1841 4388 1990 4427 com-

422 4431 558 4497 petit
601 4445 882 4501 peccatum
934 4444 1031 4495 toti
1062 4444 1344 4502 hominum
1380 4458 1593 4521 generi.
1640 4458 1750 4514 Nos
1802 4474 1985 4519 autem

420 4522 658 4581 dicimus
704 4527 758 4580 in
805 4539 1075 4597 potestate
1115 4537 1307 4594 Adami
1368 4542 1539 4601 fuisse
1599 4558 1657 4602 ut
1709 4551 1986 4611 Creatoris

421 4616 739 4670 mandatum
773 4635 1038 4689 servaret,
1072 4644 1300 4685 necnon
1339 4643 1397 4689 ut
1428 4640 1716 4695 consilium
1745 4647 1985 4702 mulieris

420 4704 708 4774 rejiceret;
753 4727 935 4766 verum
986 4732 1094 4771 non
1151 4722 1221 4773 ita
1256 4725 1509 4793 voluisse,
1549 4732 1643 4785 sed
1688 4735 1868 4789 cibum
1917 4754 1979 4793 ex

416 4794 611 4851 arbore
640 4809 692 4852 et
721 4816 750 4854 e
778 4816 938 4857 manu
983 4808 1229 4864 mulieris
1268 4818 1568 4885 acci‘pisse,
1627 4828 1983 4891 quemadmo-

417 4887 546 4937 dum
572 4896 625 4941 et
654 4890 851 4945 mulier
880 4897 1167 4953 consilium
1206 4910 1479 4971 serpentis
1513 4923 1701 4967 secuta
1733 4924 1835 4979 est,
1871 4934 1978 4973 non

417 4978 742 5035 necessitate
783 4993 988 5040 naturae
1014 5026 1028 5049 ,
1071 4993 1164 5044 sed
1203 4993 1575 5055 imbecillitate
1620 5004 1931 5063 intellectus
1963 5026 1979 5063 :

414 5065 624 5138 fuitque
652 5071 753 5127 hoc
796 5076 968 5142 prima
1002 5081 1280 5140 voluntate
1314 5097 1691 5148 creaturarum
1726 5098 1980 5155 videlicet

413 5159 604 5214 Adaini
647 5171 701 5217 et
754 5162 900 5232 Evze,
934 5172 1075 5226 unde
1106 5189 1433 5245 acceperunt
1480 5182 1692 5254 plagam
1736 5189 1979 5245 doloriﬁ-

412 5264 557 5317 cam,
587 5263 749 5326 atque
779 5261 923 5315 unde
952 5264 1117 5317 etiam
1154 5269 1440 5326 medelam.
1477 5274 1757 5343 Siquidem
1792 5280 1978 5337 Domi-

412 5356 515 5398 nus
546 5358 733 5403 uoster
775 5349 939 5408 Jesus
982 5356 1234 5413 Christus
1266 5364 1487 5420 morbos
1533 5378 1753 5427 nostros
1803 5375 1976 5428 etdo-

412 5433 785 5497 loresnostros
805 5451 1067 5517 suscepit,
1113 5454 1255 5506 sicut
1291 5453 1428 5508 dixit
1471 5457 1639 5515 Isaias
1674 5467 1969 5533 propheta:

410 5526 730 5592 Aspeximus
764 5549 888 5590 eum
931 5556 1029 5596 nec
1090 5543 1253 5615 356
1298 5548 1395 5601 fuit
1443 5552 1543 5617 ipsi
1584 5526 1814 5622 species,
1875 5576 1973 5615 nec

408 5615 794 5685 pulchritudo,
850 5626 1060 5699 fuitque
1105 5615 1555 5708 contemptibilis,
1602 5615 1759 5715 cujus
1799 5615 1969 5705 inulla

408 5703 594 5762 habita
627 5720 709 5765 cst
743 5716 902 5772 ratio.
934 5720 1050 5780 lose
1090 5736 1171 5783 cst
1206 5731 1300 5788 oui
1332 5737 1569 5794 portavit
1612 5741 1832 5799 morbos
1869 5761 1966 5800 no-

1482 340 1850 407 EUTYCHII
1886 352 2423 424 ALEXANDRINI
2459 367 2677 433 PATR‘.

500 430 754 502 Idemque
777 438 1007 505 professi
1040 454 1167 500 sunt
1192 462 1313 501 cum
1337 452 1574 507 concilio
1610 455 2067 533 Chalcedonensi,
2099 471 2143 529 Α

3612 387 3756 453 ῙΗὸ

2180 484 2349 541 stros,
2398 490 2450 535 et
2492 483 2709 540 dolores
2750 496 2970 544 nostros
3011 494 3282 563 suscepit;
3334 497 3489 565 cujus
3522 503 3755 558 vulnere

2167 581 2359 625 onmes
2409 576 2586 628 sanati
2631 592 2841 634 sumus.
2871 579 2997 636 Fuit
3027 584 3170 639 enim
3201 597 3259 640 ut
3286 590 3405 643 ovis
3429 607 3551 659 quae
3578 595 3748 653 ducta

2166 671 2251 712 est
2285 662 2361 715 ad
2386 669 2772 725 mactationem
2797 714 2813 738 ,
2857 684 2911 729 et
2956 686 3015 730 ut
3059 694 3232 747 agnus
3266 681 3358 751 qui
3391 697 3574 740 coram
3621 698 3745 743 ton-

2163 750 2328 806 dente
2359 754 2537 823 ipsum
2573 763 2812 827 tacebat,
2860 766 2933 820 ita
2960 783 3061 822 nec
3097 785 3159 823 os
3193 750 3426 839 aperuit.
3460 776 3516 831 In
3555 779 3744 833 humi-

2164 841 2385 899 liatione
2410 848 2579 914 ipsius
2601 854 2876 910 sublatum
2901 870 2978 915 εει
3001 860 3262 929 judicium
3287 863 3424 929 ejus.
3461 867 3579 923 Jam
3610 889 3749 928 vero

2159 931 2465 1003 intelligant
2520 941 2613 995 ﬁlii
2646 942 2906 1003 Ecclesiae
2940 951 3031 1005 Dei
3070 953 3156 1021 pie
3188 953 3735 1029 [lpStlml‘COlenlt'S,

2155 1021 2284 1078 Jesu
2323 1026 2542 1085 Christo
2574 1033 2804 1091 Domino
2846 1050 2900 1093 et
2950 1040 3055 1096 Deo
3092 1054 3279 1101 nostro
3306 1063 3431 1105 esse
3459 1052 3598 1107 duas
3636 1072 3739 1108 na-

2160 1127 2313 1173 turas
2340 1125 2632 1193 periectas,
2666 1129 2804 1185 duas
2841 1133 3155 1191 voluntates
3202 1148 3256 1193 et
3288 1140 3421 1196 duas
3454 1148 3740 1212 operatio-

2156 1223 2252 1262 ucs
2294 1228 2506 1281 revera,
2542 1233 2830 1285 personam
2878 1234 3063 1279 autem
3087 1244 3269 1283 unam.
3313 1230 3425 1287 Hoc
3448 1246 3531 1289 est
3569 1241 3736 1293 tesﬁ-

2152 1301 2392 1357 monium
2444 1317 2497 1360 et
2537 1308 2673 1364 ﬁdes
2705 1316 2923 1368 concilii
2976 1319 3113 1373 sexti
3179 1324 3378 1377 sancti.
3427 1325 3731 1383 Conﬁrma-

2151 1400 2277 1442 runt
2308 1394 2468 1446 etiam
2501 1402 2643 1466 quod
2682 1405 3145 1462 conﬁrmaverunt
3192 1412 3432 1482 quinque
3485 1422 3715 1476 concilia

2150 1487 2337 1529 saneta
2367 1483 2584 1547 priora;
2616 1495 2669 1540 et
2693 1489 3039 1548 anathemate
3072 1495 3411 1555 devoverunt
3445 1506 3534 1573 qui
3575 1508 3741 1563 illud‘

2146 1569 2654 1638 anathematizaret,
2690 1588 2743 1632 et
2768 1581 3075 1647 rejecerunt
3109 1588 3211 1655 qui
3233 1590 3411 1659 ipsum
3439 1596 3705 1660 rejiceret.

2145 1655 2449 1720 Quinetiam
2476 1663 2632 1719 ﬁdem
2658 1668 2943 1738 Sophronii
2969 1655 3291 1743 patriarchae
3322 1655 3683 1758 liierosolyini
3702 1721 3721 1731 ο

2144 1749 2255 1802 tani
2296 1752 2348 1805 in
2386 1755 2617 1810 medium
2646 1762 2909 1828 prolatam
2940 1782 3265 1838 receperunt
3308 1784 3380 1827 et“
3427 1781 3718 1832 eonﬁnua~

2648 1816 2661 1828 _
2904 1816 3265 1838 πηγνωη
3308 1816 3362 1827 ν.
3427 1816 3718 1832 ιιι-...μων

1214 1818 1494 1885 perﬁcitur
1522 1836 1701 1878 sermo
1745 1841 1948 1882 verus:
1985 1839 2042 1883 et.
2073 1816 2110 1873 Β
2143 1850 2289 1894 runt.
2349 1844 2571 1902 Peracta
2608 1861 2737 1905 sunt
2789 1866 2969 1911 autem
3013 1860 3127 1916 haec
3168 1868 3379 1934 negotia
3420 1872 3735 1926 auxiliante

2143 1930 2270 1994 Deo.
2308 1944 2358 1987 et
2394 1949 2657 2002 przesente
2679 1941 3044 2003 Constantino
3079 1952 3404 2021 imperatore
3427 1958 3592 2026 ﬁdeli,
3624 1968 3712 2016 cui

2139 2021 2275 2076 bene
2303 2029 2506 2093 precati
2541 2035 2736 2087 reversi
2768 2047 2894 2090 sunt
2924 2041 2988 2092 ad
3027 2042 3143 2095 loca
3177 2060 3272 2097 sua
3302 2064 3316 2111 ;
3345 2049 3504 2116 idque
3543 2052 3715 2119 impe-

2137 2112 2200 2166 rii
2267 2117 2607 2174 Constantini
2662 2139 2811 2179 anno
2882 2128 3097 2188 decimo
3152 2138 3353 2202 tertio,
3414 2142 3711 2201 ehalil‘atus

2135 2202 2375 2261 Moawize
2403 2209 2515 2263 Ebu
2549 2214 2646 2267 Abi
2682 2218 2906 2289 Solyani
2940 2236 3158 2293 quarto.
3192 2228 3235 2280 Δ
3268 2232 3502 2286 concilio
3527 2245 3729 2288 autem-

2134 2298 2332 2366 qninto
2383 2304 2766 2374 episcoporum
2838 2327 3055 2369 centum
3100 2323 3385 2391 sexaginta
3446 2339 3705 2393 quatuor,

2136 2391 2227 2458 qui
2296 2392 2765 2466 Constantinopoli
2813 2420 3204 2465 convenerunt
3241 2422 3483 2486 tempore
3531 2418 3705 2473 Justi-

2130 2481 2278 2535 niani
2346 2485 2689 2555 imperatoris
2744 2494 3152 2566 Romanorum,
3215 2505 3280 2558 ad
3332 2519 3541 2561 sextum
3597 2510 3707 2563 hoc

2128 2573 2487 2631 ducentorum
2535 2586 2811 2654 octoginta
2874 2606 3065 2647 novem
3127 2597 3549 2667 episeoporum,
3606 2604 3705 2671 qui

2128 2665 2324 2721 ibidem
2379 2686 2752 2731 convenerunt
2787 2688 3024 2750 tempore
3051 2665 3406 2760 357-359
3432 2665 3707 2747 Constan-

2125 2758 2231 2813 tini
2273 2760 2892 2829 imperatoris,centum
2939 2786 3067 2830 sunt
3096 2781 3246 2834 anni.
3280 2781 3527 2848 Cumque
3574 2802 3705 2854 per-

2124 2861 2302 2904 actum
2350 2852 2512 2909 fuerit
2561 2859 2664 2914 hoc
2713 2866 3031 2933 negotium,
3080 2881 3323 2941 tempore
3386 2876 3576 2944 Agahii
3606 2894 3703 2946 pa-

2125 2942 2380 2998 triarcha:
2424 2944 2653 3003 Romani
2699 2956 2905 3020 sancti,
2951 2961 3278 3017 intentionem
3314 2965 3555 3022 fecerunt
3590 2970 3695 3024 Da-

2123 3034 2289 3088 masci
2320 3045 2371 3089 et
2405 3036 2624 3109 IEgypti
2651 3042 2843 3099 incola:
2875 3050 3117 3105 nominis
3141 3051 3328 3123 Agabii
3358 3059 3687 3125 patriarcha:

2121 3122 2349 3179 Romani
2380 3127 2432 3181 in
2470 3130 2748 3202 diptycho,
2788 3137 2856 3190 ab
2891 3154 2955 3193 eo
2980 3142 3045 3194 ad
3086 3122 3205 3197 hoc
3247 3122 3419 3216 usque
3444 3157 3690 3219 tempus.

2193 3216 2436 3277 Mortuus
2465 3234 2548 3277 est
2591 3236 2769 3281 autem
2800 3230 3192 3291 Constantinus
3226 3238 3518 3307 imperator
3556 3243 3688 3298 ﬁde-

2116 3309 2184 3365 lis
2236 3323 2523 3381 postquam
2557 3319 2832 3375 sexdecim
2867 3337 3039 3379 annos
3066 3342 3234 3397 regno
3264 3332 3465 3398 potitus
3498 3346 3681 3398 esset;

2114 3404 2474 3471 reguavitquc
2530 3418 2653 3474 post
2696 3412 2873 3479 ipsum
2912 3417 2963 3468 in
3000 3415 3280 3475 Romanos
3324 3422 3462 3478 ﬁlius
3500 3425 3678 3491 ipsius

2111 3490 2462 3548 J‘ustinianus
2498 3514 2671 3556 annos
2701 3504 2990 3561 duodecim
3020 3528 3031 3561 :
3084 3510 3246 3579 idque
3279 3529 3424 3570 anno
3452 3516 3678 3573 cbalifa~

2112 3588 2199 3634 tus
2232 3582 2471 3639 Moawiaa
2504 3586 2618 3641 Ebu
2650 3588 2767 3660 Aby
2798 3592 2996 3661 Solyan
3027 3606 3244 3653 octavo.

2178 3671 2515 3732 Accedeutes
2542 3686 2722 3734 autem
2757 3683 2979 3750 quidam
3009 3686 3074 3740 ad
3106 3686 3475 3747 .lustinianum
3506 3695 3679 3765 impe—

2108 3772 2345 3819 ratorem
2372 3767 2677 3824 Romanum
2703 3772 2963 3830 dixerunt
2992 3795 3006 3831 :
3051 3780 3197 3834 Sunt-
3223 3798 3252 3836 e
3287 3783 3680 3842 Constantino-

2105 3856 2361 3922 politanis
2420 3862 2643 3931 quidam
2698 3865 2790 3934 qui
2856 3871 3149 3924 concilium
3210 3885 3466 3940 sextum,
3525 3883 3675 3948 quod

2104 3944 2205 4001 l‘uit
2233 3958 2477 4020 tempore
2516 3956 2688 4023 patris
2722 3958 2795 4010 tui
2828 3958 3212 4030 Constantini,
3241 3967 3569 4038 vituperent.
3607 3975 3674 4027 ad

2103 4036 2300 4093 falsum
2330 4043 2819 4119 (conﬁrmandum)
2856 4055 3183 4111 convenisse
3212 4073 3304 4113 eos
3335 4075 3673 4120 asserentes.

2097 4128 2317 4186 Mittens
2388 4150 2518 4204 ergo
2571 4136 2923 4198 Justinianus
3004 4144 3304 4216 imperator
3378 4156 3670 4224 episcopos

2097 4229 2317 4274 centum
2352 4224 2572 4293 triginta
2606 4232 2951 4297 convocavit,
2980 4236 3071 4302 qui
3109 4239 3326 4294 concilii
3358 4246 3494 4297 sexti
3540 4261 3667 4300 scn-

2098 4310 2324 4364 tentiam
2357 4317 2777 4386 conﬁrmarunt,
2804 4326 2859 4373 et
2895 4322 3029 4378 diris
3058 4340 3153 4379 eos
3186 4328 3543 4396 devoverant,
3571 4338 3663 4401 qui

2098 4396 2202 4465 ipsi
2262 4402 2672 4471 maledicerent,
2738 4410 2820 4463 vel
2881 4415 3361 4484 contradicerent;
3411 4438 3509 4476 nec
3557 4441 3664 4480 non

2022 4506 2064 4561 υ
2094 4494 2421 4547 sententiam
2472 4498 2715 4569 quinque
2764 4505 3125 4561 conciliorum
3177 4512 3419 4578 priorum
3467 4517 3663 4570 conﬁr-

2095 4592 2337 4646 marunt,
2385 4587 2519 4641 etin
2552 4604 2645 4645 eos
2690 4592 2782 4660 qui
2826 4608 2886 4648 ea
2947 4600 3499 4671 anathematizarent,
3531 4621 3662 4661 aua-

2088 4672 2268 4727 thema
2305 4676 2580 4746 dixerunt,
2616 4682 2738 4736 dein
2771 4688 2972 4742 reversi
2997 4700 3146 4746 sunt.

2176 4758 2345 4818 Porro
2394 4780 2539 4821 anno
2594 4769 2893 4828 clialit‘atus
2945 4774 3185 4834 Moawiaz
3232 4783 3463 4851 septimo
3527 4801 3658 4842 con-

2095 4851 2317 4906 stitutus
2346 4866 2428 4909 est
2469 4857 2708 4917 Joannes
2756 4867 3067 4931 patriarcha
3097 4869 3659 4946 llicrosolymitanus,

2086 4943 2179 5011 qui
2221 4958 2395 5001 annos
2434 4953 2791 5023 quadraginta
2853 4960 3013 5023 sedit,
3064 4962 3191 5016 dein
3253 4943 3501 5023 mortuus
3548 4984 3657 5027 est.

2084 5028 2360 5087 Manserat
2393 5047 2574 5094 autem
2620 5043 2778 5099 sedes
2810 5044 3303 5119 Hierosolymitana
3340 5068 3463 5123 post
3511 5076 3657 5115 mor-

2082 5129 2189 5175 tem
2241 5124 2529 5193 Sophrouii
2596 5150 2767 5202 usque
2813 5137 2940 5192 dum
3010 5142 3353 5200 suﬁiccrctnr
3416 5148 3656 5209 Joannes

2080 5211 2200 5267 sine
2228 5219 2533 5280 patriarcha
2558 5223 2721 5295 360
2744 5242 2915 5282 annos
2940 5230 3130 5300 viginti
3158 5250 3378 5293 novem.
3402 5239 3650 5299 Mortuus

2078 5311 2163 5356 est
2212 5307 2374 5361 etiam
2432 5310 2699 5386 Georgius
2739 5322 3050 5387 patriarcha
3088 5324 3657 5399 Constantinopolim,

2079 5409 2202 5462 nus,
2230 5412 2352 5452 cum
2396 5417 2567 5459 annos
2617 5407 2805 5462 decem
2831 5426 2898 5466 eo
2939 5430 3161 5470 munere
3213 5418 3433 5476 functus
3475 5435 3663 5480 esset-

2076 5482 2233 5536 Anno
2282 5486 2569 5545 chalifatus
2610 5492 2847 5551 Moawiae
2906 5500 3232 5558 duodecimo
3303 5520 3522 5564 creatus
3560 5522 3657 5567 est

2077 5570 2315 5630 Thomas
2368 5582 2673 5646 patriarcha
2721 5586 3384 5662 Constantinopolitanus,
3421 5601 3513 5668 qui
3548 5616 3648 5655 an-

2076 5676 2177 5716 nos
2220 5662 2403 5719 decem
2447 5671 2585 5723 sedit
2658 5672 2761 5741 (vel
2806 5675 2963 5745 juxta
3005 5680 3152 5735 aliud
3195 5688 3515 5756 exemplar,
3562 5692 3644 5742 vi-

2076 5752 2252 5821 ginti),
2304 5756 2425 5812 dein
2471 5769 2717 5820 mortuus
2760 5778 2859 5822 est.
2891 5770 3046 5827 Anno
3072 5773 3365 5836 clialifatus
3393 5780 3639 5843 eiusdem
