  <div class='ocr_page' id='page_1' title='image "/cluster/home/n/w/nwhite01/storage/ocr_20150623/111/hvd.32044073502288/597.png"; bbox 0 0 4014 6218; ppageno 0'>
   <div class='ocr_carea' id='block_1_1' title="bbox 587 320 3838 399">
    <p class='ocr_par' dir='ltr' id='par_1_1' title="bbox 587 320 3838 399">
     <span class='ocr_line' id='line_1_1' title="bbox 587 320 3838 399; baseline -0.005 0"><span class='ocrx_word' id='word_1_1' title='bbox 587 334 719 399; x_wconf 89' lang='grc'><strong>1119</strong></span> <span class='ocrx_word' id='word_1_2' title='bbox 1583 333 1949 394; x_wconf 77' lang='lat' dir='ltr'><strong>EUTYCIIll</strong></span> <span class='ocrx_word' id='word_1_3' title='bbox 2000 330 2535 390; x_wconf 77' lang='lat' dir='ltr'><strong>ALEXANDRINI</strong></span> <span class='ocrx_word' id='word_1_4' title='bbox 2578 328 2792 389; x_wconf 81' lang='lat' dir='ltr'><strong>PATR.</strong></span> <span class='ocrx_word' id='word_1_5' title='bbox 3698 320 3838 383; x_wconf 72' lang='lat'><strong>11&#39;20</strong></span> 
     </span>
    </p>
   </div>
   <div class='ocr_carea' id='block_1_2' title="bbox 584 437 3835 518">
    <p class='ocr_par' dir='ltr' id='par_1_2' title="bbox 584 437 3835 518">
     <span class='ocr_line' id='line_1_2' title="bbox 584 437 3835 518; baseline -0.003 -16"><span class='ocrx_word' id='word_1_6' title='bbox 584 448 783 502; x_wconf 85' lang='lat' dir='ltr'><strong>ibidem</strong></span> <span class='ocrx_word' id='word_1_7' title='bbox 816 447 1121 502; x_wconf 86' lang='lat' dir='ltr'><strong>columnam</strong></span> <span class='ocrx_word' id='word_1_8' title='bbox 1148 463 1254 518; x_wconf 91' lang='lat' dir='ltr'><strong>qua</strong></span> <span class='ocrx_word' id='word_1_9' title='bbox 1286 457 1632 502; x_wconf 89' lang='lat' dir='ltr'><strong>mensuratur</strong></span> <span class='ocrx_word' id='word_1_10' title='bbox 1661 463 1817 516; x_wconf 70' lang='lat' dir='ltr'><strong>aqure</strong></span> <span class='ocrx_word' id='word_1_11' title='bbox 1853 448 1952 501; x_wconf 72' lang='lat' dir='ltr'><strong>Nili</strong></span> <span class='ocrx_word' id='word_1_12' title='bbox 1982 437 2150 515; x_wconf 60' lang='lat' dir='ltr'><strong>[Egy-</strong></span> <span class='ocrx_word' id='word_1_13' title='bbox 2185 446 2226 499; x_wconf 74' lang='grc' dir='ltr'>Α</span> <span class='ocrx_word' id='word_1_14' title='bbox 2260 461 2512 515; x_wconf 87' lang='lat' dir='ltr'><strong>magnum</strong></span> <span class='ocrx_word' id='word_1_15' title='bbox 2540 454 2711 500; x_wconf 86' lang='lat' dir='ltr'><strong>totum</strong></span> <span class='ocrx_word' id='word_1_16' title='bbox 2742 443 2928 506; x_wconf 77' lang='lat' dir='ltr'><strong>diruit,</strong></span> <span class='ocrx_word' id='word_1_17' title='bbox 2954 451 3115 511; x_wconf 85' lang='lat' dir='ltr'><strong>atque</strong></span> <span class='ocrx_word' id='word_1_18' title='bbox 3143 438 3493 511; x_wconf 81' lang='lat'><strong>373-375</strong></span> <span class='ocrx_word' id='word_1_19' title='bbox 3517 438 3647 493; x_wconf 91' lang='lat' dir='ltr'><strong>illud</strong></span> <span class='ocrx_word' id='word_1_20' title='bbox 3681 438 3835 507; x_wconf 84' lang='lat' dir='ltr'><strong>quod</strong></span> 
     </span>
    </p>
   </div>
   <div class='ocr_carea' id='block_1_3' title="bbox 582 534 3836 608">
    <p class='ocr_par' dir='ltr' id='par_1_3' title="bbox 582 534 3836 608">
     <span class='ocr_line' id='line_1_3' title="bbox 582 534 3836 608; baseline -0.002 -18"><span class='ocrx_word' id='word_1_21' title='bbox 582 540 747 606; x_wconf 89' lang='lat' dir='ltr'><strong>ptiaci</strong></span> <span class='ocrx_word' id='word_1_22' title='bbox 768 539 1181 593; x_wconf 74' lang='lat' dir='ltr'><strong>incrementum.</strong></span> <span class='ocrx_word' id='word_1_23' title='bbox 1206 539 1764 608; x_wconf 78' lang='lat' dir='ltr'><strong>Fueruntautemipsi</strong></span> <span class='ocrx_word' id='word_1_24' title='bbox 1792 541 1899 595; x_wconf 90' lang='lat' dir='ltr'><strong>duo</strong></span> <span class='ocrx_word' id='word_1_25' title='bbox 1923 540 2155 595; x_wconf 78' lang='lat' dir='ltr'><strong>cubicu-</strong></span> <span class='ocrx_word' id='word_1_26' title='bbox 2251 540 2364 608; x_wconf 86' lang='lat' dir='ltr'><strong>jam</strong></span> <span class='ocrx_word' id='word_1_27' title='bbox 2400 540 2472 594; x_wconf 87' lang='lat' dir='ltr'><strong>ibi</strong></span> <span class='ocrx_word' id='word_1_28' title='bbox 2506 548 2585 595; x_wconf 82' lang='lat' dir='ltr'><strong>est</strong></span> <span class='ocrx_word' id='word_1_29' title='bbox 2617 538 2891 593; x_wconf 79' lang='lat' dir='ltr'><strong>exstruxit</strong></span> <span class='ocrx_word' id='word_1_30' title='bbox 2924 544 3019 590; x_wconf 86' lang='lat' dir='ltr'><strong>aut</strong></span> <span class='ocrx_word' id='word_1_31' title='bbox 3046 536 3302 601; x_wconf 73' lang='lat' dir='ltr'><strong>ornavit;</strong></span> <span class='ocrx_word' id='word_1_32' title='bbox 3336 534 3836 599; x_wconf 77' lang='lat' dir='ltr'><strong>columnarumque</strong></span> 
     </span>
    </p>
   </div>
   <div class='ocr_carea' id='block_1_4' title="bbox 587 625 3836 698">
    <p class='ocr_par' dir='ltr' id='par_1_4' title="bbox 587 625 3836 698">
     <span class='ocr_line' id='line_1_4' title="bbox 587 625 3836 698; baseline -0.002 -18"><span class='ocrx_word' id='word_1_33' title='bbox 587 628 707 681; x_wconf 81' lang='lat' dir='ltr'><strong>larii</strong></span> <span class='ocrx_word' id='word_1_34' title='bbox 738 627 1037 681; x_wconf 79' lang='lat' dir='ltr'><strong>Christiani</strong></span> <span class='ocrx_word' id='word_1_35' title='bbox 1075 629 1358 693; x_wconf 67' lang='lat' dir='ltr'><strong>Melchitaa,</strong></span> <span class='ocrx_word' id='word_1_36' title='bbox 1391 630 1589 697; x_wconf 83' lang='lat' dir='ltr'><strong>quibus</strong></span> <span class='ocrx_word' id='word_1_37' title='bbox 1623 631 1934 698; x_wconf 64' lang='lat' dir='ltr'><strong>petentibus</strong></span> <span class='ocrx_word' id='word_1_38' title='bbox 1962 640 2019 684; x_wconf 90' lang='lat' dir='ltr'><strong>ut</strong></span> <span class='ocrx_word' id='word_1_39' title='bbox 2048 630 2150 684; x_wconf 87' lang='lat' dir='ltr'><strong>sibi</strong></span> <span class='ocrx_word' id='word_1_40' title='bbox 2255 646 2376 698; x_wconf 69' lang='lat' dir='ltr'><strong>qua:</strong></span> <span class='ocrx_word' id='word_1_41' title='bbox 2402 630 2456 685; x_wconf 92' lang='lat' dir='ltr'><strong>in</strong></span> <span class='ocrx_word' id='word_1_42' title='bbox 2483 644 2747 685; x_wconf 81' lang='lat' dir='ltr'><strong>consessu</strong></span> <span class='ocrx_word' id='word_1_43' title='bbox 2775 629 2923 683; x_wconf 80' lang='lat' dir='ltr'><strong>Kaisi</strong></span> <span class='ocrx_word' id='word_1_44' title='bbox 2952 634 3080 683; x_wconf 89' lang='lat' dir='ltr'><strong>sunt</strong></span> <span class='ocrx_word' id='word_1_45' title='bbox 3111 626 3286 697; x_wconf 80' lang='lat' dir='ltr'><strong>capita</strong></span> <span class='ocrx_word' id='word_1_46' title='bbox 3316 625 3617 681; x_wconf 77' lang='lat' dir='ltr'><strong>deauravit:</strong></span> <span class='ocrx_word' id='word_1_47' title='bbox 3650 639 3836 691; x_wconf 76' lang='lat' dir='ltr'><strong>neque.</strong></span> 
     </span>
    </p>
   </div>
   <div class='ocr_carea' id='block_1_5' title="bbox 582 716 3831 790">
    <p class='ocr_par' dir='ltr' id='par_1_5' title="bbox 582 716 3831 790">
     <span class='ocr_line' id='line_1_5' title="bbox 582 716 3831 790; baseline -0.002 -17"><span class='ocrx_word' id='word_1_48' title='bbox 582 720 929 773; x_wconf 64' lang='lat' dir='ltr'><strong>exstruemla:</strong></span> <span class='ocrx_word' id='word_1_49' title='bbox 962 722 1209 775; x_wconf 62' lang='lat' dir='ltr'><strong>ecclesiae</strong></span> <span class='ocrx_word' id='word_1_50' title='bbox 1242 723 1452 789; x_wconf 91' lang='lat' dir='ltr'><strong>copiam</strong></span> <span class='ocrx_word' id='word_1_51' title='bbox 1494 724 1720 786; x_wconf 81' lang='lat' dir='ltr'><strong>faceret,</strong></span> <span class='ocrx_word' id='word_1_52' title='bbox 1759 722 1888 776; x_wconf 89' lang='lat' dir='ltr'><strong>illud</strong></span> <span class='ocrx_word' id='word_1_53' title='bbox 1921 736 2153 776; x_wconf 87' lang='lat' dir='ltr'><strong>conces-</strong></span> <span class='ocrx_word' id='word_1_54' title='bbox 2254 731 2339 777; x_wconf 85' lang='lat' dir='ltr'><strong>est</strong></span> <span class='ocrx_word' id='word_1_55' title='bbox 2370 723 2423 776; x_wconf 92' lang='lat' dir='ltr'><strong>in</strong></span> <span class='ocrx_word' id='word_1_56' title='bbox 2464 723 2667 790; x_wconf 83' lang='lat' dir='ltr'><strong>templo</strong></span> <span class='ocrx_word' id='word_1_57' title='bbox 2698 723 2950 777; x_wconf 85' lang='lat' dir='ltr'><strong>columna</strong></span> <span class='ocrx_word' id='word_1_58' title='bbox 2988 721 3167 787; x_wconf 86' lang='lat' dir='ltr'><strong>aliqua</strong></span> <span class='ocrx_word' id='word_1_59' title='bbox 3206 718 3382 787; x_wconf 85' lang='lat' dir='ltr'><strong>capite</strong></span> <span class='ocrx_word' id='word_1_60' title='bbox 3414 718 3681 771; x_wconf 88' lang='lat' dir='ltr'><strong>deaurato</strong></span> <span class='ocrx_word' id='word_1_61' title='bbox 3721 716 3831 769; x_wconf 88' lang='lat' dir='ltr'><strong>nisi</strong></span> 
     </span>
    </p>
   </div>
   <div class='ocr_carea' id='block_1_6' title="bbox 582 807 3833 882">
    <p class='ocr_par' dir='ltr' id='par_1_6' title="bbox 582 807 3833 882">
     <span class='ocr_line' id='line_1_6' title="bbox 582 807 3833 882; baseline -0 -22"><span class='ocrx_word' id='word_1_62' title='bbox 582 811 673 861; x_wconf 84' lang='lat' dir='ltr'><strong>sit.</strong></span> <span class='ocrx_word' id='word_1_63' title='bbox 708 807 1034 863; x_wconf 86' lang='lat' dir='ltr'><strong>Struxeruut</strong></span> <span class='ocrx_word' id='word_1_64' title='bbox 1059 828 1187 882; x_wconf 85' lang='lat' dir='ltr'><strong>ergo</strong></span> <span class='ocrx_word' id='word_1_65' title='bbox 1226 814 1511 868; x_wconf 80' lang='lat' dir='ltr'><strong>ecclesian</strong></span> <span class='ocrx_word' id='word_1_66' title='bbox 1534 813 1719 867; x_wconf 89' lang='lat' dir='ltr'><strong>Sancti</strong></span> <span class='ocrx_word' id='word_1_67' title='bbox 1751 814 2000 878; x_wconf 79' lang='lat' dir='ltr'><strong>Joannis,</strong></span> <span class='ocrx_word' id='word_1_68' title='bbox 2029 813 2154 867; x_wconf 77' lang='grc' dir='ltr'><strong>Ποι-</strong></span> <span class='ocrx_word' id='word_1_69' title='bbox 2256 817 2309 869; x_wconf 91' lang='lat' dir='ltr'><strong>in</strong></span> <span class='ocrx_word' id='word_1_70' title='bbox 2344 816 2464 870; x_wconf 89' lang='lat' dir='ltr'><strong>loco</strong></span> <span class='ocrx_word' id='word_1_71' title='bbox 2498 816 2623 870; x_wconf 90' lang='lat' dir='ltr'><strong>isto.</strong></span> <span class='ocrx_word' id='word_1_72' title='bbox 2654 814 2953 869; x_wconf 80' lang='lat' dir='ltr'><strong>Transtulit</strong></span> <span class='ocrx_word' id='word_1_73' title='bbox 2988 812 3147 865; x_wconf 84' lang='lat' dir='ltr'><strong>etiam</strong></span> <span class='ocrx_word' id='word_1_74' title='bbox 3184 818 3497 877; x_wconf 81' lang='lat' dir='ltr'><strong>suggestum</strong></span> <span class='ocrx_word' id='word_1_75' title='bbox 3530 808 3659 861; x_wconf 88' lang='lat' dir='ltr'><strong>dum</strong></span> <span class='ocrx_word' id='word_1_76' title='bbox 3692 819 3833 859; x_wconf 82' lang='lat' dir='ltr'><strong>tem-</strong></span> 
     </span>
    </p>
   </div>
   <div class='ocr_carea' id='block_1_7' title="bbox 582 898 3829 977">
    <p class='ocr_par' dir='ltr' id='par_1_7' title="bbox 582 898 3829 977">
     <span class='ocr_line' id='line_1_7' title="bbox 582 898 3829 977; baseline 0.001 -28"><span class='ocrx_word' id='word_1_77' title='bbox 582 898 754 963; x_wconf 80' lang='lat' dir='ltr'><strong>wani;</strong></span> <span class='ocrx_word' id='word_1_78' title='bbox 793 916 914 968; x_wconf 80' lang='lat' dir='ltr'><strong>qua:</strong></span> <span class='ocrx_word' id='word_1_79' title='bbox 951 902 1181 956; x_wconf 77' lang='lat' dir='ltr'><strong>ecclesia</strong></span> <span class='ocrx_word' id='word_1_80' title='bbox 1213 919 1377 972; x_wconf 89' lang='lat' dir='ltr'><strong>parva</strong></span> <span class='ocrx_word' id='word_1_81' title='bbox 1404 913 1529 969; x_wconf 81' lang='lat' dir='ltr'><strong>est,</strong></span> <span class='ocrx_word' id='word_1_82' title='bbox 1555 913 1718 972; x_wconf 91' lang='lat' dir='ltr'><strong>atque</strong></span> <span class='ocrx_word' id='word_1_83' title='bbox 1749 904 2014 972; x_wconf 84' lang='lat' dir='ltr'><strong>appellata</strong></span> <span class='ocrx_word' id='word_1_84' title='bbox 2051 902 2153 957; x_wconf 78' lang='lat' dir='ltr'><strong>fuit</strong></span> <span class='ocrx_word' id='word_1_85' title='bbox 2256 907 2401 975; x_wconf 91' lang='lat' dir='ltr'><strong>plum</strong></span> <span class='ocrx_word' id='word_1_86' title='bbox 2434 908 2695 972; x_wconf 83' lang='lat' dir='ltr'><strong>dirueret,</strong></span> <span class='ocrx_word' id='word_1_87' title='bbox 2728 908 2780 960; x_wconf 90' lang='lat' dir='ltr'><strong>in</strong></span> <span class='ocrx_word' id='word_1_88' title='bbox 2810 906 3012 977; x_wconf 89' lang='lat' dir='ltr'><strong>[locum</strong></span> <span class='ocrx_word' id='word_1_89' title='bbox 3039 901 3267 973; x_wconf 84' lang='lat' dir='ltr'><strong>dictum]</strong></span> <span class='ocrx_word' id='word_1_90' title='bbox 3301 902 3623 957; x_wconf 82' lang='lat' dir='ltr'><strong>Kaisariatol</strong></span> <span class='ocrx_word' id='word_1_91' title='bbox 3658 901 3829 959; x_wconf 77' lang='lat' dir='ltr'><strong>’Asal,</strong></span> 
     </span>
    </p>
   </div>
   <div class='ocr_carea' id='block_1_8' title="bbox 578 991 3833 1067">
    <p class='ocr_par' dir='ltr' id='par_1_8' title="bbox 578 991 3833 1067">
     <span class='ocr_line' id='line_1_8' title="bbox 578 991 3833 1067; baseline 0.001 -24"><span class='ocrx_word' id='word_1_92' title='bbox 578 991 808 1045; x_wconf 84' lang='lat' dir='ltr'><strong>ecclesia</strong></span> <span class='ocrx_word' id='word_1_93' title='bbox 855 995 1090 1047; x_wconf 91' lang='lat' dir='ltr'><strong>Duorum</strong></span> <span class='ocrx_word' id='word_1_94' title='bbox 1132 994 1623 1051; x_wconf 84' lang='lat' dir='ltr'><strong>Cubiculariorum.</strong></span> <span class='ocrx_word' id='word_1_95' title='bbox 1658 995 1861 1050; x_wconf 86' lang='lat' dir='ltr'><strong>Statuit</strong></span> <span class='ocrx_word' id='word_1_96' title='bbox 1914 996 2054 1049; x_wconf 89' lang='lat' dir='ltr'><strong>idem</strong></span> <span class='ocrx_word' id='word_1_97' title='bbox 2090 1005 2151 1049; x_wconf 86' lang='lat' dir='ltr'><strong>ut</strong></span> <span class='ocrx_word' id='word_1_98' title='bbox 2256 999 2437 1067; x_wconf 86' lang='lat' dir='ltr'><strong>ibique</strong></span> <span class='ocrx_word' id='word_1_99' title='bbox 2457 999 2689 1054; x_wconf 86' lang='lat' dir='ltr'><strong>orabant</strong></span> <span class='ocrx_word' id='word_1_100' title='bbox 2719 998 2988 1061; x_wconf 90' lang='lat' dir='ltr'><strong>homines,</strong></span> <span class='ocrx_word' id='word_1_101' title='bbox 3014 996 3196 1065; x_wconf 87' lang='lat' dir='ltr'><strong>ibique</strong></span> <span class='ocrx_word' id='word_1_102' title='bbox 3226 993 3416 1047; x_wconf 80' lang='lat' dir='ltr'><strong>diebus</strong></span> <span class='ocrx_word' id='word_1_103' title='bbox 3441 991 3669 1047; x_wconf 77' lang='lat' dir='ltr'><strong>Veneris</strong></span> <span class='ocrx_word' id='word_1_104' title='bbox 3696 1009 3833 1045; x_wconf 76' lang='lat' dir='ltr'><strong>con-</strong></span> 
     </span>
    </p>
   </div>
   <div class='ocr_carea' id='block_1_9' title="bbox 578 1079 3829 1158">
    <p class='ocr_par' dir='ltr' id='par_1_9' title="bbox 578 1079 3829 1158">
     <span class='ocr_line' id='line_1_9' title="bbox 578 1079 3829 1158; baseline 0.001 -24"><span class='ocrx_word' id='word_1_105' title='bbox 578 1079 799 1151; x_wconf 63' lang='lat' dir='ltr'><strong>IEgypti</strong></span> <span class='ocrx_word' id='word_1_106' title='bbox 863 1084 1218 1155; x_wconf 73' lang='lat'><strong>369-371</strong></span> <span class='ocrx_word' id='word_1_107' title='bbox 1288 1087 1550 1139; x_wconf 82' lang='lat' dir='ltr'><strong>tributum</strong></span> <span class='ocrx_word' id='word_1_108' title='bbox 1606 1086 1887 1158; x_wconf 75' lang='lat' dir='ltr'><strong>[diversis]</strong></span> <span class='ocrx_word' id='word_1_109' title='bbox 1936 1087 2148 1143; x_wconf 85' lang='lat' dir='ltr'><strong>vicibus</strong></span> <span class='ocrx_word' id='word_1_110' title='bbox 2254 1091 2579 1151; x_wconf 80' lang='lat' dir='ltr'><strong>veniebant,</strong></span> <span class='ocrx_word' id='word_1_111' title='bbox 2613 1089 2790 1143; x_wconf 92' lang='lat' dir='ltr'><strong>donec</strong></span> <span class='ocrx_word' id='word_1_112' title='bbox 2821 1089 3081 1144; x_wconf 80' lang='lat' dir='ltr'><strong>fabricam</strong></span> <span class='ocrx_word' id='word_1_113' title='bbox 3120 1101 3274 1142; x_wconf 89' lang='lat' dir='ltr'><strong>suam</strong></span> <span class='ocrx_word' id='word_1_114' title='bbox 3306 1087 3627 1152; x_wconf 81' lang='lat' dir='ltr'><strong>perfecisset</strong></span> <span class='ocrx_word' id='word_1_115' title='bbox 3659 1103 3673 1138; x_wconf 89' lang='lat'><strong>:</strong></span> <span class='ocrx_word' id='word_1_116' title='bbox 3709 1102 3829 1139; x_wconf 87' lang='lat' dir='ltr'><strong>ma-</strong></span> 
     </span>
    </p>
   </div>
   <div class='ocr_carea' id='block_1_10' title="bbox 586 1176 3959 1250">
    <p class='ocr_par' dir='ltr' id='par_1_10' title="bbox 586 1176 3959 1250">
     <span class='ocr_line' id='line_1_10' title="bbox 586 1176 3959 1250; baseline 0.002 -24"><span class='ocrx_word' id='word_1_117' title='bbox 586 1176 941 1243; x_wconf 87' lang='lat' dir='ltr'><strong>penderelur,</strong></span> <span class='ocrx_word' id='word_1_118' title='bbox 979 1179 1210 1245; x_wconf 76' lang='lat' dir='ltr'><strong>singulis</strong></span> <span class='ocrx_word' id='word_1_119' title='bbox 1250 1178 1458 1233; x_wconf 73' lang='lat' dir='ltr'><strong>scilicet</strong></span> <span class='ocrx_word' id='word_1_120' title='bbox 1490 1179 1682 1234; x_wconf 86' lang='lat' dir='ltr'><strong>diebus</strong></span> <span class='ocrx_word' id='word_1_121' title='bbox 1715 1179 1945 1236; x_wconf 80' lang='lat' dir='ltr'><strong>Veneris</strong></span> <span class='ocrx_word' id='word_1_122' title='bbox 2000 1195 2155 1250; x_wconf 85' lang='lat' dir='ltr'><strong>pars,</strong></span> <span class='ocrx_word' id='word_1_123' title='bbox 2256 1194 2347 1237; x_wconf 91' lang='lat' dir='ltr'><strong>net</strong></span> <span class='ocrx_word' id='word_1_124' title='bbox 2387 1192 2566 1236; x_wconf 87' lang='lat' dir='ltr'><strong>autem</strong></span> <span class='ocrx_word' id='word_1_125' title='bbox 2603 1182 2816 1237; x_wconf 87' lang='lat' dir='ltr'><strong>testudo</strong></span> <span class='ocrx_word' id='word_1_126' title='bbox 2851 1182 2901 1235; x_wconf 91' lang='lat' dir='ltr'><strong>in</strong></span> <span class='ocrx_word' id='word_1_127' title='bbox 2934 1180 3183 1237; x_wconf 80' lang='lat' dir='ltr'><strong>Kaisaria</strong></span> <span class='ocrx_word' id='word_1_128' title='bbox 3207 1181 3259 1235; x_wconf 90' lang='lat' dir='ltr'><strong>in</strong></span> <span class='ocrx_word' id='word_1_129' title='bbox 3291 1181 3633 1248; x_wconf 88' lang='lat' dir='ltr'><strong>huncusque</strong></span> <span class='ocrx_word' id='word_1_130' title='bbox 3657 1181 3829 1234; x_wconf 82' lang='lat' dir='ltr'><strong>diem.</strong></span> <span class='ocrx_word' id='word_1_131' title='bbox 3956 1196 3959 1250; x_wconf 44' lang='grc' dir='ltr'><em>λ</em></span> 
     </span>
    </p>
   </div>
   <div class='ocr_carea' id='block_1_11' title="bbox 579 1210 3959 1469">
    <p class='ocr_par' dir='ltr' id='par_1_11' title="bbox 579 1210 3835 1469">
     <span class='ocr_line' id='line_1_11' title="bbox 586 1210 3829 1250; baseline 0.001 -21"><span class='ocrx_word' id='word_1_132' title='bbox 586 1210 941 1243; x_wconf 62' lang='grc' dir='ltr'><strong>γυιιυιιιῠιυιν</strong></span> <span class='ocrx_word' id='word_1_133' title='bbox 979 1210 1210 1245; x_wconf 66' lang='grc' dir='ltr'><strong>διιεὶςιιιιδ</strong></span> <span class='ocrx_word' id='word_1_134' title='bbox 1250 1210 1458 1233; x_wconf 53' lang='lat' dir='ltr'><strong>annum</strong></span> <span class='ocrx_word' id='word_1_135' title='bbox 1490 1210 1682 1234; x_wconf 71' lang='grc' dir='ltr'>υιῠυιιθ</span> <span class='ocrx_word' id='word_1_136' title='bbox 1727 1210 1881 1236; x_wconf 71' lang='grc' dir='ltr'>νειιυι</span> <span class='ocrx_word' id='word_1_137' title='bbox 1897 1210 1945 1233; x_wconf 70' lang='grc' dir='ltr'><strong>ιθ</strong></span> <span class='ocrx_word' id='word_1_138' title='bbox 2000 1210 2085 1250; x_wconf 64' lang='grc' dir='ltr'><strong>μαι</strong></span> <span class='ocrx_word' id='word_1_139' title='bbox 2101 1210 2155 1245; x_wconf 56' lang='grc' dir='ltr'><strong>δ’</strong></span> <span class='ocrx_word' id='word_1_140' title='bbox 2258 1210 2347 1237; x_wconf 67' lang='grc' dir='ltr'><strong>ΙΙῦι</strong></span> <span class='ocrx_word' id='word_1_141' title='bbox 2387 1210 2566 1236; x_wconf 65' lang='grc' dir='ltr'><strong>ειυιυιιι</strong></span> <span class='ocrx_word' id='word_1_142' title='bbox 2604 1210 2816 1237; x_wconf 68' lang='grc' dir='ltr'><strong>ιυδιυιιυ</strong></span> <span class='ocrx_word' id='word_1_143' title='bbox 2852 1210 2901 1235; x_wconf 87' lang='grc' dir='ltr'><strong>ΙΙΙ</strong></span> <span class='ocrx_word' id='word_1_144' title='bbox 2936 1210 3119 1237; x_wconf 68' lang='grc' dir='ltr'><strong>ιιιηδίίι</strong></span> <span class='ocrx_word' id='word_1_145' title='bbox 3137 1210 3183 1235; x_wconf 60' lang='lat' dir='ltr'><strong>la</strong></span> <span class='ocrx_word' id='word_1_146' title='bbox 3208 1210 3259 1235; x_wconf 87' lang='lat' dir='ltr'><strong>Ill</strong></span> <span class='ocrx_word' id='word_1_147' title='bbox 3291 1210 3435 1234; x_wconf 69' lang='grc' dir='ltr'>ιιηιιυ</span> <span class='ocrx_word' id='word_1_148' title='bbox 3456 1210 3633 1248; x_wconf 65' lang='lat' dir='ltr'><strong>usque</strong></span> <span class='ocrx_word' id='word_1_149' title='bbox 3657 1210 3829 1234; x_wconf 75' lang='grc' dir='ltr'><strong>υΙΓΙΙΙ.</strong></span> 
     </span>
     <span class='ocr_line' id='line_1_12' title="bbox 579 1269 3835 1347; baseline 0.002 -26"><span class='ocrx_word' id='word_1_150' title='bbox 579 1277 730 1321; x_wconf 87' lang='lat' dir='ltr'><strong>metu</strong></span> <span class='ocrx_word' id='word_1_151' title='bbox 766 1284 835 1322; x_wconf 89' lang='lat' dir='ltr'><strong>ne</strong></span> <span class='ocrx_word' id='word_1_152' title='bbox 868 1269 959 1323; x_wconf 84' lang='lat' dir='ltr'><strong>lite</strong></span> <span class='ocrx_word' id='word_1_153' title='bbox 992 1271 1170 1339; x_wconf 86' lang='lat' dir='ltr'><strong>aliqua</strong></span> <span class='ocrx_word' id='word_1_154' title='bbox 1208 1272 1521 1327; x_wconf 85' lang='lat' dir='ltr'><strong>suboriente</strong></span> <span class='ocrx_word' id='word_1_155' title='bbox 1566 1274 1679 1342; x_wconf 84' lang='lat' dir='ltr'><strong>regi</strong></span> <span class='ocrx_word' id='word_1_156' title='bbox 1730 1278 1978 1343; x_wconf 88' lang='lat' dir='ltr'><strong>pecuniis</strong></span> <span class='ocrx_word' id='word_1_157' title='bbox 2012 1291 2151 1347; x_wconf 79' lang='lat' dir='ltr'><strong>Opus</strong></span> <span class='ocrx_word' id='word_1_158' title='bbox 2255 1275 2440 1330; x_wconf 74' lang='lat' dir='ltr'><strong>Voluit</strong></span> <span class='ocrx_word' id='word_1_159' title='bbox 2474 1279 2635 1330; x_wconf 87' lang='lat' dir='ltr'><strong>etiam</strong></span> <span class='ocrx_word' id='word_1_160' title='bbox 2666 1274 2847 1329; x_wconf 87' lang='lat' dir='ltr'><strong>Walid</strong></span> <span class='ocrx_word' id='word_1_161' title='bbox 2874 1275 3134 1345; x_wconf 55' lang='lat' dir='ltr'><strong>tcu&#39;plum</strong></span> <span class='ocrx_word' id='word_1_162' title='bbox 3162 1274 3306 1341; x_wconf 91' lang='lat' dir='ltr'><strong>quod</strong></span> <span class='ocrx_word' id='word_1_163' title='bbox 3346 1273 3590 1329; x_wconf 85' lang='lat' dir='ltr'><strong>Damasci</strong></span> <span class='ocrx_word' id='word_1_164' title='bbox 3623 1285 3707 1328; x_wconf 90' lang='lat' dir='ltr'><strong>est</strong></span> <span class='ocrx_word' id='word_1_165' title='bbox 3740 1290 3835 1327; x_wconf 46' lang='lat' dir='ltr'><strong>ex-</strong></span> 
     </span>
     <span class='ocr_line' id='line_1_13' title="bbox 585 1362 3835 1434; baseline 0.002 -23"><span class='ocrx_word' id='word_1_166' title='bbox 585 1362 758 1427; x_wconf 60' lang='lat' dir='ltr'><strong>essetj;</strong></span> <span class='ocrx_word' id='word_1_167' title='bbox 799 1375 970 1428; x_wconf 88' lang='lat' dir='ltr'><strong>neque</strong></span> <span class='ocrx_word' id='word_1_168' title='bbox 999 1362 1069 1414; x_wconf 90' lang='lat' dir='ltr'><strong>ita</strong></span> <span class='ocrx_word' id='word_1_169' title='bbox 1106 1362 1281 1417; x_wconf 80' lang='lat' dir='ltr'><strong>facere</strong></span> <span class='ocrx_word' id='word_1_170' title='bbox 1308 1362 1515 1416; x_wconf 88' lang='lat' dir='ltr'><strong>destitit</strong></span> <span class='ocrx_word' id='word_1_171' title='bbox 1542 1364 1710 1419; x_wconf 86' lang='lat' dir='ltr'><strong>donec</strong></span> <span class='ocrx_word' id='word_1_172' title='bbox 1747 1367 2158 1423; x_wconf 69' lang='lat' dir='ltr'><strong>interficeretur</strong></span> <span class='ocrx_word' id='word_1_173' title='bbox 2255 1378 2504 1431; x_wconf 89' lang='lat' dir='ltr'><strong>struere;</strong></span> <span class='ocrx_word' id='word_1_174' title='bbox 2542 1366 2871 1423; x_wconf 84' lang='lat' dir='ltr'><strong>Christianis</strong></span> <span class='ocrx_word' id='word_1_175' title='bbox 2892 1381 3018 1434; x_wconf 73' lang='lat' dir='ltr'><strong>ergo</strong></span> <span class='ocrx_word' id='word_1_176' title='bbox 3046 1367 3328 1422; x_wconf 86' lang='lat' dir='ltr'><strong>accersitis</strong></span> <span class='ocrx_word' id='word_1_177' title='bbox 3360 1366 3496 1420; x_wconf 77' lang='lat' dir='ltr'><strong>dixit</strong></span> <span class='ocrx_word' id='word_1_178' title='bbox 3524 1368 3615 1420; x_wconf 90' lang='lat' dir='ltr'><strong>:ln</strong></span> <span class='ocrx_word' id='word_1_179' title='bbox 3644 1367 3835 1420; x_wconf 84' lang='lat' dir='ltr'><strong>animo</strong></span> 
     </span>
     <span class='ocr_line' id='line_1_14' title="bbox 593 1450 3662 1469; baseline 0 0"><span class='ocrx_word' id='word_1_180' title='bbox 593 1450 829 1469; x_wconf 54' lang='lat' dir='ltr'><strong>ALJII,|</strong></span> <span class='ocrx_word' id='word_1_181' title='bbox 894 1452 950 1469; x_wconf 63' lang='lat' dir='ltr'><strong>hs</strong></span> <span class='ocrx_word' id='word_1_182' title='bbox 1052 1455 1061 1469; x_wconf 86' lang='grc' dir='ltr'>ι</span> <span class='ocrx_word' id='word_1_183' title='bbox 1120 1454 1153 1469; x_wconf 78' lang='grc' dir='ltr'><em>η</em></span> <span class='ocrx_word' id='word_1_184' title='bbox 1201 1456 1211 1469; x_wconf 81' lang='grc' dir='ltr'>ι</span> <span class='ocrx_word' id='word_1_185' title='bbox 1272 1457 1283 1467; x_wconf 71' lang='grc' dir='ltr'><strong><em>ο</em></strong></span> <span class='ocrx_word' id='word_1_186' title='bbox 1410 1466 1421 1469; x_wconf 43' lang='grc' dir='ltr'><em>Α</em></span> <span class='ocrx_word' id='word_1_187' title='bbox 1498 1459 1511 1469; x_wconf 72' lang='lat'>.</span> <span class='ocrx_word' id='word_1_188' title='bbox 1602 1460 1671 1469; x_wconf 41' lang='grc' dir='ltr'><strong>ιν</strong></span> <span class='ocrx_word' id='word_1_189' title='bbox 2010 1462 2149 1469; x_wconf 83' lang='grc'><strong>.--.-</strong></span> <span class='ocrx_word' id='word_1_190' title='bbox 2330 1459 2380 1469; x_wconf 79' lang='grc' dir='ltr'><strong>ι.</strong></span> <span class='ocrx_word' id='word_1_191' title='bbox 2514 1466 2523 1469; x_wconf 37' lang='grc' dir='ltr'><em>Α</em></span> <span class='ocrx_word' id='word_1_192' title='bbox 2571 1468 2577 1469; x_wconf 59' lang='lat'><strong><em>,</em></strong></span> <span class='ocrx_word' id='word_1_193' title='bbox 2715 1458 2725 1469; x_wconf 75' lang='grc' dir='ltr'>ι</span> <span class='ocrx_word' id='word_1_194' title='bbox 2928 1465 2938 1469; x_wconf 71' lang='lat'><strong>-</strong></span> <span class='ocrx_word' id='word_1_195' title='bbox 3114 1457 3163 1469; x_wconf 75' lang='grc' dir='ltr'>ιι</span> <span class='ocrx_word' id='word_1_196' title='bbox 3409 1458 3419 1469; x_wconf 86' lang='grc' dir='ltr'>ι</span> <span class='ocrx_word' id='word_1_197' title='bbox 3491 1458 3502 1468; x_wconf 71' lang='grc' dir='ltr'>ι</span> <span class='ocrx_word' id='word_1_198' title='bbox 3650 1457 3662 1469; x_wconf 80' lang='grc' dir='ltr'>ι</span> 
     </span>
    </p>
   </div>
   <div class='ocr_carea' id='block_1_12' title="bbox 2255 1366 3835 1434">
    <p class='ocr_par' dir='ltr' id='par_1_12' title="bbox 2255 1366 3835 1434">
     <span class='ocr_line' id='line_1_15' title="bbox 2255 1366 3835 1434; baseline -0.001 -13"><span class='ocrx_word' id='word_1_199' title='bbox 2255 1378 2504 1431; x_wconf 89' lang='lat' dir='ltr'><strong>struere;</strong></span> <span class='ocrx_word' id='word_1_200' title='bbox 2542 1366 2871 1423; x_wconf 88' lang='lat' dir='ltr'><strong>Christianis</strong></span> <span class='ocrx_word' id='word_1_201' title='bbox 2892 1381 3018 1434; x_wconf 73' lang='lat' dir='ltr'><strong>ergo</strong></span> <span class='ocrx_word' id='word_1_202' title='bbox 3046 1367 3328 1422; x_wconf 86' lang='lat' dir='ltr'><strong>accersitis</strong></span> <span class='ocrx_word' id='word_1_203' title='bbox 3360 1366 3496 1420; x_wconf 77' lang='lat' dir='ltr'><strong>dixit</strong></span> <span class='ocrx_word' id='word_1_204' title='bbox 3524 1368 3615 1420; x_wconf 90' lang='lat' dir='ltr'><strong>:ln</strong></span> <span class='ocrx_word' id='word_1_205' title='bbox 3644 1367 3835 1420; x_wconf 84' lang='lat' dir='ltr'><strong>animo</strong></span> 
     </span>
    </p>
   </div>
   <div class='ocr_carea' id='block_1_13' title="bbox 2254 1457 3837 1527">
    <p class='ocr_par' dir='ltr' id='par_1_13' title="bbox 2254 1457 3837 1527">
     <span class='ocr_line' id='line_1_16' title="bbox 2254 1457 3837 1527; baseline -0.003 -15"><span class='ocrx_word' id='word_1_206' title='bbox 2254 1459 2415 1512; x_wconf 85' lang='lat' dir='ltr'><strong>nobis</strong></span> <span class='ocrx_word' id='word_1_207' title='bbox 2447 1466 2531 1512; x_wconf 88' lang='lat' dir='ltr'><strong>est</strong></span> <span class='ocrx_word' id='word_1_208' title='bbox 2564 1458 2765 1527; x_wconf 90' lang='lat' dir='ltr'><strong>templo</strong></span> <span class='ocrx_word' id='word_1_209' title='bbox 2820 1465 3010 1513; x_wconf 84' lang='lat' dir='ltr'><strong>nostro</strong></span> <span class='ocrx_word' id='word_1_210' title='bbox 3060 1457 3260 1512; x_wconf 85' lang='lat' dir='ltr'><strong>addere</strong></span> <span class='ocrx_word' id='word_1_211' title='bbox 3308 1458 3592 1512; x_wconf 89' lang='lat' dir='ltr'><strong>ecclesiam</strong></span> <span class='ocrx_word' id='word_1_212' title='bbox 3650 1457 3837 1517; x_wconf 84' lang='lat' dir='ltr'><strong>hanc,</strong></span> 
     </span>
    </p>
   </div>
   <div class='ocr_carea' id='block_1_14' title="bbox 587 1543 3835 1619">
    <p class='ocr_par' dir='ltr' id='par_1_14' title="bbox 587 1543 3835 1619">
     <span class='ocr_line' id='line_1_17' title="bbox 587 1543 3835 1619; baseline 0 -22"><span class='ocrx_word' id='word_1_213' title='bbox 587 1543 796 1599; x_wconf 86' lang='lat' dir='ltr'><strong>Maleco</strong></span> <span class='ocrx_word' id='word_1_214' title='bbox 844 1545 957 1599; x_wconf 79' lang='lat' dir='ltr'><strong>Elin</strong></span> <span class='ocrx_word' id='word_1_215' title='bbox 1012 1546 1266 1602; x_wconf 81' lang='lat' dir='ltr'><strong>Merwani</strong></span> <span class='ocrx_word' id='word_1_216' title='bbox 1301 1551 1612 1619; x_wconf 89' lang='lat' dir='ltr'><strong>imperium.</strong></span> <span class='ocrx_word' id='word_1_217' title='bbox 1647 1550 1930 1608; x_wconf 77' lang='lat' dir='ltr'><strong>Profectus</strong></span> <span class='ocrx_word' id='word_1_218' title='bbox 1968 1565 2149 1609; x_wconf 75' lang='lat' dir='ltr'><strong>autem</strong></span> <span class='ocrx_word' id='word_1_219' title='bbox 2256 1545 2439 1602; x_wconf 90' lang='lat' dir='ltr'><strong>Sancti</strong></span> <span class='ocrx_word' id='word_1_220' title='bbox 2476 1545 2707 1604; x_wconf 84' lang='lat' dir='ltr'><strong>Joannis</strong></span> <span class='ocrx_word' id='word_1_221' title='bbox 2755 1548 2963 1603; x_wconf 80' lang='lat' dir='ltr'><strong>scilicet</strong></span> <span class='ocrx_word' id='word_1_222' title='bbox 2998 1547 3135 1616; x_wconf 88' lang='lat' dir='ltr'><strong>(erat</strong></span> <span class='ocrx_word' id='word_1_223' title='bbox 3159 1556 3346 1602; x_wconf 85' lang='lat' dir='ltr'><strong>autem</strong></span> <span class='ocrx_word' id='word_1_224' title='bbox 3384 1547 3606 1602; x_wconf 85' lang='lat' dir='ltr'><strong>ecclesia</strong></span> <span class='ocrx_word' id='word_1_225' title='bbox 3663 1546 3835 1599; x_wconf 85' lang='lat' dir='ltr'><strong>valde</strong></span> 
     </span>
    </p>
   </div>
   <div class='ocr_carea' id='block_1_15' title="bbox 582 1636 3839 1716">
    <p class='ocr_par' dir='ltr' id='par_1_15' title="bbox 582 1636 3839 1716">
     <span class='ocr_line' id='line_1_18' title="bbox 582 1636 3839 1716; baseline -0.001 -21"><span class='ocrx_word' id='word_1_226' title='bbox 582 1636 763 1692; x_wconf 79' lang='lat' dir='ltr'><strong>Abdol</strong></span> <span class='ocrx_word' id='word_1_227' title='bbox 828 1637 958 1693; x_wconf 81' lang='lat' dir='ltr'><strong>Aziz</strong></span> <span class='ocrx_word' id='word_1_228' title='bbox 1052 1640 1436 1695; x_wconf 81' lang='lat' dir='ltr'><strong>Alexandriam</strong></span> <span class='ocrx_word' id='word_1_229' title='bbox 1533 1658 1677 1699; x_wconf 89' lang='lat' dir='ltr'><strong>anno</strong></span> <span class='ocrx_word' id='word_1_230' title='bbox 1752 1649 2152 1716; x_wconf 77' lang='lat' dir='ltr'><strong>septuagesimo</strong></span> <span class='ocrx_word' id='word_1_231' title='bbox 2254 1642 2498 1711; x_wconf 87' lang='lat' dir='ltr'><strong>pulchra,</strong></span> <span class='ocrx_word' id='word_1_232' title='bbox 2527 1644 2613 1698; x_wconf 90' lang='lat' dir='ltr'><strong>cui</strong></span> <span class='ocrx_word' id='word_1_233' title='bbox 2644 1644 2698 1697; x_wconf 92' lang='lat' dir='ltr'><strong>in</strong></span> <span class='ocrx_word' id='word_1_234' title='bbox 2732 1651 2845 1699; x_wconf 92' lang='lat' dir='ltr'><strong>tota</strong></span> <span class='ocrx_word' id='word_1_235' title='bbox 2870 1642 3075 1698; x_wconf 89' lang='lat' dir='ltr'><strong>ditioue</strong></span> <span class='ocrx_word' id='word_1_236' title='bbox 3102 1642 3434 1696; x_wconf 86' lang='lat' dir='ltr'><strong>Damascena</strong></span> <span class='ocrx_word' id='word_1_237' title='bbox 3461 1656 3554 1711; x_wconf 84' lang='lat' dir='ltr'><strong>par</strong></span> <span class='ocrx_word' id='word_1_238' title='bbox 3585 1641 3691 1693; x_wconf 88' lang='lat' dir='ltr'><strong>alia</strong></span> <span class='ocrx_word' id='word_1_239' title='bbox 3724 1656 3839 1691; x_wconf 86' lang='lat' dir='ltr'><strong>nou</strong></span> 
     </span>
    </p>
   </div>
   <div class='ocr_carea' id='block_1_16' title="bbox 586 1731 3839 1834">
    <p class='ocr_par' dir='ltr' id='par_1_16' title="bbox 586 1731 3839 1834">
     <span class='ocr_line' id='line_1_19' title="bbox 586 1731 3839 1834; baseline 0.002 -50"><span class='ocrx_word' id='word_1_240' title='bbox 586 1741 802 1797; x_wconf 84' lang='lat' dir='ltr'><strong>quarto,</strong></span> <span class='ocrx_word' id='word_1_241' title='bbox 830 1731 978 1787; x_wconf 85' lang='lat' dir='ltr'><strong>viros</strong></span> <span class='ocrx_word' id='word_1_242' title='bbox 1010 1734 1247 1804; x_wconf 81' lang='lat' dir='ltr'><strong>regionis</strong></span> <span class='ocrx_word' id='word_1_243' title='bbox 1300 1735 1457 1789; x_wconf 85' lang='lat' dir='ltr'><strong>istius</strong></span> <span class='ocrx_word' id='word_1_244' title='bbox 1503 1735 1798 1803; x_wconf 88' lang='lat' dir='ltr'><strong>primarios</strong></span> <span class='ocrx_word' id='word_1_245' title='bbox 1851 1739 2152 1809; x_wconf 88' lang='lat' dir='ltr'><strong>prehensos</strong></span> <span class='ocrx_word' id='word_1_246' title='bbox 2186 1736 2404 1834; x_wconf 60' lang='lat' dir='ltr'><strong>Bibit).</strong></span> <span class='ocrx_word' id='word_1_247' title='bbox 2436 1736 2591 1791; x_wconf 80' lang='lat' dir='ltr'><strong>vobis</strong></span> <span class='ocrx_word' id='word_1_248' title='bbox 2645 1744 2826 1791; x_wconf 89' lang='lat' dir='ltr'><strong>autem</strong></span> <span class='ocrx_word' id='word_1_249' title='bbox 2876 1736 3162 1806; x_wconf 87' lang='lat' dir='ltr'><strong>pecuniam</strong></span> <span class='ocrx_word' id='word_1_250' title='bbox 3211 1734 3463 1801; x_wconf 73' lang='lat' dir='ltr'><strong>dabimus</strong></span> <span class='ocrx_word' id='word_1_251' title='bbox 3510 1746 3621 1802; x_wconf 75' lang='lat' dir='ltr'><strong>Qua</strong></span> <span class='ocrx_word' id='word_1_252' title='bbox 3664 1732 3839 1834; x_wconf 73' lang='lat' dir='ltr'><strong>etiam</strong></span> 
     </span>
    </p>
   </div>
   <div class='ocr_carea' id='block_1_17' title="bbox 584 1821 3835 1900">
    <p class='ocr_par' dir='ltr' id='par_1_17' title="bbox 584 1821 3835 1900">
     <span class='ocr_line' id='line_1_20' title="bbox 584 1821 3835 1900; baseline 0 -25"><span class='ocrx_word' id='word_1_253' title='bbox 584 1821 638 1875; x_wconf 93' lang='lat' dir='ltr'><strong>iu</strong></span> <span class='ocrx_word' id='word_1_254' title='bbox 667 1822 817 1878; x_wconf 87' lang='lat' dir='ltr'><strong>vicos</strong></span> <span class='ocrx_word' id='word_1_255' title='bbox 850 1830 903 1877; x_wconf 91' lang='lat' dir='ltr'><strong>et</strong></span> <span class='ocrx_word' id='word_1_256' title='bbox 939 1824 1096 1879; x_wconf 87' lang='lat' dir='ltr'><strong>villas</strong></span> <span class='ocrx_word' id='word_1_257' title='bbox 1149 1825 1462 1894; x_wconf 88' lang='lat' dir='ltr'><strong>distribuit;</strong></span> <span class='ocrx_word' id='word_1_258' title='bbox 1524 1828 1819 1900; x_wconf 87' lang='lat' dir='ltr'><strong>unicuique</strong></span> <span class='ocrx_word' id='word_1_259' title='bbox 1850 1832 1991 1886; x_wconf 62' lang='lat' dir='ltr'><strong>villa:</strong></span> <span class='ocrx_word' id='word_1_260' title='bbox 2017 1872 2031 1895; x_wconf 88' lang='lat'><strong>,</strong></span> <span class='ocrx_word' id='word_1_261' title='bbox 2068 1849 2153 1889; x_wconf 77' lang='lat' dir='ltr'><strong>se-</strong></span> <span class='ocrx_word' id='word_1_262' title='bbox 2186 1821 2228 1834; x_wconf 82' lang='grc'><em>”</em></span> <span class='ocrx_word' id='word_1_263' title='bbox 2258 1826 2360 1897; x_wconf 90' lang='lat' dir='ltr'><strong>ipsi</strong></span> <span class='ocrx_word' id='word_1_264' title='bbox 2394 1826 2626 1881; x_wconf 87' lang='lat' dir='ltr'><strong>similem</strong></span> <span class='ocrx_word' id='word_1_265' title='bbox 2662 1828 2974 1897; x_wconf 89' lang='lat' dir='ltr'><strong>ubicunque</strong></span> <span class='ocrx_word' id='word_1_266' title='bbox 3003 1826 3185 1880; x_wconf 88' lang='lat' dir='ltr'><strong>velitis</strong></span> <span class='ocrx_word' id='word_1_267' title='bbox 3214 1825 3481 1880; x_wconf 63' lang='lat' dir='ltr'><strong>mililicare</strong></span> <span class='ocrx_word' id='word_1_268' title='bbox 3532 1824 3768 1892; x_wconf 84' lang='lat' dir='ltr'><strong>possitis</strong></span> <span class='ocrx_word' id='word_1_269' title='bbox 3818 1839 3835 1875; x_wconf 85' lang='lat'><strong>:</strong></span> 
     </span>
    </p>
   </div>
   <div class='ocr_carea' id='block_1_18' title="bbox 585 1362 2158 1428">
    <p class='ocr_par' dir='ltr' id='par_1_18' title="bbox 585 1362 2158 1428">
     <span class='ocr_line' id='line_1_21' title="bbox 585 1362 2158 1428; baseline 0.008 -17"><span class='ocrx_word' id='word_1_270' title='bbox 585 1362 758 1427; x_wconf 60' lang='lat' dir='ltr'><strong>essetj;</strong></span> <span class='ocrx_word' id='word_1_271' title='bbox 799 1375 970 1428; x_wconf 88' lang='lat' dir='ltr'><strong>neque</strong></span> <span class='ocrx_word' id='word_1_272' title='bbox 999 1362 1069 1414; x_wconf 90' lang='lat' dir='ltr'><strong>ita</strong></span> <span class='ocrx_word' id='word_1_273' title='bbox 1106 1362 1281 1417; x_wconf 80' lang='lat' dir='ltr'><strong>facere</strong></span> <span class='ocrx_word' id='word_1_274' title='bbox 1308 1362 1515 1416; x_wconf 88' lang='lat' dir='ltr'><strong>destitit</strong></span> <span class='ocrx_word' id='word_1_275' title='bbox 1542 1364 1710 1419; x_wconf 86' lang='lat' dir='ltr'><strong>donec</strong></span> <span class='ocrx_word' id='word_1_276' title='bbox 1747 1367 2158 1423; x_wconf 69' lang='lat' dir='ltr'><strong>interﬁceretur</strong></span> 
     </span>
    </p>
   </div>
   <div class='ocr_carea' id='block_1_19' title="bbox 584 1450 2153 1520">
    <p class='ocr_par' dir='ltr' id='par_1_19' title="bbox 584 1450 2153 1520">
     <span class='ocr_line' id='line_1_22' title="bbox 584 1450 2153 1520; baseline 0.01 -18"><span class='ocrx_word' id='word_1_277' title='bbox 584 1450 848 1505; x_wconf 84' lang='lat' dir='ltr'><strong>Abdullah</strong></span> <span class='ocrx_word' id='word_1_278' title='bbox 894 1452 1064 1507; x_wconf 85' lang='lat' dir='ltr'><strong>Elmol</strong></span> <span class='ocrx_word' id='word_1_279' title='bbox 1119 1454 1337 1520; x_wconf 88' lang='lat' dir='ltr'><strong>Zobair,</strong></span> <span class='ocrx_word' id='word_1_280' title='bbox 1374 1466 1427 1512; x_wconf 90' lang='lat' dir='ltr'><strong>et</strong></span> <span class='ocrx_word' id='word_1_281' title='bbox 1463 1459 1772 1514; x_wconf 88' lang='lat' dir='ltr'><strong>absolutum</strong></span> <span class='ocrx_word' id='word_1_282' title='bbox 1821 1472 1966 1516; x_wconf 86' lang='lat' dir='ltr'><strong>esset</strong></span> <span class='ocrx_word' id='word_1_283' title='bbox 1994 1462 2153 1517; x_wconf 87' lang='lat' dir='ltr'><strong>Abdil</strong></span> 
     </span>
    </p>
   </div>
   <div class='ocr_carea' id='block_1_20' title="bbox 585 1915 2150 1992">
    <p class='ocr_par' dir='ltr' id='par_1_20' title="bbox 585 1915 2150 1992">
     <span class='ocr_line' id='line_1_23' title="bbox 585 1915 2150 1992; baseline 0.009 -24"><span class='ocrx_word' id='word_1_284' title='bbox 585 1915 822 1970; x_wconf 87' lang='lat' dir='ltr'><strong>cundum</strong></span> <span class='ocrx_word' id='word_1_285' title='bbox 857 1916 1119 1972; x_wconf 88' lang='lat' dir='ltr'><strong>rationem</strong></span> <span class='ocrx_word' id='word_1_286' title='bbox 1147 1918 1344 1973; x_wconf 75' lang='lat' dir='ltr'><strong>:edium</strong></span> <span class='ocrx_word' id='word_1_287' title='bbox 1379 1935 1443 1973; x_wconf 91' lang='lat' dir='ltr'><strong>ac</strong></span> <span class='ocrx_word' id='word_1_288' title='bbox 1466 1920 1766 1988; x_wconf 81' lang='lat' dir='ltr'><strong>vinearum,</strong></span> <span class='ocrx_word' id='word_1_289' title='bbox 1800 1936 1863 1978; x_wconf 87' lang='lat' dir='ltr'><strong>ac</strong></span> <span class='ocrx_word' id='word_1_290' title='bbox 1894 1940 2150 1992; x_wconf 80' lang='lat' dir='ltr'><strong>generum</strong></span> 
     </span>
    </p>
   </div>
   <div class='ocr_carea' id='block_1_21' title="bbox 582 2006 2155 2084">
    <p class='ocr_par' dir='ltr' id='par_1_21' title="bbox 582 2006 2155 2084">
     <span class='ocr_line' id='line_1_24' title="bbox 582 2006 2155 2084; baseline 0.008 -24"><span class='ocrx_word' id='word_1_291' title='bbox 582 2006 819 2077; x_wconf 78' lang='lat' dir='ltr'><strong>frugum,</strong></span> <span class='ocrx_word' id='word_1_292' title='bbox 863 2017 1067 2062; x_wconf 89' lang='lat' dir='ltr'><strong>certam</strong></span> <span class='ocrx_word' id='word_1_293' title='bbox 1111 2011 1355 2079; x_wconf 61' lang='lat' dir='ltr'><strong>pecunia:</strong></span> <span class='ocrx_word' id='word_1_294' title='bbox 1380 2027 1646 2067; x_wconf 86' lang='lat' dir='ltr'><strong>summam</strong></span> <span class='ocrx_word' id='word_1_295' title='bbox 1674 2020 1979 2084; x_wconf 89' lang='lat' dir='ltr'><strong>imponens.</strong></span> <span class='ocrx_word' id='word_1_296' title='bbox 2006 2018 2155 2073; x_wconf 80' lang='lat' dir='ltr'><strong>Pon-</strong></span> 
     </span>
    </p>
   </div>
   <div class='ocr_carea' id='block_1_22' title="bbox 581 2100 2151 2174">
    <p class='ocr_par' dir='ltr' id='par_1_22' title="bbox 581 2100 2151 2174">
     <span class='ocr_line' id='line_1_25' title="bbox 581 2100 2151 2174; baseline 0.006 -21"><span class='ocrx_word' id='word_1_297' title='bbox 581 2106 690 2154; x_wconf 87' lang='lat' dir='ltr'><strong>tem</strong></span> <span class='ocrx_word' id='word_1_298' title='bbox 724 2100 887 2154; x_wconf 89' lang='lat' dir='ltr'><strong>etiam</strong></span> <span class='ocrx_word' id='word_1_299' title='bbox 917 2104 1186 2155; x_wconf 78' lang='lat' dir='ltr'><strong>exstruxit</strong></span> <span class='ocrx_word' id='word_1_300' title='bbox 1212 2104 1303 2171; x_wconf 90' lang='lat' dir='ltr'><strong>qui</strong></span> <span class='ocrx_word' id='word_1_301' title='bbox 1354 2119 1518 2174; x_wconf 89' lang='lat' dir='ltr'><strong>supra</strong></span> <span class='ocrx_word' id='word_1_302' title='bbox 1560 2106 1738 2160; x_wconf 72' lang='lat' dir='ltr'><strong>rivum</strong></span> <span class='ocrx_word' id='word_1_303' title='bbox 1792 2108 1981 2162; x_wconf 83' lang='lat' dir='ltr'><strong>Amiril</strong></span> <span class='ocrx_word' id='word_1_304' title='bbox 2032 2109 2151 2162; x_wconf 63' lang='lat' dir='ltr'><strong>Muo</strong></span> 
     </span>
    </p>
   </div>
   <div class='ocr_carea' id='block_1_23' title="bbox 582 2192 2153 2271">
    <p class='ocr_par' dir='ltr' id='par_1_23' title="bbox 582 2192 2153 2271">
     <span class='ocr_line' id='line_1_26' title="bbox 582 2192 2153 2271; baseline 0.008 -26"><span class='ocrx_word' id='word_1_305' title='bbox 582 2192 769 2247; x_wconf 89' lang='lat' dir='ltr'><strong>menin</strong></span> <span class='ocrx_word' id='word_1_306' title='bbox 820 2193 1191 2264; x_wconf 85' lang='lat' dir='ltr'><strong>[imperatoris</strong></span> <span class='ocrx_word' id='word_1_307' title='bbox 1225 2196 1481 2269; x_wconf 80' lang='lat' dir='ltr'><strong>ﬁdelium]</strong></span> <span class='ocrx_word' id='word_1_308' title='bbox 1548 2200 1879 2254; x_wconf 74' lang='lat' dir='ltr'><strong>extenditur.</strong></span> <span class='ocrx_word' id='word_1_309' title='bbox 1924 2201 2153 2271; x_wconf 84' lang='lat' dir='ltr'><strong>Fuitque</strong></span> 
     </span>
    </p>
   </div>
   <div class='ocr_carea' id='block_1_24' title="bbox 579 2282 2149 2358">
    <p class='ocr_par' dir='ltr' id='par_1_24' title="bbox 579 2282 2149 2358">
     <span class='ocr_line' id='line_1_27' title="bbox 579 2282 2149 2358; baseline 0.006 -22"><span class='ocrx_word' id='word_1_310' title='bbox 579 2282 658 2337; x_wconf 87' lang='lat' dir='ltr'><strong>illi</strong></span> <span class='ocrx_word' id='word_1_311' title='bbox 698 2284 753 2337; x_wconf 92' lang='lat' dir='ltr'><strong>in</strong></span> <span class='ocrx_word' id='word_1_312' title='bbox 784 2287 966 2341; x_wconf 91' lang='lat' dir='ltr'><strong>animo</strong></span> <span class='ocrx_word' id='word_1_313' title='bbox 1001 2296 1162 2355; x_wconf 87' lang='lat' dir='ltr'><strong>ponte</strong></span> <span class='ocrx_word' id='word_1_314' title='bbox 1197 2290 1288 2358; x_wconf 86' lang='lat' dir='ltr'><strong>qui</strong></span> <span class='ocrx_word' id='word_1_315' title='bbox 1328 2289 1573 2344; x_wconf 83' lang='lat' dir='ltr'><strong>Phustati</strong></span> <span class='ocrx_word' id='word_1_316' title='bbox 1606 2300 1690 2344; x_wconf 90' lang='lat' dir='ltr'><strong>est</strong></span> <span class='ocrx_word' id='word_1_317' title='bbox 1736 2291 1911 2345; x_wconf 88' lang='lat' dir='ltr'><strong>inutili</strong></span> <span class='ocrx_word' id='word_1_318' title='bbox 1936 2292 2149 2347; x_wconf 78' lang='lat' dir='ltr'><strong>reddito</strong></span> 
     </span>
    </p>
   </div>
   <div class='ocr_carea' id='block_1_25' title="bbox 579 2376 2149 2449">
    <p class='ocr_par' dir='ltr' id='par_1_25' title="bbox 579 2376 2149 2449">
     <span class='ocr_line' id='line_1_28' title="bbox 579 2376 2149 2449; baseline 0.006 -18"><span class='ocrx_word' id='word_1_319' title='bbox 579 2376 733 2431; x_wconf 91' lang='lat' dir='ltr'><strong>illum</strong></span> <span class='ocrx_word' id='word_1_320' title='bbox 802 2376 1047 2433; x_wconf 83' lang='lat' dir='ltr'><strong>llulwani</strong></span> <span class='ocrx_word' id='word_1_321' title='bbox 1097 2380 1277 2449; x_wconf 72' lang='lat' dir='ltr'><strong>ﬁgere.</strong></span> <span class='ocrx_word' id='word_1_322' title='bbox 1329 2380 1525 2436; x_wconf 86' lang='lat' dir='ltr'><strong>Portus</strong></span> <span class='ocrx_word' id='word_1_323' title='bbox 1578 2383 1742 2437; x_wconf 89' lang='lat' dir='ltr'><strong>etiam</strong></span> <span class='ocrx_word' id='word_1_324' title='bbox 1788 2383 2020 2439; x_wconf 88' lang='lat' dir='ltr'><strong>abolitos</strong></span> <span class='ocrx_word' id='word_1_325' title='bbox 2084 2402 2149 2439; x_wconf 87' lang='lat' dir='ltr'><strong>eo</strong></span> 
     </span>
    </p>
   </div>
   <div class='ocr_carea' id='block_1_26' title="bbox 580 2470 2151 2545">
    <p class='ocr_par' dir='ltr' id='par_1_26' title="bbox 580 2470 2151 2545">
     <span class='ocr_line' id='line_1_29' title="bbox 580 2470 2151 2545; baseline 0.005 -22"><span class='ocrx_word' id='word_1_326' title='bbox 580 2470 896 2534; x_wconf 79' lang='lat' dir='ltr'><strong>transferre,</strong></span> <span class='ocrx_word' id='word_1_327' title='bbox 934 2487 1034 2525; x_wconf 91' lang='lat' dir='ltr'><strong>nec</strong></span> <span class='ocrx_word' id='word_1_328' title='bbox 1059 2488 1162 2526; x_wconf 91' lang='lat' dir='ltr'><strong>non</strong></span> <span class='ocrx_word' id='word_1_329' title='bbox 1181 2473 1296 2528; x_wconf 78' lang='lat' dir='ltr'><strong>fora</strong></span> <span class='ocrx_word' id='word_1_330' title='bbox 1322 2481 1374 2527; x_wconf 90' lang='lat' dir='ltr'><strong>et</strong></span> <span class='ocrx_word' id='word_1_331' title='bbox 1402 2484 1749 2540; x_wconf 88' lang='lat' dir='ltr'><strong>mercatores,</strong></span> <span class='ocrx_word' id='word_1_332' title='bbox 1777 2492 1885 2545; x_wconf 91' lang='lat' dir='ltr'><strong>quo</strong></span> <span class='ocrx_word' id='word_1_333' title='bbox 1920 2475 2151 2531; x_wconf 83' lang='lat' dir='ltr'><strong>Phusta-</strong></span> 
     </span>
    </p>
   </div>
   <div class='ocr_carea' id='block_1_27' title="bbox 578 2560 2147 2633">
    <p class='ocr_par' dir='ltr' id='par_1_27' title="bbox 578 2560 2147 2633">
     <span class='ocr_line' id='line_1_30' title="bbox 578 2560 2147 2633; baseline 0.004 -20"><span class='ocrx_word' id='word_1_334' title='bbox 578 2568 691 2613; x_wconf 90' lang='lat' dir='ltr'><strong>tum</strong></span> <span class='ocrx_word' id='word_1_335' title='bbox 740 2560 892 2614; x_wconf 89' lang='lat' dir='ltr'><strong>nihili</strong></span> <span class='ocrx_word' id='word_1_336' title='bbox 934 2562 1224 2627; x_wconf 86' lang='lat' dir='ltr'><strong>redderet;</strong></span> <span class='ocrx_word' id='word_1_337' title='bbox 1279 2564 1426 2631; x_wconf 89' lang='lat' dir='ltr'><strong>quod</strong></span> <span class='ocrx_word' id='word_1_338' title='bbox 1482 2574 1659 2619; x_wconf 91' lang='lat' dir='ltr'><strong>tamen</strong></span> <span class='ocrx_word' id='word_1_339' title='bbox 1720 2566 1979 2633; x_wconf 81' lang='lat' dir='ltr'><strong>perlicere</strong></span> <span class='ocrx_word' id='word_1_340' title='bbox 2038 2583 2147 2621; x_wconf 86' lang='lat' dir='ltr'><strong>non</strong></span> 
     </span>
    </p>
   </div>
   <div class='ocr_carea' id='block_1_28' title="bbox 577 2650 2149 2724">
    <p class='ocr_par' dir='ltr' id='par_1_28' title="bbox 577 2650 2149 2724">
     <span class='ocr_line' id='line_1_31' title="bbox 577 2650 2149 2724; baseline 0.006 -20"><span class='ocrx_word' id='word_1_341' title='bbox 577 2653 777 2719; x_wconf 89' lang='lat' dir='ltr'><strong>potuit.</strong></span> <span class='ocrx_word' id='word_1_342' title='bbox 812 2650 1004 2707; x_wconf 89' lang='lat' dir='ltr'><strong>Scriba</strong></span> <span class='ocrx_word' id='word_1_343' title='bbox 1046 2654 1149 2722; x_wconf 89' lang='lat' dir='ltr'><strong>ipsi</strong></span> <span class='ocrx_word' id='word_1_344' title='bbox 1205 2654 1307 2707; x_wconf 76' lang='lat' dir='ltr'><strong>fuit</strong></span> <span class='ocrx_word' id='word_1_345' title='bbox 1355 2652 1604 2709; x_wconf 78' lang='lat' dir='ltr'><strong>Jacobila</strong></span> <span class='ocrx_word' id='word_1_346' title='bbox 1655 2657 1876 2724; x_wconf 82' lang='lat' dir='ltr'><strong>quidam</strong></span> <span class='ocrx_word' id='word_1_347' title='bbox 1929 2660 2149 2713; x_wconf 88' lang='lat' dir='ltr'><strong>nomine</strong></span> 
     </span>
    </p>
   </div>
   <div class='ocr_carea' id='block_1_29' title="bbox 576 2744 2149 2816">
    <p class='ocr_par' dir='ltr' id='par_1_29' title="bbox 576 2744 2149 2816">
     <span class='ocr_line' id='line_1_32' title="bbox 576 2744 2149 2816; baseline 0.006 -19"><span class='ocrx_word' id='word_1_348' title='bbox 576 2744 931 2810; x_wconf 83' lang='lat' dir='ltr'><strong>Athanasius,</strong></span> <span class='ocrx_word' id='word_1_349' title='bbox 977 2746 1066 2798; x_wconf 84' lang='lat' dir='ltr'><strong>cui</strong></span> <span class='ocrx_word' id='word_1_350' title='bbox 1118 2747 1327 2816; x_wconf 81' lang='lat' dir='ltr'><strong>roganti</strong></span> <span class='ocrx_word' id='word_1_351' title='bbox 1380 2757 1439 2801; x_wconf 91' lang='lat' dir='ltr'><strong>ut</strong></span> <span class='ocrx_word' id='word_1_352' title='bbox 1486 2748 1661 2815; x_wconf 84' lang='lat' dir='ltr'><strong>ipsum</strong></span> <span class='ocrx_word' id='word_1_353' title='bbox 1711 2751 1998 2804; x_wconf 90' lang='lat' dir='ltr'><strong>ecclesiam</strong></span> <span class='ocrx_word' id='word_1_354' title='bbox 2057 2769 2149 2806; x_wconf 81' lang='lat' dir='ltr'><strong>ex-</strong></span> 
     </span>
    </p>
   </div>
   <div class='ocr_carea' id='block_1_30' title="bbox 577 2835 2141 2913">
    <p class='ocr_par' dir='ltr' id='par_1_30' title="bbox 577 2835 2141 2913">
     <span class='ocr_line' id='line_1_33' title="bbox 577 2835 2141 2913; baseline 0.006 -24"><span class='ocrx_word' id='word_1_355' title='bbox 577 2844 790 2890; x_wconf 88' lang='lat' dir='ltr'><strong>struere</strong></span> <span class='ocrx_word' id='word_1_356' title='bbox 822 2835 875 2889; x_wconf 91' lang='lat' dir='ltr'><strong>in</strong></span> <span class='ocrx_word' id='word_1_357' title='bbox 902 2836 1078 2892; x_wconf 80' lang='lat' dir='ltr'><strong>Kasril</strong></span> <span class='ocrx_word' id='word_1_358' title='bbox 1116 2837 1348 2893; x_wconf 89' lang='lat' dir='ltr'><strong>Shamaa</strong></span> <span class='ocrx_word' id='word_1_359' title='bbox 1379 2839 1529 2911; x_wconf 88' lang='lat' dir='ltr'><strong>[arce</strong></span> <span class='ocrx_word' id='word_1_360' title='bbox 1557 2841 1818 2913; x_wconf 63' lang='lat' dir='ltr'><strong>candelae]</strong></span> <span class='ocrx_word' id='word_1_361' title='bbox 1861 2844 2141 2910; x_wconf 83' lang='lat' dir='ltr'><strong>permitte-</strong></span> 
     </span>
    </p>
   </div>
   <div class='ocr_carea' id='block_1_31' title="bbox 574 2929 2146 3006">
    <p class='ocr_par' dir='ltr' id='par_1_31' title="bbox 574 2929 2146 3006">
     <span class='ocr_line' id='line_1_34' title="bbox 574 2929 2146 3006; baseline 0.006 -25"><span class='ocrx_word' id='word_1_362' title='bbox 574 2936 679 2989; x_wconf 85' lang='lat' dir='ltr'><strong>ret,</strong></span> <span class='ocrx_word' id='word_1_363' title='bbox 703 2929 913 2984; x_wconf 83' lang='lat' dir='ltr'><strong>annuit.</strong></span> <span class='ocrx_word' id='word_1_364' title='bbox 960 2930 1237 2986; x_wconf 83' lang='lat' dir='ltr'><strong>Exstruxit</strong></span> <span class='ocrx_word' id='word_1_365' title='bbox 1256 2947 1383 2999; x_wconf 76' lang='lat' dir='ltr'><strong>ergo</strong></span> <span class='ocrx_word' id='word_1_366' title='bbox 1399 2933 1679 2988; x_wconf 83' lang='lat' dir='ltr'><strong>ecclesiam</strong></span> <span class='ocrx_word' id='word_1_367' title='bbox 1704 2932 1890 2990; x_wconf 89' lang='lat' dir='ltr'><strong>Sancti</strong></span> <span class='ocrx_word' id='word_1_368' title='bbox 1907 2933 2146 3006; x_wconf 77' lang='lat' dir='ltr'><strong>Georgii,</strong></span> 
     </span>
    </p>
   </div>
   <div class='ocr_carea' id='block_1_32' title="bbox 574 3021 2145 3090">
    <p class='ocr_par' dir='ltr' id='par_1_32' title="bbox 574 3021 2145 3090">
     <span class='ocr_line' id='line_1_35' title="bbox 574 3021 2145 3090; baseline 0.006 -21"><span class='ocrx_word' id='word_1_369' title='bbox 574 3033 675 3071; x_wconf 78' lang='lat' dir='ltr'><strong>rec</strong></span> <span class='ocrx_word' id='word_1_370' title='bbox 707 3033 812 3071; x_wconf 91' lang='lat' dir='ltr'><strong>non</strong></span> <span class='ocrx_word' id='word_1_371' title='bbox 846 3021 1132 3074; x_wconf 69' lang='lat' dir='ltr'><strong>ecclesiam</strong></span> <span class='ocrx_word' id='word_1_372' title='bbox 1166 3021 1391 3075; x_wconf 87' lang='lat' dir='ltr'><strong>Ahukiri</strong></span> <span class='ocrx_word' id='word_1_373' title='bbox 1447 3038 1568 3090; x_wconf 70' lang='lat' dir='ltr'><strong>qua:</strong></span> <span class='ocrx_word' id='word_1_374' title='bbox 1617 3024 1756 3076; x_wconf 89' lang='lat' dir='ltr'><strong>intra</strong></span> <span class='ocrx_word' id='word_1_375' title='bbox 1809 3040 1989 3079; x_wconf 86' lang='lat' dir='ltr'><strong>arcem</strong></span> <span class='ocrx_word' id='word_1_376' title='bbox 2040 3037 2145 3090; x_wconf 90' lang='lat' dir='ltr'><strong>est,</strong></span> 
     </span>
    </p>
   </div>
   <div class='ocr_carea' id='block_1_33' title="bbox 2257 1914 3833 1988">
    <p class='ocr_par' dir='ltr' id='par_1_33' title="bbox 2257 1914 3833 1988">
     <span class='ocr_line' id='line_1_36' title="bbox 2257 1914 3833 1988; baseline 0 -19"><span class='ocrx_word' id='word_1_377' title='bbox 2257 1918 2362 1978; x_wconf 83' lang='lat' dir='ltr'><strong>vel,</strong></span> <span class='ocrx_word' id='word_1_378' title='bbox 2398 1917 2442 1971; x_wconf 90' lang='lat' dir='ltr'><strong>si</strong></span> <span class='ocrx_word' id='word_1_379' title='bbox 2484 1917 2687 1982; x_wconf 82' lang='lat' dir='ltr'><strong>velitis,</strong></span> <span class='ocrx_word' id='word_1_380' title='bbox 2722 1917 2954 1988; x_wconf 88' lang='lat' dir='ltr'><strong>pretium</strong></span> <span class='ocrx_word' id='word_1_381' title='bbox 3011 1916 3131 1986; x_wconf 80' lang='lat' dir='ltr'><strong>ejus</strong></span> <span class='ocrx_word' id='word_1_382' title='bbox 3180 1916 3334 1969; x_wconf 85' lang='lat' dir='ltr'><strong>vobis</strong></span> <span class='ocrx_word' id='word_1_383' title='bbox 3368 1914 3785 1969; x_wconf 87' lang='lat' dir='ltr'><strong>numerabimus</strong></span> <span class='ocrx_word' id='word_1_384' title='bbox 3818 1933 3833 1969; x_wconf 84' lang='lat'>:</span> 
     </span>
    </p>
   </div>
   <div class='ocr_carea' id='block_1_34' title="bbox 2254 2003 3833 2079">
    <p class='ocr_par' dir='ltr' id='par_1_34' title="bbox 2254 2003 3833 2079">
     <span class='ocr_line' id='line_1_37' title="bbox 2254 2003 3833 2079; baseline -0.004 -16"><span class='ocrx_word' id='word_1_385' title='bbox 2254 2008 2557 2078; x_wconf 87' lang='lat' dir='ltr'><strong>obtulitque</strong></span> <span class='ocrx_word' id='word_1_386' title='bbox 2585 2008 2717 2079; x_wconf 89' lang='lat' dir='ltr'><strong>ipsis</strong></span> <span class='ocrx_word' id='word_1_387' title='bbox 2746 2007 3075 2078; x_wconf 80' lang='lat' dir='ltr'><strong>quadragies</strong></span> <span class='ocrx_word' id='word_1_388' title='bbox 3105 2007 3250 2060; x_wconf 88' lang='lat' dir='ltr'><strong>mille</strong></span> <span class='ocrx_word' id='word_1_389' title='bbox 3277 2022 3495 2061; x_wconf 88' lang='lat' dir='ltr'><strong>aureos.</strong></span> <span class='ocrx_word' id='word_1_390' title='bbox 3532 2003 3616 2058; x_wconf 88' lang='lat' dir='ltr'><strong>llli</strong></span> <span class='ocrx_word' id='word_1_391' title='bbox 3646 2016 3833 2059; x_wconf 88' lang='lat' dir='ltr'><strong>autem</strong></span> 
     </span>
    </p>
   </div>
   <div class='ocr_carea' id='block_1_35' title="bbox 2255 2099 3834 2170">
    <p class='ocr_par' dir='ltr' id='par_1_35' title="bbox 2255 2099 3834 2170">
     <span class='ocr_line' id='line_1_38' title="bbox 2255 2099 3834 2170; baseline -0.002 -18"><span class='ocrx_word' id='word_1_392' title='bbox 2255 2100 2558 2156; x_wconf 89' lang='lat' dir='ltr'><strong>abnuentes</strong></span> <span class='ocrx_word' id='word_1_393' title='bbox 2624 2100 2885 2157; x_wconf 88' lang='lat' dir='ltr'><strong>dixerunt</strong></span> <span class='ocrx_word' id='word_1_394' title='bbox 2915 2120 2928 2156; x_wconf 92' lang='lat'>:</span> <span class='ocrx_word' id='word_1_395' title='bbox 2960 2100 3127 2156; x_wconf 81' lang='lat' dir='ltr'><strong>Nobis</strong></span> <span class='ocrx_word' id='word_1_396' title='bbox 3163 2108 3379 2170; x_wconf 89' lang='lat' dir='ltr'><strong>pactum</strong></span> <span class='ocrx_word' id='word_1_397' title='bbox 3424 2108 3544 2165; x_wconf 90' lang='lat' dir='ltr'><strong>cst;</strong></span> <span class='ocrx_word' id='word_1_398' title='bbox 3586 2113 3655 2153; x_wconf 90' lang='lat' dir='ltr'><strong>ac</strong></span> <span class='ocrx_word' id='word_1_399' title='bbox 3689 2099 3834 2152; x_wconf 75' lang='lat' dir='ltr'><strong>Cha-</strong></span> 
     </span>
    </p>
   </div>
   <div class='ocr_carea' id='block_1_36' title="bbox 2256 2192 3829 2261">
    <p class='ocr_par' dir='ltr' id='par_1_36' title="bbox 2256 2192 3829 2261">
     <span class='ocr_line' id='line_1_39' title="bbox 2256 2192 3829 2261; baseline -0.002 -15"><span class='ocrx_word' id='word_1_400' title='bbox 2256 2192 2360 2246; x_wconf 90' lang='lat' dir='ltr'><strong>ledi</strong></span> <span class='ocrx_word' id='word_1_401' title='bbox 2402 2193 2517 2247; x_wconf 87' lang='lat' dir='ltr'><strong>Ebn</strong></span> <span class='ocrx_word' id='word_1_402' title='bbox 2544 2192 2743 2249; x_wconf 84' lang='lat' dir='ltr'><strong>Walidi</strong></span> <span class='ocrx_word' id='word_1_403' title='bbox 2796 2194 3035 2248; x_wconf 88' lang='lat' dir='ltr'><strong>libellum</strong></span> <span class='ocrx_word' id='word_1_404' title='bbox 3086 2194 3140 2247; x_wconf 90' lang='lat' dir='ltr'><strong>in</strong></span> <span class='ocrx_word' id='word_1_405' title='bbox 3188 2193 3425 2248; x_wconf 88' lang='lat' dir='ltr'><strong>medium</strong></span> <span class='ocrx_word' id='word_1_406' title='bbox 3459 2192 3829 2261; x_wconf 85' lang='lat' dir='ltr'><strong>protulerunt.</strong></span> 
     </span>
    </p>
   </div>
   <div class='ocr_carea' id='block_1_37' title="bbox 2254 2285 3831 2357">
    <p class='ocr_par' dir='ltr' id='par_1_37' title="bbox 2254 2285 3831 2357">
     <span class='ocr_line' id='line_1_40' title="bbox 2254 2285 3831 2357; baseline -0.002 -20"><span class='ocrx_word' id='word_1_407' title='bbox 2254 2285 2616 2351; x_wconf 86' lang='lat' dir='ltr'><strong>Quamobrem</strong></span> <span class='ocrx_word' id='word_1_408' title='bbox 2637 2286 2809 2342; x_wconf 90' lang='lat' dir='ltr'><strong>iratus</strong></span> <span class='ocrx_word' id='word_1_409' title='bbox 2829 2287 3007 2341; x_wconf 85' lang='lat' dir='ltr'><strong>Walid</strong></span> <span class='ocrx_word' id='word_1_410' title='bbox 3030 2288 3146 2357; x_wconf 91' lang='lat' dir='ltr'><strong>ipse</strong></span> <span class='ocrx_word' id='word_1_411' title='bbox 3171 2300 3397 2355; x_wconf 80' lang='lat' dir='ltr'><strong>surgens</strong></span> <span class='ocrx_word' id='word_1_412' title='bbox 3421 2285 3628 2338; x_wconf 78' lang='lat' dir='ltr'><strong>trabem</strong></span> <span class='ocrx_word' id='word_1_413' title='bbox 3669 2299 3831 2337; x_wconf 83' lang='lat' dir='ltr'><strong>manu</strong></span> 
     </span>
    </p>
   </div>
   <div class='ocr_carea' id='block_1_38' title="bbox 2256 2374 3833 2445">
    <p class='ocr_par' dir='ltr' id='par_1_38' title="bbox 2256 2374 3833 2445">
     <span class='ocr_line' id='line_1_41' title="bbox 2256 2374 3833 2445; baseline -0.004 -12"><span class='ocrx_word' id='word_1_414' title='bbox 2256 2395 2354 2433; x_wconf 85' lang='lat' dir='ltr'><strong>sua</strong></span> <span class='ocrx_word' id='word_1_415' title='bbox 2385 2380 2627 2444; x_wconf 89' lang='lat' dir='ltr'><strong>rescidit,</strong></span> <span class='ocrx_word' id='word_1_416' title='bbox 2683 2394 2782 2437; x_wconf 89' lang='lat' dir='ltr'><strong>nec</strong></span> <span class='ocrx_word' id='word_1_417' title='bbox 2827 2396 2936 2435; x_wconf 91' lang='lat' dir='ltr'><strong>non</strong></span> <span class='ocrx_word' id='word_1_418' title='bbox 2989 2380 3209 2433; x_wconf 89' lang='lat' dir='ltr'><strong>laterem</strong></span> <span class='ocrx_word' id='word_1_419' title='bbox 3242 2417 3258 2440; x_wconf 90' lang='lat'><strong>,</strong></span> <span class='ocrx_word' id='word_1_420' title='bbox 3294 2392 3512 2445; x_wconf 88' lang='lat' dir='ltr'><strong>unaque</strong></span> <span class='ocrx_word' id='word_1_421' title='bbox 3543 2392 3669 2429; x_wconf 81' lang='lat' dir='ltr'><strong>cum</strong></span> <span class='ocrx_word' id='word_1_422' title='bbox 3715 2374 3833 2442; x_wconf 82' lang='lat' dir='ltr'><strong>ipso</strong></span> 
     </span>
    </p>
   </div>
   <div class='ocr_carea' id='block_1_39' title="bbox 2255 2468 3830 2543">
    <p class='ocr_par' dir='ltr' id='par_1_39' title="bbox 2255 2468 3830 2543">
     <span class='ocr_line' id='line_1_42' title="bbox 2255 2468 3830 2543; baseline -0.006 -18"><span class='ocrx_word' id='word_1_423' title='bbox 2255 2470 2547 2543; x_wconf 80' lang='lat' dir='ltr'><strong>[ecclesiae]</strong></span> <span class='ocrx_word' id='word_1_424' title='bbox 2610 2472 2890 2528; x_wconf 75' lang='lat' dir='ltr'><strong>diruendze</strong></span> <span class='ocrx_word' id='word_1_425' title='bbox 2952 2486 3173 2540; x_wconf 88' lang='lat' dir='ltr'><strong>operam</strong></span> <span class='ocrx_word' id='word_1_426' title='bbox 3229 2469 3541 2523; x_wconf 86' lang='lat' dir='ltr'><strong>dederunt:</strong></span> <span class='ocrx_word' id='word_1_427' title='bbox 3578 2468 3764 2535; x_wconf 87' lang='lat' dir='ltr'><strong>itaque</strong></span> <span class='ocrx_word' id='word_1_428' title='bbox 3802 2481 3830 2516; x_wconf 88' lang='lat' dir='ltr'><strong>a</strong></span> 
     </span>
    </p>
   </div>
   <div class='ocr_carea' id='block_1_40' title="bbox 2253 2563 3829 2635">
    <p class='ocr_par' dir='ltr' id='par_1_40' title="bbox 2253 2563 3829 2635">
     <span class='ocr_line' id='line_1_43' title="bbox 2253 2563 3829 2635; baseline -0.004 -18"><span class='ocrx_word' id='word_1_429' title='bbox 2253 2573 2405 2632; x_wconf 89' lang='lat' dir='ltr'><strong>parte</strong></span> <span class='ocrx_word' id='word_1_430' title='bbox 2438 2564 2693 2619; x_wconf 89' lang='lat' dir='ltr'><strong>orientali</strong></span> <span class='ocrx_word' id='word_1_431' title='bbox 2750 2565 3011 2634; x_wconf 87' lang='lat' dir='ltr'><strong>templum</strong></span> <span class='ocrx_word' id='word_1_432' title='bbox 3065 2573 3121 2621; x_wconf 86' lang='lat' dir='ltr'><strong>et</strong></span> <span class='ocrx_word' id='word_1_433' title='bbox 3172 2563 3395 2635; x_wconf 78' lang='lat' dir='ltr'><strong>adytum</strong></span> <span class='ocrx_word' id='word_1_434' title='bbox 3444 2571 3620 2616; x_wconf 87' lang='lat' dir='ltr'><strong>totum</strong></span> <span class='ocrx_word' id='word_1_435' title='bbox 3679 2566 3829 2615; x_wconf 78' lang='lat' dir='ltr'><strong>auxit</strong></span> 
     </span>
    </p>
   </div>
   <div class='ocr_carea' id='block_1_41' title="bbox 2254 2653 3828 2727">
    <p class='ocr_par' dir='ltr' id='par_1_41' title="bbox 2254 2653 3828 2727">
     <span class='ocr_line' id='line_1_44' title="bbox 2254 2653 3828 2727; baseline -0.003 -17"><span class='ocrx_word' id='word_1_436' title='bbox 2254 2653 2450 2726; x_wconf 74' lang='lat' dir='ltr'><strong>[parte]</strong></span> <span class='ocrx_word' id='word_1_437' title='bbox 2486 2657 2732 2713; x_wconf 71' lang='lat' dir='ltr'><strong>ecclesia:</strong></span> <span class='ocrx_word' id='word_1_438' title='bbox 2780 2657 3022 2727; x_wconf 89' lang='lat' dir='ltr'><strong>ipsormn</strong></span> <span class='ocrx_word' id='word_1_439' title='bbox 3054 2696 3069 2721; x_wconf 91' lang='lat'><strong>,</strong></span> <span class='ocrx_word' id='word_1_440' title='bbox 3105 2672 3170 2712; x_wconf 91' lang='lat' dir='ltr'><strong>eo</strong></span> <span class='ocrx_word' id='word_1_441' title='bbox 3202 2672 3311 2725; x_wconf 91' lang='lat' dir='ltr'><strong>quo</strong></span> <span class='ocrx_word' id='word_1_442' title='bbox 3347 2671 3405 2710; x_wconf 87' lang='lat' dir='ltr'><strong>se</strong></span> <span class='ocrx_word' id='word_1_443' title='bbox 3442 2655 3608 2709; x_wconf 87' lang='lat' dir='ltr'><strong>habet</strong></span> <span class='ocrx_word' id='word_1_444' title='bbox 3648 2656 3828 2708; x_wconf 83' lang='lat' dir='ltr'><strong>modo.</strong></span> 
     </span>
    </p>
   </div>
   <div class='ocr_carea' id='block_1_42' title="bbox 2253 2746 3827 2819">
    <p class='ocr_par' dir='ltr' id='par_1_42' title="bbox 2253 2746 3827 2819">
     <span class='ocr_line' id='line_1_45' title="bbox 2253 2746 3827 2819; baseline -0.001 -18"><span class='ocrx_word' id='word_1_445' title='bbox 2253 2750 2412 2802; x_wconf 84' lang='lat' dir='ltr'><strong>Auno</strong></span> <span class='ocrx_word' id='word_1_446' title='bbox 2446 2749 2741 2805; x_wconf 82' lang='lat' dir='ltr'><strong>chalifatus</strong></span> <span class='ocrx_word' id='word_1_447' title='bbox 2770 2750 2944 2819; x_wconf 87' lang='lat' dir='ltr'><strong>ipsius</strong></span> <span class='ocrx_word' id='word_1_448' title='bbox 2975 2751 3135 2804; x_wconf 89' lang='lat' dir='ltr'><strong>tertio</strong></span> <span class='ocrx_word' id='word_1_449' title='bbox 3164 2748 3501 2804; x_wconf 87' lang='lat' dir='ltr'><strong>constitutus</strong></span> <span class='ocrx_word' id='word_1_450' title='bbox 3530 2759 3614 2801; x_wconf 88' lang='lat' dir='ltr'><strong>est</strong></span> <span class='ocrx_word' id='word_1_451' title='bbox 3653 2746 3827 2799; x_wconf 79' lang='lat' dir='ltr'><strong>Theo-</strong></span> 
     </span>
    </p>
   </div>
   <div class='ocr_carea' id='block_1_43' title="bbox 2254 2837 3828 2912">
    <p class='ocr_par' dir='ltr' id='par_1_43' title="bbox 2254 2837 3828 2912">
     <span class='ocr_line' id='line_1_46' title="bbox 2254 2837 3828 2912; baseline -0.001 -20"><span class='ocrx_word' id='word_1_452' title='bbox 2254 2837 2422 2894; x_wconf 88' lang='lat' dir='ltr'><strong>dorus</strong></span> <span class='ocrx_word' id='word_1_453' title='bbox 2472 2840 2783 2909; x_wconf 80' lang='lat' dir='ltr'><strong>patriarcha</strong></span> <span class='ocrx_word' id='word_1_454' title='bbox 2827 2841 3397 2912; x_wconf 82' lang='lat' dir='ltr'><strong>Hierosolymitanus;</strong></span> <span class='ocrx_word' id='word_1_455' title='bbox 3450 2854 3626 2893; x_wconf 88' lang='lat' dir='ltr'><strong>annos</strong></span> <span class='ocrx_word' id='word_1_456' title='bbox 3671 2837 3828 2907; x_wconf 81' lang='lat'><strong>376</strong></span> 
     </span>
    </p>
   </div>
   <div class='ocr_carea' id='block_1_44' title="bbox 2255 2930 3828 3001">
    <p class='ocr_par' dir='ltr' id='par_1_44' title="bbox 2255 2930 3828 3001">
     <span class='ocr_line' id='line_1_47' title="bbox 2255 2930 3828 3001; baseline -0.003 -16"><span class='ocrx_word' id='word_1_457' title='bbox 2255 2933 2481 3000; x_wconf 78' lang='lat' dir='ltr'><strong>triginta</strong></span> <span class='ocrx_word' id='word_1_458' title='bbox 2515 2932 2757 3001; x_wconf 86' lang='lat' dir='ltr'><strong>quinque</strong></span> <span class='ocrx_word' id='word_1_459' title='bbox 2792 2932 2954 2998; x_wconf 86' lang='lat' dir='ltr'><strong>sedit,</strong></span> <span class='ocrx_word' id='word_1_460' title='bbox 2987 2932 3111 2988; x_wconf 87' lang='lat' dir='ltr'><strong>dein</strong></span> <span class='ocrx_word' id='word_1_461' title='bbox 3148 2946 3393 2987; x_wconf 88' lang='lat' dir='ltr'><strong>mortuus</strong></span> <span class='ocrx_word' id='word_1_462' title='bbox 3422 2939 3527 2983; x_wconf 80' lang='lat' dir='ltr'><strong>est.</strong></span> <span class='ocrx_word' id='word_1_463' title='bbox 3577 2930 3657 2983; x_wconf 89' lang='lat' dir='ltr'><strong>Eo</strong></span> <span class='ocrx_word' id='word_1_464' title='bbox 3696 2940 3828 2981; x_wconf 84' lang='lat' dir='ltr'><strong>lcm-</strong></span> 
     </span>
    </p>
   </div>
   <div class='ocr_carea' id='block_1_45' title="bbox 2255 3022 3828 3093">
    <p class='ocr_par' dir='ltr' id='par_1_45' title="bbox 2255 3022 3828 3093">
     <span class='ocr_line' id='line_1_48' title="bbox 2255 3022 3828 3093; baseline -0.003 -16"><span class='ocrx_word' id='word_1_465' title='bbox 2255 3038 2388 3093; x_wconf 89' lang='lat' dir='ltr'><strong>pore</strong></span> <span class='ocrx_word' id='word_1_466' title='bbox 2421 3023 2711 3093; x_wconf 88' lang='lat' dir='ltr'><strong>imperavit</strong></span> <span class='ocrx_word' id='word_1_467' title='bbox 2740 3023 3006 3080; x_wconf 79' lang='lat' dir='ltr'><strong>Romanis</strong></span> <span class='ocrx_word' id='word_1_468' title='bbox 3037 3022 3403 3084; x_wconf 80' lang='lat' dir='ltr'><strong>Justinianus,</strong></span> <span class='ocrx_word' id='word_1_469' title='bbox 3437 3022 3529 3091; x_wconf 91' lang='lat' dir='ltr'><strong>qui</strong></span> <span class='ocrx_word' id='word_1_470' title='bbox 3580 3037 3707 3075; x_wconf 88' lang='lat' dir='ltr'><strong>cum</strong></span> <span class='ocrx_word' id='word_1_471' title='bbox 3738 3036 3828 3073; x_wconf 69' lang='lat' dir='ltr'><strong>sex</strong></span> 
     </span>
    </p>
   </div>
   <div class='ocr_carea' id='block_1_46' title="bbox 570 3106 3825 3190">
    <p class='ocr_par' dir='ltr' id='par_1_46' title="bbox 570 3106 3825 3190">
     <span class='ocr_line' id='line_1_49' title="bbox 570 3106 3825 3190; baseline 0.001 -29"><span class='ocrx_word' id='word_1_472' title='bbox 570 3106 725 3176; x_wconf 82' lang='lat' dir='ltr'><strong>juxta</strong></span> <span class='ocrx_word' id='word_1_473' title='bbox 759 3108 996 3165; x_wconf 78' lang='lat' dir='ltr'><strong>Asliahol</strong></span> <span class='ocrx_word' id='word_1_474' title='bbox 1052 3111 1244 3165; x_wconf 78' lang='lat' dir='ltr'><strong>Rabiat</strong></span> <span class='ocrx_word' id='word_1_475' title='bbox 1277 3112 1369 3184; x_wconf 85' lang='lat' dir='ltr'><strong>[aL</strong></span> <span class='ocrx_word' id='word_1_476' title='bbox 1420 3114 1639 3185; x_wconf 71' lang='lat' dir='ltr'><strong>nebat].</strong></span> <span class='ocrx_word' id='word_1_477' title='bbox 1688 3115 1880 3170; x_wconf 81' lang='lat' dir='ltr'><strong>Fertur</strong></span> <span class='ocrx_word' id='word_1_478' title='bbox 1922 3119 2152 3173; x_wconf 86' lang='lat' dir='ltr'><strong>ecclesia</strong></span> <span class='ocrx_word' id='word_1_479' title='bbox 2182 3112 2225 3170; x_wconf 91' lang='lat' dir='ltr'><strong>C</strong></span> <span class='ocrx_word' id='word_1_480' title='bbox 2260 3130 2436 3171; x_wconf 91' lang='lat' dir='ltr'><strong>annos</strong></span> <span class='ocrx_word' id='word_1_481' title='bbox 2472 3126 2773 3190; x_wconf 77' lang='lat' dir='ltr'><strong>regnasset,</strong></span> <span class='ocrx_word' id='word_1_482' title='bbox 2806 3126 3053 3171; x_wconf 84' lang='lat' dir='ltr'><strong>mortuus</strong></span> <span class='ocrx_word' id='word_1_483' title='bbox 3076 3126 3179 3171; x_wconf 86' lang='lat' dir='ltr'><strong>est.</strong></span> <span class='ocrx_word' id='word_1_484' title='bbox 3212 3116 3469 3184; x_wconf 86' lang='lat' dir='ltr'><strong>Obiitque</strong></span> <span class='ocrx_word' id='word_1_485' title='bbox 3500 3114 3687 3168; x_wconf 81' lang='lat' dir='ltr'><strong>Walid</strong></span> <span class='ocrx_word' id='word_1_486' title='bbox 3717 3115 3825 3167; x_wconf 68' lang='lat' dir='ltr'><strong>Elin</strong></span> 
     </span>
    </p>
   </div>
   <div class='ocr_carea' id='block_1_47' title="bbox 573 3198 2145 3277">
    <p class='ocr_par' dir='ltr' id='par_1_47' title="bbox 573 3198 2145 3277">
     <span class='ocr_line' id='line_1_50' title="bbox 573 3198 2145 3277; baseline 0.008 -25"><span class='ocrx_word' id='word_1_487' title='bbox 573 3198 820 3265; x_wconf 76' lang='lat' dir='ltr'><strong>Ahukiri,</strong></span> <span class='ocrx_word' id='word_1_488' title='bbox 847 3201 1089 3271; x_wconf 84' lang='lat' dir='ltr'><strong>reliquiis</strong></span> <span class='ocrx_word' id='word_1_489' title='bbox 1112 3203 1353 3258; x_wconf 65' lang='lat' dir='ltr'><strong>ecclesiae</strong></span> <span class='ocrx_word' id='word_1_490' title='bbox 1376 3204 1561 3260; x_wconf 79' lang='lat' dir='ltr'><strong>Sancti</strong></span> <span class='ocrx_word' id='word_1_491' title='bbox 1592 3205 1805 3277; x_wconf 77' lang='lat' dir='ltr'><strong>Georgii</strong></span> <span class='ocrx_word' id='word_1_492' title='bbox 1846 3217 2145 3265; x_wconf 85' lang='lat' dir='ltr'><strong>exstructa.</strong></span> 
     </span>
    </p>
   </div>
   <div class='ocr_carea' id='block_1_48' title="bbox 575 3291 2149 3368">
    <p class='ocr_par' dir='ltr' id='par_1_48' title="bbox 575 3291 2149 3368">
     <span class='ocr_line' id='line_1_51' title="bbox 575 3291 2149 3368; baseline 0.008 -24"><span class='ocrx_word' id='word_1_493' title='bbox 575 3291 721 3345; x_wconf 87' lang='lat' dir='ltr'><strong>Obiit</strong></span> <span class='ocrx_word' id='word_1_494' title='bbox 754 3302 934 3346; x_wconf 90' lang='lat' dir='ltr'><strong>autem</strong></span> <span class='ocrx_word' id='word_1_495' title='bbox 966 3308 1031 3348; x_wconf 86' lang='lat' dir='ltr'><strong>eo</strong></span> <span class='ocrx_word' id='word_1_496' title='bbox 1060 3304 1301 3363; x_wconf 87' lang='lat' dir='ltr'><strong>tempore</strong></span> <span class='ocrx_word' id='word_1_497' title='bbox 1332 3297 1503 3351; x_wconf 80' lang='lat' dir='ltr'><strong>Abdol</strong></span> <span class='ocrx_word' id='word_1_498' title='bbox 1535 3298 1662 3351; x_wconf 81' lang='lat' dir='ltr'><strong>Aziz</strong></span> <span class='ocrx_word' id='word_1_499' title='bbox 1695 3296 1963 3362; x_wconf 85' lang='lat' dir='ltr'><strong>Phustati,</strong></span> <span class='ocrx_word' id='word_1_500' title='bbox 1984 3310 2149 3368; x_wconf 90' lang='lat' dir='ltr'><strong>atque</strong></span> 
     </span>
    </p>
   </div>
   <div class='ocr_carea' id='block_1_49' title="bbox 575 3383 2148 3461">
    <p class='ocr_par' dir='ltr' id='par_1_49' title="bbox 575 3383 2148 3461">
     <span class='ocr_line' id='line_1_52' title="bbox 575 3383 2148 3461; baseline 0.01 -25"><span class='ocrx_word' id='word_1_501' title='bbox 575 3383 629 3436; x_wconf 93' lang='lat' dir='ltr'><strong>in</strong></span> <span class='ocrx_word' id='word_1_502' title='bbox 658 3398 718 3438; x_wconf 89' lang='lat' dir='ltr'><strong>ea</strong></span> <span class='ocrx_word' id='word_1_503' title='bbox 756 3386 1002 3453; x_wconf 79' lang='lat' dir='ltr'><strong>sepultus</strong></span> <span class='ocrx_word' id='word_1_504' title='bbox 1034 3397 1117 3440; x_wconf 89' lang='lat' dir='ltr'><strong>est</strong></span> <span class='ocrx_word' id='word_1_505' title='bbox 1142 3388 1229 3442; x_wconf 89' lang='lat' dir='ltr'><strong>die</strong></span> <span class='ocrx_word' id='word_1_506' title='bbox 1263 3388 1402 3443; x_wconf 73' lang='lat' dir='ltr'><strong>luna:</strong></span> <span class='ocrx_word' id='word_1_507' title='bbox 1435 3391 1640 3446; x_wconf 91' lang='lat' dir='ltr'><strong>mensis</strong></span> <span class='ocrx_word' id='word_1_508' title='bbox 1682 3392 1914 3445; x_wconf 69' lang='lat' dir='ltr'><strong>lamailae</strong></span> <span class='ocrx_word' id='word_1_509' title='bbox 1948 3392 2148 3461; x_wconf 90' lang='lat' dir='ltr'><strong>prioris</strong></span> 
     </span>
    </p>
   </div>
   <div class='ocr_carea' id='block_1_50' title="bbox 574 3476 2139 3548">
    <p class='ocr_par' dir='ltr' id='par_1_50' title="bbox 574 3476 2139 3548">
     <span class='ocr_line' id='line_1_53' title="bbox 574 3476 2139 3548; baseline 0.006 -19"><span class='ocrx_word' id='word_1_510' title='bbox 574 3476 924 3542; x_wconf 85' lang='lat' dir='ltr'><strong>duodecimo,</strong></span> <span class='ocrx_word' id='word_1_511' title='bbox 953 3479 1080 3531; x_wconf 91' lang='lat' dir='ltr'><strong>anni</strong></span> <span class='ocrx_word' id='word_1_512' title='bbox 1116 3482 1432 3548; x_wconf 79' lang='lat' dir='ltr'><strong>octogesimi</strong></span> <span class='ocrx_word' id='word_1_513' title='bbox 1470 3483 1630 3544; x_wconf 87' lang='lat' dir='ltr'><strong>sexti,</strong></span> <span class='ocrx_word' id='word_1_514' title='bbox 1674 3497 1846 3538; x_wconf 75' lang='lat' dir='ltr'><strong>annos</strong></span> <span class='ocrx_word' id='word_1_515' title='bbox 1875 3493 2035 3539; x_wconf 92' lang='lat' dir='ltr'><strong>natus</strong></span> <span class='ocrx_word' id='word_1_516' title='bbox 2061 3487 2139 3539; x_wconf 88' lang='lat' dir='ltr'><strong>vi-</strong></span> 
     </span>
    </p>
   </div>
   <div class='ocr_carea' id='block_1_51' title="bbox 574 3556 2140 3643">
    <p class='ocr_par' dir='ltr' id='par_1_51' title="bbox 574 3556 2140 3643">
     <span class='ocr_line' id='line_1_54' title="bbox 574 3556 2140 3643; baseline 0.008 -24"><span class='ocrx_word' id='word_1_517' title='bbox 574 3566 708 3634; x_wconf 76' lang='lat' dir='ltr'><strong>ginti</strong></span> <span class='ocrx_word' id='word_1_518' title='bbox 753 3568 914 3621; x_wconf 90' lang='lat' dir='ltr'><strong>duos.</strong></span> <span class='ocrx_word' id='word_1_519' title='bbox 971 3566 1119 3620; x_wconf 89' lang='lat' dir='ltr'><strong>Obiit</strong></span> <span class='ocrx_word' id='word_1_520' title='bbox 1173 3556 1359 3622; x_wconf 73' lang='lat' dir='ltr'><strong>autem</strong></span> <span class='ocrx_word' id='word_1_521' title='bbox 1402 3570 1665 3625; x_wconf 82' lang='lat' dir='ltr'><strong>Abdollah</strong></span> <span class='ocrx_word' id='word_1_522' title='bbox 1718 3571 1833 3628; x_wconf 86' lang='lat' dir='ltr'><strong>Ehn</strong></span> <span class='ocrx_word' id='word_1_523' title='bbox 1878 3574 2140 3643; x_wconf 81' lang='lat' dir='ltr'><strong>Merwan,</strong></span> 
     </span>
    </p>
   </div>
   <div class='ocr_carea' id='block_1_52' title="bbox 576 3656 2147 3736">
    <p class='ocr_par' dir='ltr' id='par_1_52' title="bbox 576 3656 2147 3736">
     <span class='ocr_line' id='line_1_55' title="bbox 576 3656 2147 3736; baseline 0.012 -29"><span class='ocrx_word' id='word_1_524' title='bbox 576 3657 741 3725; x_wconf 77' lang='lat'><strong>372</strong></span> <span class='ocrx_word' id='word_1_525' title='bbox 776 3657 985 3710; x_wconf 88' lang='lat' dir='ltr'><strong>mensis</strong></span> <span class='ocrx_word' id='word_1_526' title='bbox 1016 3656 1253 3712; x_wconf 83' lang='lat' dir='ltr'><strong>Shawali</strong></span> <span class='ocrx_word' id='word_1_527' title='bbox 1282 3660 1494 3715; x_wconf 90' lang='lat' dir='ltr'><strong>decimo</strong></span> <span class='ocrx_word' id='word_1_528' title='bbox 1516 3703 1532 3728; x_wconf 95' lang='lat'><strong>,</strong></span> <span class='ocrx_word' id='word_1_529' title='bbox 1564 3664 1693 3719; x_wconf 90' lang='lat' dir='ltr'><strong>anni</strong></span> <span class='ocrx_word' id='word_1_530' title='bbox 1727 3665 1899 3723; x_wconf 75' lang='lat' dir='ltr'><strong>lleirte</strong></span> <span class='ocrx_word' id='word_1_531' title='bbox 1929 3681 2147 3736; x_wconf 76' lang='lat' dir='ltr'><strong>octoge-</strong></span> 
     </span>
    </p>
   </div>
   <div class='ocr_carea' id='block_1_53' title="bbox 574 3749 2143 3819">
    <p class='ocr_par' dir='ltr' id='par_1_53' title="bbox 574 3749 2143 3819">
     <span class='ocr_line' id='line_1_56' title="bbox 574 3749 2143 3819; baseline 0.011 -20"><span class='ocrx_word' id='word_1_532' title='bbox 574 3749 717 3802; x_wconf 87' lang='lat' dir='ltr'><strong>simo</strong></span> <span class='ocrx_word' id='word_1_533' title='bbox 798 3758 972 3810; x_wconf 58' lang='lat' dir='ltr'><strong>seno,</strong></span> <span class='ocrx_word' id='word_1_534' title='bbox 1006 3764 1179 3806; x_wconf 88' lang='lat' dir='ltr'><strong>annos</strong></span> <span class='ocrx_word' id='word_1_535' title='bbox 1206 3761 1368 3807; x_wconf 89' lang='lat' dir='ltr'><strong>natus</strong></span> <span class='ocrx_word' id='word_1_536' title='bbox 1399 3755 1677 3819; x_wconf 70' lang='lat' dir='ltr'><strong>sexaginta</strong></span> <span class='ocrx_word' id='word_1_537' title='bbox 1713 3759 1873 3813; x_wconf 87' lang='lat' dir='ltr'><strong>duos.</strong></span> <span class='ocrx_word' id='word_1_538' title='bbox 1911 3761 2143 3817; x_wconf 76' lang='lat' dir='ltr'><strong>Cbalifa—</strong></span> 
     </span>
    </p>
   </div>
   <div class='ocr_carea' id='block_1_54' title="bbox 573 3838 2143 3913">
    <p class='ocr_par' dir='ltr' id='par_1_54' title="bbox 573 3838 2143 3913">
     <span class='ocr_line' id='line_1_57' title="bbox 573 3838 2143 3913; baseline 0.011 -22"><span class='ocrx_word' id='word_1_539' title='bbox 573 3848 663 3893; x_wconf 89' lang='lat' dir='ltr'><strong>tus</strong></span> <span class='ocrx_word' id='word_1_540' title='bbox 695 3838 868 3907; x_wconf 90' lang='lat' dir='ltr'><strong>ipsius</strong></span> <span class='ocrx_word' id='word_1_541' title='bbox 910 3854 1173 3897; x_wconf 90' lang='lat' dir='ltr'><strong>annorum</strong></span> <span class='ocrx_word' id='word_1_542' title='bbox 1224 3841 1325 3896; x_wconf 83' lang='lat' dir='ltr'><strong>fuit</strong></span> <span class='ocrx_word' id='word_1_543' title='bbox 1360 3844 1571 3913; x_wconf 86' lang='lat' dir='ltr'><strong>viginti.</strong></span> <span class='ocrx_word' id='word_1_544' title='bbox 1607 3846 1817 3905; x_wconf 83' lang='lat' dir='ltr'><strong>Fuscus</strong></span> <span class='ocrx_word' id='word_1_545' title='bbox 1860 3852 1983 3913; x_wconf 79' lang='lat' dir='ltr'><strong>fuit,</strong></span> <span class='ocrx_word' id='word_1_546' title='bbox 2024 3864 2143 3909; x_wconf 87' lang='lat' dir='ltr'><strong>sta-</strong></span> 
     </span>
    </p>
   </div>
   <div class='ocr_carea' id='block_1_55' title="bbox 574 3932 2139 4009">
    <p class='ocr_par' dir='ltr' id='par_1_55' title="bbox 574 3932 2139 4009">
     <span class='ocr_line' id='line_1_58' title="bbox 574 3932 2139 4009; baseline 0.011 -26"><span class='ocrx_word' id='word_1_547' title='bbox 574 3940 709 3984; x_wconf 60' lang='lat' dir='ltr'><strong>tura:</strong></span> <span class='ocrx_word' id='word_1_548' title='bbox 738 3932 1033 3999; x_wconf 69' lang='lat' dir='ltr'><strong>quadratae,</strong></span> <span class='ocrx_word' id='word_1_549' title='bbox 1069 3932 1234 3988; x_wconf 88' lang='lat' dir='ltr'><strong>barba</strong></span> <span class='ocrx_word' id='word_1_550' title='bbox 1283 3936 1515 4004; x_wconf 77' lang='lat' dir='ltr'><strong>prolixa,</strong></span> <span class='ocrx_word' id='word_1_551' title='bbox 1561 3952 1750 3996; x_wconf 86' lang='lat' dir='ltr'><strong>ventre</strong></span> <span class='ocrx_word' id='word_1_552' title='bbox 1786 3944 2139 4009; x_wconf 82' lang='lat' dir='ltr'><strong>prominenti.</strong></span> 
     </span>
    </p>
   </div>
   <div class='ocr_carea' id='block_1_56' title="bbox 570 4021 2142 4098">
    <p class='ocr_par' dir='ltr' id='par_1_56' title="bbox 570 4021 2142 4098">
     <span class='ocr_line' id='line_1_59' title="bbox 570 4021 2142 4098; baseline 0.01 -22"><span class='ocrx_word' id='word_1_553' title='bbox 570 4021 828 4093; x_wconf 86' lang='lat' dir='ltr'><strong>Sepultus</strong></span> <span class='ocrx_word' id='word_1_554' title='bbox 854 4036 931 4079; x_wconf 90' lang='lat' dir='ltr'><strong>est</strong></span> <span class='ocrx_word' id='word_1_555' title='bbox 957 4026 1224 4082; x_wconf 85' lang='lat' dir='ltr'><strong>Damasci.</strong></span> <span class='ocrx_word' id='word_1_556' title='bbox 1249 4026 1551 4083; x_wconf 89' lang='lat' dir='ltr'><strong>Satellitum</strong></span> <span class='ocrx_word' id='word_1_557' title='bbox 1582 4032 1682 4098; x_wconf 89' lang='lat' dir='ltr'><strong>ipsi</strong></span> <span class='ocrx_word' id='word_1_558' title='bbox 1714 4034 2001 4098; x_wconf 63' lang='lat' dir='ltr'><strong>praefectus</strong></span> <span class='ocrx_word' id='word_1_559' title='bbox 2039 4038 2142 4092; x_wconf 83' lang='lat' dir='ltr'><strong>fuit</strong></span> 
     </span>
    </p>
   </div>
   <div class='ocr_carea' id='block_1_57' title="bbox 568 4114 2143 4185">
    <p class='ocr_par' dir='ltr' id='par_1_57' title="bbox 568 4114 2143 4185">
     <span class='ocr_line' id='line_1_60' title="bbox 568 4114 2143 4185; baseline 0.011 -18"><span class='ocrx_word' id='word_1_560' title='bbox 568 4114 737 4170; x_wconf 69' lang='lat' dir='ltr'><strong>2Yazid</strong></span> <span class='ocrx_word' id='word_1_561' title='bbox 773 4114 886 4169; x_wconf 82' lang='lat' dir='ltr'><strong>Ebn</strong></span> <span class='ocrx_word' id='word_1_562' title='bbox 935 4117 1035 4171; x_wconf 87' lang='lat' dir='ltr'><strong>Abi</strong></span> <span class='ocrx_word' id='word_1_563' title='bbox 1084 4118 1247 4173; x_wconf 74' lang='lat' dir='ltr'><strong>Jalsa:</strong></span> <span class='ocrx_word' id='word_1_564' title='bbox 1302 4119 1662 4176; x_wconf 89' lang='lat' dir='ltr'><strong>Sacsacencis</strong></span> <span class='ocrx_word' id='word_1_565' title='bbox 1698 4139 1713 4176; x_wconf 88' lang='lat'><strong>:</strong></span> <span class='ocrx_word' id='word_1_566' title='bbox 1746 4124 1871 4179; x_wconf 90' lang='lat' dir='ltr'><strong>dein</strong></span> <span class='ocrx_word' id='word_1_567' title='bbox 1914 4126 2143 4185; x_wconf 81' lang='lat' dir='ltr'><strong>Abdolol</strong></span> 
     </span>
    </p>
   </div>
   <div class='ocr_carea' id='block_1_58' title="bbox 566 4205 2141 4292">
    <p class='ocr_par' dir='ltr' id='par_1_58' title="bbox 566 4205 2141 4292">
     <span class='ocr_line' id='line_1_61' title="bbox 566 4205 2141 4292; baseline 0.01 -31"><span class='ocrx_word' id='word_1_568' title='bbox 566 4205 684 4261; x_wconf 71' lang='lat' dir='ltr'><strong>Elin</strong></span> <span class='ocrx_word' id='word_1_569' title='bbox 722 4207 887 4261; x_wconf 75' lang='lat' dir='ltr'><strong>Yazid</strong></span> <span class='ocrx_word' id='word_1_570' title='bbox 941 4208 1319 4266; x_wconf 79' lang='lat' dir='ltr'><strong>llacemeucis.</strong></span> <span class='ocrx_word' id='word_1_571' title='bbox 1368 4210 1601 4280; x_wconf 64' lang='lat' dir='ltr'><strong>Ianitor,</strong></span> <span class='ocrx_word' id='word_1_572' title='bbox 1654 4215 1795 4271; x_wconf 89' lang='lat' dir='ltr'><strong>Abul</strong></span> <span class='ocrx_word' id='word_1_573' title='bbox 1826 4216 2141 4292; x_wconf 36' lang='lat' dir='ltr'><strong>.Rogairaga</strong></span> 
     </span>
    </p>
   </div>
   <div class='ocr_carea' id='block_1_59' title="bbox 566 4296 984 4364">
    <p class='ocr_par' dir='ltr' id='par_1_59' title="bbox 566 4296 984 4364">
     <span class='ocr_line' id='line_1_62' title="bbox 566 4296 984 4364; baseline 0.002 -14"><span class='ocrx_word' id='word_1_574' title='bbox 566 4309 759 4351; x_wconf 73' lang='lat' dir='ltr'><strong>servus</strong></span> <span class='ocrx_word' id='word_1_575' title='bbox 793 4296 984 4364; x_wconf 86' lang='lat' dir='ltr'><strong>ipsius.</strong></span> 
     </span>
    </p>
   </div>
   <div class='ocr_carea' id='block_1_60' title="bbox 2254 3207 3828 3279">
    <p class='ocr_par' dir='ltr' id='par_1_60' title="bbox 2254 3207 3828 3279">
     <span class='ocr_line' id='line_1_63' title="bbox 2254 3207 3828 3279; baseline -0.003 -17"><span class='ocrx_word' id='word_1_576' title='bbox 2254 3208 2412 3263; x_wconf 79' lang='lat' dir='ltr'><strong>Abdil</strong></span> <span class='ocrx_word' id='word_1_577' title='bbox 2456 3207 2629 3264; x_wconf 81' lang='lat' dir='ltr'><strong>Malec</strong></span> <span class='ocrx_word' id='word_1_578' title='bbox 2669 3225 2857 3265; x_wconf 90' lang='lat' dir='ltr'><strong>mense</strong></span> <span class='ocrx_word' id='word_1_579' title='bbox 2886 3210 3102 3265; x_wconf 89' lang='lat' dir='ltr'><strong>lomada</strong></span> <span class='ocrx_word' id='word_1_580' title='bbox 3156 3209 3445 3279; x_wconf 85' lang='lat' dir='ltr'><strong>posteriori</strong></span> <span class='ocrx_word' id='word_1_581' title='bbox 3491 3207 3618 3261; x_wconf 88' lang='lat' dir='ltr'><strong>anui</strong></span> <span class='ocrx_word' id='word_1_582' title='bbox 3663 3222 3828 3259; x_wconf 50' lang='lat' dir='ltr'><strong>nonac</strong></span> 
     </span>
    </p>
   </div>
   <div class='ocr_carea' id='block_1_61' title="bbox 2259 3298 3822 3370">
    <p class='ocr_par' dir='ltr' id='par_1_61' title="bbox 2259 3298 3822 3370">
     <span class='ocr_line' id='line_1_64' title="bbox 2259 3298 3822 3370; baseline -0.003 -17"><span class='ocrx_word' id='word_1_583' title='bbox 2259 3300 2449 3367; x_wconf 69' lang='lat' dir='ltr'><strong>gesimi</strong></span> <span class='ocrx_word' id='word_1_584' title='bbox 2488 3300 2629 3355; x_wconf 90' lang='lat' dir='ltr'><strong>sexti</strong></span> <span class='ocrx_word' id='word_1_585' title='bbox 2668 3298 2865 3364; x_wconf 74' lang='lat' dir='ltr'><strong>lleirae,</strong></span> <span class='ocrx_word' id='word_1_586' title='bbox 2907 3316 3079 3356; x_wconf 90' lang='lat' dir='ltr'><strong>annos</strong></span> <span class='ocrx_word' id='word_1_587' title='bbox 3112 3310 3275 3356; x_wconf 88' lang='lat' dir='ltr'><strong>natus</strong></span> <span class='ocrx_word' id='word_1_588' title='bbox 3306 3298 3659 3370; x_wconf 79' lang='lat' dir='ltr'><strong>quadraginta</strong></span> <span class='ocrx_word' id='word_1_589' title='bbox 3698 3308 3822 3351; x_wconf 72' lang='lat' dir='ltr'><strong>tres.</strong></span> 
     </span>
    </p>
   </div>
   <div class='ocr_carea' id='block_1_62' title="bbox 2250 3389 3825 3462">
    <p class='ocr_par' dir='ltr' id='par_1_62' title="bbox 2250 3389 3825 3462">
     <span class='ocr_line' id='line_1_65' title="bbox 2250 3389 3825 3462; baseline -0.003 -18"><span class='ocrx_word' id='word_1_590' title='bbox 2250 3390 2511 3459; x_wconf 86' lang='lat' dir='ltr'><strong>Corporis</strong></span> <span class='ocrx_word' id='word_1_591' title='bbox 2544 3391 2805 3462; x_wconf 78' lang='lat' dir='ltr'><strong>[statura]</strong></span> <span class='ocrx_word' id='word_1_592' title='bbox 2840 3393 3077 3461; x_wconf 80' lang='lat' dir='ltr'><strong>perfecta</strong></span> <span class='ocrx_word' id='word_1_593' title='bbox 3119 3392 3243 3457; x_wconf 84' lang='lat' dir='ltr'><strong>fuit,</strong></span> <span class='ocrx_word' id='word_1_594' title='bbox 3279 3392 3442 3445; x_wconf 85' lang='lat' dir='ltr'><strong>barba</strong></span> <span class='ocrx_word' id='word_1_595' title='bbox 3477 3389 3698 3458; x_wconf 80' lang='lat' dir='ltr'><strong>grandi,</strong></span> <span class='ocrx_word' id='word_1_596' title='bbox 3743 3390 3825 3442; x_wconf 79' lang='lat' dir='ltr'><strong>cui</strong></span> 
     </span>
    </p>
   </div>
   <div class='ocr_carea' id='block_1_63' title="bbox 2259 3480 3827 3553">
    <p class='ocr_par' dir='ltr' id='par_1_63' title="bbox 2259 3480 3827 3553">
     <span class='ocr_line' id='line_1_66' title="bbox 2259 3480 3827 3553; baseline -0.001 -15"><span class='ocrx_word' id='word_1_597' title='bbox 2259 3483 2380 3538; x_wconf 88' lang='lat' dir='ltr'><strong>cani</strong></span> <span class='ocrx_word' id='word_1_598' title='bbox 2418 3482 2635 3538; x_wconf 87' lang='lat' dir='ltr'><strong>admisti</strong></span> <span class='ocrx_word' id='word_1_599' title='bbox 2673 3493 2832 3540; x_wconf 89' lang='lat' dir='ltr'><strong>erant</strong></span> <span class='ocrx_word' id='word_1_600' title='bbox 2864 3500 2878 3536; x_wconf 88' lang='lat'><strong>:</strong></span> <span class='ocrx_word' id='word_1_601' title='bbox 2922 3485 3173 3553; x_wconf 89' lang='lat' dir='ltr'><strong>sepultus</strong></span> <span class='ocrx_word' id='word_1_602' title='bbox 3214 3491 3301 3538; x_wconf 85' lang='lat' dir='ltr'><strong>est</strong></span> <span class='ocrx_word' id='word_1_603' title='bbox 3336 3481 3601 3536; x_wconf 87' lang='lat' dir='ltr'><strong>Damasci.</strong></span> <span class='ocrx_word' id='word_1_604' title='bbox 3652 3480 3827 3537; x_wconf 71' lang='lat' dir='ltr'><strong>SaM-</strong></span> 
     </span>
    </p>
   </div>
   <div class='ocr_carea' id='block_1_64' title="bbox 2251 3573 3826 3645">
    <p class='ocr_par' dir='ltr' id='par_1_64' title="bbox 2251 3573 3826 3645">
     <span class='ocr_line' id='line_1_67' title="bbox 2251 3573 3826 3645; baseline -0.002 -16"><span class='ocrx_word' id='word_1_605' title='bbox 2251 3575 2408 3629; x_wconf 89' lang='lat' dir='ltr'><strong>litum</strong></span> <span class='ocrx_word' id='word_1_606' title='bbox 2445 3575 2546 3643; x_wconf 89' lang='lat' dir='ltr'><strong>ipsi</strong></span> <span class='ocrx_word' id='word_1_607' title='bbox 2586 3578 2876 3645; x_wconf 65' lang='lat' dir='ltr'><strong>praefectus</strong></span> <span class='ocrx_word' id='word_1_608' title='bbox 2908 3575 3013 3631; x_wconf 84' lang='lat' dir='ltr'><strong>fuit</strong></span> <span class='ocrx_word' id='word_1_609' title='bbox 3046 3577 3191 3630; x_wconf 87' lang='lat' dir='ltr'><strong>Caab</strong></span> <span class='ocrx_word' id='word_1_610' title='bbox 3223 3575 3343 3631; x_wconf 84' lang='lat' dir='ltr'><strong>Ebn</strong></span> <span class='ocrx_word' id='word_1_611' title='bbox 3375 3574 3553 3629; x_wconf 82' lang='lat' dir='ltr'><strong>Hazen</strong></span> <span class='ocrx_word' id='word_1_612' title='bbox 3584 3573 3826 3627; x_wconf 73' lang='lat' dir='ltr'><strong>Abaseu-</strong></span> 
     </span>
    </p>
   </div>
   <div class='ocr_carea' id='block_1_65' title="bbox 2253 3665 3297 3735">
    <p class='ocr_par' dir='ltr' id='par_1_65' title="bbox 2253 3665 3297 3735">
     <span class='ocr_line' id='line_1_68' title="bbox 2253 3665 3297 3735; baseline -0.002 -12"><span class='ocrx_word' id='word_1_613' title='bbox 2253 3666 2353 3723; x_wconf 90' lang='lat' dir='ltr'><strong>sis.</strong></span> <span class='ocrx_word' id='word_1_614' title='bbox 2383 3665 2617 3728; x_wconf 82' lang='lat' dir='ltr'><strong>Janitor.</strong></span> <span class='ocrx_word' id='word_1_615' title='bbox 2653 3668 2792 3722; x_wconf 88' lang='lat' dir='ltr'><strong>Saad</strong></span> <span class='ocrx_word' id='word_1_616' title='bbox 2834 3669 3065 3723; x_wconf 89' lang='lat' dir='ltr'><strong>libertus</strong></span> <span class='ocrx_word' id='word_1_617' title='bbox 3103 3669 3297 3735; x_wconf 89' lang='lat' dir='ltr'><strong>ipsius.</strong></span> 
     </span>
    </p>
   </div>
   <div class='ocr_carea' id='block_1_66' title="bbox 2420 3756 3627 3825">
    <p class='ocr_par' dir='ltr' id='par_1_66' title="bbox 2420 3756 3627 3825">
     <span class='ocr_line' id='line_1_69' title="bbox 2420 3756 3627 3825; baseline -0.003 -13"><span class='ocrx_word' id='word_1_618' title='bbox 2420 3757 2738 3825; x_wconf 59' lang='lat' dir='ltr'><strong>{Clmlifatus</strong></span> <span class='ocrx_word' id='word_1_619' title='bbox 2765 3758 3031 3811; x_wconf 83' lang='lat' dir='ltr'><strong>Solimani</strong></span> <span class='ocrx_word' id='word_1_620' title='bbox 3069 3757 3183 3811; x_wconf 81' lang='lat' dir='ltr'><strong>Ebn</strong></span> <span class='ocrx_word' id='word_1_621' title='bbox 3213 3757 3368 3811; x_wconf 75' lang='lat' dir='ltr'><strong>Abdil</strong></span> <span class='ocrx_word' id='word_1_622' title='bbox 3398 3756 3627 3809; x_wconf 72' lang='lat' dir='ltr'><strong>Malech.</strong></span> 
     </span>
    </p>
   </div>
   <div class='ocr_carea' id='block_1_67' title="bbox 2320 3848 3831 3920">
    <p class='ocr_par' dir='ltr' id='par_1_67' title="bbox 2320 3848 3831 3920">
     <span class='ocr_line' id='line_1_70' title="bbox 2320 3848 3831 3920; baseline -0.003 -17"><span class='ocrx_word' id='word_1_623' title='bbox 2320 3850 2680 3920; x_wconf 86' lang='lat' dir='ltr'><strong>luauguratus</strong></span> <span class='ocrx_word' id='word_1_624' title='bbox 2742 3850 2986 3905; x_wconf 88' lang='lat' dir='ltr'><strong>Soliman</strong></span> <span class='ocrx_word' id='word_1_625' title='bbox 3042 3850 3155 3905; x_wconf 85' lang='lat' dir='ltr'><strong>Ebn</strong></span> <span class='ocrx_word' id='word_1_626' title='bbox 3221 3849 3381 3902; x_wconf 83' lang='lat' dir='ltr'><strong>Abdil</strong></span> <span class='ocrx_word' id='word_1_627' title='bbox 3447 3848 3653 3903; x_wconf 73' lang='lat' dir='ltr'><strong>Malech</strong></span> <span class='ocrx_word' id='word_1_628' title='bbox 3718 3849 3831 3902; x_wconf 76' lang='lat' dir='ltr'><strong>Elin</strong></span> 
     </span>
    </p>
   </div>
   <div class='ocr_carea' id='block_1_68' title="bbox 2247 3940 3835 4002">
    <p class='ocr_par' dir='ltr' id='par_1_68' title="bbox 2247 3940 3835 4002">
     <span class='ocr_line' id='line_1_71' title="bbox 2247 3940 3835 4002; baseline -0.001 -9"><span class='ocrx_word' id='word_1_629' title='bbox 2247 3940 2521 4002; x_wconf 84' lang='lat' dir='ltr'><strong>Merwan.</strong></span> <span class='ocrx_word' id='word_1_630' title='bbox 2560 3943 2645 3996; x_wconf 91' lang='lat' dir='ltr'><strong>cui</strong></span> <span class='ocrx_word' id='word_1_631' title='bbox 2697 3952 2871 3996; x_wconf 87' lang='lat' dir='ltr'><strong>mater</strong></span> <span class='ocrx_word' id='word_1_632' title='bbox 2905 3941 3170 3995; x_wconf 88' lang='lat' dir='ltr'><strong>Waladah</strong></span> <span class='ocrx_word' id='word_1_633' title='bbox 3222 3941 3327 3994; x_wconf 83' lang='lat' dir='ltr'><strong>tilia</strong></span> <span class='ocrx_word' id='word_1_634' title='bbox 3381 3940 3442 3993; x_wconf 79' lang='lat' dir='ltr'><strong>Al</strong></span> <span class='ocrx_word' id='word_1_635' title='bbox 3497 3940 3665 3993; x_wconf 75' lang='lat' dir='ltr'><strong>Ahasi</strong></span> <span class='ocrx_word' id='word_1_636' title='bbox 3719 3940 3835 3991; x_wconf 81' lang='lat' dir='ltr'><strong>Eba</strong></span> 
     </span>
    </p>
   </div>
   <div class='ocr_carea' id='block_1_69' title="bbox 2245 4031 3827 4102">
    <p class='ocr_par' dir='ltr' id='par_1_69' title="bbox 2245 4031 3827 4102">
     <span class='ocr_line' id='line_1_72' title="bbox 2245 4031 3827 4102; baseline -0.001 -17"><span class='ocrx_word' id='word_1_637' title='bbox 2245 4033 2435 4089; x_wconf 74' lang='lat' dir='ltr'><strong>Bahra:</strong></span> <span class='ocrx_word' id='word_1_638' title='bbox 2490 4035 2786 4089; x_wconf 83' lang='lat' dir='ltr'><strong>Abasensis</strong></span> <span class='ocrx_word' id='word_1_639' title='bbox 2839 4050 3021 4090; x_wconf 84' lang='lat' dir='ltr'><strong>mense</strong></span> <span class='ocrx_word' id='word_1_640' title='bbox 3062 4032 3284 4087; x_wconf 89' lang='lat' dir='ltr'><strong>lomada</strong></span> <span class='ocrx_word' id='word_1_641' title='bbox 3336 4031 3640 4102; x_wconf 81' lang='lat' dir='ltr'><strong>posteriore</strong></span> <span class='ocrx_word' id='word_1_642' title='bbox 3693 4036 3827 4084; x_wconf 84' lang='lat' dir='ltr'><strong>anni</strong></span> 
     </span>
    </p>
   </div>
   <div class='ocr_carea' id='block_1_70' title="bbox 2245 4124 3841 4197">
    <p class='ocr_par' dir='ltr' id='par_1_70' title="bbox 2245 4124 3841 4197">
     <span class='ocr_line' id='line_1_73' title="bbox 2245 4124 3841 4197; baseline -0.001 -19"><span class='ocrx_word' id='word_1_643' title='bbox 2245 4124 2423 4181; x_wconf 70' lang='lat' dir='ltr'><strong>lleirte</strong></span> <span class='ocrx_word' id='word_1_644' title='bbox 2474 4127 2814 4197; x_wconf 86' lang='lat' dir='ltr'><strong>nonagesimi</strong></span> <span class='ocrx_word' id='word_1_645' title='bbox 2849 4128 3015 4191; x_wconf 62' lang='lat' dir='ltr'><strong>sexti.</strong></span> <span class='ocrx_word' id='word_1_646' title='bbox 3047 4126 3282 4194; x_wconf 84' lang='lat' dir='ltr'><strong>Fuitque</strong></span> <span class='ocrx_word' id='word_1_647' title='bbox 3318 4124 3608 4194; x_wconf 87' lang='lat' dir='ltr'><strong>imperium</strong></span> <span class='ocrx_word' id='word_1_648' title='bbox 3650 4126 3841 4193; x_wconf 83' lang='lat' dir='ltr'><strong>ipsius</strong></span> 
     </span>
    </p>
   </div>
   <div class='ocr_carea' id='block_1_71' title="bbox 2244 4216 3847 4287">
    <p class='ocr_par' dir='ltr' id='par_1_71' title="bbox 2244 4216 3847 4287">
     <span class='ocr_line' id='line_1_74' title="bbox 2244 4216 3847 4287; baseline -0.001 -15"><span class='ocrx_word' id='word_1_649' title='bbox 2244 4234 2512 4274; x_wconf 86' lang='lat' dir='ltr'><strong>annorum</strong></span> <span class='ocrx_word' id='word_1_650' title='bbox 2549 4219 2781 4273; x_wconf 89' lang='lat' dir='ltr'><strong>duorum</strong></span> <span class='ocrx_word' id='word_1_651' title='bbox 2814 4228 2869 4272; x_wconf 90' lang='lat' dir='ltr'><strong>et</strong></span> <span class='ocrx_word' id='word_1_652' title='bbox 2914 4234 3007 4274; x_wconf 86' lang='lat' dir='ltr'><strong>sex</strong></span> <span class='ocrx_word' id='word_1_653' title='bbox 3064 4218 3355 4272; x_wconf 88' lang='lat' dir='ltr'><strong>mensium.</strong></span> <span class='ocrx_word' id='word_1_654' title='bbox 3409 4216 3537 4287; x_wconf 84' lang='lat' dir='ltr'><strong>Ejus</strong></span> <span class='ocrx_word' id='word_1_655' title='bbox 3586 4225 3847 4283; x_wconf 82' lang='lat' dir='ltr'><strong>tempore</strong></span> 
     </span>
    </p>
   </div>
   <div class='ocr_carea' id='block_1_72' title="bbox 2244 4308 3847 4380">
    <p class='ocr_par' dir='ltr' id='par_1_72' title="bbox 2244 4308 3847 4380">
     <span class='ocr_line' id='line_1_75' title="bbox 2244 4308 3847 4380; baseline -0.001 -15"><span class='ocrx_word' id='word_1_656' title='bbox 2244 4310 2346 4365; x_wconf 80' lang='lat' dir='ltr'><strong>fuit</strong></span> <span class='ocrx_word' id='word_1_657' title='bbox 2398 4310 2683 4379; x_wconf 87' lang='lat' dir='ltr'><strong>Philippus</strong></span> <span class='ocrx_word' id='word_1_658' title='bbox 2731 4311 3024 4380; x_wconf 86' lang='lat' dir='ltr'><strong>imperator</strong></span> <span class='ocrx_word' id='word_1_659' title='bbox 3060 4308 3451 4375; x_wconf 80' lang='lat' dir='ltr'><strong>Romanorum,</strong></span> <span class='ocrx_word' id='word_1_660' title='bbox 3481 4311 3573 4379; x_wconf 89' lang='lat' dir='ltr'><strong>qui</strong></span> <span class='ocrx_word' id='word_1_661' title='bbox 3646 4309 3847 4364; x_wconf 74' lang='lat' dir='ltr'><strong>Maro-</strong></span> 
     </span>
    </p>
   </div>
   <div class='ocr_carea' id='block_1_73' title="bbox 3950 1722 3961 1985">
    <p class='ocr_par' dir='ltr' id='par_1_73' title="bbox 3950 1722 3961 1985">
     <span class='ocr_line' id='line_1_76' title="bbox 3950 1722 3961 1985; baseline 0 0"><span class='ocrx_word' id='word_1_662' title='bbox 3950 1722 3961 1985; x_wconf 75' lang='lat' dir='ltr'><strong>l</strong></span> 
     </span>
    </p>
   </div>
   <div class='ocr_carea' id='block_1_74' title="bbox 3958 2136 3961 2337">
    <p class='ocr_par' dir='ltr' id='par_1_74' title="bbox 3958 2136 3961 2337">
     <span class='ocr_line' id='line_1_77' title="bbox 3958 2136 3961 2337; baseline 0 0"><span class='ocrx_word' id='word_1_663' title='bbox 3958 2136 3961 2337; x_wconf 71' lang='lat' dir='ltr'><strong>l</strong></span> 
     </span>
    </p>
   </div>
   <div class='ocr_carea' id='block_1_75' title="bbox 776 4388 3851 4472">
    <p class='ocr_par' dir='ltr' id='par_1_75' title="bbox 776 4388 3851 4472">
     <span class='ocr_line' id='line_1_78' title="bbox 776 4388 3851 4472; baseline 0.005 -29"><span class='ocrx_word' id='word_1_664' title='bbox 776 4388 1075 4457; x_wconf 80' lang='lat' dir='ltr'><strong>Cltalifatus</strong></span> <span class='ocrx_word' id='word_1_665' title='bbox 1103 4390 1166 4446; x_wconf 77' lang='lat' dir='ltr'><strong>Al</strong></span> <span class='ocrx_word' id='word_1_666' title='bbox 1192 4391 1372 4446; x_wconf 82' lang='lat' dir='ltr'><strong>Walid</strong></span> <span class='ocrx_word' id='word_1_667' title='bbox 1406 4394 1519 4447; x_wconf 78' lang='lat' dir='ltr'><strong>Elm</strong></span> <span class='ocrx_word' id='word_1_668' title='bbox 1560 4396 1713 4450; x_wconf 82' lang='lat' dir='ltr'><strong>Abdit</strong></span> <span class='ocrx_word' id='word_1_669' title='bbox 1740 4399 1919 4457; x_wconf 73' lang='lat' dir='ltr'><strong>Malea.</strong></span> <span class='ocrx_word' id='word_1_670' title='bbox 2248 4404 2360 4455; x_wconf 86' lang='lat' dir='ltr'><strong>nita</strong></span> <span class='ocrx_word' id='word_1_671' title='bbox 2402 4401 2525 4456; x_wconf 81' lang='lat' dir='ltr'><strong>fuit.</strong></span> <span class='ocrx_word' id='word_1_672' title='bbox 2579 4404 2765 4457; x_wconf 85' lang='lat' dir='ltr'><strong>Annos</strong></span> <span class='ocrx_word' id='word_1_673' title='bbox 2806 4402 2946 4457; x_wconf 87' lang='lat' dir='ltr'><strong>duos</strong></span> <span class='ocrx_word' id='word_1_674' title='bbox 2980 4418 3101 4458; x_wconf 89' lang='lat' dir='ltr'><strong>cum</strong></span> <span class='ocrx_word' id='word_1_675' title='bbox 3137 4401 3366 4455; x_wconf 87' lang='lat' dir='ltr'><strong>dimidio</strong></span> <span class='ocrx_word' id='word_1_676' title='bbox 3421 4402 3741 4472; x_wconf 87' lang='lat' dir='ltr'><strong>imperavit.</strong></span> <span class='ocrx_word' id='word_1_677' title='bbox 3790 4404 3851 4456; x_wconf 74' lang='lat' dir='ltr'><strong>In</strong></span> 
     </span>
    </p>
   </div>
   <div class='ocr_carea' id='block_1_76' title="bbox 636 4478 3855 4565">
    <p class='ocr_par' dir='ltr' id='par_1_76' title="bbox 636 4478 3855 4565">
     <span class='ocr_line' id='line_1_79' title="bbox 636 4478 3855 4565; baseline 0.005 -33"><span class='ocrx_word' id='word_1_678' title='bbox 636 4478 971 4535; x_wconf 85' lang='lat' dir='ltr'><strong>Juramcntis</strong></span> <span class='ocrx_word' id='word_1_679' title='bbox 995 4481 1070 4535; x_wconf 91' lang='lat' dir='ltr'><strong>illi</strong></span> <span class='ocrx_word' id='word_1_680' title='bbox 1106 4483 1360 4549; x_wconf 82' lang='lat' dir='ltr'><strong>praestitis</strong></span> <span class='ocrx_word' id='word_1_681' title='bbox 1390 4485 1745 4556; x_wconf 78' lang='lat' dir='ltr'><strong>inauguratus</strong></span> <span class='ocrx_word' id='word_1_682' title='bbox 1771 4501 1853 4546; x_wconf 82' lang='lat' dir='ltr'><strong>est</strong></span> <span class='ocrx_word' id='word_1_683' title='bbox 1878 4493 1940 4546; x_wconf 84' lang='lat' dir='ltr'><strong>Al</strong></span> <span class='ocrx_word' id='word_1_684' title='bbox 1966 4494 2139 4551; x_wconf 85' lang='lat' dir='ltr'><strong>Walid</strong></span> <span class='ocrx_word' id='word_1_685' title='bbox 2177 4481 2219 4536; x_wconf 79' lang='lat' dir='ltr'><strong>D</strong></span> <span class='ocrx_word' id='word_1_686' title='bbox 2248 4494 2486 4565; x_wconf 59' lang='lat' dir='ltr'><strong>Egypto</strong></span> <span class='ocrx_word' id='word_1_687' title='bbox 2518 4496 2789 4564; x_wconf 78' lang='lat' dir='ltr'><strong>vectigali.</strong></span> <span class='ocrx_word' id='word_1_688' title='bbox 2834 4496 3052 4550; x_wconf 89' lang='lat' dir='ltr'><strong>nomine</strong></span> <span class='ocrx_word' id='word_1_689' title='bbox 3081 4494 3340 4549; x_wconf 89' lang='lat' dir='ltr'><strong>Solimani</strong></span> <span class='ocrx_word' id='word_1_690' title='bbox 3375 4493 3486 4547; x_wconf 75' lang='lat' dir='ltr'><strong>Elin</strong></span> <span class='ocrx_word' id='word_1_691' title='bbox 3521 4494 3686 4548; x_wconf 80' lang='lat' dir='ltr'><strong>Abdil</strong></span> <span class='ocrx_word' id='word_1_692' title='bbox 3730 4495 3855 4549; x_wconf 78' lang='lat' dir='ltr'><strong>Ma-</strong></span> 
     </span>
    </p>
   </div>
   <div class='ocr_carea' id='block_1_77' title="bbox 564 4570 3859 4654">
    <p class='ocr_par' dir='ltr' id='par_1_77' title="bbox 564 4570 3859 4654">
     <span class='ocr_line' id='line_1_80' title="bbox 564 4570 3859 4654; baseline 0.004 -27"><span class='ocrx_word' id='word_1_693' title='bbox 564 4570 681 4627; x_wconf 80' lang='lat' dir='ltr'><strong>Ehn</strong></span> <span class='ocrx_word' id='word_1_694' title='bbox 716 4570 876 4625; x_wconf 74' lang='lat' dir='ltr'><strong>Abilil</strong></span> <span class='ocrx_word' id='word_1_695' title='bbox 912 4572 1079 4627; x_wconf 76' lang='lat' dir='ltr'><strong>Maleo</strong></span> <span class='ocrx_word' id='word_1_696' title='bbox 1104 4572 1216 4627; x_wconf 87' lang='lat' dir='ltr'><strong>Ebn</strong></span> <span class='ocrx_word' id='word_1_697' title='bbox 1246 4574 1515 4642; x_wconf 82' lang='lat' dir='ltr'><strong>Merwan;</strong></span> <span class='ocrx_word' id='word_1_698' title='bbox 1546 4581 1632 4634; x_wconf 91' lang='lat' dir='ltr'><strong>cui</strong></span> <span class='ocrx_word' id='word_1_699' title='bbox 1671 4590 1842 4637; x_wconf 87' lang='lat' dir='ltr'><strong>mater</strong></span> <span class='ocrx_word' id='word_1_700' title='bbox 1873 4586 1974 4637; x_wconf 79' lang='lat' dir='ltr'><strong>fuit</strong></span> <span class='ocrx_word' id='word_1_701' title='bbox 2008 4584 2141 4640; x_wconf 80' lang='lat' dir='ltr'><strong>Wa-</strong></span> <span class='ocrx_word' id='word_1_702' title='bbox 2244 4587 2366 4647; x_wconf 87' lang='lat' dir='ltr'><strong>Ieci,</strong></span> <span class='ocrx_word' id='word_1_703' title='bbox 2392 4587 2685 4654; x_wconf 66' lang='lat' dir='ltr'><strong>praefectus</strong></span> <span class='ocrx_word' id='word_1_704' title='bbox 2717 4588 2816 4642; x_wconf 78' lang='lat' dir='ltr'><strong>fuit</strong></span> <span class='ocrx_word' id='word_1_705' title='bbox 2857 4587 3092 4642; x_wconf 80' lang='lat' dir='ltr'><strong>Asamah</strong></span> <span class='ocrx_word' id='word_1_706' title='bbox 3130 4585 3246 4640; x_wconf 87' lang='lat' dir='ltr'><strong>Ebn</strong></span> <span class='ocrx_word' id='word_1_707' title='bbox 3279 4585 3410 4640; x_wconf 84' lang='lat' dir='ltr'><strong>Zaid</strong></span> <span class='ocrx_word' id='word_1_708' title='bbox 3441 4584 3859 4644; x_wconf 83' lang='lat' dir='ltr'><strong>Tannuchien-</strong></span> 
     </span>
    </p>
   </div>
   <div class='ocr_carea' id='block_1_78' title="bbox 563 4660 3855 4747">
    <p class='ocr_par' dir='ltr' id='par_1_78' title="bbox 563 4660 3855 4747">
     <span class='ocr_line' id='line_1_81' title="bbox 563 4660 3855 4747; baseline 0.005 -30"><span class='ocrx_word' id='word_1_709' title='bbox 563 4660 722 4717; x_wconf 86' lang='lat' dir='ltr'><strong>ladah</strong></span> <span class='ocrx_word' id='word_1_710' title='bbox 752 4662 858 4716; x_wconf 87' lang='lat' dir='ltr'><strong>tilia</strong></span> <span class='ocrx_word' id='word_1_711' title='bbox 876 4664 1074 4719; x_wconf 85' lang='lat' dir='ltr'><strong>Abbasi</strong></span> <span class='ocrx_word' id='word_1_712' title='bbox 1100 4667 1215 4721; x_wconf 83' lang='lat' dir='ltr'><strong>Ebn</strong></span> <span class='ocrx_word' id='word_1_713' title='bbox 1248 4668 1461 4735; x_wconf 68' lang='lat' dir='ltr'><strong>llarbaa,</strong></span> <span class='ocrx_word' id='word_1_714' title='bbox 1492 4671 1607 4727; x_wconf 85' lang='lat' dir='ltr'><strong>Ebn</strong></span> <span class='ocrx_word' id='word_1_715' title='bbox 1645 4672 1845 4730; x_wconf 88' lang='lat' dir='ltr'><strong>llareth</strong></span> <span class='ocrx_word' id='word_1_716' title='bbox 1885 4677 2133 4745; x_wconf 82' lang='lat' dir='ltr'><strong>Abasita,</strong></span> <span class='ocrx_word' id='word_1_717' title='bbox 2241 4680 2342 4735; x_wconf 89' lang='lat' dir='ltr'><strong>sis.</strong></span> <span class='ocrx_word' id='word_1_718' title='bbox 2378 4677 2478 4735; x_wconf 88' lang='lat' dir='ltr'><strong>Hic</strong></span> <span class='ocrx_word' id='word_1_719' title='bbox 2508 4680 2574 4734; x_wconf 89' lang='lat' dir='ltr'><strong>ad</strong></span> <span class='ocrx_word' id='word_1_720' title='bbox 2604 4678 2944 4733; x_wconf 89' lang='lat' dir='ltr'><strong>Solimanum</strong></span> <span class='ocrx_word' id='word_1_721' title='bbox 2995 4678 3271 4743; x_wconf 88' lang='lat' dir='ltr'><strong>scribens,</strong></span> <span class='ocrx_word' id='word_1_722' title='bbox 3301 4678 3587 4733; x_wconf 87' lang='lat' dir='ltr'><strong>certiorem</strong></span> <span class='ocrx_word' id='word_1_723' title='bbox 3647 4679 3855 4747; x_wconf 87' lang='lat' dir='ltr'><strong>ipsum</strong></span> 
     </span>
    </p>
   </div>
   <div class='ocr_carea' id='block_1_79' title="bbox 562 4757 3852 4838">
    <p class='ocr_par' dir='ltr' id='par_1_79' title="bbox 562 4757 3852 4838">
     <span class='ocr_line' id='line_1_82' title="bbox 562 4757 3852 4838; baseline 0.005 -31"><span class='ocrx_word' id='word_1_724' title='bbox 562 4767 630 4807; x_wconf 89' lang='lat' dir='ltr'><strong>eo</strong></span> <span class='ocrx_word' id='word_1_725' title='bbox 665 4760 908 4824; x_wconf 87' lang='lat' dir='ltr'><strong>tempore</strong></span> <span class='ocrx_word' id='word_1_726' title='bbox 947 4772 1054 4825; x_wconf 91' lang='lat' dir='ltr'><strong>quo</strong></span> <span class='ocrx_word' id='word_1_727' title='bbox 1086 4757 1324 4815; x_wconf 88' lang='lat' dir='ltr'><strong>decessit</strong></span> <span class='ocrx_word' id='word_1_728' title='bbox 1352 4761 1583 4817; x_wconf 82' lang='lat' dir='ltr'><strong>Abdolol</strong></span> <span class='ocrx_word' id='word_1_729' title='bbox 1634 4765 1801 4821; x_wconf 85' lang='lat' dir='ltr'><strong>Malec</strong></span> <span class='ocrx_word' id='word_1_730' title='bbox 1845 4767 1957 4823; x_wconf 91' lang='lat' dir='ltr'><strong>Ebn</strong></span> <span class='ocrx_word' id='word_1_731' title='bbox 1994 4768 2136 4825; x_wconf 79' lang='lat' dir='ltr'><strong>Mcr-</strong></span> <span class='ocrx_word' id='word_1_732' title='bbox 2240 4770 2372 4824; x_wconf 82' lang='lat' dir='ltr'><strong>fecit</strong></span> <span class='ocrx_word' id='word_1_733' title='bbox 2416 4770 2728 4825; x_wconf 87' lang='lat' dir='ltr'><strong>columnam</strong></span> <span class='ocrx_word' id='word_1_734' title='bbox 2758 4768 3142 4825; x_wconf 70' lang='lat' dir='ltr'><strong>mensurandaa</strong></span> <span class='ocrx_word' id='word_1_735' title='bbox 3172 4785 3329 4838; x_wconf 64' lang='lat' dir='ltr'><strong>aqua:</strong></span> <span class='ocrx_word' id='word_1_736' title='bbox 3360 4785 3519 4837; x_wconf 86' lang='lat' dir='ltr'><strong>quam</strong></span> <span class='ocrx_word' id='word_1_737' title='bbox 3572 4767 3852 4824; x_wconf 76' lang='lat' dir='ltr'><strong>llolwmi</strong></span> 
     </span>
    </p>
   </div>
   <div class='ocr_carea' id='block_1_80' title="bbox 561 4846 3858 4919">
    <p class='ocr_par' dir='ltr' id='par_1_80' title="bbox 561 4846 3858 4919">
     <span class='ocr_line' id='line_1_83' title="bbox 561 4846 3858 4919; baseline 0.006 -21"><span class='ocrx_word' id='word_1_738' title='bbox 561 4846 704 4899; x_wconf 83' lang='lat' dir='ltr'><strong>wani</strong></span> <span class='ocrx_word' id='word_1_739' title='bbox 732 4862 746 4899; x_wconf 86' lang='lat'><strong>:</strong></span> <span class='ocrx_word' id='word_1_740' title='bbox 778 4847 1174 4915; x_wconf 87' lang='lat' dir='ltr'><strong>imperavitque</strong></span> <span class='ocrx_word' id='word_1_741' title='bbox 1202 4867 1375 4907; x_wconf 91' lang='lat' dir='ltr'><strong>annos</strong></span> <span class='ocrx_word' id='word_1_742' title='bbox 1422 4870 1617 4910; x_wconf 91' lang='lat' dir='ltr'><strong>novem</strong></span> <span class='ocrx_word' id='word_1_743' title='bbox 1660 4866 1716 4912; x_wconf 91' lang='lat' dir='ltr'><strong>et</strong></span> <span class='ocrx_word' id='word_1_744' title='bbox 1775 4874 1987 4916; x_wconf 89' lang='lat' dir='ltr'><strong>menses</strong></span> <span class='ocrx_word' id='word_1_745' title='bbox 2038 4876 2137 4917; x_wconf 85' lang='lat' dir='ltr'><strong>no-</strong></span> <span class='ocrx_word' id='word_1_746' title='bbox 2235 4871 2482 4917; x_wconf 86' lang='lat' dir='ltr'><strong>erexerat</strong></span> <span class='ocrx_word' id='word_1_747' title='bbox 2506 4861 2700 4919; x_wconf 81' lang='lat' dir='ltr'><strong>Abdol.</strong></span> <span class='ocrx_word' id='word_1_748' title='bbox 2739 4862 2868 4917; x_wconf 79' lang='lat' dir='ltr'><strong>Aziz</strong></span> <span class='ocrx_word' id='word_1_749' title='bbox 2895 4862 3008 4915; x_wconf 88' lang='lat' dir='ltr'><strong>Ehn</strong></span> <span class='ocrx_word' id='word_1_750' title='bbox 3045 4860 3280 4916; x_wconf 81' lang='lat' dir='ltr'><strong>Merwan</strong></span> <span class='ocrx_word' id='word_1_751' title='bbox 3314 4860 3447 4915; x_wconf 92' lang='lat' dir='ltr'><strong>nulli</strong></span> <span class='ocrx_word' id='word_1_752' title='bbox 3481 4862 3609 4915; x_wconf 89' lang='lat' dir='ltr'><strong>usui</strong></span> <span class='ocrx_word' id='word_1_753' title='bbox 3642 4861 3858 4918; x_wconf 76' lang='lat' dir='ltr'><strong>inscr-</strong></span> 
     </span>
    </p>
   </div>
   <div class='ocr_carea' id='block_1_81' title="bbox 561 4936 3857 5026">
    <p class='ocr_par' dir='ltr' id='par_1_81' title="bbox 561 4936 3857 5026">
     <span class='ocr_line' id='line_1_84' title="bbox 561 4936 3857 5026; baseline 0.005 -36"><span class='ocrx_word' id='word_1_754' title='bbox 561 4952 705 4991; x_wconf 75' lang='lat' dir='ltr'><strong>vem.</strong></span> <span class='ocrx_word' id='word_1_755' title='bbox 735 4936 953 4995; x_wconf 79' lang='lat' dir='ltr'><strong>Mittens</strong></span> <span class='ocrx_word' id='word_1_756' title='bbox 992 4941 1079 4997; x_wconf 92' lang='lat' dir='ltr'><strong>hic</strong></span> <span class='ocrx_word' id='word_1_757' title='bbox 1124 4942 1493 5016; x_wconf 82' lang='lat' dir='ltr'><strong>Hierosolyma</strong></span> <span class='ocrx_word' id='word_1_758' title='bbox 1527 4950 1785 5017; x_wconf 87' lang='lat' dir='ltr'><strong>templum</strong></span> <span class='ocrx_word' id='word_1_759' title='bbox 1821 4950 2134 5026; x_wconf 84' lang='lat' dir='ltr'><strong>llierosoly-</strong></span> <span class='ocrx_word' id='word_1_760' title='bbox 2235 4954 2371 5019; x_wconf 87' lang='lat' dir='ltr'><strong>vire;</strong></span> <span class='ocrx_word' id='word_1_761' title='bbox 2398 4954 2464 5009; x_wconf 89' lang='lat' dir='ltr'><strong>ad</strong></span> <span class='ocrx_word' id='word_1_762' title='bbox 2486 4970 2646 5024; x_wconf 86' lang='lat' dir='ltr'><strong>quem</strong></span> <span class='ocrx_word' id='word_1_763' title='bbox 2663 4970 2791 5023; x_wconf 82' lang='lat' dir='ltr'><strong>ergo</strong></span> <span class='ocrx_word' id='word_1_764' title='bbox 2807 4953 3115 5009; x_wconf 88' lang='lat' dir='ltr'><strong>rescribens</strong></span> <span class='ocrx_word' id='word_1_765' title='bbox 3127 4953 3291 5023; x_wconf 87' lang='lat' dir='ltr'><strong>jussit</strong></span> <span class='ocrx_word' id='word_1_766' title='bbox 3313 4954 3490 5021; x_wconf 89' lang='lat' dir='ltr'><strong>ipsum</strong></span> <span class='ocrx_word' id='word_1_767' title='bbox 3511 4952 3857 5008; x_wconf 73' lang='lat' dir='ltr'><strong>columnam</strong></span> 
     </span>
    </p>
   </div>
   <div class='ocr_carea' id='block_1_82' title="bbox 560 5029 3868 5115">
    <p class='ocr_par' dir='ltr' id='par_1_82' title="bbox 560 5029 3868 5115">
     <span class='ocr_line' id='line_1_85' title="bbox 560 5029 3868 5115; baseline 0.001 -15"><span class='ocrx_word' id='word_1_768' title='bbox 560 5029 828 5083; x_wconf 68' lang='grc' dir='ltr'><strong>πηίίθηυῖη</strong></span> <span class='ocrx_word' id='word_1_769' title='bbox 864 5034 1135 5088; x_wconf 56' lang='lat' dir='ltr'><strong>“Sirmi!</strong></span> <span class='ocrx_word' id='word_1_770' title='bbox 1158 5077 1173 5100; x_wconf 72' lang='grc' dir='ltr'><strong>ν</strong></span> <span class='ocrx_word' id='word_1_771' title='bbox 1210 5046 1372 5107; x_wconf 76' lang='lat' dir='ltr'><strong>atque</strong></span> <span class='ocrx_word' id='word_1_772' title='bbox 1417 5055 1581 5107; x_wconf 89' lang='lat' dir='ltr'><strong>opere</strong></span> <span class='ocrx_word' id='word_1_773' title='bbox 1626 5043 1836 5098; x_wconf 86' lang='lat' dir='ltr'><strong>albario</strong></span> <span class='ocrx_word' id='word_1_774' title='bbox 1871 5049 2128 5115; x_wconf 80' lang='lat' dir='ltr'><strong>ornavit,</strong></span> <span class='ocrx_word' id='word_1_775' title='bbox 2234 5056 2517 5099; x_wconf 77' lang='lat' dir='ltr'><strong>exstruere</strong></span> <span class='ocrx_word' id='word_1_776' title='bbox 2555 5046 2609 5099; x_wconf 90' lang='lat' dir='ltr'><strong>in</strong></span> <span class='ocrx_word' id='word_1_777' title='bbox 2644 5046 2822 5100; x_wconf 90' lang='lat' dir='ltr'><strong>insula</strong></span> <span class='ocrx_word' id='word_1_778' title='bbox 2852 5060 2972 5115; x_wconf 65' lang='lat' dir='ltr'><strong>qum</strong></span> <span class='ocrx_word' id='word_1_779' title='bbox 2999 5045 3141 5099; x_wconf 88' lang='lat' dir='ltr'><strong>inter</strong></span> <span class='ocrx_word' id='word_1_780' title='bbox 3160 5045 3377 5099; x_wconf 83' lang='lat' dir='ltr'><strong>ﬂuvium</strong></span> <span class='ocrx_word' id='word_1_781' title='bbox 3406 5043 3618 5098; x_wconf 83' lang='lat' dir='ltr'><strong>Fustati</strong></span> <span class='ocrx_word' id='word_1_782' title='bbox 3646 5057 3717 5101; x_wconf 84' lang='lat' dir='ltr'><strong>et</strong></span> <span class='ocrx_word' id='word_1_783' title='bbox 3754 5047 3868 5101; x_wconf 79' lang='lat' dir='ltr'><strong>ﬂu-</strong></span> 
     </span>
    </p>
   </div>
   <div class='ocr_carea' id='block_1_83' title="bbox 561 5121 3865 5207">
    <p class='ocr_par' dir='ltr' id='par_1_83' title="bbox 561 5121 3865 5207">
     <span class='ocr_line' id='line_1_86' title="bbox 561 5121 3865 5207; baseline 0.006 -35"><span class='ocrx_word' id='word_1_784' title='bbox 561 5128 712 5187; x_wconf 90' lang='lat' dir='ltr'><strong>petra</strong></span> <span class='ocrx_word' id='word_1_785' title='bbox 747 5121 799 5174; x_wconf 90' lang='lat' dir='ltr'><strong>iu</strong></span> <span class='ocrx_word' id='word_1_786' title='bbox 826 5124 1003 5178; x_wconf 89' lang='lat' dir='ltr'><strong>medio</strong></span> <span class='ocrx_word' id='word_1_787' title='bbox 1038 5128 1222 5197; x_wconf 82' lang='lat' dir='ltr'><strong>templi</strong></span> <span class='ocrx_word' id='word_1_788' title='bbox 1252 5129 1537 5195; x_wconf 85' lang='lat' dir='ltr'><strong>collocata,</strong></span> <span class='ocrx_word' id='word_1_789' title='bbox 1566 5146 1727 5199; x_wconf 90' lang='lat' dir='ltr'><strong>quam</strong></span> <span class='ocrx_word' id='word_1_790' title='bbox 1762 5136 1925 5187; x_wconf 91' lang='lat' dir='ltr'><strong>ctiam</strong></span> <span class='ocrx_word' id='word_1_791' title='bbox 1961 5139 2129 5191; x_wconf 73' lang='lat' dir='ltr'><strong>tediti-</strong></span> <span class='ocrx_word' id='word_1_792' title='bbox 2234 5138 2379 5191; x_wconf 90' lang='lat' dir='ltr'><strong>vium</strong></span> <span class='ocrx_word' id='word_1_793' title='bbox 2414 5138 2598 5191; x_wconf 74' lang='lat' dir='ltr'><strong>Alliza:</strong></span> <span class='ocrx_word' id='word_1_794' title='bbox 2624 5139 2932 5207; x_wconf 88' lang='lat' dir='ltr'><strong>interjacet.</strong></span> <span class='ocrx_word' id='word_1_795' title='bbox 2956 5138 3390 5205; x_wconf 73' lang='lat' dir='ltr'><strong>Exstruxitergo</strong></span> <span class='ocrx_word' id='word_1_796' title='bbox 3419 5136 3660 5191; x_wconf 84' lang='lat' dir='ltr'><strong>Asamah</strong></span> <span class='ocrx_word' id='word_1_797' title='bbox 3695 5156 3865 5193; x_wconf 79' lang='lat' dir='ltr'><strong>anno</strong></span> 
     </span>
    </p>
   </div>
   <div class='ocr_carea' id='block_1_84' title="bbox 558 5213 3863 5303">
    <p class='ocr_par' dir='ltr' id='par_1_84' title="bbox 558 5213 3863 5303">
     <span class='ocr_line' id='line_1_87' title="bbox 558 5213 3863 5303; baseline 0.007 -38"><span class='ocrx_word' id='word_1_798' title='bbox 558 5213 646 5267; x_wconf 86' lang='lat' dir='ltr'><strong>cio</strong></span> <span class='ocrx_word' id='word_1_799' title='bbox 680 5215 873 5281; x_wconf 85' lang='lat' dir='ltr'><strong>cinxit,</strong></span> <span class='ocrx_word' id='word_1_800' title='bbox 910 5218 1055 5288; x_wconf 89' lang='lat' dir='ltr'><strong>quod</strong></span> <span class='ocrx_word' id='word_1_801' title='bbox 1104 5235 1374 5275; x_wconf 88' lang='lat' dir='ltr'><strong>marmore</strong></span> <span class='ocrx_word' id='word_1_802' title='bbox 1407 5222 1763 5291; x_wconf 89' lang='lat' dir='ltr'><strong>incrustavit;</strong></span> <span class='ocrx_word' id='word_1_803' title='bbox 1799 5228 1929 5294; x_wconf 90' lang='lat' dir='ltr'><strong>quin</strong></span> <span class='ocrx_word' id='word_1_804' title='bbox 1970 5237 2023 5283; x_wconf 90' lang='lat' dir='ltr'><strong>et</strong></span> <span class='ocrx_word' id='word_1_805' title='bbox 2055 5241 2129 5284; x_wconf 92' lang='lat' dir='ltr'><strong>te-</strong></span> <span class='ocrx_word' id='word_1_806' title='bbox 2233 5233 2590 5297; x_wconf 68' lang='lat' dir='ltr'><strong>nonagesimo</strong></span> <span class='ocrx_word' id='word_1_807' title='bbox 2632 5232 2864 5303; x_wconf 88' lang='lat' dir='ltr'><strong>septimo</strong></span> <span class='ocrx_word' id='word_1_808' title='bbox 2909 5232 3221 5286; x_wconf 90' lang='lat' dir='ltr'><strong>columnam</strong></span> <span class='ocrx_word' id='word_1_809' title='bbox 3266 5247 3388 5299; x_wconf 76' lang='lat' dir='ltr'><strong>qua:</strong></span> <span class='ocrx_word' id='word_1_810' title='bbox 3422 5230 3487 5283; x_wconf 88' lang='lat' dir='ltr'><strong>ad</strong></span> <span class='ocrx_word' id='word_1_811' title='bbox 3536 5231 3863 5289; x_wconf 83' lang='lat' dir='ltr'><strong>introitum</strong></span> 
     </span>
    </p>
   </div>
   <div class='ocr_carea' id='block_1_85' title="bbox 557 5306 3863 5391">
    <p class='ocr_par' dir='ltr' id='par_1_85' title="bbox 557 5306 3863 5391">
     <span class='ocr_line' id='line_1_88' title="bbox 557 5306 3863 5391; baseline 0.003 -27"><span class='ocrx_word' id='word_1_812' title='bbox 557 5306 854 5373; x_wconf 72' lang='lat' dir='ltr'><strong>smilinem,</strong></span> <span class='ocrx_word' id='word_1_813' title='bbox 889 5326 1009 5379; x_wconf 70' lang='lat' dir='ltr'><strong>qua:</strong></span> <span class='ocrx_word' id='word_1_814' title='bbox 1038 5312 1366 5370; x_wconf 81' lang='lat' dir='ltr'><strong>Christianis</strong></span> <span class='ocrx_word' id='word_1_815' title='bbox 1416 5326 1533 5369; x_wconf 87' lang='lat' dir='ltr'><strong>erat</strong></span> <span class='ocrx_word' id='word_1_816' title='bbox 1582 5316 1634 5370; x_wconf 87' lang='lat' dir='ltr'><strong>in</strong></span> <span class='ocrx_word' id='word_1_817' title='bbox 1687 5318 1916 5373; x_wconf 88' lang='lat' dir='ltr'><strong>ecclesia</strong></span> <span class='ocrx_word' id='word_1_818' title='bbox 1964 5338 2126 5390; x_wconf 90' lang='lat' dir='ltr'><strong>quam</strong></span> <span class='ocrx_word' id='word_1_819' title='bbox 2230 5321 2589 5391; x_wconf 88' lang='lat'><strong>377-379</strong></span> <span class='ocrx_word' id='word_1_820' title='bbox 2612 5323 2713 5377; x_wconf 82' lang='lat' dir='ltr'><strong>Jizi</strong></span> <span class='ocrx_word' id='word_1_821' title='bbox 2739 5334 2845 5385; x_wconf 88' lang='lat' dir='ltr'><strong>est,</strong></span> <span class='ocrx_word' id='word_1_822' title='bbox 2876 5337 2980 5391; x_wconf 92' lang='lat' dir='ltr'><strong>qua</strong></span> <span class='ocrx_word' id='word_1_823' title='bbox 3010 5322 3174 5377; x_wconf 87' lang='lat' dir='ltr'><strong>hodie</strong></span> <span class='ocrx_word' id='word_1_824' title='bbox 3199 5324 3514 5385; x_wconf 88' lang='lat' dir='ltr'><strong>metiuntur,</strong></span> <span class='ocrx_word' id='word_1_825' title='bbox 3556 5336 3863 5380; x_wconf 71' lang='lat' dir='ltr'><strong>vocatur-</strong></span> 
     </span>
    </p>
   </div>
   <div class='ocr_carea' id='block_1_86' title="bbox 558 5395 3873 5487">
    <p class='ocr_par' dir='ltr' id='par_1_86' title="bbox 558 5395 3873 5487">
     <span class='ocr_line' id='line_1_89' title="bbox 558 5395 3873 5487; baseline 0.008 -39"><span class='ocrx_word' id='word_1_826' title='bbox 558 5395 687 5451; x_wconf 75' lang='lat' dir='ltr'><strong>Bual</strong></span> <span class='ocrx_word' id='word_1_827' title='bbox 715 5397 837 5453; x_wconf 87' lang='lat' dir='ltr'><strong>Beci</strong></span> <span class='ocrx_word' id='word_1_828' title='bbox 866 5400 1170 5456; x_wconf 89' lang='lat' dir='ltr'><strong>habuerunt</strong></span> <span class='ocrx_word' id='word_1_829' title='bbox 1195 5412 1248 5457; x_wconf 89' lang='lat' dir='ltr'><strong>et</strong></span> <span class='ocrx_word' id='word_1_830' title='bbox 1271 5419 1335 5458; x_wconf 89' lang='lat' dir='ltr'><strong>ex</strong></span> <span class='ocrx_word' id='word_1_831' title='bbox 1365 5420 1469 5459; x_wconf 74' lang='lat' dir='ltr'><strong>tere</strong></span> <span class='ocrx_word' id='word_1_832' title='bbox 1493 5406 1747 5469; x_wconf 81' lang='lat' dir='ltr'><strong>conﬂata.</strong></span> <span class='ocrx_word' id='word_1_833' title='bbox 1774 5424 1838 5464; x_wconf 90' lang='lat' dir='ltr'><strong>ac</strong></span> <span class='ocrx_word' id='word_1_834' title='bbox 1868 5410 2127 5468; x_wconf 87' lang='lat' dir='ltr'><strong>deaurata</strong></span> <span class='ocrx_word' id='word_1_835' title='bbox 2228 5428 2333 5482; x_wconf 91' lang='lat' dir='ltr'><strong>quc</strong></span> <span class='ocrx_word' id='word_1_836' title='bbox 2363 5415 2603 5469; x_wconf 80' lang='lat' dir='ltr'><strong>Alkadim</strong></span> <span class='ocrx_word' id='word_1_837' title='bbox 2628 5414 2919 5487; x_wconf 90' lang='lat' dir='ltr'><strong>[antiqua].</strong></span> <span class='ocrx_word' id='word_1_838' title='bbox 2944 5416 3102 5470; x_wconf 78' lang='lat' dir='ltr'><strong>Anno</strong></span> <span class='ocrx_word' id='word_1_839' title='bbox 3120 5416 3411 5471; x_wconf 86' lang='lat' dir='ltr'><strong>chalil‘atus</strong></span> <span class='ocrx_word' id='word_1_840' title='bbox 3430 5415 3710 5469; x_wconf 83' lang='lat' dir='ltr'><strong>Solimani</strong></span> <span class='ocrx_word' id='word_1_841' title='bbox 3739 5427 3873 5473; x_wconf 82' lang='lat' dir='ltr'><strong>ler-</strong></span> 
     </span>
    </p>
   </div>
   <div class='ocr_carea' id='block_1_87' title="bbox 556 5491 3876 5579">
    <p class='ocr_par' dir='ltr' id='par_1_87' title="bbox 556 5491 3876 5579">
     <span class='ocr_line' id='line_1_90' title="bbox 556 5491 3876 5579; baseline 0.002 -19"><span class='ocrx_word' id='word_1_842' title='bbox 556 5498 697 5554; x_wconf 71' lang='grc' dir='ltr'><strong>θτθίν</strong></span> <span class='ocrx_word' id='word_1_843' title='bbox 732 5491 971 5546; x_wconf 67' lang='grc' dir='ltr'><strong>(ῘῘΓυίπη</strong></span> <span class='ocrx_word' id='word_1_844' title='bbox 1005 5502 1169 5560; x_wconf 67' lang='grc' dir='ltr'><strong>νειτω</strong></span> <span class='ocrx_word' id='word_1_845' title='bbox 1200 5498 1649 5566; x_wconf 84' lang='lat' dir='ltr'><strong>superimposuit;</strong></span> <span class='ocrx_word' id='word_1_846' title='bbox 1683 5500 1748 5553; x_wconf 89' lang='lat' dir='ltr'><strong>ad</strong></span> <span class='ocrx_word' id='word_1_847' title='bbox 1791 5510 1997 5571; x_wconf 88' lang='lat' dir='ltr'><strong>petram</strong></span> <span class='ocrx_word' id='word_1_848' title='bbox 2036 5522 2127 5575; x_wconf 89' lang='lat' dir='ltr'><strong>pe-</strong></span> <span class='ocrx_word' id='word_1_849' title='bbox 2229 5506 2305 5558; x_wconf 87' lang='lat' dir='ltr'><strong>tio</strong></span> <span class='ocrx_word' id='word_1_850' title='bbox 2329 5508 2655 5562; x_wconf 90' lang='lat' dir='ltr'><strong>constitutus</strong></span> <span class='ocrx_word' id='word_1_851' title='bbox 2676 5516 2756 5563; x_wconf 88' lang='lat' dir='ltr'><strong>est</strong></span> <span class='ocrx_word' id='word_1_852' title='bbox 2776 5509 3086 5579; x_wconf 84' lang='lat' dir='ltr'><strong>Stephanus</strong></span> <span class='ocrx_word' id='word_1_853' title='bbox 3102 5508 3403 5573; x_wconf 87' lang='lat' dir='ltr'><strong>patriarcha</strong></span> <span class='ocrx_word' id='word_1_854' title='bbox 3424 5507 3876 5567; x_wconf 69' lang='lat' dir='ltr'><strong>Antiochenusv</strong></span> 
     </span>
    </p>
   </div>
   <div class='ocr_carea' id='block_1_88' title="bbox 559 5583 3881 5671">
    <p class='ocr_par' dir='ltr' id='par_1_88' title="bbox 559 5583 3881 5671">
     <span class='ocr_line' id='line_1_91' title="bbox 559 5583 3881 5671; baseline 0.006 -40"><span class='ocrx_word' id='word_1_855' title='bbox 559 5583 950 5648; x_wconf 79' lang='lat' dir='ltr'><strong>rcgrinationes</strong></span> <span class='ocrx_word' id='word_1_856' title='bbox 978 5586 1044 5641; x_wconf 89' lang='lat' dir='ltr'><strong>ab</strong></span> <span class='ocrx_word' id='word_1_857' title='bbox 1083 5587 1394 5643; x_wconf 88' lang='lat' dir='ltr'><strong>hominibus</strong></span> <span class='ocrx_word' id='word_1_858' title='bbox 1425 5590 1637 5645; x_wconf 84' lang='lat' dir='ltr'><strong>institui</strong></span> <span class='ocrx_word' id='word_1_859' title='bbox 1682 5594 1867 5664; x_wconf 84' lang='lat' dir='ltr'><strong>jussit.</strong></span> <span class='ocrx_word' id='word_1_860' title='bbox 1907 5596 2124 5652; x_wconf 82' lang='lat' dir='ltr'><strong>Mittens</strong></span> <span class='ocrx_word' id='word_1_861' title='bbox 2225 5598 2315 5662; x_wconf 90' lang='lat' dir='ltr'><strong>qui</strong></span> <span class='ocrx_word' id='word_1_862' title='bbox 2355 5614 2529 5654; x_wconf 87' lang='lat' dir='ltr'><strong>annos</strong></span> <span class='ocrx_word' id='word_1_863' title='bbox 2563 5600 2778 5669; x_wconf 80' lang='lat' dir='ltr'><strong>triginta</strong></span> <span class='ocrx_word' id='word_1_864' title='bbox 2808 5611 3012 5671; x_wconf 87' lang='lat' dir='ltr'><strong>septem</strong></span> <span class='ocrx_word' id='word_1_865' title='bbox 3060 5600 3224 5661; x_wconf 88' lang='lat' dir='ltr'><strong>sedit,</strong></span> <span class='ocrx_word' id='word_1_866' title='bbox 3276 5598 3400 5653; x_wconf 85' lang='lat' dir='ltr'><strong>dein</strong></span> <span class='ocrx_word' id='word_1_867' title='bbox 3445 5608 3718 5654; x_wconf 86' lang='lat' dir='ltr'><strong>mortuus</strong></span> <span class='ocrx_word' id='word_1_868' title='bbox 3754 5615 3881 5659; x_wconf 79' lang='lat' dir='ltr'><strong>est.</strong></span> 
     </span>
    </p>
   </div>
   <div class='ocr_carea' id='block_1_89' title="bbox 556 5672 3963 5777">
    <p class='ocr_par' dir='ltr' id='par_1_89' title="bbox 556 5672 3963 5777">
     <span class='ocr_line' id='line_1_92' title="bbox 556 5672 3963 5777; baseline 0.009 -57"><span class='ocrx_word' id='word_1_869' title='bbox 556 5672 718 5724; x_wconf 88' lang='lat' dir='ltr'><strong>etiam</strong></span> <span class='ocrx_word' id='word_1_870' title='bbox 745 5675 810 5727; x_wconf 86' lang='lat' dir='ltr'><strong>ad</strong></span> <span class='ocrx_word' id='word_1_871' title='bbox 834 5678 1065 5732; x_wconf 86' lang='lat' dir='ltr'><strong>Korram</strong></span> <span class='ocrx_word' id='word_1_872' title='bbox 1095 5679 1205 5733; x_wconf 79' lang='lat' dir='ltr'><strong>Ebu</strong></span> <span class='ocrx_word' id='word_1_873' title='bbox 1230 5680 1468 5745; x_wconf 85' lang='lat' dir='ltr'><strong>Shehali,</strong></span> <span class='ocrx_word' id='word_1_874' title='bbox 1492 5682 1844 5749; x_wconf 79' lang='lat' dir='ltr'><strong>Abbasidam,</strong></span> <span class='ocrx_word' id='word_1_875' title='bbox 1869 5689 1956 5755; x_wconf 84' lang='lat' dir='ltr'><strong>qui</strong></span> <span class='ocrx_word' id='word_1_876' title='bbox 1992 5697 2121 5744; x_wconf 86' lang='lat' dir='ltr'><strong>tunc</strong></span> <span class='ocrx_word' id='word_1_877' title='bbox 2224 5686 2368 5743; x_wconf 87' lang='lat' dir='ltr'><strong>Obiit</strong></span> <span class='ocrx_word' id='word_1_878' title='bbox 2387 5701 2564 5744; x_wconf 85' lang='lat' dir='ltr'><strong>autem</strong></span> <span class='ocrx_word' id='word_1_879' title='bbox 2587 5692 2827 5746; x_wconf 89' lang='lat' dir='ltr'><strong>Soliman</strong></span> <span class='ocrx_word' id='word_1_880' title='bbox 2848 5694 2963 5746; x_wconf 79' lang='lat' dir='ltr'><strong>Elin</strong></span> <span class='ocrx_word' id='word_1_881' title='bbox 2986 5692 3107 5746; x_wconf 81' lang='lat' dir='ltr'><strong>Adii</strong></span> <span class='ocrx_word' id='word_1_882' title='bbox 3125 5691 3291 5747; x_wconf 77' lang='lat' dir='ltr'><strong>Malcc</strong></span> <span class='ocrx_word' id='word_1_883' title='bbox 3315 5706 3499 5744; x_wconf 73' lang='lat' dir='ltr'><strong>mense</strong></span> <span class='ocrx_word' id='word_1_884' title='bbox 3522 5690 3693 5745; x_wconf 78' lang='lat' dir='ltr'><strong>Safar</strong></span> <span class='ocrx_word' id='word_1_885' title='bbox 3720 5700 3881 5752; x_wconf 75' lang='lat' dir='ltr'><strong>anni</strong></span> 
     </span>
    </p>
   </div>
   <div class='ocr_carea' id='block_1_90' title="bbox 562 5764 3883 5853">
    <p class='ocr_par' dir='ltr' id='par_1_90' title="bbox 562 5764 3883 5853">
     <span class='ocr_line' id='line_1_93' title="bbox 562 5764 3883 5853; baseline 0.004 -18"><span class='ocrx_word' id='word_1_886' title='bbox 562 5764 821 5835; x_wconf 63' lang='grc' dir='ltr'><strong>ιεωιιυτίε</strong></span> <span class='ocrx_word' id='word_1_887' title='bbox 850 5766 1021 5835; x_wconf 58' lang='lat' dir='ltr'><strong>i[Nilus</strong></span> <span class='ocrx_word' id='word_1_888' title='bbox 1052 5770 1271 5828; x_wconf 76' lang='lat' dir='ltr'><strong>nomine</strong></span> <span class='ocrx_word' id='word_1_889' title='bbox 1299 5771 1533 5844; x_wconf 66' lang='lat' dir='ltr'><strong>:Egypto</strong></span> <span class='ocrx_word' id='word_1_890' title='bbox 1565 5774 1780 5847; x_wconf 65' lang='lat' dir='ltr'><strong>pra-ruit</strong></span> <span class='ocrx_word' id='word_1_891' title='bbox 1809 5817 1823 5845; x_wconf 90' lang='lat'><strong>,</strong></span> <span class='ocrx_word' id='word_1_892' title='bbox 1862 5779 2117 5850; x_wconf 79' lang='lat' dir='ltr'><strong>templum</strong></span> <span class='ocrx_word' id='word_1_893' title='bbox 2222 5779 2395 5838; x_wconf 67' lang='lat' dir='ltr'><strong>lleirur</strong></span> <span class='ocrx_word' id='word_1_894' title='bbox 2420 5784 2753 5853; x_wconf 80' lang='lat' dir='ltr'><strong>nonagesimi</strong></span> <span class='ocrx_word' id='word_1_895' title='bbox 2778 5787 2927 5843; x_wconf 85' lang='lat' dir='ltr'><strong>noni.</strong></span> <span class='ocrx_word' id='word_1_896' title='bbox 2950 5801 3118 5842; x_wconf 82' lang='lat' dir='ltr'><strong>annos</strong></span> <span class='ocrx_word' id='word_1_897' title='bbox 3138 5792 3299 5841; x_wconf 84' lang='lat' dir='ltr'><strong>natus</strong></span> <span class='ocrx_word' id='word_1_898' title='bbox 3330 5783 3553 5853; x_wconf 81' lang='lat' dir='ltr'><strong>triginta</strong></span> <span class='ocrx_word' id='word_1_899' title='bbox 3583 5797 3835 5845; x_wconf 70' lang='lat' dir='ltr'><strong>novem</strong></span> <span class='ocrx_word' id='word_1_900' title='bbox 3868 5808 3883 5847; x_wconf 84' lang='lat'><strong>:</strong></span> 
     </span>
    </p>
   </div>
  </div>
