4014 6218
205 282 338 339 1121

1628 277 2001 334 ANNALES.

3294 274 3428 336 119.2

213 390 548 442 testi-mento
571 382 1409 454 imperiumlegavitOmuroﬁhn
1438 383 1592 437 Abdil
1625 385 1777 437 Aziz.
1802 390 1857 463 Α
1884 382 1983 451 ipsi
2017 381 2069 435 in
2100 379 2276 437 fronte
2308 381 2834 437 cieatrix.Tradcute
2856 384 3148 453 exemplari
3181 390 3443 454 quo-lani,

205 477 325 530 Fuit
358 478 605 547 pulcher,
637 476 866 545 pinguis,
894 477 1057 531 barba
1103 477 1279 545 nigra.
1313 474 1614 531 Satellitum
1642 492 1777 546 pra:-

205 569 383 622 ft-ctus
409 568 513 637 ipsi
541 567 638 621 fuit
661 568 805 621 Caab
834 565 950 620 Ebn
974 567 1204 633 Chaled,
1224 567 1538 632 Abasensis;
1562 568 1776 622 Janitor

203 662 323 715 Abu
351 662 589 725 Obadize,
612 661 837 716 libertus
879 662 1071 731 ipsius.

464 756 761 826 Cltalifatus
791 757 975 811 Omari
1007 758 1123 811 Ebn
1154 756 1325 810 Abdil’
1367 757 1520 810 Azt'z.

271 849 631 914 lnauguratus
662 858 747 905 est
779 847 945 903 Omar
981 849 1095 903 Ebn
1130 849 1286 903 Abdil
1326 848 1455 903 Aziz
1486 849 1601 903 Ebn
1630 847 1774 902 Mer-

204 957 347 1006 wan,
389 942 501 994 Ebn
540 940 762 996 llacemi
791 983 805 1007 ,
843 944 927 995 cui
970 951 1138 995 mater
1173 941 1274 995 fuit
1318 941 1517 996 Ommo
1566 942 1771 1008 Asemi,

206 1034 312 1089 filia
342 1033 435 1087 Asi
468 1033 585 1086 Ebn
613 1033 779 1087 Omar
802 1033 917 1087 Elin
942 1034 1188 1099 Cbetabi,
1224 1049 1408 1089 mense
1452 1032 1608 1088 Safar
1642 1034 1771 1088 anni

205 1125 545 1198 nonagesimi
578 1127 726 1180 noni.
771 1125 870 1181 Hic
915 1126 1053 1181 facta
1088 1126 1304 1182 familiae
1335 1142 1449 1182 sua:
1492 1137 1773 1183 aversatus

204 1229 324 1279 est;
361 1226 524 1287 atque
561 1217 644 1271 Ali
676 1217 775 1270 Abi
807 1216 993 1273 Talebi
1021 1218 1375 1274 maledicendi
1410 1220 1463 1272 in
1497 1219 1769 1288 suggestis

206 1307 725 1380 [consuetudinem]
794 1310 1036 1364 sustulit.
1094 1310 1375 1380 Siquidem
1432 1325 1463 1365 a
1515 1309 1771 1364 ebalifatu

201 1401 443 1456 Moawiaz
481 1401 595 1455 Ebn
644 1401 747 1456 Abi
797 1400 1042 1472 Sofyan,
1094 1417 1269 1472 usque
1320 1402 1385 1471 ad
1447 1402 1764 1456 chalifatum

204 1488 386 1545 Omari
421 1489 535 1543 Ebn
569 1491 669 1544 Abi
706 1491 862 1544 Abdil
907 1492 1037 1545 Aziz
1064 1533 1079 1558 ,
1111 1493 1357 1547 solebant
1401 1491 1610 1547 chalifae
1641 1490 1773 1546 Om-

205 1564 398 1637 maidte
453 1583 537 1636 Ali
590 1582 702 1636 Ehn
754 1582 942 1639 Talcbi
989 1585 1042 1639 in
1098 1586 1369 1654 suggestis
1425 1585 1772 1648 maledicere,

204 1675 382 1743 ipsum
404 1674 519 1727 Aha
540 1672 723 1728 Torab
750 1672 981 1744 [patrem
1014 1675 1274 1746 pulveris]
1299 1678 1768 1747 cognominantes.

200 1765 329 1821 Erat
354 1766 639 1822 chalifatus
672 1767 846 1836 ipsius
880 1770 1147 1823 mensium
1180 1769 1425 1838 triginta.
1477 1768 1600 1823 Fuit
1633 1779 1768 1824 tem-

201 1872 335 1928 pore
360 1858 530 1927 ipsius
560 1857 936 1914 Romanorum
976 1860 1271 1929 imperator
1298 1862 1642 1927 Anastasius,
1678 1862 1770 1932 qui

197 1964 403 2003 annum
444 1965 566 2005 cum
606 1951 830 2007 dimidio
869 1952 1176 2023 imperavit.
1208 1951 1406 2009 Notum
1456 1965 1641 2008 autem
1680 1954 1765 2009 fe-

197 2053 393 2098 cerunt
416 2042 716 2099 Christiani
745 2043 943 2100 Omaro
972 2044 1086 2099 Ehn
1122 2045 1280 2101 Abdil
1307 2046 1458 2111 Aziz,
1494 2048 1621 2117 quid
1659 2049 1768 2102 illis

199 2132 538 2203 pactosso
568 2134 843 2188 ﬁrmatum
872 2135 1047 2189 fuerat
1067 2137 1210 2204 quod
1238 2136 1305 2190 ad
1334 2138 1594 2193 ecclesias
1641 2152 1771 2193 suas

204 2242 274 2281 ne
324 2227 406 2280 vel
459 2226 827 2291 diruerentur,
887 2228 971 2283 vel
1028 2228 1442 2295 habitarentur;
1505 2230 1768 2300 scriptum

194 2319 418 2374 Chaledi
460 2319 574 2373 Ebn
599 2318 809 2374 Waledi
834 2321 1204 2388 proferentes.
1235 2322 1440 2377 Obtulit
1473 2338 1602 2391 ergo
1635 2324 1770 2391 ipsis

197 2410 365 2465 Omar
400 2408 758 2478 quadraginta
796 2425 1088 2465 aureorum
1124 2412 1312 2477 millia,
1343 2427 1545 2480 rogans
1579 2422 1637 2465 ut
1677 2429 1772 2466 ae-

201 2510 363 2571 cepta
420 2501 650 2570 pecunia
681 2502 966 2557 ecclesiam
999 2503 1334 2557 dimitterent
1360 2541 1375 2567 ,
1415 2514 1576 2573 atque
1610 2505 1771 2558 aliam

198 2596 321 2660 ejus
353 2590 470 2647 vice
498 2591 809 2656 ecclesiam,
859 2606 964 2661 qua
1012 2592 1210 2647 vellent
1272 2594 1519 2649 Damasci
1576 2607 1771 2663 parte,

201 2692 543 2740 exstruerent
578 2683 764 2753 :quod
816 2685 1199 2741 recusantibus
1234 2686 1388 2756 ipsis,
1436 2702 1499 2741 eo
1557 2689 1775 2743 devenit

204 2789 314 2839 res,
350 2783 409 2828 ut
440 2774 763 2831 redderetur
790 2776 923 2845 ipsis
953 2777 1185 2833 ecclesia
1214 2794 1312 2833 sua
1345 2793 1467 2834 cum
1505 2780 1772 2838 limitibus

204 2868 395 2937 ipsius,
436 2882 548 2937 quo
596 2884 716 2925 eam
761 2878 1159 2925 restaurarent.
1195 2871 1310 2927 Hoc
1354 2882 1532 2928 autem
1570 2874 1775 2928 Moste-

203 2959 325 3016 niiis
357 2974 517 3029 grave
546 2960 722 3014 visum
756 2969 860 3024 est,
887 2960 1259 3030 dixeruntque
1308 2980 1323 3016 :
1364 2963 1643 3018 Traditum
1681 2973 1764 3020 est
1798 2998 1841 3056 ϐ

204 3051 311 3105 illis
340 3052 601 3121 templum
638 3060 907 3115 nostrum,
945 3052 999 3106 in
1032 3068 1141 3121 quo
1178 3055 1243 3108 ad
1281 3070 1468 3123 preces
1506 3070 1777 3109 convoca-

201 3143 398 3207 vimus,
426 3150 589 3212 atque
624 3145 903 3198 oravimus
934 3184 948 3207 ,
985 3159 1284 3214 precesque
1326 3145 1432 3200 Deo
1478 3149 1578 3202 rite
1626 3147 1773 3201 fudi-

201 3247 346 3295 mus,
385 3242 443 3287 ut
473 3235 743 3299 diruatur,
780 3246 1230 3306 rcstaurelurque
1283 3241 1534 3294 ecclesia.
1603 3241 1774 3305 Quin-

198 3325 361 3377 etiam
390 3324 530 3379 dixit
549 3326 669 3381 Abu
698 3327 855 3381 Edris
880 3326 1273 3384 Holwanensis:
1300 3329 1434 3385 Cum
1458 3332 1780 3389 Clirisﬁanis

199 3415 445 3483 equidem
485 3416 665 3472 ftedus
696 3418 887 3475 initum
920 3430 1004 3475 est
1032 3422 1172 3489 quod
1207 3422 1274 3476 ad
1306 3423 1593 3477 dimidium
1630 3425 1778 3481 urbis

202 3504 565 3572 Damasceutn,
594 3518 668 3573 et,
698 3526 819 3579 quae
854 3511 907 3565 in
959 3511 1077 3581 ipso
1129 3522 1259 3567 sunt
1305 3513 1432 3579 illis,
1465 3515 1726 3571 ecclesias
1757 3531 1773 3570 :

206 3598 350 3666 quod
380 3599 444 3652 ad
476 3600 700 3653 alteram
727 3615 859 3677 vero
890 3601 1009 3669 ejus
1033 3611 1264 3670 partem,
1289 3603 1464 3671 gladio
1491 3613 1645 3673 capta
1668 3614 1776 3671 est;

198 3687 494 3757 eodemque
525 3689 688 3743 modo
720 3691 862 3758 quod
898 3691 1042 3746 circa
1082 3690 1405 3745 Damascum
1452 3702 1534 3748 est
1568 3710 1597 3748 e
1628 3695 1771 3750 valle

200 3778 438 3842 Coutah,
471 3795 700 3849 quaque
730 3781 785 3834 in
816 3798 877 3836 ea
907 3791 1033 3837 sunt
1065 3783 1391 3837 monasteria
1412 3793 1467 3838 et
1496 3786 1777 3853 ecclesias;

199 3886 320 3940 quae
350 3887 479 3941 ergo
521 3874 701 3928 omnia
758 3874 1176 3928 Moseminorum
1224 3883 1371 3936 sunt,
1424 3891 1545 3928 cum
1598 3876 1778 3945 gladio

203 3971 363 4031 capta
397 3963 505 4017 sint
538 3979 551 4015 :
582 3964 625 4018 si
662 3978 792 4033 ergo
820 3964 991 4018 velint
1022 3964 1318 4020 Christiani
1349 3976 1407 4020 ut
1434 3966 1569 4036 ipsis
1599 3971 1775 4023 eccle-

199 4052 335 4107 siam
388 4053 531 4109 hanc
592 4069 747 4108 suam
798 4054 1112 4118 reddamus,
1160 4057 1451 4113 reddemus
1499 4059 1667 4125 ipsam
1707 4074 1772 4114 ca

202 4143 521 4199 conditione
558 4154 613 4199 ut
653 4144 921 4200 ecclesias
965 4148 1206 4216 reliquas
1244 4147 1297 4201 in
1349 4148 1578 4203 dimidia
1622 4149 1777 4203 urbis

202 4234 550 4290 Damascenaa
582 4245 757 4304 parte,
793 4251 888 4289 nec
921 4251 1029 4290 non
1055 4237 1318 4292 ecclesias
1348 4248 1403 4291 et
1449 4240 1774 4294 monasteria

1882 477 2130 547 sepultus
2179 487 2263 531 est
2309 478 2362 531 in
2417 478 2750 531 monasterio
2805 476 3078 532 Simeonis
3132 479 3185 531 in
3243 479 3452 533 ditione

1883 566 2050 622 Hems
2077 567 2374 639 [Emissae].
2414 567 2719 623 Satellitum
2766 568 2939 636 ipsius
3001 566 3289 638 praefectus
3349 570 3453 625 fuit

1882 658 2154 713 Rawahus
2187 660 2301 714 Ebn
2338 659 2530 723 Yazid,
2567 659 2935 715 Saccasensis.
2962 658 3176 714 Janitor
3217 658 3452 715 Hobaish

1881 749 2111 806 libertus
2139 752 2335 821 ipsius.

2107 843 2409 913 Chalifalus
2447 842 2636 897 Ynzidt'
2670 843 2785 897 Ebn
2819 845 2977 899 Abdil
3011 844 3225 903 Maleci.

1948 931 2309 1005 lnauguratus
2355 944 2439 990 est
2486 933 2658 989 Yazid
2710 938 2826 990 Ebn
2878 938 3038 991 Abdil
3091 937 3279 991 Maleci
3334 939 3453 993 Ebn

1878 1021 2151 1088 Merwan,
2196 1025 2310 1080 Ebu
2352 1025 2687 1093 ol‘Hacemi,
2740 1027 2828 1081 cui
2869 1036 3045 1081 mater
3090 1031 3291 1085 Atecah
3343 1031 3455 1086 ﬁlia

1877 1116 2064 1170 Yazidi
2106 1117 2222 1171 Ebn
2266 1116 2545 1183 Moawiae;
2598 1126 2836 1188 quatuor
2884 1134 3058 1174 annos
3106 1130 3158 1173 et
3206 1136 3451 1176 mensem

1878 1207 2186 1277 imperavit.
2245 1208 2461 1266 Primus
2502 1210 2587 1263 hic
2620 1208 2943 1265 chalifurum
2994 1213 3226 1281 puellam
3261 1222 3455 1268 canta-

1878 1300 2066 1355 tricem
2098 1300 2203 1354 sibi
2236 1302 2560 1370 assumpsit.
2594 1300 2720 1356 Fuit
2752 1303 2844 1356 illa
2876 1304 3051 1371 puella
3089 1306 3307 1359 nomine
3342 1308 3454 1358 lla-

1878 1392 2057 1447 babah
2087 1392 2385 1448 admodum
2418 1396 2522 1463 ipsi
2553 1395 2740 1461 chara,
2771 1410 2893 1465 qua:
2926 1396 3211 1465 praefectos
3243 1398 3457 1467 injussu

1877 1484 2054 1556 ipsius
2093 1488 2494 1555 constitueret,
2531 1497 2585 1543 et
2620 1490 2741 1543 loco
2781 1498 3047 1543 moveret.
3092 1488 3239 1544 Obiit
3272 1506 3457 1545 mense

1868 1578 2557 1635 Sehabanannieentesimi
2604 1580 2819 1648 quinti,
2860 1580 3026 1650 385.
3071 1595 3244 1635 annos
3292 1598 3455 1637 natus

1879 1668 2098 1739 triginta
2130 1684 2338 1735 unum;
2374 1671 2458 1723 vel
2490 1668 2803 1725 secundum
2838 1671 2985 1723 aliud
3020 1671 3319 1739 exemplar,
3355 1672 3456 1724 tri-

1804 1749 1852 1809 Β
1882 1761 2030 1830 ginta
2078 1770 2324 1828 septem;
2383 1761 2634 1831 sepultus
2681 1771 2766 1815 est
2818 1760 3093 1815 Damasci.
3148 1762 3453 1817 Satellitum

1875 1850 1979 1920 ipsi
2026 1850 2315 1920 praefectus
2364 1851 2461 1907 fuit
2503 1852 2652 1906 Caab
2684 1851 2803 1905 Ebn
2846 1851 3080 1915 Chaled,
3131 1851 3457 1909 Abasensis.

1875 1939 2088 1996 Janitor
2115 1942 2316 1997 Chaled
2347 1942 2584 1998 libertus
2610 1944 2808 2012 ipsius.

2072 2030 2379 2101 Chali/‘atus
2411 2033 2668 2088 Hcshantt'
2700 2034 2817 2087 Ebn
2850 2035 3013 2089 Abdil
3043 2036 3255 2091 Maleci.

1946 2124 2316 2194 lnauguratus
2357 2134 2443 2180 est
2483 2124 2716 2180 llesbam
2755 2127 2870 2181 Ebn
2903 2128 3063 2183 Abdil
3103 2128 3306 2192 Maleo,
3337 2128 3453 2183 Ebn

1874 2214 2135 2281 Merwan,
2159 2215 2355 2271 Ebnol’
2376 2214 2618 2282 Hacemi,
2645 2217 2734 2272 cui
2764 2226 2937 2273 mater
2955 2218 3147 2275 Omnio
3178 2219 3454 2282 Hashemi,

1885 2310 1994 2362 filia
2034 2308 2325 2371 Hashemi,
2372 2308 2490 2362 Ebn
2522 2309 2715 2364 lsmael
2739 2349 2754 2374 ,
2792 2310 2910 2364 Ebn
2943 2313 3237 2374 Hashemi,
3283 2311 3455 2366 Ebnol

1892 2402 2105 2455 Waledi
2128 2440 2144 2465 ,
2181 2401 2351 2455 Ebnol
2382 2400 2635 2472 Magairaa
2656 2440 2672 2465 ,
2704 2402 3163 2459 Machzumensis.
3194 2404 3320 2457 Fuit
3351 2405 3456 2458 im-

1886 2493 2099 2560 perium
2149 2492 2323 2561 ipsius
2379 2507 2651 2547 annorum
2705 2496 3084 2550 novemdecim
3140 2505 3194 2552 et
3250 2506 3457 2567 septem

1879 2584 2175 2642 mensium.
2235 2582 2374 2654 Ejus
2427 2593 2668 2655 tempore
2725 2584 3097 2642 Romanorum
3154 2589 3459 2658 imperator

1880 2672 1987 2728 fuit
2015 2673 2383 2738 Theodosius,
2414 2676 2508 2745 qui
2538 2689 2665 2729 cum
2698 2690 2902 2730 annum
2937 2686 2993 2732 et
3025 2679 3313 2734 dimidium
3351 2679 3455 2731 im—

1879 2775 2150 2836 perasset,
2182 2777 2434 2821 mortuus
2473 2776 2591 2832 est;
2634 2766 2941 2838 imperante
2980 2782 3104 2841 post
3131 2771 3307 2841 ipsum
3348 2771 3458 2825 Ro~

1877 2862 2059 2915 manis
2085 2861 2264 2915 Leone
2293 2875 2465 2916 annos
2497 2860 2684 2931 viginti
2711 2871 2969 2932 quatuor,
2991 2873 3115 2934 post
3140 2879 3278 2932 quos
3307 2879 3455 2918 mor-

1877 2961 2005 3010 tuus
2042 2963 2150 3009 est.
2184 2954 2345 3007 Anno
2375 2953 2536 3009 tertio
2567 2955 2861 3009 chalifatus
2891 2954 3150 3011 Heshami
3182 2958 3458 3011 constituc

1883 3057 1973 3102 tus
2003 3057 2088 3103 est
2116 3046 2511 3101 Constantinus
2541 3048 2849 3116 patriarcha
2880 3048 3449 3118 Constantinopolita-

1882 3156 2017 3206 nus,
2061 3140 2155 3209 qui
2199 3155 2375 3196 annos
2408 3140 2599 3210 viginti
2651 3149 2776 3195 octo
2818 3143 2990 3205 sedit,
3034 3143 3161 3197 dein
3206 3152 3458 3197 mortuus

1882 3244 1987 3290 est.
2021 3235 2181 3289 Anno
2209 3231 2506 3288 cbalifatus
2542 3233 2787 3303 ejusdem
2821 3234 3081 3304 septimo,
3116 3235 3453 3290 constitutus

1882 3337 1965 3380 est
2013 3324 2219 3379 Kozma
2275 3324 2586 3393 patriarcha
2639 3324 3081 3391 Alexandrinus,
3132 3325 3227 3395 qui
3279 3340 3456 3380 annos

1884 3417 2075 3486 viginti
2116 3426 2243 3470 octo
2276 3416 2441 3469 sedit.
2477 3415 2717 3470 Orabaut
2761 3427 2944 3470 autem
2986 3417 3289 3472 Christiani
3321 3418 3456 3472 Mel-

1881 3508 2039 3562 chitae
2092 3508 2435 3562 Alexandriae
2481 3509 2537 3561 in
2585 3509 2819 3563 ecclesia
2865 3508 3055 3563 Sancti
3097 3508 3285 3574 Sabze,
3329 3526 3457 3564 cum

1877 3598 2141 3653 Jacobitae
2167 3598 2279 3668 jam
2311 3614 2503 3654 omnes
2532 3599 2798 3654 ecclesias
2825 3607 3183 3669 occupassent
3211 3618 3224 3653 :
3253 3599 3455 3654 Kozina

1881 3701 2061 3745 autem
2098 3691 2188 3759 qui
2224 3691 2536 3759 patriarcha
2574 3693 2913 3746 constitutus
2975 3701 3081 3757 est,
3134 3693 3298 3747 idiota
3330 3694 3452 3756 fuit,

1881 3784 1968 3850 qui
2028 3797 2129 3836 nec
2187 3783 2361 3851 legere
2411 3791 2597 3850 posset
2648 3799 2747 3837 nec
2793 3785 3033 3839 scribere
3089 3801 3211 3840 cum
3249 3802 3339 3842 ars
3376 3787 3452 3842 illi

1879 3881 2027 3929 esset
2077 3886 2209 3927 acus
2267 3873 2558 3926 conficere.
2621 3870 2763 3926 lluic
2818 3890 2940 3926 cum
3007 3875 3328 3932 Damascum
3386 3877 3452 3931 ad

1880 3963 2207 4019 lleshamum
2238 3963 2423 4035 385
2444 3963 2608 4033 387
2634 3962 2749 4017 Ehn
2782 3965 2940 4018 Abdil
2974 3965 3144 4022 Malec
3175 3969 3453 4036 profectus

1879 4064 2061 4120 esset,
2094 4072 2371 4112 concessae
2401 4065 2527 4111 sunt
2561 4071 2663 4125 ope
2693 4054 3031 4111 eruditorum
3068 4062 3451 4127 quorumdam,

1879 4148 2124 4204 ecclesia:
2155 4163 2296 4219 quas
2328 4156 2733 4217 occupaverant
2773 4148 3077 4203 Jacobitaa:
3122 4151 3453 4219 scripsitque

1881 4239 2191 4296 llesbamus
2240 4240 2307 4294 ad
2354 4239 2668 4309 praefectum
2721 4239 2943 4311 Egypii
2975 4256 3174 4305 suum,
3225 4244 3319 4311 qui
3353 4242 3452 4297 fuit

199 4342 321 4395 qua:
351 4338 498 4381 extra
535 4327 719 4379 urbem
752 4327 804 4380 in
839 4326 1049 4381 Coutah
1083 4336 1232 4393 sunt,
1262 4329 1542 4384 diruemus
1574 4345 1587 4381 :
1623 4330 1768 4398 quod
1806 4332 1851 4391 Ι)
1878 4332 2143 4387 Abdollah
2174 4331 2346 4386 Ehnol
2381 4330 2541 4400 ltjani
2576 4329 2913 4396 Sacwensis,
2944 4342 3004 4387 ut
3037 4333 3302 4389 ecclesias
3329 4350 3452 4402 quae

199 4418 243 4469 si
290 4417 429 4469 hanc
461 4417 618 4471 nobis
654 4418 938 4473 ecclesiam
983 4420 1367 4488 permiserint,
1430 4420 1533 4474 ista
1587 4421 1768 4475 oinnia

200 4509 307 4561 illis
330 4509 715 4574 concedenius,
733 4511 999 4578 siquidem
1028 4511 1288 4565 ecclesias
1312 4512 1463 4565 Vallis
1483 4511 1689 4566 Goutah
1716 4520 1769 4566 et

200 4598 592 4652 monasterium
624 4600 817 4653 Moran
844 4600 1198 4667 possederant
1228 4600 1552 4664 Moslemini,
1580 4601 1770 4671 381-

196 4690 360 4758 383
388 4704 557 4758 eaque
592 4691 953 4744 incoluerant.
980 4690 1281 4746 Metuentes
1312 4708 1442 4762 ergo
1472 4692 1772 4747 Christiani

199 4799 265 4835 ne
296 4781 649 4837 diruerentur
683 4783 925 4838 ecclesiae
972 4790 1026 4837 et
1071 4787 1401 4839 monasteria
1429 4825 1444 4849 ,
1484 4787 1775 4841 ecclesiam

196 4875 306 4928 illis
338 4876 711 4944 reliquerunt.
753 4875 1095 4945 Scripsitque
1126 4877 1262 4944 ipsis
1308 4875 1472 4931 Omar
1504 4880 1739 4947 diploma
1764 4917 1780 4944 ,

197 4981 423 5019 securos
450 4966 566 5021 fore
600 4967 747 5036 ipsos
782 4966 927 5037 quod
955 4968 1022 5021 ad
1053 4968 1314 5023 ecclesias
1344 4984 1469 5024 suas
1491 4985 1611 5037 qua:
1635 4970 1772 5024 intra

198 5059 520 5114 Damascum
548 5070 751 5127 essent,
783 5077 889 5120 nec
919 5077 1024 5117 non
1060 5063 1323 5118 ecclesias
1355 5069 1408 5117 et
1439 5063 1787 5120 monasteria.

196 5167 317 5219 quae
358 5162 509 5206 extra
549 5152 874 5210 Damascum
913 5155 965 5208 in
999 5156 1208 5210 Goutah
1234 5197 1248 5220 ,
1304 5172 1371 5209 ne
1421 5154 1773 5209 diruercntur

199 5241 279 5294 vel
330 5243 722 5304 babitareutur.
769 5260 904 5300 neve
938 5246 1379 5302 Mosleminorum
1431 5247 1663 5315 cuipiam
1722 5249 1773 5301 in

197 5333 316 5401 ipsa
352 5342 589 5403 potestas
617 5347 764 5391 esset
796 5354 809 5389 :
850 5337 1102 5405 idemque
1138 5337 1397 5392 adhibitis
1427 5338 1657 5392 testibus
1703 5338 1771 5392 iis

196 5424 562 5482 conﬁrmavit.
616 5425 787 5482 Porro
837 5440 1084 5482 mortuus
1130 5438 1214 5484 est
1266 5428 1432 5484 Omar
1468 5431 1577 5483 Elin
1612 5430 1770 5484 Abdil

194 5517 326 5571 Aziz
362 5535 549 5576 mense
578 5519 749 5591 Rajeb
774 5522 900 5574 anni
934 5521 1106 5576 lleirze
1137 5524 1419 5583 centesitni
1455 5524 1632 5591 primi,
1669 5542 1768 5577 an-

200 5625 302 5663 nos
338 5620 501 5667 natus
532 5613 755 5684 triginta
788 5630 1000 5670 novem.
1049 5616 1269 5669 Statura
1321 5618 1586 5685 quadrata
1624 5617 1723 5670 fuit
1751 5656 1765 5682 ,

199 5716 427 5769 corpore
450 5714 501 5761 et
528 5703 663 5761 facie
695 5707 957 5773 pulchris.
990 5709 1194 5763 canitie
1239 5722 1516 5772 aspersus,
1569 5707 1779 5775 fuitque

1879 4425 1935 4479 in
1981 4439 2145 4478 manu
2189 4423 2561 4478 Jacobitarum
2597 4432 2757 4478 erant
2804 4426 3062 4493 repetitas
3103 4426 3321 4479 Kozmae
3363 4442 3451 4495 pa-

1882 4520 2134 4573 triarchae
2179 4518 2449 4579 traderet,
2494 4524 2550 4569 et
2594 4517 2963 4586 quodcunque
3009 4533 3191 4571 earum
3233 4521 3450 4572 nomine

1879 4610 2453 4679 comprehenderetur.
2481 4607 2703 4676 Accepit
2739 4623 2867 4678 ergo
2897 4608 3100 4663 Kozma
3137 4609 3451 4677 patriarcha

1882 4717 1910 4755 a
1943 4700 2207 4755 Jacobitis
2240 4699 2516 4753 ecclesias
2537 4738 2552 4762 ,
2587 4707 2751 4768 atque
2784 4699 2953 4771 [inter
2987 4699 3235 4772 caeteras]
3277 4703 3450 4755 eccle-

1881 4794 2018 4849 siam
2051 4793 2114 4845 ΑΙ
2143 4792 2432 4846 Kaisarite.
2466 4792 2744 4859 Siquidem
2768 4806 2835 4844 ex
2867 4807 2974 4861 quo
3006 4801 3249 4862 tempore
3284 4795 3451 4849 Geor-

1882 4887 2003 4953 gius
2036 4884 2341 4953 patriarcha
2373 4881 2701 4937 Alexandria
2734 4881 3259 4952 Constantinopolim
3293 4885 3453 4956 fugit,

1882 4989 2023 5027 anno
2052 4975 2215 5027 tertio
2244 4973 2539 5027 cbalil‘atus
2568 4971 2754 5027 Omari
2787 4971 2959 5027 Ebnol
2987 4975 3237 5035 Chetahi,
3275 4978 3451 5030 donec

1882 5068 2308 5121 constitueretur
2334 5064 2537 5118 Kozma
2574 5064 2915 5120 Alexandria:
2944 5067 3277 5135 patriarcha,
3301 5083 3453 5122 anno

1883 5160 2117 5225 septimo
2148 5155 2439 5210 chalifatus
2467 5153 2749 5219 Heshaml,
2785 5154 2889 5209 fuit
2921 5157 3181 5211 cathedra
3212 5158 3448 5209 Alexan-

1884 5248 2039 5301 drina
2096 5247 2305 5315 absque
2358 5246 2669 5316 patriarcha
2700 5247 2982 5314 Melchita,
3032 5249 3209 5316 spatio
3241 5248 3448 5302 scilic:-t

1886 5352 2153 5392 annorum
2198 5340 2492 5407 nonaginta
2528 5348 2773 5410 septem;
2811 5349 3317 5409 oceupaverantque
3353 5338 3449 5392 Ju-

1881 5432 2076 5485 cobitax
2117 5446 2310 5485 omnes
2346 5431 2609 5488 ecclesias
2644 5443 2751 5487 tam
2790 5432 3006 5501 Egypti
3030 5446 3192 5500 quam
3218 5432 3448 5483 Alexan-

1884 5523 2034 5576 driw.
2063 5521 2309 5592 Cumque
2336 5537 2475 5591 opus
2509 5524 2771 5579 haberent
2790 5522 2950 5577 Nuhii
2975 5523 3269 5593 episcopis,
3299 5525 3447 5578 erdi-

1887 5614 2037 5668 navit
2107 5615 2420 5683 patriarcha
2484 5614 2854 5669 Jacobitarum
2920 5614 3057 5683 ipsis
3120 5616 3446 5685 episcopos:

1886 5715 2048 5776 atque
2082 5720 2149 5762 ex
2190 5720 2256 5763 eo
2288 5714 2532 5776 tempore
2568 5704 2935 5763 Jacobitarum
2970 5706 3293 5765 sententiam
3329 5722 3450 5763 arn-
