4014 6218
542 714 547 766 l

569 256 703 319 11:13

1585 263 1916 347 EUTYCI‘II
1934 263 1956 321 Ι
2000 263 2502 327 ALEXANDRIN
2509 268 2535 327 Ι
2570 267 2786 328 PATR.

3691 259 3853 327 112i.

570 369 721 437 plexa
772 373 857 422 est
903 366 1109 435 Nubia;
1161 379 1213 423 et
1267 371 1709 443 quotiescunque
1746 386 2052 430 moreretur
2091 375 2145 430 in
2180 382 2220 437 Α
2252 378 2471 435 llaeemi
2506 380 2624 434 Ebn
2657 375 2939 431 Armenihi
2995 375 3103 446 (cui
3136 383 3311 431 mater
3333 386 3454 432 erat
3486 378 3672 448 Arina,
3707 398 3850 452 qua:

574 460 756 526 aliqua
790 458 1011 528 Aigypti
1055 462 1188 515 urbe
1223 463 1532 533 episcopus,
1577 467 1742 519 alium
1779 467 1909 536 ipsis
1944 467 2152 534 consti-

536 560 539 561 '
572 549 760 602 tuebat
789 547 1163 604 Jacobitarum
1200 554 1526 619 patriarcha.
1563 557 1818 627 Adeoque
1879 558 2017 612 facta
2069 566 2151 613 est

571 639 836 709 IEgyptus
883 650 989 694 tam
1039 645 1289 709 superior
1330 660 1494 713 quam
1543 648 1770 703 inferior
1820 648 2146 715 Jacobitiea,

541 733 796 801 lexeepta
827 733 1059 787 ecclesia
1100 733 1378 792 Michaelis
1403 780 1417 804 ,
1467 754 1587 808 qua:
1623 740 1674 792 in
1708 740 1885 795 Kasril
1923 740 2145 796 Shamai

570 821 736 893 [Arce
824 823 1086 896 candela]
1158 826 1277 881 fuit.
1332 829 1481 883 lllam
1544 832 1753 886 scilicet
1814 834 2155 888 retinuerunt

568 912 856 977 Melchiuc,
886 924 1052 985 atque
1087 919 1137 968 in
1167 933 1228 971 ea
1264 920 1515 976 orabant.
1552 921 1799 990 Cumque
1832 935 2139 978 moreretur

572 1006 703 1073 ipsis
731 1008 1040 1077 episcopus,
1071 1009 1136 1062 ad
1169 1010 1336 1080 388
1365 1011 1491 1081 Tyri
1531 1014 1928 1082 tnetrOpolitam
1969 1018 2151 1071 mitte-

575 1098 709 1152 bant
744 1100 838 1167 qui
881 1100 1014 1165 ipsis
1054 1101 1372 1170 episcopum
1412 1104 1715 1158 ordinaret.
1756 1104 1942 1174 Neque
1979 1109 2050 1159 ita
2093 1122 2152 1162 se

574 1190 775 1245 habere
801 1190 962 1245 desiit
990 1190 1368 1247 Melehilarum
1396 1194 1447 1247 in
1478 1194 1715 1266 [Egypto
1738 1206 1791 1251 et
1819 1198 2148 1253 Alexandria

572 1288 749 1334 status
781 1296 952 1349 usque
984 1284 1047 1335 ad
1083 1282 1342 1337 Kozmam
1379 1286 1768 1354 patriareham.
1803 1285 1975 1341 Porro
2007 1303 2152 1343 anno

577 1370 869 1426 chalifatus
906 1372 1161 1428 Hesltami
1194 1375 1407 1429 decimo
1435 1379 1668 1446 septimo
1703 1379 2037 1434 constitutus
2066 1389 2150 1435 est

574 1465 722 1519 Elias
765 1465 1074 1533 patriarcha
1106 1466 1680 1539 Hierosolymitanus,
1726 1471 1814 1525 ubi
1843 1485 2017 1527 annos
2053 1474 2152 1527 tri-

576 1558 723 1627 ginta
756 1566 991 1626 quatuor
1017 1559 1180 1626 sedit,
1218 1562 1340 1617 dein
1377 1575 1623 1619 mortuus
1653 1573 1757 1619 est.
1788 1564 1935 1620 Obiit
1961 1577 2142 1621 autem

2256 488 2393 525 uxor
2426 471 2605 525 fuerat
2634 469 2845 524 Mosabi
2883 468 3039 522 Ebnil
3073 468 3293 534 Zobair,
3328 478 3381 522 at
3410 480 3705 541 postquam
3744 476 3851 531 ille

2254 565 2653 620 interﬁceretur
2702 562 3063 619 Mobammedi
3118 563 3234 616 Ebn
3294 562 3599 629 Merwani,
3664 566 3844 623 Ebnil

2254 656 2523 728 llacemi).
2575 654 2883 710 Merwanus
2924 655 3027 709 iste
3069 668 3194 708 eum
3237 654 3290 708 in
3340 655 3551 725 Syriam
3586 659 3845 714 venisset

2250 751 2624 819 juramentum
2649 748 2927 803 ﬁdelitatis
2954 747 3055 816 ipsi
3081 747 3454 817 praestiterunt
3473 764 3504 802 e
3534 745 3845 806 Damasceo

2254 841 2340 896 nis
2369 841 2611 912 quidam,
2642 841 3056 895 contradicente
3088 837 3371 903 Solimano
3396 836 3512 892 Ehn
3540 837 3840 903 Hesbami,

2254 934 2373 989 Ebn
2423 934 2584 989 Abdil
2642 934 2851 998 Malec,
2904 934 3141 1003 aliisque
3188 931 3626 986 Ommaidarum.
3686 932 3843 987 Tum

2254 1028 2600 1098 congregatis
2631 1034 2822 1081 contra
2860 1025 3039 1095 ipsum
3074 1025 3247 1096 Syriae
3279 1025 3473 1080 incolis
3497 1064 3514 1087 .
3553 1034 3609 1080 et
3640 1025 3844 1095 pleris~

2254 1135 2362 1188 que
2395 1135 2586 1177 eorum
2619 1119 2713 1189 qui
2746 1120 2812 1172 ab
2848 1117 3306 1172 Hashemidarum
3337 1118 3591 1187 partibus
3619 1126 3837 1172 starent

2256 1211 2309 1265 in
2365 1210 2715 1276 Chorasano,
2779 1208 3036 1278 fugerunt
3096 1207 3271 1278 ipsius
3324 1208 3537 1277 capite,
3592 1209 3840 1276 cmsique

2254 1310 2382 1359 sunt
2408 1301 2686 1357 exercitus
2718 1300 2859 1371 ejus,
2902 1298 3363 1353 interﬁeientibus
3405 1299 3710 1353 Cborasani
3750 1298 3839 1352 in.

2256 1396 2395 1450 colis
2428 1409 2681 1463 magnam
2709 1408 2739 1448 e
2770 1392 2943 1463 Syriae
2968 1392 3318 1445 Damascenae
3361 1398 3415 1444 et
3443 1389 3602 1444 Eraki
3632 1390 3839 1445 ini-olis

2254 1485 2683 1547 multitudinem,
2716 1499 2954 1550 quorum
2983 1490 3037 1537 et
3076 1497 3206 1552 opes
3236 1481 3603 1552 diripuerunt,
3640 1482 3840 1535 mulie-

2255 1595 2451 1648 resque
2505 1593 2568 1631 ae
2619 1577 2821 1631 liberos
2872 1575 3118 1644 captivos
3176 1574 3475 1628 duxerunt.
3532 1573 3842 1643 Imperavit

577 1648 884 1704 Πθειιπῐηυε
943 1666 1130 1706 mense
1188 1652 1361 1707 Rabia
1424 1656 1715 1723 POSleriOI'i
1780 1656 1909 1710 ³ηοί
1971 1656 2149 1727 “vita!
2186 1716 2223 1736 η
2258 1669 2493 1724 Merwan
2522 1683 2697 1722 annos
2728 1666 2974 1736 quinque
3009 1682 3024 1719 :
3059 1665 3218 1719 bellis
3248 1665 3485 1731 interim,
3512 1679 3842 1734 oppugnam

574 1742 857 1832 οθηίθείηιί
914 1742 1157 1796 νίεοείιυί
1210 1744 1428 1813 ιῖυῖηίίο
1486 1762 1610 1800 ⁰¹¹ῐι¹
1670 1762 1939 1802 annorum
2002 1760 2150 1803 θεεθι
2187 1742 2223 1769 ο
2256 1764 2400 1819 tibus
2425 1762 2863 1832 undiqueipsum
2888 1758 3169 1829 regionum
3196 1756 3838 1827 [diversarumlincolis,

576 1831 974 1901 quinquaginta
1005 1832 1168 1885 trium
1200 1850 1213 1886 :
1238 1834 1482 1902 sepultus
1507 1846 1591 1890 est
1614 1836 1831 1893 Rosafze
1860 1840 1913 1892 in
1945 1840 2151 1895 ditione

576 1921 641 1974 Al
705 1920 927 1977 Bakkm.
986 1922 1160 1978 Rufus
1221 1924 1342 1988 fuit,
1397 1929 1649 1994 strahus,
1702 1930 1841 1984 facie
1894 1930 2148 1997 deformi,

576 2010 774 2065 indolis
811 2027 1021 2081 pravae,
1065 2028 1286 2078 avarus,
1329 2030 1492 2083 opum
1535 2034 1809 2075 eorrasor.
1846 2021 2181 2076 Satellitum-

577 2103 748 2171 ipsius
796 2103 1080 2173 praefectus
1132 2106 1234 2159 iuit
1284 2108 1428 2162 Caab
1474 2110 1587 2163 Ebn
1638 2112 1864 2167 llamed.
1911 2112 2152 2179 Janitor,

577 2194 784 2259 Galeb,
832 2195 1059 2251 libertus
1110 2197 1303 2264 ipsius.
1348 2198 1452 2264 Qui
1500 2203 1733 2256 maxima
1779 2204 1919 2272 apud
1976 2204 2152 2273 ipsum

578 2287 751 2354 gratia
790 2287 1024 2355 pollebat
1062 2286 1189 2342 Saiol
1224 2289 1395 2344 Ebnol
1430 2290 1607 2346 Walid
1645 2294 1706 2347 Al
1742 2294 1954 2350 Abrasb
1978 2338 1991 2360 ,
2027 2296 2156 2351 Cal-

582 2377 787 2433 bensfs.
824 2377 1038 2444 Scriba,
1076 2380 1254 2436 Saletn
1295 2381 1411 2437 Ebn
1445 2385 1609 2439 Abdil
1637 2389 1790 2443 Aziz.

861 2490 1167 2560 Cltalifatus
1204 2494 1456 2549 Alwalidi
1495 2496 1609 2551 Ebn
1663 2498 1873 2555 Yasidi.

651 2583 1013 2652 lnauguratus
1042 2593 1127 2638 est
1154 2584 1217 2638 Al
1245 2585 1425 2640 Walid
1450 2587 1565 2642 Ebn
1600 2588 1813 2656 Yazidi,
1844 2593 1956 2646 Ebn
1984 2592 2159 2648 abdi!-

578 2673 769 2738 Malec,
801 2674 915 2727 Ebu
948 2674 1208 2739 Merwan,
1244 2678 1332 2731 cui
1362 2689 1535 2733 mater
1562 2679 1791 2735 Ommol‘
1826 2681 2022 2752 "ajaji,
2050 2685 2157 2740 lilia

2253 1868 2507 1912 vexatus.
2545 1854 2768 1916 Deinde,
2809 1867 2932 1907 eum
2964 1852 3032 1905 ab
3065 1852 3125 1903 Al
3159 1850 3270 1904 Zah
3300 1849 3550 1905 Masilam
3591 1849 3832 1920 fugeret,

2255 1951 2382 2007 inde
2405 1954 2459 2005 in
2484 1949 2957 2018 Mesopotamiam,
2975 1946 3169 2001 deinde
3190 1961 3283 2015 per
3297 1946 3510 2017 Syriam
3530 1946 3832 2013 transiens,

2255 2043 2430 2097 donee
2476 2045 2532 2095 in
2580 2040 2873 2110 Egyptum
2922 2038 3252 2107 perveniret,
3294 2036 3445 2090 missi
3495 2046 3619 2104 post
3652 2037 3831 2103 ipsqu

2255 2135 2480 2189 Saidum
2553 2148 2727 2202 usque
2797 2128 3256 2185 Hasbemidarum
3320 2128 3594 2181 exercitus
3647 2127 3829 2195 ipsum

2257 2227 2546 2295 qmesitum
2609 2224 2843 2279 assecuti
2911 2230 3043 2278 sunt
3100 2235 3225 2274 eum
3292 2219 3347 2275 in
3410 2219 3535 2274 vico
3591 2220 3829 2288 quodam

2258 2318 2549 2383 Asbmuri,
2588 2317 2677 2372 cui
2719 2330 2916 2370 nomen
2958 2313 3116 2367 Busir
3145 2311 3449 2372 Kurindes.
3483 2309 3577 2363 ubi
3611 2312 3831 2363 occisus

2256 2418 2364 2475 est,
2402 2425 2528 2463 cum
2572 2422 2842 2462 annorum
2882 2414 3029 2460 esset
3068 2404 3352 2474 sexaginta
3393 2415 3608 2455 novem.
3656 2399 3831 2455 Credis

2260 2500 2435 2570 ipsius
2465 2514 2599 2554 cura
2627 2498 2919 2552 commissa
2955 2495 3057 2550 fuit
3088 2495 3287 2550 Amero
3330 2490 3444 2547 Ebn
3479 2492 3674 2546 lsmael
3710 2490 3831 2543 Sal-

2259 2589 2485 2645 mensis.
2514 2586 2870 2659 393-395
2899 2585 3334 2655 Cognominatus
3369 2590 3550 2637 autem
3582 2589 3668 2636 est
3696 2581 3832 2635 Mer-

2256 2696 2379 2737 wan
2408 2684 2472 2737 Al
2497 2682 2674 2747 Jaadi,
2704 2684 2830 2751 quia
2862 2683 2917 2735 in
2948 2680 3126 2748 ipsum
3152 2690 3348 2746 resque
3380 2675 3556 2744 ipsius
3591 2682 3831 2744 potesta-

580 2767 975 2823 lrlohammedis
1013 2768 1126 2822 Ebn
1161 2767 1354 2834 Yusef,
1390 2771 1582 2826 Ebnol’
1624 2771 1866 2839 Hacemi,
1904 2775 2017 2829 Ebn
2053 2776 2156 2831 Abi
2259 2782 2366 2828 tem
2396 2775 2674 2844 praecipue
2703 2773 2887 2828 habuit
2921 2772 2985 2826 Al
3014 2770 3147 2825 Jaad
3182 2769 3299 2823 Ebn
3333 2766 3615 2823 Darbami.
3650 2765 3827 2819 Satel-

580 2858 759 2922 Okail,
788 2858 1166 2915 Thakafensis.
1211 2859 1334 2915 Fuit
1369 2861 1455 2916 hic
1486 2862 1737 2927 stolidus,
1773 2865 1976 2931 fatuus,
2012 2869 2156 2923 lusui
2260 2866 2378 2919 litio
2426 2865 2600 2934 ipsius
2653 2863 2870 2934 przefuit
2918 2863 2983 2916 Al
3032 2860 3275 2915 Cauthar
3324 2858 3439 2915 Elin
3496 2858 3562 2912 Al
3610 2856 3826 2921 Aswad,

578 2949 837 3003 deditus:
888 2951 1176 3019 imperavit
1231 2967 1435 3006 annum
1483 2961 1536 3008 et
1587 2963 1698 3011 tres
1749 2970 1984 3021 menses,
2031 2960 2156 3015 dein
2260 2959 2601 3014 Anawensis.
2663 2957 2876 3012 Janitor
2935 2956 3057 3026 ejus
3120 2955 3266 3021 fuit,
3309 2952 3510 3009 Saltlab
3576 2953 3822 3007 libertus.

581 3040 975 3094 convenientes
1013 3041 1261 3095 homines
1304 3044 1395 3111 qui
1442 3042 1585 3097 facta
1624 3044 1743 3113 ejus
1784 3050 2157 3115 improbarent
2186 3070 2225 3127 α

580 3128 760 3198 ipsum
795 3129 1186 3185 interfecerunt
1218 3131 1449 3186 Jomada
1482 3137 1932 3203 posteriori,anni
1966 3153 2152 3196 cente-

580 3222 702 3276 simi
758 3222 998 3277 vicesimi
1059 3225 1240 3288 sexti;
1283 3227 1666 3296 proiectusque
1717 3239 1801 3285 est
1835 3232 1886 3283 in
1920 3229 2153 3287 Bohaira

578 3313 797 3383 regione
817 3312 1185 3381 Damascena;
1212 3316 1567 3387 389-391
1596 3333 1864 3373 annorum
1895 3320 1993 3375 fuit
2014 3338 2154 3392 qua-

581 3402 856 3473 draginta.
887 3405 1097 3460 Accidit
1123 3423 1254 3475 ergo
1285 3409 1336 3459 in
1372 3408 1529 3478 Syria
1558 3412 1839 3465 contentio
1867 3420 1921 3466 et
1950 3426 2152 3469 motus.

576 3493 735 3550 Facie
764 3505 881 3549 erat
912 3500 1163 3566 pulchra,
1202 3500 1387 3568 lingua
1420 3502 1720 3567 eloquenti,
1742 3512 1952 3559 statura
1979 3506 2155 3574 perfe-

574 3597 680 3641 cta.
705 3585 1008 3641 Satellitum
1042 3590 1142 3656 ipsi
1172 3590 1461 3657 praefectus
1482 3592 1583 3644 fuit
1604 3593 2018 3650 Abdorrahman
2041 3596 2155 3652 Ebu

577 3675 1164 3740 llomaidi,Calbensis.
1212 3678 1444 3745 Janitor,
1477 3681 1675 3737 Katrus
1699 3686 1923 3743 libertus
1962 3691 2151 3760 ipsius.

856 3768 1159 3837 Cltalt'futus
1197 3769 1387 3825 Yazidt'
1422 3771 1610 3829 Ebnol’
1649 3774 1870 3833 Walidi.

649 3861 1012 3928 inauguratus
1073 3873 1157 3916 est
1210 3862 1377 3918 Yuzid
1428 3865 1619 3921 Ebnol’
1662 3866 1842 3923 Walid
1894 3873 2153 3939 Alnaltes,

575 3954 668 4021 qui
720 3960 804 4006 est
835 3952 999 4007 Yazid
1028 3956 1197 4009 Ebuol
1239 3954 1419 4011 Walid
1463 3959 1576 4013 Ebn
1607 3960 1766 4015 Abdil
1795 3962 1985 4030 Maleo,
2034 3967 2152 4022 Ebn

574 4042 852 4110 Merwau;
883 4044 972 4098 cui
999 4053 1175 4100 mater
1208 4047 1376 4101 Persa
1412 4048 1533 4113 fuit,
1568 4052 1825 4107 videlicet
1859 4057 2147 4124 Shahkud,

574 4139 681 4191 tilia
715 4139 931 4193 Phiruzi
960 4138 1141 4195 Cesrae
1170 4144 1313 4210 regis
1348 4142 1660 4209 Persarum,
1686 4148 1778 4200 lilii
1807 4147 2149 4222 Yazdejerdi,

577 4230 669 4283 lilii
701 4230 924 4285 Sbariar
946 4247 961 4298 ;
981 4234 1071 4286 cui
1100 4234 1220 4286 avia
1248 4234 1351 4289 fuit
1380 4236 1487 4289 ﬁlia
1521 4236 1761 4293 Mauricii
1798 4242 2149 4312 imperatoris

578 4320 948 4377 Romanorum
985 4342 999 4377 :
1036 4334 1201 4394 atque
1236 4327 1308 4379 ita
1348 4327 1531 4383 dicere
1573 4330 1783 4385 solebat
1814 4351 1826 4386 :
1877 4334 2009 4390 Sum
2048 4354 2149 4409 ego

2756 3048 2983 3117 Chalifaz
3032 3048 3335 3112 Abbasidw,

2264 3166 2265 3169 η
2330 3142 2628 3198 Cbalil‘atus
2660 3140 2798 3193 Abil’
2849 3139 3029 3193 Abbas
3063 3137 3360 3193 AlSaffahi.
3397 3137 3634 3208 Fuitqne
3668 3139 3818 3206 jura-

2259 3246 2501 3289 mentum
2529 3232 2809 3287 lidelit'atis
2836 3231 3139 3300 praestitum
3170 3229 3315 3286 Ahil'
3337 3229 3557 3283 Abbaso
3596 3232 3714 3299 (qui
3748 3236 3824 3282 est

2257 3328 2519 3381 Abdollah
2545 3325 2659 3379 Ebn
2691 3323 3056 3385 Mohammcd,
3087 3320 3201 3377 Ebn
3226 3324 3335 3383 Ali,
3369 3320 3482 3375 Ebn
3512 3321 3821 3382 Abdollabi,

2261 3420 2432 3472 Ebnol
2487 3416 2710 3481 Abbasi,
2772 3417 2884 3470 Eb“
2938 3414 3098 3469 Abdil
3157 3413 3456 3479 Motallabi,
3509 3412 3596 3488 cui
3646 3423 3823 3466 mater

2257 3509 2466 3563 Radiah
2528 3510 2635 3561 lilia
2690 3507 2999 3569 Abdollahi,
3052 3506 3165 3560 Ebn
3221 3504 3610 3570 Obaidollahi,
3671 3503 3824 3558 anil

2258 3603 2482 3667 Abbasi,
2538 3600 2654 3655 Ebu
2695 3602 2853 3655 Abdil
2891 3599 3163 3661 Maddeni,
3205 3597 3364 3653 Ebnil
3410 3597 3625 3659 Daiani,
3664 3596 3827 3649 Hare-

2258 3695 2515 3764 tbensis),
2542 3694 2707 3749 Cusae
2744 3692 2833 3747 die
2860 3691 3136 3753 Mercurii,
3173 3688 3463 3744 undecimo
3492 3689 3703 3742 mensis
3730 3686 3826 3741 Ra-

2258 3789 2360 3842 hize
2391 3788 2711 3857 posterioris
2757 3786 2882 3839 anni
2920 3784 3095 3853 chrae
3125 3781 3413 3837 centesimi
3446 3780 3717 3835 tricesimi
3747 3797 3827 3835 εει

2256 3880 2442 3935 eundi.
2496 3878 2597 3931 ilic
2630 3893 2772 3947 equo
2804 3878 2869 3931 ad
2918 3877 3179 3946 templum
3230 3886 3417 3929 vectus
3466 3872 3555 3928 die
3602 3871 3829 3928 Veneris

2256 3973 2322 4028 ad
2359 3971 2636 4034 homines,
2671 3969 2900 4037 pedibus
2933 3976 3087 4023 stans
3123 3980 3429 4021 sermonem
3465 3964 3682 4029 habuit,
3710 3979 3828 4018 eum

2256 4061 2554 4116 Ommaidaa
2583 4062 2836 4116 sedentes
2868 4058 3146 4113 orationes
3181 4072 3310 4111 suas
3332 4056 3536 4110 habere.
3568 4055 3831 4109 solerent.

2254 4154 2400 4208 Misit
2430 4155 2516 4207 hic
2550 4153 2827 4207 exercitus
2856 4159 3048 4205 contra
3073 4148 3339 4203 Yazidum
3371 4147 3487 4200 Ebn
3517 4146 3688 4202 Omar
3719 4145 3833 4199 Ebn

2253 4246 2353 4299 Abi
2409 4245 2654 4299 Horairee
2708 4242 2994 4298 Wasetum
3042 4258 3055 4294 :
3117 4243 3268 4295 misit
3338 4241 3507 4295 etiam
3573 4246 3835 4308 patruum

2254 4354 2411 4391 suum
2444 4336 2806 4392 Abdollahum
2844 4335 2959 4390 Ebn
2987 4334 3074 4389 Ali
3113 4344 3306 4388 contra
3348 4333 3677 4388 Merwanem
3720 4331 3837 4386 ΕΜ

577 4414 719 4468 ﬁlius
749 4414 930 4483 Cesra:
959 4424 1015 4469 et
1046 4414 1188 4471 ﬁlius
1229 4415 1508 4485 Merwani,
1554 4421 1797 4492 mihique
1826 4440 1961 4483 avus
1994 4404 2149 4483 Mau-
2183 4404 2226 4458 θ
2259 4426 2619 4494 Mohammed,
2652 4442 2812 4497 quem
2874 4427 2929 4479 in
2970 4424 3152 4496 fugam
3188 4425 3377 4487 dedit,
3416 4423 3591 4478 donec
3646 4423 3840 4491 ipsum

576 4508 781 4572 rieius,
838 4516 893 4562 et
935 4522 1070 4563 avus
1125 4507 1323 4565 Sasan.
1377 4512 1680 4571 Praefectus
1734 4516 1964 4588 imperio
2022 4523 2145 4589 fuit,

574 4618 765 4657 mense
799 4601 994 4667 Rajeb,
1029 4603 1423 4675 imperavitque
1469 4623 1683 4663 menses
1727 4613 1986 4682 quinque,
2019 4616 2146 4672 dein

574 4702 824 4747 mertuus
853 4704 935 4748 est
966 4699 1069 4749 line
1102 4697 1305 4751 mensis
1338 4697 1625 4753 Dulkaad:e
1653 4703 1781 4756 anni
1813 4702 1985 4771 Hejrte
2017 4722 2147 4762 ceu-

576 4786 751 4838 tesimi
780 4786 1019 4841 vicesimi
1053 4789 1216 4848 sexti,
1244 4804 1419 4844 annos
1446 4791 1650 4846 habens
1677 4794 1932 4863 triginta;
1964 4800 2147 4867 sepul-

577 4886 661 4929 tus
710 4888 795 4931 est
844 4875 1117 4931 Damasci.
1177 4877 1482 4934 Satellitum
1542 4881 1646 4949 ipsi
1704 4884 1997 4952 praefectus
2047 4889 2150 4945 fuit

574 4963 741 5017 Yazid
779 4964 967 5019 Ebnol’
1010 4964 1324 5039 Sammadjy
1357 4970 1638 5026 Cllllell8i5
1668 4991 1683 5027 :
1725 4970 1938 5029 Janitor
1965 4975 2147 5032 Salam

571 5059 800 5113 libertus
830 5060 1024 5127 ipsius.

630 5147 932 5219 Cha/iratus
975 5147 1229 5204 Μινωαηὶ
1262 5151 1375 5207 Ebn
1420 5153 1749 5210 Illo/tammed
1808 5158 2102 5230 [cognomi-

1136 5249 1249 5298 nati
1282 5244 1577 5319 Allaadi].
1620 5248 1652 5269 '
1703 5293 1709 5299 .

641 5334 852 5391 Mortuo
909 5335 1114 5393 Yazido
1162 5340 1442 5403 Alnakes,
1494 5342 1813 5407 iuramento
1871 5342 2146 5402 ﬁdelitatis

571 5430 810 5492 praestita
841 5426 1123 5499 [ehalifatn
1157 5431 1563 5504 renuntiarunt]
1595 5435 1845 5489 homines
1876 5437 2131 5509 in-392

2259 4519 2651 4588 Mesopotamia
2698 4526 2753 4573 et
2802 4516 2960 4588 Syria
3011 4517 3336 4587 expelleret.
3376 4516 3515 4570 Tum
3570 4514 3841 4569 Salehum

2258 4609 2379 4663 Ebn
2409 4608 2493 4659 Ali
2528 4608 2697 4671 misit,
2730 4608 2831 4676 qui.
2852 4606 3102 4661 eumdem
3140 4606 3194 4660 in
3226 4606 3520 4677 IEgyptum
3550 4606 3845 4660 iusrcutus

2256 4708 2357 4759 est,
2407 4694 2596 4764 primae
2626 4692 2746 4762 ejus
2780 4694 2917 4748 aciei
2957 4694 3222 4763 praefecto
3272 4696 3392 4749 Abu
3438 4696 3621 4758 Auno,
3656 4695 3845 4749 donec

2258 4789 2438 4857 ipsum
2500 4786 2891 4842 interfecisset.
2934 4785 3168 4841 Romani
3221 4797 3403 4841 autem
3438 4802 3562 4841 cum
3616 4797 3844 4843 mortuo

2259 4880 2596 4949 imperatore
2645 4877 2827 4934 Leone
2872 4879 3028 4934 multi
3061 4880 3226 4951 396
3270 4880 3393 4935 illos
3434 4880 3575 4935 male
3626 4888 3845 4935 tracta-

2259 4979 2404 5039 rent,
2440 4987 2505 5027 ae
2534 4973 2765 5028 turbata:
2803 4980 2989 5027 essent
3026 4973 3202 5042 ipsius
3233 4973 3449 5043 imperii
3502 4986 3616 5037 res,
3655 4974 3843 5026 virum

2258 5064 2554 5135 quemdam
2616 5079 2647 5117 e
2691 5063 2927 5118 Marasbi
2966 5064 3165 5120 incolis
3225 5065 3449 5119 nomine
3500 5064 3845 5119 Artabatum

2260 5158 2367 5212 sibi
2416 5155 2816 5225 praefecerunt,
2867 5156 3023 5225 cujus
3054 5156 3348 5225 imperium
3404 5156 3580 5210 turbis
3609 5159 3847 5225 plenum

2257 5250 2361 5305 fuit
2390 5255 2635 5317 tempore
2664 5247 2786 5301 Abil
2814 5247 3016 5302 Abbasi
3048 5257 3101 5302 et
3128 5247 3415 5303 Mausoris.
3445 5246 3715 5301 Condidit
3751 5266 3847 5302 auo

2260 5352 2365 5396 tem
2406 5340 2546 5394 Abul
2586 5340 2768 5394 Abbas
2814 5341 2867 5392 in
2904 5340 3123 5394 Anbaro
3166 5339 3355 5393 urbem
3406 5352 3567 5407 quam
3621 5338 3847 5396 llashb

2259 5434 2422 5487 miam
2483 5431 2799 5502 appellavit.
2838 5430 2965 5486 Fuit
2989 5432 3282 5487 cbalifatus
3334 5431 3508 5499 ipsius
3555 5445 3847 5487 annorum

572 5517 728 5585 Syria
784 5518 1145 5575 Abrabimum
1207 5522 1375 5576 ﬁlium
1434 5523 1498 5576 Al
1553 5522 1749 5578 Walitli
1804 5525 1918 5580 Ebn
1978 5529 2139 5583 Abml
2249 5534 2505 5595 quatuor,
2533 5531 2587 5576 et
2615 5538 2807 5577 novem
2841 5525 3159 5579 mensium:
3200 5535 3453 5579 mortuus
3498 5532 3582 5578 est
3622 5525 3675 5577 in
3733 5526 3855 5580 An-

574 5605 791 5675 Maleci;
819 5622 874 5664 at
893 5626 1017 5666 eum
1045 5624 1283 5684 quatuor
1309 5629 1523 5670 menses
1549 5615 1894 5684 imperasset,
1922 5619 2151 5689 imperio
2251 5620 2407 5681 baro,
2437 5617 2523 5671 die
2562 5616 2867 5679 Dominico,
2906 5616 3111 5673 mensis
3138 5616 3220 5670 Dil
3261 5615 3439 5685 llujja‘:
3467 5615 3848 5685 duodecimo,
3946 5604 3947 5609 η

576 5708 865 5754 exuerunt.
895 5701 1159 5773 Venitque
1184 5705 1419 5764 Merwan
1444 5707 1556 5765 Ebn
1585 5706 1949 5775 Mohammed,
1978 5712 2146 5770 Ebuol
2256 5711 2378 5765 'tnni
2414 5706 2590 5778 l‘lejrae
2624 5708 2908 5764 centesimi
2954 5708 3216 5765 tricesimi
3259 5708 3425 5769 sexti.
3478 5706 3736 5777 sepultus
3788 5712 3851 5766 in
