4014 6218
330 213 466 278 1125

1771 195 2148 277 ANNALES.

3460 207 3596 275 1126

322 329 458 382 urbe
491 324 804 382 llasbemia.
834 323 957 380 Fuit
988 323 1129 379 Abul
1192 324 1377 380 Abbas
1422 338 1709 395 procerus.
1765 324 1909 381 faeie
1938 328 1986 386 Α
2014 323 2316 380 centesimo
2351 325 2812 396 quinquagesimo
2841 332 3056 389 octavo,
3104 323 3350 391 obiitque
3397 322 3599 380 Met-ha:

317 421 569 491 pulebra,
603 427 813 475 statura
845 418 1111 490 perfecta.
1135 416 1448 472 Satellitum
1483 418 1585 488 ipsi
1614 416 1908 488 praefectus

319 513 420 566 fuit
453 512 626 568 Abdol
663 511 854 567 labbar
885 509 1002 566 Ebn
1038 511 1550 578 Abdor-Rabmani,
1574 511 1845 569 Azdensis
1889 527 1904 566 :

312 605 551 672 Janitor,
582 605 698 658 Ebn
735 603 928 660 Οιισειιι
961 605 1198 661 libertus
1237 605 1434 676 ipsius.

633 696 936 767 Chalifatus
987 696 1202 770 Iaafari
1244 698 1582 754 Almansuri.

319 783 322 786 ’
386 788 714 845 Confecerat
785 790 928 845 Abul
969 791 1154 846 Abbas
1230 798 1617 845 testamentum
1686 788 1739 844 in
1794 804 1907 860 quo

313 880 589 935 haeredem
622 882 993 938 constituerat
1041 879 1267 936 fratrem
1319 896 1486 936 suum
1541 881 1646 936 Abi
1698 880 1905 946 Iaal‘ar,

312 972 680 1028 Abdollabum
718 974 835 1028 Ebn
860 971 1234 1039 Mobainmed,
1267 971 1383 1028 Ebn
1407 973 1518 1040 Ali,
1547 973 1666 1028 Elin
1691 972 1904 1028 Abdol—

307 1066 442 1130 labi,
478 1065 653 1120 Ebnol
705 1066 906 1121 Abbasi
945 1066 1129 1136 (cujus
1187 1077 1366 1122 mater
1417 1067 1729 1122 concubina
1773 1067 1905 1135 fuit,

312 1159 535 1214 nomine
567 1158 822 1214 Salamah
863 1160 970 1214 ﬁlia
1003 1158 1254 1226 Bashari,
1278 1174 1510 1231 qumque
1549 1160 1766 1216 Basorte
1797 1176 1910 1215 na-

307 1264 362 1308 ta
443 1249 591 1323 fuit),
631 1252 935 1322 eodemque
962 1261 1162 1323 patruo
1210 1269 1310 1308 suo
1343 1253 1441 1309 Isaa
1475 1251 1590 1310 Ebn
1642 1254 1752 1321 Ali,
1787 1253 1905 1309 Ebn

313 1341 604 1398 Abdollahi
641 1340 812 1397 Ebnol
841 1343 1044 1398 Abbasi
1080 1344 1315 1408 tradito;
1344 1342 1446 1399 Ubi
1481 1344 1708 1416 (inquit)
1750 1359 1905 1400 mor-

314 1446 438 1489 tuus
470 1434 649 1499 fuero,
677 1435 932 1489 homines
989 1434 1151 1490 ﬁdem
1178 1435 1493 1505 iuramento
1539 1436 1891 1506 obstringere

315 1527 486 1583 facias
517 1528 593 1582 illi
618 1527 779 1598 cujus
807 1528 860 1582 in
886 1528 992 1583 hoc
1027 1535 1358 1583 testamento
1384 1529 1590 1584 mentio
1626 1527 1769 1583 facta
1802 1538 1905 1584 est.

312 1619 414 1675 Ubi
459 1635 589 1692 ergo
624 1636 654 1676 e
704 1621 846 1676 vivis
876 1629 1194 1676 excesserat
1243 1621 1387 1676 Abul
1438 1621 1682 1686 Abbasi,
1734 1621 1896 1676 ﬁdem

313 1715 446 1768 dare
482 1712 608 1766 fecit
641 1713 724 1767 lsa
788 1713 902 1766 Ebn
959 1713 1044 1768 Ali
1087 1713 1485 1778 Hashemidas,
1539 1715 1633 1785 qui
1686 1714 1896 1770 Anbari

311 1813 490 1867 erant,
516 1803 795 1872 ducesque
822 1803 1182 1876 397-399
1214 1807 1316 1861 Abi
1347 1805 1559 1861 Iaafaro
1593 1806 1902 1862 Abdollaho

313 1895 427 1949 Ebn
459 1892 841 1950 Mobamrnedi.
879 1895 1057 1950 laafar
1091 1906 1277 1952 autem
1335 1894 1468 1954 t'unc
1521 1899 1782 1970 temporis
1815 1915 1912 1970 pe-

314 1988 737 2056 regrinationem
783 1989 1066 2060 religionis
1112 2005 1246 2061 ergo
1301 1990 1658 2056 instituerat,
1725 1994 1907 2047 comi-

311 2089 465 2135 tante
500 2081 681 2150 ipsum
714 2080 832 2135 Abu
872 2079 1221 2140 Moslemino.
1247 2082 1471 2139 Litteris
1511 2098 1641 2155 ergo
1675 2083 1901 2153 scriptis

314 2173 480 2242 hujus
526 2174 604 2229 rei
656 2175 960 2230 certiorem
1030 2176 1212 2247 ipsum
1267 2175 1549 2243 fecerunt,
1618 2177 1780 2248 cujus
1817 2177 1910 2232 ubi

316 2265 510 2319 notitia
541 2266 607 2321 ad
645 2268 823 2336 ipsum
858 2269 1130 2337 pervenit,
1164 2266 1543 2336 juramentum
1601 2269 1707 2340 ipsi
1761 2286 1908 2338 prte-

315 2362 576 2412 stiterunt
610 2357 730 2411 Abu
779 2357 1026 2422 Moslem,
1083 2359 1397 2428 czeterique,
1452 2359 1543 2429 qui
1605 2376 1732 2416 cum
1785 2363 1908 2434 ipso

243 2496 245 2498 .
314 2456 474 2501 erant
523 2447 714 2502 duces.
755 2447 1040 2502 Anbarum
1097 2463 1230 2519 ergo
1288 2449 1483 2504 tendit.
1541 2451 1669 2505 Fuit
1725 2463 1906 2510 autem

316 2539 579 2593 Abdollab
618 2539 732 2595 Ebn
768 2540 876 2605 Ali,
910 2541 1036 2595 Ebn
1097 2540 1419 2608 Abdollahi,
1478 2541 1654 2597 Ebnol
1704 2545 1910 2604 Abbasi

321 2631 372 2683 in
409 2629 798 2700 Mesopotamia
831 2630 1062 2704 [ibique]
1095 2633 1202 2688 sibi
1237 2634 1529 2704 imperium
1555 2637 1907 2707 vendicavit;

318 2721 384 2773 ad
419 2737 583 2791 quem
621 2723 843 2778 mittens
875 2723 999 2778 Abu
1049 2725 1225 2780 laal'ar
1267 2725 1390 2781 Abu
1440 2727 1794 2798 Moslemum,
1829 2732 1914 2802 ip-

317 2829 436 2866 sum
465 2813 796 2884 profligavit.
833 2814 1225 2887 Reversusque
1257 2828 1338 2872 est
1370 2818 1663 2876 AlMansur
1685 2822 1906 2878 Cufam.

309 2901 456 2956 Tum
498 2901 814 2974 Bagdadum
848 2907 1038 2960 urbem
1085 2907 1358 2972 condidit,
1388 2923 1554 2978 quam
1590 2909 1904 2968 Medinatol'

2022 416 2231 471 mensis
2280 416 2362 470 Dil
2412 415 2580 486 Ilajjae
2623 431 2793 479 nono,
2846 430 3020 470 annos
3088 427 3252 471 natus
3313 418 3599 488 sexaginta

2016 516 2167 574 octo,
2220 523 2346 564 cum
2393 509 2658 564 chalifatu
2706 509 2930 564 functus
2972 520 3118 564 esset
3167 524 3342 565 annos
3397 511 3599 581 viginti

2013 602 2174 657 duos.
2205 601 2398 658 Oravit
2446 617 2546 672 pro
2580 604 2701 672 ipso
2736 602 2882 659 ﬁlius
2915 602 3088 671 ipsius
3118 599 3377 671 Salehus,
3409 605 3600 674 sepul-

2015 701 2212 764 tusque
2240 703 2326 750 est
2376 693 2577 750 Mechae
2619 695 2776 766 juxta
2829 702 3053 766 puteum
3106 694 3420 751 Maimonis.
3478 696 3605 753 Fuit

2013 785 2132 840 Abu
2166 784 2344 840 laal‘ar
2379 785 2678 841 AlMansur
2721 802 3017 858 procerus,
3051 784 3268 855 fuscus,
3302 788 3448 842 raris
3485 805 3602 860 my-

2015 878 2286 942 stacibus,
2330 878 2519 934 barba:
2549 889 2706 949 parte
2739 881 3005 934 anteriori
3040 880 3277 950 prolixa.
3329 879 3599 936 Satellitio

2011 969 2190 1039 ipsius
2223 971 2753 1040 praefueruntAbdol
2785 974 2976 1028 labbar
3003 973 3114 1028 Ebn
3146 974 3602 1039 Abdir’rabman,

2010 1059 2314 1126 Azdensis,
2369 1061 2486 1118 Ebn
2522 1064 2692 1128 Canb,
2737 1063 2854 1118 Ebn
2902 1063 3078 1128 Musa,
3135 1063 3505 1118 Tamimensis
3549 1075 3605 1119 et

2012 1149 2359 1224 AlMosaiycb
2389 1153 2688 1220 AlZahari,
2720 1153 3052 1209 Dabbensis.
3089 1151 3310 1207 Janitor
3338 1153 3461 1222 ejus
3499 1152 3606 1206 fuit

2011 1245 2152 1300 Abu!
2186 1244 2389 1301 Chatib
2423 1246 2644 1301 Marznc
2678 1248 2914 1302 libertus
2943 1247 3122 1316 ipsius
3157 1257 3238 1311 et,
3266 1253 3390 1316 post
3424 1245 3604 1315 ipsum

2011 1337 2292 1396 AlRabius
2330 1339 2564 1395 libertus
2603 1340 2809 1410 ipsius.

2268 1431 2626 1504 [φοι-403
2682 1432 2989 1503 Cltalifatus
3043 1431 3342 1487 ΑιΜοΙιίίὶἱ.

2089 1523 2302 1578 Mortuo
2334 1525 2570 1580 Meccha:
2607 1526 2936 1580 Almansuro
2974 1527 3131 1579 ﬁdem
3185 1523 3604 1581 obstrinxcrunt

2017 1614 2177 1670 Saleb
2207 1615 2382 1670 Ebnol
2412 1615 2658 1682 .‘llansur;
2694 1625 2750 1671 et
2784 1619 2866 1672 lsa
2923 1616 3039 1671 Ebn
3090 1616 3269 1681 Musa,
3314 1615 3604 1670 AlMohdio

1931 1673 1974 1728 Β
2016 1706 2131 1762 Ebn
2164 1706 2533 1771 Moliammed,
2579 1673 2694 1762 Elin
2730 1709 3024 1773 Abdollah,
3065 1709 3182 1762 Ebn
3230 1673 3602 1770 biohammed,

2012 1800 2128 1854 Ebn
2161 1800 2268 1863 Ali,
2297 1801 2414 1855 Ebn
2447 1799 2760 1863 Abdollabi.
2803 1801 2977 1855 Ebnol
3021 1801 3223 1856 Abbasi
3255 1819 3270 1868 ;
3306 1801 3392 1856 cui
3431 1808 3604 1853 mater

2009 1900 2126 1946 erat
2159 1891 2337 1948 Omno
2375 1892 2550 1959 Musa,
2579 1893 2684 1947 ﬁlia
2717 1892 3054 1954 AlMansuri,
3101 1894 3219 1948 Ebn
3275 1891 3589 1956 Abdollab’,

2009 1985 2128 2041 Ebn
2158 1986 2336 2042 Sabwi
2374 1986 2784 2057 Hamyarensis,
2819 1986 2933 2042 Ebn
2966 1986 3249 2041 AlRoaini.
3281 1984 3605 2054 Peregrina-

2020 2077 2185 2131 tionis
2217 2093 2350 2148 ergo
2378 2077 2569 2150 [ritus]
2624 2079 2950 2134 hominibus
3005 2078 3236 2148 perfecit
3286 2075 3450 2130 Saleb
3483 2075 3601 2130 Eba

2012 2167 2326 2224 AlMansnri
2359 2188 2372 2224 :
2410 2173 2494 2227 vel
2533 2171 2905 2226 referentibus
2941 2170 3296 2240 quibusdam,
3359 2169 3605 2223 llobam-

2012 2263 2161 2326 med,
2211 2264 2324 2318 Ebn
2357 2262 2569 2336 Yabya,
2619 2264 2734 2319 Ebn
2781 2263 3160 2326 Mobammod,
3194 2263 3310 2318 Ebn
3345 2263 3452 2327 Ali,
3481 2265 3601 2317 Elin

2009 2355 2331 2418 Ahdollabi,
2393 2357 2567 2411 Elmol
2621 2357 2820 2410 Ahbasi
2855 2375 2869 2411 :
2901 2365 2954 2410 et
2998 2356 3064 2410 ad
3116 2354 3390 2408 AlMolidii
3442 2355 3604 2409 obse-

2010 2443 2203 2512 quium
2260 2445 2532 2500 invitavit.
2566 2444 2827 2499 Nuntium
2883 2453 3065 2499 autem
3128 2443 3194 2497 ad
3225 2442 3600 2508 AlMohdium,

2009 2535 2101 2603 qui
2136 2534 2376 2604 Bagdadi
2410 2546 2538 2592 tunc
2564 2547 2704 2596 erat.
2726 2537 2953 2607 pertulit
2986 2535 3251 2590 Monarah
3281 2533 3599 2593 AlMansuri

2013 2642 2233 2683 servus.
2285 2628 2532 2683 Praestita
2567 2644 2697 2698 ergo
2729 2636 2858 2684 sunt
2891 2629 2967 2683 illi
2990 2628 3304 2698 juramenta
3337 2628 3599 2698 Bagdadi,

2018 2718 2215 2773 ultimo
2277 2717 2574 2789 Dilllajjaa,
2630 2734 2777 2774 anno
2839 2722 3144 2775 centesimo
3205 2719 3601 2790 quinquagesi-

2012 2826 2103 2866 mo
2175 2824 2391 2868 octavo.
2463 2813 2636 2868 Porro
2703 2822 2958 2869 mortuus
3037 2821 3122 2868 est
3191 2811 3594 2868 Constantinus

2013 2903 2213 2961 Leonis
2266 2905 2409 2962 ﬁlius
2462 2904 2834 2960 Romanorum
2888 2906 3208 2975 imperator,
3252 2905 3588 2960 succedente

317 2991 500 3047 Salam
545 2992 623 3066 [id
669 3003 754 3050 est
789 2997 979 3051 urbem
1015 2996 1190 3070 pacis]
1217 3000 1539 3070 appellavit.
1595 3001 1798 3059 Vocata
1823 3017 1902 3064 est

2013 2996 2117 3067 ipsi
2155 2997 2210 3051 in
2241 2997 2470 3068 imperio
2493 2997 2603 3052 ﬁlio
2638 2998 2811 3067 ipsius
2847 2996 3049 3063 Leone,
3084 2998 3195 3053 ﬁlio
3221 2998 3599 3064 Constantini,

319 3095 502 3139 autem
534 3084 668 3141 urbs
727 3085 947 3158 Bagdad
993 3087 1120 3142 ideo
1151 3090 1297 3159 quod
1333 3091 1384 3145 in
1414 3107 1478 3147 ea
1525 3105 1672 3150 esset
1719 3112 1910 3154 mona-

313 3177 454 3232 chus
495 3179 720 3248 quidam
759 3179 980 3234 nomine
1010 3179 1267 3251 Bagdad;
1315 3185 1404 3238 cui
1449 3188 1756 3242 claustrum
1787 3201 1906 3247 erat

311 3265 370 3321 in
404 3277 562 3323 terrae
580 3271 772 3338 amplae
798 3285 860 3325 ac
877 3271 1110 3340 pulchrae
1139 3274 1336 3337 medio,
1363 3277 1453 3344 qui
1477 3276 1632 3332 locus
1652 3295 1774 3333 cum
1803 3281 1904 3338 Abi

308 3357 524 3413 laafaro
553 3361 816 3430 placeret,
854 3367 974 3432 Ipso
1006 3363 1304 3432 delineato,
1352 3368 1405 3421 in
1445 3384 1510 3423 eo
1547 3373 1737 3426 urbem
1771 3389 1907 3428 con-

309 3449 472 3515 didit,
501 3468 622 3521 qua:
659 3453 874 3523 Bagdad
909 3456 1184 3524 appellata
1220 3468 1305 3511 est
1337 3460 1560 3515 nomine
1594 3466 1850 3520 monachi
1883 3483 1896 3528 ;

314 3540 474 3608 quasi
508 3541 656 3595 dicat
687 3558 700 3594 :
742 3541 1023 3598 Exstruxit
1068 3545 1189 3599 Abu
1221 3545 1397 3601 laafar
1432 3550 1620 3605 urbem
1674 3555 1731 3606 in
1783 3555 1901 3610 loco

310 3629 552 3701 Bagdadi
585 3633 866 3688 monachi.
912 3636 1074 3689 Anno
1109 3637 1408 3694 cbalifatus
1440 3639 1541 3694 Abi
1577 3642 1774 3698 laal'ari
1809 3646 1903 3700 Al-

308 3722 560 3779 Ilansuri
592 3727 789 3795 primo,
827 3728 1163 3784 constitutus
1191 3738 1275 3785 est
1305 3730 1699 3802 PrOphylactus
1737 3740 1905 3804 patri-

312 3816 483 3870 archa
508 3819 906 3884 Antiochenus,
930 3822 1032 3890 qui
1065 3836 1238 3877 annos
1261 3824 1565 3878 octodecim
1592 3827 1750 3892 sedit,
1778 3831 1905 3886 dein

308 3917 566 3963 mortuus
613 3917 718 3965 est.
787 3907 1050 3981 Ejusdem
1085 3913 1513 3969 annovicesimo
1557 3918 1903 3976 constitutus

303 4009 395 4054 est
435 4001 760 4058 Theodorus
800 4004 1115 4073 patriarcha
1162 4003 1566 4074 Antiochenus,
1604 4013 1697 4080 qui
1725 4027 1902 4069 annos

304 4092 502 4162 viginti
535 4102 646 4148 tres
673 4096 836 4160 sedit,
872 4097 1000 4152 dein
1043 4108 1297 4153 mortuus
1333 4108 1439 4155 est.
1472 4103 1634 4156 Anno
1665 4103 1900 4160 cbalifa-

306 4194 402 4239 tus
444 4187 692 4256 ejusdem
728 4196 932 4258 quarto
967 4189 1304 4245 constitutus
1341 4205 1426 4246 est
1455 4192 1776 4252 Balatianus
1807 4213 1903 4267 pa-

307 4279 552 4333 triarcha
589 4280 1024 4345 Alexandrinus,
1061 4281 1226 4352 400
1253 4285 1347 4354 qui
1381 4294 1435 4339 et
1474 4288 1722 4344 medicus
1754 4290 1895 4346 fuit:

305 4385 488 4427 annos
540 4375 906 4445 quadraginta
959 4390 1053 4431 sex
1092 4379 1258 4443 sedit,
1308 4377 1436 4434 dein
1494 4390 1745 4438 mortuus
1793 4395 1898 4439 est.

305 4464 479 4520 Anno
516 4464 757 4534 ejusdem
784 4467 961 4535 prino
982 4466 1316 4523 constitutus
1343 4480 1428 4536 est
1459 4469 1781 4527 Theodorus
1805 4489 1900 4544 pa-

303 4559 555 4614 triarcha
601 4557 1298 4627 Constantinopolitanus;
1335 4561 1430 4631 qui
1486 4576 1663 4618 annos
1704 4563 1897 4635 viginti

306 4668 406 4710 sex
443 4652 607 4718 sedit,
639 4651 766 4704 dein
799 4649 956 4705 obiit.
1024 4648 1143 4704 Non
1178 4661 1356 4706 autem
1386 4653 1516 4707 mihi
1552 4655 1696 4710 scire
1759 4673 1896 4712 con-

308 4745 437 4814 tigit
489 4744 713 4798 nomina
765 4743 1203 4812 patriarcharum
1258 4743 1903 4816 Constantinopolitano-

307 4850 428 4889 rnm
461 4849 490 4886 a
524 4841 771 4902 tempore
797 4848 906 4902 quo
940 4842 1194 4888 mortuus
1221 4841 1304 4886 est
1329 4831 1658 4891 Theodorus
1690 4838 1758 4891 ad
1797 4840 1900 4894 hoc

306 4939 483 4994 usque
509 4939 619 4993 quo
653 4924 798 4979 hunc
834 4923 1035 4978 librum
1085 4924 1400 4992 composui,
1437 4936 1493 4979 ut
1529 4942 1632 4981 nec
1664 4930 1902 4997 patriar-

306 5022 538 5073 charum
568 5015 971 5084 Romanorum,
999 5033 1028 5070 a
1063 5025 1310 5086 tempore
1343 5019 1534 5088 Agabii
1571 5021 1900 5088 patriarchae

309 5110 571 5178 Romani;
606 5128 704 5167 nec
736 5111 867 5181 quid
896 5111 963 5167 de
997 5110 1130 5179 ipsis
1161 5121 1438 5167 narretur.
1470 5111 1629 5165 Anno
1658 5114 1897 5167 chalifa-

309 5214 398 5258 tus
443 5204 694 5273 ejusdem
743 5203 1054 5259 AlMansuri
1110 5204 1376 5259 vicesimo
1424 5206 1762 5261 constitutus
1811 5213 1890 5261 est

305 5294 576 5365 Georgius
607 5296 917 5365 patriarcha
967 5295 1538 5368 l‘lierosolymitanus;
1591 5298 1684 5366 qui
1714 5314 1892 5354 annos

306 5388 532 5460 triginta
569 5405 664 5444 sex
701 5389 862 5453 sedit,
899 5390 1025 5442 dein
1072 5401 1327 5446 mortuus
1372 5400 1476 5444 est.
1517 5388 1764 5446 Mortuus
1797 5400 1884 5446 est

304 5479 474 5533 etiam
493 5479 791 5535 Artabatus
813 5478 1184 5533 Romanorum
1214 5479 1537 5547 imperator,
1563 5490 1690 5548 post
1724 5495 1888 5549 quem

306 5572 503 5628 iisdem
532 5570 816 5641 imperavit
850 5569 1244 5626 Constantinus
1279 5569 1424 5625 ﬁlius
1461 5569 1686 5627 Leonis.
1716 5569 1888 5626 Porro

2011 3086 2109 3142 ﬁlii
2165 3086 2383 3143 Leonis.
2433 3087 2559 3144 Fuit
2601 3099 2783 3144 autem
2830 3089 3101 3145 AlMebdii
3161 3090 3457 3146 chalifatus
3498 3106 3598 3150 au-

2010 3194 2206 3234 norum
2250 3182 2438 3236 decem
2497 3198 2628 3238 cum
2685 3198 2875 3238 mense
2912 3191 2968 3238 et
3035 3182 3313 3238 sexdecim
3374 3185 3596 3241 diebus.

2009 3271 2156 3327 Obiit
2183 3287 2371 3328 mense
2405 3273 2716 3329 Mobarram
2749 3275 2877 3328 anni
2907 3273 3084 3344 llejrm
3116 3275 3404 3329 centesimi
3438 3291 3596 3331 sexa-

2005 3365 2199 3434 gesimi
2276 3369 2426 3433 noni,
2536 3383 2662 3422 cum
2725 3383 2994 3422 annorum
3055 3378 3199 3424 esset
3227 3368 3448 3436 triginta
3492 3384 3598 3422 no-

2003 3471 2150 3520 vem,
2204 3456 2364 3527 idque
2413 3457 2466 3510 in
2522 3457 2645 3514 vico
2703 3458 2850 3512 dicto
2895 3457 3088 3514 Alltud
3121 3476 3150 3514 e
3205 3468 3347 3514 terra
3380 3459 3599 3516 Masab—

2000 3543 2131 3606 dan,
2165 3544 2256 3598 ubi
2285 3553 2340 3598 et
2375 3544 2626 3615 sepultus
2659 3556 2764 3602 est.
2799 3545 2924 3602 Fuit
2959 3550 3100 3602 idem
3138 3549 3299 3615 facie,
3337 3566 3592 3620 corpore,

2002 3645 2055 3690 et
2077 3643 2285 3690 statura
2307 3638 2572 3704 pulchris,
2604 3638 2656 3692 in
2681 3638 2843 3693 oculo
2879 3640 3071 3696 dextro
3096 3639 3406 3711 albuginem
3430 3643 3596 3715 404

2007 3725 2238 3783 habens.
2271 3728 2610 3785 Satellitibus
2639 3732 2812 3800 ipsius
2837 3733 3128 3802 praefectus
3170 3734 3272 3789 fuit
3295 3734 3404 3792 Nas
3472 3737 3588 3793 Ebn

2007 3816 2230 3881 Nosair,
2289 3818 2405 3872 Ebn
2464 3819 2657 3885 Maleo,
2713 3820 3085 3891 Cbozaensis;
3147 3841 3325 3894 eoque
3377 3837 3597 3883 mortuo

2009 3907 2252 3964 Hamzab
2304 3908 2421 3963 Ebn
2465 3909 2658 3974 Malec,
2711 3911 2826 3966 Ebn
2879 3914 3195 3982 Abdollahi,
3235 3917 3352 3972 Ebn
3400 3919 3592 3975 Maleo.

2002 3997 2213 4055 Janitor
2261 4001 2435 4068 ipsius
2485 4001 2760 4058 Alllabius
2803 4004 3034 4060 libertus
3070 4007 3288 4076 ipsius:
3323 4008 3449 4064 dein
3498 4011 3594 4065 Al-

2005 4090 2206 4146 llosaia
2241 4093 2362 4147 Ebn
2396 4091 2614 4148 Rasbed
2655 4095 2888 4151 libertus
2919 4097 3116 4166 ipsius.

2407 4183 2714 4254 Chalifatus
2754 4184 2921 4240 Musa:
2952 4186 3192 4243 AllIadi.

2079 4271 2295 4328 Mortuo
2342 4274 2633 4332 Alit-Iohdio
2677 4278 2732 4332 in
2777 4278 2972 4334 AIRud
3017 4281 3260 4351 regionis
3293 4281 3591 4344 ldosabdan

1929 4346 1981 4406 D
2008 4367 2234 4436 oppido,
2265 4369 2526 4425 suffectus
2552 4379 2635 4427 est
2664 4371 2815 4427 Musa
2853 4346 3030 4428 Ebnol
3057 4346 3266 4440 ldobdi,
3298 4378 3385 4432 cui
3419 4391 3596 4436 mater

2006 4462 2340 4526 concubina,
2395 4463 2615 4518 nomine
2663 4464 3054 4532 Alchizaram,
3111 4467 3215 4520 ﬁlia
3268 4470 3385 4522 Alae
3431 4480 3594 4527 natus

2004 4553 2168 4608 λοι-[ω
2188 4570 2217 4608 e
2237 4556 2461 4624 regione
2493 4555 2725 4613 Yaman.
2755 4557 2877 4612 Fuit
2906 4571 3087 4614 amem
3115 4558 3266 4615 Musa
3289 4561 3518 4618 AlHadii
3542 4569 3592 4621 in

2009 4647 2227 4717 regione
2259 4645 2449 4719 Jurjan
2484 4650 2623 4705 bello
2667 4649 2858 4706 Madar
2902 4650 3177 4708 Hormon
3219 4655 3445 4712 domino
3483 4657 3592 4711 Ta-

2005 4738 2282 4814 barcstani
2334 4741 2620 4798 inferendo
2669 4753 2994 4814 occupatus.
3034 4743 3422 4803 Jnramentum
3455 4766 3590 4819 ergo

2002 4837 2281 4893 ﬁdelitatis
2330 4853 2457 4909 erga
2503 4837 2740 4894 fratrem
2773 4855 2934 4895 suum
2989 4840 3058 4896 ab
3096 4843 3166 4897 iis
3210 4843 3300 4912 qui
3361 4845 3592 4899 aderant

2003 4924 2375 4994 Hashemidis,
2411 4930 2757 5001 ducibusque
2794 4933 2910 4987 suis
2950 4933 3132 5004 exegit
3169 4933 3357 4990 Harun
3387 4936 3587 4991 lilohdii

2005 5016 2176 5084 ﬁlius,
2210 5020 2376 5076 misso
2427 5019 2693 5077 Salmatol
2736 5022 2963 5092 Wasiph
2999 5023 3201 5081 Mohdii
3231 5027 3450 5089 liberto.
3490 5029 3586 5096 qui

1999 5114 2211 5168 veredis
2231 5114 2520 5183 praefectus
2545 5124 2686 5179 erat,
2710 5133 2820 5186 quo
2846 5119 3099 5174 nuntium
3131 5121 3198 5174 ad
3222 5120 3433 5176 Musam
3465 5137 3588 5189 per-

1983 5205 2182 5270 ferret,
2221 5223 2587 5276 reversusque
2642 5221 2727 5265 est
2787 5211 2972 5266 llaruu
3006 5211 3180 5267 Ebnol
3225 5212 3411 5267 Mohdi
3459 5227 3582 5266 cum

1995 5297 2227 5353 ducibus
2251 5298 2587 5369 Bagdadum,
2609 5303 2780 5358 donec
2837 5303 3117 5358 adveniret
3167 5303 3320 5357 Musa
3353 5302 3583 5360 AlHadi.

1993 5390 2117 5446 Fuit
2139 5390 2435 5447 cbalil‘atns
2465 5394 2640 5461 ipsius
2672 5395 2939 5449 mensium
2972 5394 3410 5464 qualuordecim.
3433 5396 3585 5450 Obiit

1993 5494 2175 5537 autem
2209 5483 2362 5540 Musa
2419 5485 2626 5541 Allladi
2663 5495 2821 5542 extra
2876 5486 3196 5556 Bagdadum
3253 5487 3374 5542 loco
3417 5502 3580 5558 quem

1993 5575 2184 5631 lsabad
2224 5586 2456 5642 vocant;
2489 5579 2801 5649 ibidemque
2839 5578 3113 5648 sepultus,
3147 5594 3273 5634 cum
3303 5595 3578 5636 annorum

311 5665 804 5739 peregrinationem
853 5666 1089 5722 instituit
1150 5663 1446 5721 Allllansur
1507 5681 1651 5724 anno
1711 5663 1887 5739 Hejra:
1990 5675 2136 5727 esset
2161 5667 2348 5740 viginti
2383 5674 2668 5741 quinque:
2706 5667 2936 5741 pulcher
2973 5669 3100 5742 fuit,
3131 5686 3324 5742 eques,
3345 5687 3583 5746 corpore

1443 5753 1479 5768 α.
