4014 6218
438 337 570 404 1131

1472 335 1838 399 EU'I‘YCHII
1880 328 2415 394 ALEXANDRINI
2456 332 2675 397 PATR.

3561 332 3695 398 1132

434 458 649 524 quoties
707 451 871 506 fuerit
904 451 1105 505 festum
1162 451 1523 521 quadraginta
1582 458 1904 517 martyrum,
1940 445 2090 505 fe-A
2121 444 2390 513 quispiam
2446 462 2553 500 una
2593 457 2819 515 excepta
2868 447 2999 511 tilia,
3057 460 3221 516 quam
3273 447 3533 502 demenso
3588 449 3692 504 isto

431 555 573 599 stum
623 544 688 597 iis
723 543 1024 610 celebrant.
1076 541 1326 612 Cumque
1355 541 1468 611 jam
1509 540 1831 609 perfecisset
1860 537 2012 590 'l‘ho-

434 654 550 691 mas
602 636 917 705 patriarcha
973 636 1435 690 instaurationem
1487 631 1654 704 525
1716 629 2012 687 testudinis

432 726 748 800 [immissis]
801 727 988 796 tignis,
1044 740 1279 796 eamque
1314 734 1367 780 et
1406 725 1660 796 superius
1695 732 1748 779 et
1780 722 2011 777 inferius

432 821 819 882 iucrustasset,
862 816 1150 872 aedificavit
1206 824 1375 887 s’upra
1408 816 1736 870 testudinem
1792 814 1953 868 istam
1982 827 2011 867 e

429 911 593 980 lignis
624 919 677 963 et
710 909 892 973 aliam,
954 923 1021 964 eo
1056 909 1197 963 inter
1232 909 1381 979 ipsas
1435 906 1624 962 relicto
1674 906 1854 975 spatio
1903 918 2012 974 quo

427 1002 679 1058 incedere
707 1000 835 1071 quis
869 1002 1069 1071 possit.

496 1095 634 1148 Cum
674 1106 806 1159 ergo
835 1107 901 1145 ex
948 1093 1183 1164 [Egypto
1239 1100 1610 1147 reverteretur
1641 1087 1814 1144 Obaid
1848 1088 2007 1142 Allah

425 1188 543 1241 Ehn
607 1184 866 1243 Tdhaher
926 1182 1241 1254 Bagdadum
1301 1181 1558 1245 tendens,
1608 1180 1887 1250 querelam
1939 1179 2004 1232 ad

425 1280 605 1350 ipsum
654 1278 970 1335 detulerunt
1006 1276 1333 1341 Moslemini,
1360 1273 1705 1330 Christianos
1733 1280 2006 1342 trangres-

424 1388 539 1435 sos,
577 1371 712 1427 illud
745 1370 890 1441 quod
942 1384 1048 1424 non
1102 1369 1294 1424 liceret
1325 1368 1462 1438 ipsis
1498 1364 1722 1426 fecisse,
1781 1362 2005 1416 testudi~

424 1480 549 1519 nem
606 1464 855 1519 ecclesiae
914 1460 1359 1517 Resurrectionis
1413 1460 1735 1526 diruentes;
1774 1468 2005 1525 eamque

422 1570 545 1609 cum
578 1570 743 1624 parva
792 1563 963 1619 esset,
999 1564 1294 1623 augentes,
1329 1553 1467 1609 adeo
1524 1561 1579 1605 ut
1629 1564 1791 1620 quam
1842 1554 2003 1602 antea

423 1647 602 1701 fuerat
640 1647 814 1715 major
868 1645 1124 1702 evaderet
1158 1660 1212 1700 et
1243 1645 1575 1699 testudinem
1613 1642 1787 1696 Petrae
1819 1640 2006 1694 altitu-

421 1738 550 1793 dine
584 1748 893 1808 superaret.
935 1737 1260 1793 Obaidallah
1316 1752 1449 1807 ergo
1490 1736 1823 1790 accersitum
1857 1730 2004 1787 Tho-

420 1844 565 1882 mam
617 1831 1010 1899 patriarcham,
1071 1831 1323 1897 aliosque
1371 1844 1494 1883 cum
1552 1844 1617 1883 eo
1670 1826 1896 1890 multos,
1947 1824 2002 1879 in

419 1935 696 1975 carcerem
731 1922 990 1989 conjecit,
1026 1921 1167 1974 hanc
1206 1921 1260 1975 in
1297 1935 1407 1974 rem
1443 1920 1833 1989 inquisiturus,
1867 1927 1926 1971 ut
1957 1915 2003 1971 si

418 2031 609 2070 verum
644 2019 1047 2085 comperiretur
1101 2015 1235 2069 illud
1285 2014 1447 2081 cujus
1498 2012 1801 2067 insimulati
1851 2019 2001 2074 sunt,

418 2106 604 2178 flagris
638 2107 784 2175 ipsos
818 2106 1075 2161 caederet.
1127 2105 1207 2159 Ad
1235 2121 1374 2174 quos
1409 2120 1539 2173 ergo
1573 2118 1797 2157 carcere
1829 2102 2005 2156 inclu-

418 2214 512 2253 sos
548 2206 714 2253 noctu
748 2197 1017 2254 accedens
1055 2213 1224 2253 senex
1279 2196 1502 2268 quidam
1557 2194 2002 2256 Mohammedita,

418 2287 643 2344 Thoma:
671 2289 1000 2359 patriarcha:
1027 2288 1109 2344 sic
1136 2288 1277 2343 dixit
1306 2305 1319 2342 :
1367 2287 1479 2356 Ego
1529 2289 1829 2343 educturus
1877 2301 1998 2341 sum

420 2391 471 2435 te
525 2388 934 2451 argumentum,
989 2395 1101 2451 quo
1129 2388 1181 2435 et
1234 2388 1289 2435 tu
1325 2389 1378 2435 et
1410 2380 1641 2435 comites
1674 2380 1750 2433 tui
1785 2378 1999 2434 evasuri

417 2474 573 2536 estis,
607 2472 908 2527 auxiliante
942 2472 1074 2541 Deo,
1128 2488 1229 2528 nec
1285 2490 1392 2528 non
1426 2482 1479 2527 et
1511 2473 1763 2539 testudo;
1812 2485 1877 2526 eo
1904 2486 2000 2541 pa-

417 2578 529 2633 cto,
563 2569 609 2623 si
640 2569 773 2623 mihi
807 2569 1080 2638 spondeas
1123 2568 1382 2624 daturum
1433 2582 1482 2624 te
1518 2568 1649 2622 mihi
1705 2567 1855 2622 mille
1899 2582 2001 2622 au-

418 2676 561 2726 reos,
592 2661 838 2733 mihique
884 2670 937 2717 et
960 2661 1147 2719 liberis
1192 2663 1328 2718 meis
1354 2662 1763 2731 liberorumque
1799 2659 2004 2724 liberis,

429 2751 606 2807 donec
679 2752 970 2818 deficiant,
1037 2755 1093 2808 in
1160 2762 1483 2823 perpetuum
1556 2753 1864 2807 exhibitam
1937 2750 2004 2805 iri

416 2842 735 2898 demensum
795 2859 863 2899 ex
913 2843 1076 2915 hujus
1124 2845 1416 2901 testudinis
1463 2846 1750 2906 reditibus,
1814 2858 2001 2913 quem-

424 2934 714 2988 admodum
809 2936 1189 2991 sacerdotibus
1244 2945 1299 2991 et
1373 2935 1645 2991 diaconis.
1732 2932 2003 2989 Promisit

417 3040 546 3095 ergo
582 3025 686 3095 ipsi
747 3024 990 3083 Thomas
1042 3027 1356 3097 patriarcha
1411 3029 1594 3083 omnia
1642 3041 1762 3098 quae
1816 3025 1991 3096 petiit,

2114 537 2346 603 privavit
2378 537 2524 592 Elias
2557 535 2673 591 Ebn
2703 536 2927 592 Mansur
2956 537 3268 606 patriarcha
3300 537 3690 610 Hierosolymi-

2115 638 2297 683 tanus.
2338 626 2550 681 Mortuo
2583 636 2762 683 autem
2788 628 2996 683 Thoma
3030 628 3364 696 patriarcha,
3403 629 3692 699 praefectus

2111 729 2195 773 est
2227 727 2352 788 post
2404 721 2579 789 ipsum
2630 720 2935 790 discipulus
2970 722 3166 790 ipsius,
3203 722 3421 777 nomine
3456 721 3694 789 Basilah,

2112 806 2504 879 Hierosolymis
2557 810 2915 879 patriarcha:
2983 811 3147 879 idque
3200 827 3345 865 anno
3400 814 3696 868 chahfatus

2112 897 2455 955 AlMamunis
2505 902 2736 971 septimo
2764 918 2778 962 ;
2811 902 3127 957 cathedram
3185 910 3365 957 autem
3403 906 3695 973 occupavit

2112 989 2335 1044 Basilah
2368 1006 2546 1048 annos
2579 993 2767 1063 viginti
2818 994 3089 1064 quinque,
3142 994 3268 1049 dein
3317 998 3477 1051 obiit.
3533 999 3695 1051 Anno

2108 1080 2288 1149 primo
2324 1081 2618 1137 chalifatus
2668 1083 3006 1140 AlMatnunis
3031 1087 3361 1142 constitutus
3394 1088 3487 1142 Iob
3520 1090 3685 1157 patri-

2106 1172 2273 1226 archa
2307 1172 2701 1239 Antiochenus,
2739 1178 2829 1246 qui
2854 1192 3028 1233 annos
3059 1179 3278 1247 triginta
3305 1196 3476 1234 unum
3522 1183 3691 1237 sedit.

2182 1261 2459 1319 Reversus
2491 1277 2670 1322 autem
2698 1268 3018 1323 Obaidollah
3046 1270 3162 1325 Ebn
3187 1270 3464 1327 Tdhaheri
3492 1272 3685 1344 Bagda-

2109 1359 2260 1423 dum,
2315 1359 2383 1413 ad
2424 1360 2833 1427 Almamunem,
2884 1364 3160 1431 quomodo
3202 1380 3261 1421 se
3297 1367 3561 1424 haberent
3608 1385 3695 1425 res

2103 1451 2157 1506 in
2196 1450 2455 1523 Egypto,
2483 1453 2724 1523 quidque
2761 1454 2832 1509 ihi
2886 1457 3094 1527 egisset
3127 1473 3237 1527 quo
3285 1473 3406 1512 eam
3459 1459 3512 1513 in
3542 1461 3694 1514 ordi-

2101 1562 2225 1603 nem
2262 1548 2569 1618 redigeret,
2607 1550 2708 1618 ipsi
2746 1549 3031 1606 indicavit.
3066 1550 3199 1607 Post
3236 1552 3350 1607 haec
3379 1556 3693 1614 tumultuati

2106 1651 2240 1698 sunt
2266 1643 2330 1695 Al
2357 1642 2617 1697 Bimaida:
2638 1684 2651 1707 ,
2697 1654 2754 1697 ut
2780 1644 3089 1715 Cophtitice
3116 1645 3398 1710 dicuntur,
3425 1648 3581 1717 cujus
3613 1649 3695 1703 ius

2112 1736 2428 1805 terpretatio
2460 1745 2544 1790 est
2571 1733 2868 1804 Progenies
2891 1738 3391 1808 quadragenorum,
3422 1741 3688 1810 siquidem

2108 1819 2340 1879 Romani
2388 1839 2513 1880 cum
2565 1824 2804 1896 :Egypto
2832 1828 3179 1884 discederent
3230 1841 3539 1901 occupante
3568 1847 3689 1887 eam

2106 1916 2372 1986 religione
2402 1915 2860 1985 Mohummedica,
2910 1919 3088 1976 relicti
3121 1931 3250 1977 sunt
3293 1937 3358 1977 ex
3408 1923 3547 1993 ipsis
3586 1920 3690 1977 viri

2105 2008 2493 2078 quadraginta,
2513 2011 2604 2081 qui
2636 2012 2820 2067 liberis
2849 2012 2919 2067 ibi
2945 2013 3143 2082 genitis
3172 2015 3513 2085 multiplicati
3540 2028 3689 2080 sunt;

2104 2110 2271 2170 atque
2307 2101 2358 2154 in
2388 2100 2649 2158 inferiore
2686 2112 2844 2158 terra:
2881 2102 3220 2177 Egyptiaca:
3252 2116 3407 2177 parte
3430 2110 3693 2178 progenie

2105 2192 2276 2256 aucti,
2315 2194 2568 2263 appellati
2598 2204 2728 2249 sunt
2764 2195 2959 2263 Bimai,
3012 2199 3065 2252 id
3098 2207 3183 2254 est
3210 2198 3576 2271 Quadraginta
3610 2202 3690 2254 vi-

2108 2298 2295 2339 rorum
2329 2286 2634 2355 progenies.
2676 2288 2741 2342 lli
2790 2289 2957 2357 igitur
3007 2290 3237 2347 rebelles
3278 2289 3407 2346 facti
3455 2290 3687 2362 vectigal

2100 2384 2155 2430 ct
2181 2378 2441 2431 tributum
2478 2379 2714 2449 pendere
2768 2382 3081 2436 noluerunt.
3116 2382 3272 2449 Quod
3312 2399 3439 2437 cum
3472 2383 3534 2438 Al
3570 2383 3679 2436 Ma-

2113 2470 2264 2523 ruuui
2320 2472 2625 2526 nuntiatum
2655 2483 2819 2541 esset,
2852 2475 3002 2531 misit
3033 2476 3124 2531 ille
3148 2476 3572 2531 Almotasemum
3600 2490 3689 2530 co-

2103 2562 2206 2629 piis
2234 2566 2560 2617 instructum
2610 2564 2660 2617 iu
2692 2565 3011 2638 A‘lgyptum,
3037 2582 3201 2637 quem
3251 2583 3432 2638 pugna
3462 2582 3685 2635 excepe-

2107 2661 2235 2707 runt
2266 2653 2328 2706 Al
2356 2654 2628 2718 Bimaidte,
2666 2666 2725 2710 ut
2769 2665 2824 2712 et
2872 2657 2987 2726 ipse
3022 2656 3184 2724 illos;
3220 2672 3359 2727 quos
3406 2668 3459 2712 et
3496 2672 3685 2727 magna

2108 2743 2351 2813 ipsorum
2398 2753 2582 2818 strage
2612 2747 2758 2801 edita
2816 2749 2870 2802 in
2920 2747 3103 2818 fugam
3150 2747 3298 2804 dedit
3352 2749 3688 2819 letuinasquc

2104 2835 2375 2904 ipsorum,
2427 2846 2480 2892 et
2516 2837 2720 2893 liberos
2773 2838 3089 2911 Bagdadum
3145 2842 3390 2911 captivos
3438 2843 3685 2909 abduxit,

2109 2941 2219 2996 quo
2248 2927 2597 3001 429.531
2625 2946 2871 2987 reversus
2894 2939 2978 2987 est
3005 2941 3294 3002 postquam
3320 2931 3609 3004 Egyptum
3631 2936 3684 2988 in

2103 3023 2349 3077 ordinem
2388 3024 2685 3094 redegerat.
2739 3024 2876 3078 Tum
2908 3032 2963 3079 et
3002 3025 3118 3095 ipse
3166 3026 3231 3079 Al
3265 3024 3483 3080 Mamun
3513 3028 3682 3081 comi-

416 3116 669 3185 idemque
699 3120 906 3189 scripto
939 3134 1043 3176 suo
1078 3120 1183 3191 ipsi
1244 3130 1485 3177 testatus
1518 3130 1620 3175 est.
1657 3119 1803 3176 Dixit
1833 3120 1997 3190 igitur
2026 3133 2073 3195 ο
2104 3121 2257 3169 tante
2307 3114 2373 3168 Al
2421 3113 2723 3170 Motasenzo
2774 3118 2827 3169 iu
2885 3114 3182 3187 Egyptum
3232 3117 3513 3187 profeetus
3565 3130 3684 3185 est,

414 3208 488 3262 illi
519 3226 532 3264 :
581 3208 684 3264 Ubi
738 3220 790 3267 te
818 3211 1215 3267 accersiveriut
1247 3228 1311 3268 ac
1345 3212 1667 3268 testimonia
1695 3222 1892 3268 contra
1938 3220 1993 3267 te

413 3301 762 3368 protulerint,
810 3300 1172 3376 525-527
1224 3305 1306 3360 sic
1353 3304 1540 3360 dicas:
1610 3302 1800 3360 Servet
1849 3304 1994 3360 Deus

416 3394 829 3464 imperatorem,
863 3405 1011 3452 certe
1049 3400 1401 3468 reparatione
1435 3414 1575 3466 opus
1606 3398 1803 3452 habuit
1839 3397 1995 3452 locus

417 3486 638 3554 quidam
673 3487 726 3540 in
781 3488 1075 3552 testudine,
1118 3505 1328 3559 egoque
1373 3504 1498 3543 eum
1559 3488 1886 3553 iustauravi,
1920 3489 1994 3542 ita

418 3585 476 3629 ut
540 3578 678 3631 nihil
736 3578 955 3633 interim
1004 3580 1300 3643 dirucrim,
1336 3579 1468 3633 nihil
1529 3579 1859 3635 addiderim.
1912 3579 1991 3634 Illi

414 3677 596 3722 autem
633 3671 727 3737 qui
766 3671 1147 3724 teStimouium
1200 3672 1489 3741 perhibent
1524 3683 1714 3728 contra
1771 3688 1858 3728 me
1910 3683 1991 3728 te-

414 3768 629 3814 stantur
690 3760 1018 3816 testudinem
1076 3762 1339 3817 minorem
1399 3762 1574 3819 fuisse
1626 3779 1793 3835 quam
1844 3779 1991 3820 nunc

413 3860 516 3915 est,
553 3865 746 3920 meque
775 3850 823 3905 ei
849 3850 1124 3907 addidisse
1159 3870 1174 3918 ;
1206 3856 1506 3925 interroget
1535 3870 1665 3926 ergo
1706 3857 1859 3926 ipsos
1890 3857 1989 3911 im-

413 3954 649 4011 perator,
683 3952 885 4012 quanta
923 3942 1088 3998 fuerit
1133 3944 1426 4001 testudinis
1468 3962 1648 4016 parva:
1678 3961 1862 4017 quam,
1908 3948 1989 4001 uti

413 4045 719 4101 autumant,
749 4035 921 4101 dirui,
953 4040 1233 4092 crassities
1267 4049 1581 4108 quantaque
1612 4038 1774 4107 hujus
1824 4053 1988 4108 quam

411 4130 654 4184 exsrruxi
698 4141 864 4199 atque
914 4131 1234 4200 ampliorem
1268 4128 1395 4195 feci,
1440 4146 1550 4201 quo
1579 4132 1718 4186 sciat
1749 4132 1989 4201 impera-

411 4229 498 4273 tor
531 4230 795 4291 quantum
844 4223 914 4277 sit
961 4223 1104 4277 inter
1154 4229 1443 4292 utramque
1496 4238 1527 4277 a
1579 4238 1665 4278 me
1720 4222 1985 4278 additum.

411 4316 597 4387 Neque
630 4320 773 4373 enim
810 4334 1049 4388 unquam
1100 4324 1205 4375 hoc
1236 4319 1381 4374 scire
1415 4329 1671 4389 possunt.
1728 4318 1824 4374 Die
1858 4334 1988 4387 ergo

412 4410 654 4463 crastino
681 4410 964 4465 accersitis
993 4409 1207 4465 Thoma
1247 4411 1566 4481 patriarcha
1606 4419 1661 4467 et
1690 4410 1986 4466 comitibus

2104 3224 2335 3280 eamque
2365 3208 2757 3278 ingressusdie
2782 3208 3033 3274 Veneris,
3068 3211 3271 3266 mensis
3296 3211 3359 3265 Al
3381 3211 3682 3266 llaharram

2102 3315 2277 3365 nono,
2306 3315 2450 3355 anno
2490 3298 2665 3370 llejrae
2691 3301 3066 3357 ducentesimo
3095 3304 3309 3358 decimo
3337 3305 3581 3373 septimo,
3616 3318 3687 3359 ac

2104 3390 2281 3460 primo
2307 3389 2513 3445 mensis
2545 3388 2758 3459 Saphar
2785 3391 2850 3445 ad
2884 3391 2948 3445 Al
2974 3390 3249 3447 Bimaidas
3274 3392 3539 3461 profectus
3565 3401 3677 3459 est;

2104 3481 2227 3537 dein
2265 3482 2334 3537 ab
2366 3482 2499 3552 ipsis
2532 3497 2788 3537 reversus
2845 3482 3101 3539 Metsram
3150 3495 3205 3539 et
3237 3483 3556 3539 Phustatum
3592 3486 3682 3537 in-

2102 3590 2326 3645 gressus
2378 3588 2464 3631 est
2511 3575 2600 3631 die
2653 3575 2903 3641 Sabbati,
2937 3576 3143 3631 mensis
3199 3578 3415 3648 Saphar
3466 3579 3683 3633 decimo

2101 3676 2321 3733 quarto,
2352 3675 2514 3738 atque
2548 3684 2614 3724 ex
2649 3667 2883 3739 {Egypto
2916 3669 3180 3727 discessit
3205 3688 3392 3727 mense
3422 3674 3483 3724 AI
3512 3670 3683 3726 Rabia

2100 3761 2267 3829 priori
2298 3760 2538 3828 ejusdem
2586 3762 2738 3816 anni.
2769 3762 2907 3816 Cum
2944 3773 3127 3817 autem
3161 3762 3216 3816 in
3264 3762 3558 3833 Egyptum
3592 3779 3687 3817 ve-

2101 3851 2271 3906 nisset
2308 3853 2371 3905 Al
2418 3851 2661 3918 Mamun,
2706 3854 2899 3908 turrim
2939 3854 3047 3909 sibi
3081 3855 3356 3909 exstruxit
3392 3855 3446 3909 in
3496 3864 3685 3911 monte

2096 3942 2160 3995 Al
2190 3940 2507 4005 Mokattam,
2534 3942 2596 3996 in
2629 3958 2736 4013 qua
2786 3943 2947 4009 sedit,
2984 3945 3366 4016 appellataque
3405 3954 3490 4001 est
3535 3945 3684 3999 Koh-

2096 4033 2246 4090 batol
2286 4033 2454 4090 Hawa
2505 4033 2701 4107 [turris
2737 4035 3047 4109 desiderii].
3096 4038 3339 4094 Aderant
3386 4050 3565 4092 autem
3613 4038 3685 4092 Al

2096 4126 2338 4183 Mamuni
2369 4128 2697 4183 cubicularii
2726 4129 2837 4183 duo
2875 4129 3197 4195 Christiani,
3235 4132 3331 4202 qui
3366 4146 3490 4186 cum
3518 4134 3687 4203 longe

2095 4219 2354 4275 abessent
2411 4220 2662 4276 ecclesia
2684 4236 2808 4291 quae
2840 4221 2896 4276 in
2928 4221 3133 4292 palatio
3163 4232 3341 4289 erant,
3370 4225 3583 4295 capiam
3608 4228 3686 4280 ab

2094 4309 2157 4363 ΔΙ
2188 4307 2441 4365 Mamune
2472 4311 2834 4381 impetrarunt
2861 4313 3151 4369 ecclesiam
3184 4316 3236 4369 in
3263 4331 3368 4385 qua
3396 4332 3554 4371 orare
3578 4332 3685 4387 po-

2093 4410 2302 4466 terant,
2353 4402 2680 4469 aedilicandi,
2733 4419 2856 4475 quae
2905 4420 2937 4459 a
2982 4405 3240 4462 Kobbatil
3288 4406 3453 4463 Hawa
3512 4423 3691 4479 prope

412 4501 608 4570 ipsius,
666 4503 896 4557 aderam
951 4503 1114 4558 etiam
1176 4502 1463 4569 Μοειοηιίί,
1503 4504 1595 4574 qui
1632 4504 1813 4559 ιεειειί
1871 4511 1997 4559 sum
2030 4486 2073 4541 D
2103 4492 2359 4547 abesset:
2391 4494 2538 4563 quod
2577 4495 2671 4549 illo
2704 4496 2839 4565 ipsis
2882 4499 3239 4565 concedente,
3287 4508 3686 4558 exstruxerunt

416 4604 631 4647 auctam
669 4593 841 4649 fuisse.
875 4596 1228 4658 testudinem,
1263 4605 1450 4651 contra
1482 4610 1620 4666 quos
1648 4610 1714 4651 eo
1738 4611 1869 4651 usus
1909 4605 1993 4650 est

414 4690 741 4751 argumento
775 4682 1034 4739 Thomas.
1097 4683 1243 4739 Dixit
1290 4685 1454 4755 igitur
1492 4687 1626 4757 ipsis
1661 4686 1987 4742 Obaidollah

413 4771 527 4827 Ebu
578 4770 887 4828 Tdhaheri:
922 4775 1119 4830 Verum
1154 4786 1239 4833 est
1292 4778 1435 4848 quod
1487 4779 1796 4849 praetendit,
1838 4782 1985 4849 quod

2090 4584 2380 4640 ecclesiam
2418 4586 2634 4641 Sanctae
2674 4587 2880 4655 Mariae,
2939 4606 3060 4660 quae
3097 4592 3250 4662 juxta
3300 4603 3517 4663 pontem
3560 4603 3673 4657 est,

2090 4685 2254 4746 atque
2283 4677 2444 4732 hodie
2475 4679 2781 4748 appellatur
2810 4681 3055 4737 Ecclesia
3098 4682 3497 4749 Romanorum,
3546 4701 3679 4742 cum

2089 4777 2247 4822 antea
2290 4780 2581 4825 vocaretur
2626 4771 2872 4828 Ecclesia
2907 4774 3143 4829 duorum
3179 4775 3681 4833 cubiculariorum.

411 4874 464 4918 et
494 4879 592 4918 nos
627 4864 729 4933 ipsi
782 4865 1247 4924 confirmabimus.
1311 4868 1552 4926 lndicate
1604 4871 1736 4926 mihi
1790 4881 1993 4940 quanta
2087 4860 2284 4915 Fertur
2314 4863 2463 4931 ipsos
2490 4876 2609 4918 eam
2637 4867 2980 4922 exstruxisse
3012 4867 3261 4937 reliquiis
3285 4869 3501 4924 aedificii
3530 4868 3685 4923 Kob-

410 4964 530 5010 erat
566 4955 862 5014 testudinis
901 4967 1191 5029 antequam
1244 4960 1423 5015 diruta
1480 4961 1606 5027 fuit,
1659 4964 1993 5019 crassities?

411 5058 723 5118 quantaque
798 5049 899 5103 hoc
950 5051 1241 5119 tempore?
1294 5050 1772 5123 Respondentibus
1812 5054 1987 5123 ipsis:

415 5141 521 5194 Nos
553 5142 657 5194 hoc
687 5139 1118 5209 explorabimus,
1174 5142 1479 5210 dissolutus
1532 5151 1616 5198 est
1671 5158 1987 5207 consessus,

410 5231 802 5303 profectusque
832 5241 914 5288 est
943 5231 1266 5287 Obaidallah
1301 5233 1418 5288 Ebn
1472 5233 1730 5290 Tdhaher
1790 5234 1986 5288 Dama-

410 5340 562 5380 scum
589 5342 603 5379 :
641 5322 881 5381 Thomas
907 5334 1089 5381 autem
1114 5325 1449 5395 patriarcha,
1476 5334 1529 5381 et
1556 5327 1783 5383 comites
1816 5327 1986 5396 ipsius

411 5416 787 5488 Hierosolyma
868 5419 1077 5474 reversi
1140 5425 1267 5473 sunt
1329 5418 1531 5488 gaudio
1575 5418 1776 5481 allecti.
1830 5418 1985 5474 Dedit

410 5521 539 5575 ergo
574 5507 814 5564 Thomas
845 5509 1156 5579 patriarcha
1198 5510 1337 5578 [seni
1388 5508 1479 5564 isti
1533 5508 1985 5566 Mohammedano

410 5595 558 5648 mille
591 5611 817 5663 aureos;
853 5615 955 5656 nec
984 5601 1265 5657 desierunt
1293 5599 1541 5656 exhiberi
1592 5600 1693 5669 ipsi
1725 5599 1982 5656 demensa

411 5695 470 5739 et
512 5696 635 5754 post
690 5689 867 5756 ipsum
915 5692 1100 5749 liberis
1149 5694 1342 5763 ipsius,
1397 5708 1500 5749 nec
1530 5707 1640 5747 non
1683 5692 1980 5748 liberorum

407 5776 619 5844 liberis,
684 5779 859 5835 donec
918 5782 1064 5839 haud
1128 5795 1444 5857 superesset
1505 5800 1571 5842 ex
1642 5785 1778 5857 ipsis
1814 5783 1981 5857 428

2089 4953 2227 5008 batil
2281 4952 2473 5009 Hawa.
2531 4952 2815 5011 Exstruxit
2868 4957 3030 5013 etiam
3074 4958 3374 5015 AlMamun
3434 4963 3488 5017 in
3539 4964 3679 5017 Said

2087 5045 2310 5117 regione
2335 5044 2655 5117 Egyptiaca
2687 5048 3019 5114 columnam,
3052 5067 3162 5121 quo
3188 5052 3547 5120 dignoscatnr
3568 5054 3681 5109 Nili

2084 5141 2510 5204 incrementum,
2546 5141 2675 5194 loco
2722 5142 2815 5210 qui
2853 5139 3058 5198 Shurat
3108 5149 3416 5215 appellatur
3466 5150 3517 5201 iu
3553 5149 3683 5203 vico

2095 5228 2429 5285 Babanudah
2471 5230 2643 5286 dicto.
2691 5231 3023 5290 instauravit
3083 5235 3226 5291 idem
3272 5253 3587 5295 mensuram
3616 5240 3683 5295 in

2094 5321 2364 5377 Achmim.
2410 5322 2490 5378 Ad
2519 5322 2583 5378 AI
2610 5322 2922 5383 Mamunem
2948 5326 3112 5399 532
3145 5338 3328 5385 autem
3378 5331 3684 5399 accedens,

2093 5416 2358 5472 Bocamus
2386 5415 2790 5481 Christianuse
2822 5418 2982 5476 Burae
3009 5421 3229 5489 incolis,
3266 5423 3354 5478 ille
3382 5424 3475 5493 qui
3509 5439 3682 5479 num-

2095 5523 2217 5563 mos
2249 5510 2398 5564 misit
2425 5510 2492 5565 ad
2519 5511 2933 5568 instaurandam
2962 5515 3259 5571 ecclesiam
3293 5515 3684 5573 Resurrectio-

2090 5600 2197 5664 nis,
2223 5600 2403 5656 abillo
2433 5604 2588 5672 petiit
2619 5613 2677 5659 ut
2705 5604 2865 5662 Bura
2886 5609 3253 5678 prallceretur
3280 5611 3457 5669 fdives
3488 5620 3681 5667 autem

2087 5692 2378 5747 admodum
2408 5694 2555 5765 fuit),
2583 5697 2670 5752 cui
2706 5699 2771 5753 Al
2798 5698 3043 5766 Mamun,
3078 5699 3411 5772 Religionem
3444 5704 3679 5777 (inquit)

2089 5785 2572 5843 Mohammedicam
2602 5791 2952 5862 amplectere,
3003 5794 3226 5866 erisque
3260 5796 3397 5853 mihi
3446 5810 3670 5863 scrvus,
