4014 6218
423 342 558 407 1133

1866 334 2231 395 ANNALES.

3520 339 3659 401 1134

419 471 482 507 ac
521 462 574 507 te
612 450 939 521 praeﬁciam;
989 449 1280 515 respondet
1314 444 1602 512 Bocamus,
1656 446 1977 517 Imperatori
2006 451 2059 510 Α
2085 452 2457 520 pendentibus
2500 464 2529 503 e
2577 447 2809 503 ducibus
2860 447 2925 502 Al
2952 445 3226 505 Mamunis
3277 454 3557 509 nonnullis
3593 442 3665 509 ad

417 544 658 600 Iidelium
710 556 993 597 servorum
1030 539 1609 593 Mohammedanorum
1646 539 1849 609 myrias
1876 548 1980 605 est,

413 650 592 690 annon
619 633 723 688 erit
758 646 900 687 unus
939 645 1135 685 servus
1166 629 1553 686 Christianus?
1601 627 1806 685 Ridens
1855 645 1984 702 ergo

420 723 736 795 AllMamun
766 724 867 794 ipsi
910 720 1288 792 praefecturam
1333 720 1493 776 Bura:
1521 729 1578 776 et
1616 722 1854 777 locorum
1887 723 1986 779 ad-

408 815 704 887 jacentium
733 812 1029 869 commisit.

499 905 907 974 Condiditergo
934 902 1088 957 Burin
1134 900 1333 955 multas
1390 901 1649 956 ecclesias
1699 900 1983 971 pulchras.

411 994 574 1051 Juxta
607 996 831 1066 januam
878 1002 1061 1049 autem
1102 991 1300 1047 a-dium
1350 991 1522 1061 ipsius
1554 1001 1672 1047 erat
1723 992 1986 1062 templum

413 1083 953 1161 [Mohammedtcum]
999 1100 1311 1140 commune.
1361 1083 1509 1139 Dixit
1538 1098 1669 1155 ergo
1697 1084 1856 1139 Bnrae
1902 1084 1989 1137 iu-

412 1181 550 1237 colis
597 1177 1109 1233 Mohammedanis:
1156 1176 1462 1232 Ediﬁcabo
1511 1178 1667 1233 vobis
1725 1175 1987 1245 templum

412 1284 702 1326 commune
752 1268 919 1333 aliud,
963 1268 1008 1324 si
1051 1269 1310 1336 templum
1357 1269 1494 1333 hoc,
1526 1269 1673 1339 quod
1719 1267 1983 1337 juxtaja-

415 1378 578 1417 nuam
608 1360 808 1417 domus
853 1375 983 1415 mea:
1010 1370 1117 1424 est,
1143 1359 1446 1415 dirueritis.
1493 1360 1593 1414 Cui
1628 1359 1939 1414 Moslemini
1970 1374 1984 1409 :

415 1452 650 1507 Exstrue
678 1450 940 1520 templum
972 1450 1141 1513 aliud,
1173 1466 1273 1506 nos
1314 1449 1585 1522 [interim]
1630 1451 1733 1506 hoc
1770 1448 1826 1505 in
1858 1458 1991 1504 tem-

416 1544 507 1614 plo
535 1541 845 1604 orabimus,
874 1550 925 1593 at
948 1554 1071 1593 cum
1107 1540 1369 1609 templum
1411 1539 1542 1593 illud
1574 1538 1901 1605 absolveris,
1932 1538 1989 1593 in

422 1648 488 1689 eo
517 1631 821 1697 arabimus,
853 1641 1018 1701 atque
1053 1631 1155 1685 hoc
1198 1631 1500 1685 diruemus.
1550 1630 1832 1685 Exstrnxit
1861 1645 1991 1699 ergo

420 1722 677 1791 templum
727 1736 1007 1792 magnum,
1061 1722 1382 1791 pulchrum;
1432 1723 1576 1791 quod
1632 1737 1757 1776 cum
1808 1722 1987 1778 absol-

2088 541 2191 595 hoc
2222 550 2283 595 ut
2315 542 2379 594 Al
2410 540 2688 596 Abbasum
2722 540 2785 594 Al
2810 537 3082 595 Mamunis
3118 540 3286 597 [ilium
3323 545 3389 597 ad
3433 544 3664 598 chalifa-

2089 639 2199 682 tum
2251 630 2631 699 proveherent.
2668 630 2737 683 At
2768 645 2891 686 cum
2934 627 3002 684 ad
3046 630 3363 701 obsequium
3413 633 3561 689 illius
3603 651 3664 691 se

2089 720 2193 775 [ide
2224 721 2350 774 data
2389 722 2766 777 obstrinxerat
2800 721 2865 775 Al
2894 721 3099 786 Ahbas,
3141 722 3281 777 idem
3317 724 3481 778 etiam
3521 742 3662 795 prae-

2087 813 2344 867 stiternnt
2372 812 2563 881 reliqui
2600 812 2808 879 duces;
2845 813 3159 883 perlataque
3189 821 3273 868 est
3317 814 3666 885 inauguratio

2086 901 2418 971 Bagdadum,
2476 903 2567 957 ubi
2619 903 2780 957 iidem
2814 904 2862 958 ei
2920 905 3198 973 pollicitus
3228 913 3310 959 est
3356 904 3477 960 Abu
3520 908 3668 962 Isaac

2086 994 2346 1049 Abrahim
2374 993 2550 1049 Ebnol
2580 994 2806 1055 Hosain.
2837 995 2954 1051 lbn
2984 994 3225 1052 Mosaabi
3255 997 3347 1067 qui
3368 1008 3499 1053 tunc
3532 1008 3673 1055 tent-

2089 1088 2240 1156 poris
2290 1085 2531 1157 Bagdadi
2569 1088 2694 1153 fuit,
2746 1105 2844 1142 nec
2888 1104 3000 1143 non
3051 1091 3380 1161 quicunque
3427 1091 3670 1162 Bagdadi

2088 1185 2245 1231 erant
2285 1175 2629 1232 Hashemidae
2677 1194 2739 1233 ac
2771 1178 2962 1234 duces.
3013 1180 3092 1243 Ad
3144 1180 3471 1253 obsequium
3499 1182 3671 1237 etiam

2085 1271 2275 1342 cjusse
2314 1270 2611 1324 obstrinxit
2638 1270 2912 1325 Abdollah
2950 1272 3067 1326 Ehn
3118 1271 3394 1328 'l‘dhaheri
3427 1274 3482 1328 in
3515 1275 3669 1328 Cho-

2092 1376 2310 1425 rasano,
2341 1376 2575 1431 eumque
2609 1363 2672 1415 Al
2702 1361 3062 1417 ilotasemnm
3113 1365 3430 1435 appellavit.
3474 1366 3675 1423 Perve-

2093 1451 2172 1505 nit
2202 1460 2385 1507 autem
2442 1454 2507 1506 Al
2561 1452 2820 1509 Motasem
2880 1453 3193 1524 Bagdadum
3246 1457 3411 1511 initio
3470 1461 3674 1514 mensis

2092 1542 2417 1611 Ramadani,
2470 1560 2617 1600 anno
2661 1546 3039 1602 ducentesimo
3091 1549 3305 1604 decimo
3356 1561 3548 1605 octavo
3578 1590 3593 1615 ,
3643 1567 3674 1604 a

2094 1651 2200 1705 qua
2226 1651 2329 1691 non
2373 1636 2631 1693 discessit
2672 1653 2848 1708 usque
2887 1639 2954 1694 ad
2986 1655 3193 1694 annum
3229 1642 3677 1697 ducentesimum

2092 1731 2453 1805 437-539
2490 1734 2827 1789 tricesimum
2873 1735 3199 1790 secundum.
3231 1736 3367 1789 Tum
3415 1735 3678 1791 Sarman-

418 1812 605 1877 visset,
652 1813 791 1866 dilil
824 1830 838 1866 Ζ
873 1811 1079 1867 Solvite
1123 1812 1255 1865 ιιιίΙιί
1308 1814 1454 1881 quod
1497 1814 1873 1881 promisistis,
1930 1829 1995 1870 ac
2024 1790 2067 1846 Β
2094 1790 2605 1895 ἶέέωῒρῑᾶθοως
2661 1840 2780 1881 eam
2841 1842 2999 1882 muro
3058 1827 3270 1893 cinxit,
3321 1827 3509 1896 ibique
3552 1840 3679 1880 cum

418 1905 679 1973 templum
725 1904 869 1973 quod
906 1903 973 1958 ad
1008 1903 1231 1973 januam
1265 1918 1441 1959 meam
1480 1915 1585 1967 εει,
1636 1905 1839 1961 diruite
1864 1923 1879 1961 :
1907 1906 1997 1962 cui

420 1994 721 2052 illizﬂaud
759 1996 1080 2066 permissum
1131 2005 1217 2050 est
1266 1995 1426 2051 nobis
1475 1997 1741 2067 religiene
1788 2007 1998 2065 nostra,

420 2097 479 2142 ut
511 2089 767 2159 templum
805 2088 859 2143 in
903 2103 1015 2158 quo
1060 2091 1374 2155 oravimus,
1408 2090 1474 2144 ad
1511 2105 1703 2160 preces
1734 2106 1999 2148 convoca-

416 2181 619 2244 vimus,
654 2191 707 2234 et
734 2180 1115 2246 convenimus,
1150 2180 1463 2246 diruamus,
1501 2197 1843 2251 nequaquam
1894 2184 1996 2238 hoc

418 2272 683 2343 permittit
728 2272 922 2342 religio
974 2283 1159 2326 nostra
1197 2291 1209 2327 :
1259 2288 1324 2327 eo
1374 2290 1502 2343 ergo
1559 2290 1668 2343 quo
1716 2290 1775 2329 se
1809 2274 1997 2330 habuit

417 2371 560 2419 statu
591 2364 840 2417 relictum
870 2372 956 2417 est
1003 2362 1362 2434 433-535
1400 2364 1688 2434 templum;
1724 2374 1888 2435 atque
1921 2367 1995 2419 ita

418 2453 579 2508 Bura:
629 2453 735 2508 duo
766 2452 987 2508 fuerunt
1028 2455 1227 2521 templa
1277 2454 1331 2507 in
1374 2454 1574 2524 quibus
1604 2458 1989 2524 convenirent;

418 2560 653 2615 quorum
693 2545 750 2599 in
792 2544 898 2598 hoc
935 2560 1041 2598 una
1066 2544 1155 2598 die
1185 2542 1434 2607 Veneris,
1466 2545 1518 2599 in
1553 2545 1642 2598 illo
1676 2546 1843 2602 altera
1868 2562 1990 2601 ora.~

419 2641 568 2691 bant.
606 2636 873 2689 Bocamus
908 2649 1059 2696 vero.
1083 2649 1205 2688 cum
1234 2642 1377 2689 esset
1403 2635 1522 2691 dies
1549 2628 1792 2700 Veneris,
1822 2638 1989 2692 vesti-

421 2729 524 2784 bus
573 2727 742 2798 nigris
790 2725 1061 2789 indutus,
1112 2726 1400 2796 gladioque
1445 2742 1510 2781 ac
1560 2727 1739 2783 balteo
1778 2728 1996 2785 cinctus

418 2834 563 2888 equo
601 2820 925 2882 vehebatur,
962 2818 1258 2872 comitibus
1307 2819 1421 2873 suis
1474 2820 1729 2890 stipatus,
1759 2835 1995 2891 cumque

420 2912 485 2966 ad
516 2912 773 2981 templum
807 2910 1045 2966 venisset
1074 2910 1145 2965 ibi
1176 2910 1505 2977 sustinebat,
1536 2912 1872 2981 ingrediente
1897 2913 1995 2969 de-

420 3014 610 3073 putan
648 3004 841 3073 ipsius,
891 3003 982 3072 qui
1044 3002 1530 3058 Mohammedanus
1582 3004 1704 3068 fuit,
1760 3013 1819 3059 ut
1867 3019 1994 3060 cum

421 3094 625 3166 populo
669 3104 879 3158 oraret,
911 3104 966 3149 et
1000 3093 1213 3173 chalifaa
1261 3095 1482 3152 nomine
1526 3104 1830 3153 memorato
1860 3111 1996 3152 con-
2029 3133 2075 3194 C

418 3188 633 3242 cionem
656 3186 909 3251 haberet;
940 3202 1002 3241 ac
1021 3195 1136 3243 tum
1169 3188 1237 3243 ad
1261 3188 1435 3258 ipsum
1457 3189 1791 3261 egrediente.
1815 3190 2005 3261 Neque

419 3282 701 3337 desierunt
723 3280 1016 3336 Christiani
1058 3292 1234 3347 vestes
1261 3282 1447 3353 nigras
1469 3285 1719 3349 induere,
1755 3299 1817 3340 ac
1846 3286 2004 3357 equis

419 3371 566 3436 vehi,
602 3386 776 3441 usque
800 3371 866 3425 ad
899 3379 1115 3441 tempus
1146 3374 1209 3437 Al
1238 3372 1629 3430 Motawacceli.
1694 3376 2000 3432 Reversus-

419 3479 533 3531 que
559 3474 642 3518 est
664 3464 729 3517 Al
753 3463 970 3517 Mamun
1012 3464 1347 3534 Bagdadum.
1370 3464 1768 3522 Constantinus
1787 3475 1996 3535 autem,

421 3552 792 3621 Nicephorum
842 3553 1127 3609 Estabraki
1180 3555 1351 3609 lilium
1396 3568 1715 3626 superatum
1769 3573 1893 3612 cum
1939 3558 1993 3613 in

425 3653 747 3715 potestatem
792 3659 947 3699 suam
999 3644 1336 3715 redegisset,
1388 3643 1649 3700 Romanis
1690 3648 1997 3717 imperavit.

422 3736 596 3792 Porro
624 3736 689 3789 Al
714 3734 955 3800 Mamun,
987 3744 1098 3790 tres
1134 3734 1189 3788 in
1245 3737 1430 3790 hostes
1470 3736 1850 3805 expeditiones
1881 3754 2005 3791 sus-

424 3828 587 3898 cepit,
617 3841 848 3896 quarum
877 3825 1063 3880 ultima
1094 3824 1199 3880 fuit
1222 3840 1368 3880 anno
1388 3824 1763 3883 ducentesimo
1793 3828 2009 3883 decimo

424 3930 641 3982 octavo,
661 3926 858 3974 etcum
878 3917 1327 3972 Albadandunam
1352 3917 1719 3986 pervenisset,
1742 3917 1815 3972 ibi
1836 3933 2011 3988 aegro-

430 4011 585 4074 tavit,
632 4010 885 4079 diemque
916 4008 1074 4064 obiit.
1109 4008 1371 4064 Gestatus
1393 4018 1480 4064 ext
1520 4024 1650 4079 ergo
1690 4024 1755 4064 ac
1786 4010 1837 4064 in
1874 4010 2007 4065 urbe

426 4100 601 4155 Tarso
628 4100 900 4169 sepultus.
934 4098 1239 4156 Cbaiifatus
1261 4099 1383 4169 ejus
1408 4114 1472 4154 ex
1512 4114 1620 4170 quo
1648 4102 1699 4153 in
1725 4099 2009 4155 Chorasan

426 4191 631 4246 chaiit‘a
653 4192 925 4249 salutatus
958 4200 1042 4248 est
1074 4207 1342 4248 annorum
1382 4192 1481 4247 fuit
1512 4192 1700 4261 viginti
1735 4192 2006 4246 duorum:

428 4286 568 4340 obiit
595 4301 772 4341 annos
807 4294 972 4342 natus
999 4286 1357 4356 quadraginta
1390 4296 1535 4351 octo,
1586 4300 1773 4340 mense
1808 4283 2004 4355 Rajeb,

430 4393 574 4432 anno
619 4378 998 4433 ducentesimo
1046 4378 1258 4433 decimo
1294 4388 1511 4434 octavo.
1558 4376 1842 4433 Candidus
1883 4385 2004 4432 erat

431 4467 664 4522 admista
704 4466 1009 4527 ﬂavedine.
1064 4468 1201 4521 facie
1237 4475 1496 4531 venusta,
1542 4466 1709 4520 barba
1734 4466 2003 4536 promissa
2040 4505 2062 4559 ι

431 4573 497 4614 ac
520 4558 751 4615 multum
786 4568 1130 4616 canescente.
1153 4559 1496 4615 Satellitibus
1526 4559 1700 4629 ipsius
1719 4558 2006 4629 praefectus

432 4649 534 4705 fuit
563 4649 760 4705 Zobair
792 4650 906 4705 Ebn
929 4649 1204 4721 Masaiyeb
1232 4650 1558 4706 Dobbensis.
1598 4649 1803 4704 Deinde
1828 4648 2006 4704 Tdha—

432 4741 529 4793 her
559 4740 733 4793 Ebnol
756 4738 993 4805 liosain;
1026 4740 1080 4794 in
1124 4756 1219 4795 eos
1257 4740 1423 4794 etiam
1454 4748 1785 4808 potestatem
1815 4740 2006 4795 habuit

428 4830 595 4902 536
626 4830 776 4886 Isaac
805 4833 925 4888 Ebn
970 4832 1260 4889 Abrahim.
1295 4830 1507 4887 Janitor
1540 4833 1711 4904 ipsius
1758 4834 1859 4888 l'uit
1880 4850 2003 4889 cum

433 4920 488 4974 in
514 4922 829 4975 Chorasano
859 4928 1022 4987 esset,
1060 4922 1349 4977 Alliosain
1390 4922 1508 4976 Ebn
1550 4924 1649 4977 Abi
1702 4923 1851 4989 Said,
1891 4933 2005 4978 tum

432 5010 521 5065 Ali
566 5010 680 5067 Ebn
714 5013 817 5067 Abi
866 5013 1052 5069 Salehi
1081 5011 1263 5068 Saheb
1312 5013 1378 5067 Al
1408 5012 1667 5068 Mosellae.
1706 5014 2008 5069 Plurimum

434 5103 575 5172 apud
605 5118 731 5158 eum
754 5106 953 5174 potuit,
987 5105 1144 5159 initio
1169 5104 1466 5159 chalifatus
1494 5105 1689 5175 ipsius,
1716 5106 1813 5160 Dul
1844 5104 2010 5176 Riya-

434 5193 614 5249 satain
635 5196 699 5250 Al
721 5194 959 5253 Phadlus
981 5195 1097 5251 Ebn
1131 5195 1339 5253 Sahali.
1368 5196 1505 5250 Tum
1529 5206 1647 5267 post
1673 5212 1798 5250 eum
1832 5197 2010 5262 multi,

434 5301 466 5340 e
492 5284 716 5355 quibus,
748 5289 811 5340 Al
836 5286 1043 5342 Hosain
1080 5287 1197 5342 Ebn
1236 5287 1442 5354 Sahali,
1473 5288 1639 5341 Omar
1690 5286 1806 5342 Ebn
1842 5286 2012 5352 Saidi,

437 5386 493 5433 ct
526 5378 733 5435 Ahmed
766 5379 882 5436 Elin
921 5382 1019 5435 Abi
1054 5381 1303 5436 Chaledi.

863 5471 1162 5539 Clmtt'fatus
1193 5472 1257 5524 AI
1296 5470 1596 5525 Molasemi.

514 5561 722 5618 Chalil'a
771 5566 1111 5619 renuntiatus
1161 5575 1243 5620 est
1281 5565 1341 5617 Al
1376 5563 1678 5629 Mutasem,
1723 5566 1814 5635 qui
1871 5565 2011 5621 idem

441 5663 527 5706 est
587 5655 707 5708 Abu
756 5654 907 5709 lsaac
959 5653 1302 5709 Multammed
1349 5654 1463 5708 Ebn
1514 5656 1721 5710 Haruni
1752 5658 2013 5713 ’lliashidi

443 5744 558 5811 (cui
587 5754 762 5799 mater
785 5745 1089 5801 concubina
1110 5744 1326 5801 nomine
1351 5742 1646 5816 Maredah),
1681 5745 1858 5817 Tarsi,
1892 5763 2016 5822 pro-

2106 1915 2439 1971 exercitibus
2464 1916 2581 1972 suis
2614 1916 2797 1972 sedem
2826 1916 2978 1983 lixit;
3017 1918 3186 1974 misso
3216 1919 3504 1989 Aphshino
3533 1918 3681 1974 Con-

2105 2007 2274 2063 darao
2328 2009 2448 2064 Ebn
2501 2007 2665 2064 Causi
2717 2016 2909 2063 contra
2964 2009 3239 2064 Tabacum
3296 2010 3679 2065 lormensem:

2104 2100 2263 2171 cujus
2298 2101 2431 2156 urbe
2480 2109 2785 2172 expugnata
2846 2100 3025 2170 ipsum
3061 2101 3301 2157 vinctum
3339 2117 3464 2157 cum
3516 2103 3681 2158 sociis

2103 2195 2219 2250 suis
2253 2194 2502 2250 abduxit.
2552 2192 2676 2249 Fuit
2718 2192 3054 2263 expugnatio
3100 2194 3202 2247 ista
3251 2209 3439 2249 mense
3479 2193 3682 2249 Rama-

2104 2285 2248 2340 dano
2263 2284 2391 2338 anni
2417 2283 2776 2339 ducentesimi
2801 2282 3043 2338 vicesimi
3072 2284 3322 2337 secundi.
3347 2284 3495 2339 Misit
3518 2286 3682 2341 etiam

2103 2374 2303 2445 Ajifum
2338 2372 2455 2427 Ebu
2502 2374 2735 2427 Anbasa:
2767 2381 2957 2426 contra
3025 2372 3089 2425 Al
3117 2372 3329 2439 Zottos,
3380 2375 3471 2443 qui
3519 2375 3572 2429 in
3616 2375 3682 2430 Al

2104 2464 2339 2534 Batayeh
2367 2463 2680 2538 [paludibus
2708 2465 2848 2520 inter
2864 2464 3055 2520 Waset
3081 2474 3134 2519 et
3164 2464 3409 2537 Basram]
3441 2467 3683 2537 fuerunt,

2104 2571 2242 2627 quos
2270 2557 2517 2627 captivos
2549 2572 2738 2612 secum
2789 2556 3037 2612 abduxit.
3080 2556 3374 2613 AlMaziad
3432 2560 3596 2615 etiam
3632 2563 3682 2615 vi

2104 2648 2403 2718 occupavit,
2437 2647 2899 2705 Tabarestanum.
2944 2650 3083 2706 Misit
3141 2664 3271 2721 ergo
3318 2652 3681 2707 Abdollahuut

2104 2742 2218 2799 Ebn
2270 2743 2544 2798 Tdhaheri
2593 2758 2718 2798 cum
2766 2751 2966 2814 patruo
3014 2759 3116 2799 suo
3170 2743 3235 2797 Al
3267 2742 3444 2799 ilascn
3511 2744 3684 2798 Ebnoi

2105 2833 2331 2899 Hosain,
2364 2833 2457 2904 qui
2489 2834 2668 2904 ipsum
2700 2834 3060 2903 compedibus
3091 2833 3335 2889 vinctum
3387 2836 3452 2887 all
3490 2835 3552 2886 Al
3573 2834 3687 2887 Mo-

2107 2938 2374 2983 tasemum
2414 2926 2663 2981 adduxit.
2711 2923 2941 2980 Intravit
2968 2927 3136 2981 etiam
3188 2926 3252 2978 Al
3278 2924 3540 2979 Motasem
3576 2926 3685 2978 ιιυ-

2105 3034 2389 3073 manorum
2446 3018 2695 3088 regiones
2745 3019 2892 3088 ipsas
2937 3026 3334 3087 expugnatum,
3385 3032 3686 3086 secumque

2105 3110 2333 3165 abduxit
2362 3109 2545 3164 lobum
2573 3110 2874 3163 Antiochia-
2900 3108 3290 3176 patriarcham,
3323 3119 3377 3163 et
3399 3108 3687 3163 obsidione

2110 3196 2280 3251 cinxit
2309 3196 2499 3251 urbem
2531 3196 2841 3267 Ancyram;
2873 3194 2966 3249 ubi
2996 3195 3161 3251 lobus
3208 3195 3523 3264 patriarcha
3574 3194 3687 3249 Ro-

2112 3304 2303 3345 manos
2336 3289 2518 3360 lingua
2563 3288 2810 3343 Romana
2843 3289 3153 3343 allocutus:
3190 3284 3442 3351 Obedite,
3484 3286 3683 3356 inquit,

2110 3382 2245 3450 regi,
2306 3380 2519 3451 ipsique
2573 3381 2838 3436 tributum
2896 3380 3141 3450 pendite.
3203 3378 3398 3435 Melius
3452 3380 3555 3433 hoc
3600 3387 3686 3435 est

2106 3485 2266 3539 quam
2303 3480 2361 3525 ut
2389 3469 2742 3533 occidamini,
2775 3477 2828 3523 et
2856 3468 3056 3537 captivi
3088 3467 3257 3522 fiatis.
3296 3465 3531 3521 Romani
3557 3481 3688 3535 ergo

2110 3558 2373 3615 conviciis
2401 3559 2579 3628 ipsum
2609 3573 2672 3611 ac
2695 3557 2970 3627 lapidibus
2997 3558 3298 3628 petierunt.
3329 3558 3392 3610 Al
3421 3555 3687 3610 Motasem

2111 3658 2292 3705 autem
2323 3658 2536 3718 captam
2568 3648 2754 3703 urbem
2771 3648 3043 3716 Ancyram
3057 3646 3324 3704 incendit.
3353 3645 3490 3701 Tum
3515 3646 3683 3699 Amu-

2112 3741 2248 3793 riam
2302 3738 2614 3807 profectus,
2663 3739 2835 3808 ipsam
2879 3739 3044 3794 etiam
3091 3738 3300 3794 mensis
3346 3737 3526 3807 spatio
3573 3736 3689 3807 (vel

2109 3828 2406 3883 secundum
2447 3829 2595 3883 aliud
2631 3829 2932 3897 exemplar,
2978 3829 3231 3899 pluribus
3267 3829 3572 3897 mensibus)
3594 3831 3691 3882 ob-

2109 3920 2268 3975 sedit.
2300 3918 2463 3974 lobus
2497 3927 2680 3973 autem
2729 3919 3041 3989 patriarcha
3088 3921 3338 3989 quotidie
3380 3920 3448 3974 ad
3503 3933 3689 3974 arcem

2112 4013 2262 4066 solus
2287 4010 2555 4066 accedens
2588 4008 2865 4066 Romanos
2892 4010 3077 4080 lingua
3105 4010 3351 4063 Romana
3384 4012 3683 4072 allocutus,

2114 4115 2314 4159 metum
2368 4102 2477 4159 illis
2527 4104 2773 4158 incutere
2825 4116 2888 4157 ac
2945 4116 3159 4171 rogare,
3212 4110 3270 4155 ut
3309 4102 3569 4156 tributum
3626 4106 3689 4155 Al

2112 4188 2410 4244 Morasemo
2440 4189 2603 4262 m
2636 4189 2829 4243 darent
2878 4203 2990 4259 quo
3019 4191 3087 4242 ab
3122 4190 3252 4258 ipsis
3285 4190 3594 4253 recederet;
3634 4201 3689 4243 et

2112 4280 2188 4334 illi
2220 4288 2274 4334 ct
2309 4282 2559 4335 convicia
2589 4291 2645 4336 et
2689 4280 2896 4351 lapides
2928 4281 2982 4335 in
3034 4280 3208 4350 ipsum
3242 4282 3444 4348 jacere.
3499 4281 3686 4351 Neque

2113 4371 2183 4425 ita
2243 4370 2421 4427 facere
2471 4373 2836 4436 destiterunt,
2888 4371 3063 4426 donec
3118 4370 3469 4426 AlMotasem
3524 4381 3687 4441 capta

2115 4463 2338 4516 Amuria
2396 4464 2597 4517 multos
2642 4464 2693 4515 in
2730 4464 2843 4532 ipsa
2897 4462 3231 4528 trucidaret;
3280 4463 3447 4532 idque
3498 4478 3687 4517 mense

2115 4551 2433 4609 Radamano
2481 4570 2623 4607 anno
2658 4554 3034 4609 ducentesimo
3067 4555 3324 4609 vicesimo
3353 4556 3535 4610 tertio.
3586 4555 3689 4611 lie-

2117 4662 2412 4715 versusque
2440 4655 2525 4702 est
2566 4646 2629 4699 Al
2657 4646 2914 4701 Motasem
2942 4654 3232 4717 postquam
3276 4648 3560 4702 Amuriam
3600 4663 3690 4703 cc-

2116 4739 2320 4809 pisset;
2376 4747 2540 4808 atque
2592 4736 2734 4793 inter
2792 4738 3130 4793 redeundum
3186 4748 3437 4792 mortuus
3488 4751 3570 4793 est
3620 4739 3687 4792 Al

2114 4829 2295 4884 Abbas
2324 4828 2386 4883 Al
2412 4827 2680 4884 Mamunis
2710 4829 2871 4885 ﬁlius.
2896 4829 3036 4883 iram
3069 4829 3231 4884 etiam
3262 4830 3317 4885 in
3358 4830 3421 4884 A1
3443 4814 3687 4898 abusum

2108 4920 2364 4990 concepit
2385 4935 2528 4974 anno
2559 4920 2941 4975 ducentesimo
2977 4919 3237 4975 vicesimo
3261 4918 3481 4989 quinto.
3514 4918 3688 4973 Porro

2111 5020 2360 5066 mortuus
2392 5021 2472 5066 est
2503 5010 2898 5066 Constantinus
2949 5011 3330 5066 Romanorum
3361 5010 3683 5077 imperator,

2109 5099 2309 5168 quibus
2360 5111 2481 5169 post
2530 5099 2710 5168 ipsum
2770 5101 3066 5171 imperavit
3107 5100 3468 5172 Theophilus.
3523 5100 3686 5154 Anno

2110 5191 2401 5246 chalifatus
2432 5191 2801 5248 AlMotasemi
2835 5204 3037 5263 quarto
3082 5195 3417 5250 constitutus
3454 5200 3539 5248 est
3584 5192 3688 5247 So-

2116 5283 2381 5353 phronius
2416 5285 2724 5354 patriarcha
2756 5286 3177 5350 Alexandrinus,
3212 5284 3306 5354 qui
3358 5298 3534 5338 annos
3575 5292 3688 5339 tre-

2117 5374 2291 5428 decim
2351 5374 2524 5439 sedit;
2569 5376 2930 5445 philosOphus
2984 5374 3090 5429 fuit
3131 5389 3194 5429 ac
3237 5374 3482 5445 sapiens.
3526 5375 3685 5427 Anno

2116 5465 2411 5521 chalilatns
2457 5467 2699 5532 ejusdem
2719 5468 2954 5536 septimo
2988 5467 3323 5521 constitutus
3340 5475 3423 5522 est
3449 5463 3689 5521 Joannes

2117 5559 2424 5629 patriarcha
2480 5558 3049 5629 liierosolymitanus;
3119 5567 3308 5616 contra
3363 5574 3525 5634 quem
3603 5558 3691 5618 in:

2114 5664 2402 5720 surgentes
2464 5650 2944 5721 llierosolyrnitani
3006 5651 3075 5707 de
3128 5653 3248 5722 ipso
3295 5652 3479 5707 omnia
3547 5651 3689 5706 mala

2116 5744 2367 5798 dixerunt
2401 5760 2414 5798 :
2454 5759 2623 5815 quare
2654 5743 2720 5798 ab
2747 5742 2880 5812 ipsis
2906 5754 3170 5810 metuens,
3199 5744 3516 5815 scriptoque
3550 5741 3684 5810 ipsis
