4014 6218
335 314 470 374 1135

1369 294 1736 358 EUTYCIIII
1775 294 2304 354 ALEXANDRINI
2355 292 2574 352 PATB.

3456 277 3591 344 1136

330 431 641 490 obsignato,
685 416 998 472 (athedram
1032 413 1274 484 reliquit.
1321 411 1492 466 Porro
1531 410 1667 464 obiit
1697 409 1760 462 Al
1804 409 1912 462 Mo-
1939 411 1986 468 Α
2019 411 2130 463 Elin
2164 411 2261 464 Abi
2297 407 2533 463 Dawoud
2558 447 2571 470 ,
2607 415 2659 461 et
2693 399 3034 457 Mobamnted
3064 397 3182 452 Ebn
3227 394 3390 450 Abdil
3423 394 3588 454 Malea

331 529 500 570 tascm
540 526 728 565 mense
760 509 929 565 Rabia
959 507 1148 578 priori,
1177 520 1321 560 anno
1354 502 1730 557 ducentesimo
1758 501 1909 556 vice-

329 606 468 660 simo
499 603 753 672 septimo,
807 617 930 656 cum
975 598 1234 654 chalifatu
1285 596 1506 649 functus
1555 589 1704 649 esset
1751 592 1912 647 annis

331 707 453 752 octo
498 706 551 750 et
586 695 871 750 mensibus
916 701 1061 747 octo.
1111 689 1262 744 Obiit
1312 699 1495 742 autem
1549 699 1724 740 annos
1751 694 1911 739 natus

335 788 698 860 quadraginta
766 793 912 841 octo.
979 783 1236 853 Sepultus
1310 787 1399 836 est
1493 777 1915 833 Saramanraiaa.

337 884 462 939 Fuit
490 895 724 951 corpore
768 878 994 941 decoro,
1031 873 1168 928 facie
1216 871 1465 942 pulchra,
1513 878 1734 937 pectore
1781 868 1916 934 lato,

337 977 634 1037 robustus,
682 969 852 1024 barba
905 965 1175 1036 promissa
1219 976 1450 1033 quaeque
1499 959 1756 1013 canitiem
1809 971 1917 1012 non

341 1070 710 1119 contraxerat.
751 1055 1294 1123 Satellitibusipsius
1343 1051 1561 1121 praefuit
1605 1049 1761 1103 Isaac
1807 1045 1925 1100 Ebn

341 1159 622 1212 Ahrahim.
664 1154 876 1208 Janitor
907 1150 1078 1220 ipsius
1131 1146 1233 1200 fuit
1262 1145 1481 1199 Simaus
1532 1141 1736 1207 Turca,
1764 1138 1929 1194 liber-

339 1249 647 1316 tusipsius;
693 1259 791 1298 nec
836 1257 943 1295 non
1005 1236 1362 1310 451-543
1399 1233 1699 1303 Wasipbtts
1738 1229 1918 1285 Turea

340 1344 566 1396 libertus
606 1339 800 1407 ipsius,
840 1344 891 1389 et
943 1331 1158 1402 Bigaus
1199 1331 1396 1383 'l‘urca.
1448 1325 1724 1380 Ianitores
1773 1321 1922 1376 ordi-

341 1434 475 1486 narii
503 1429 840 1483 Mohammed
869 1426 981 1479 Ebn
1009 1428 1168 1479 Asetn
1200 1421 1560 1486 Hanacensis,
1588 1419 1758 1473 Jacoh
1801 1416 1918 1470 Ebtl

341 1523 619 1581 Alu-ahim,
650 1518 790 1572 Atab
821 1516 935 1571 Ebn
969 1515 1147 1576 Atabi,
1175 1509 1589 1572 etMohammed
1620 1509 1732 1562 Ebu
1759 1506 1923 1559 llam-

341 1612 462 1666 mad
500 1610 612 1663 Ebn
646 1605 942 1661 Dankasbi.
972 1603 1274 1658 Plurimum
1303 1600 1444 1670 apud
1476 1612 1543 1651 eu
1571 1614 1599 1647 ιι
1627 1600 1922 1663 potuerunt

2011 505 2280 573 Alzaiyat.

2089 595 2446 670 455-457
2490 589 2795 659 Chalifatus
2840 583 3053 652 [adfari
3077 579 3526 670 Almotawacceﬁlt'.

2086 697 2453 762 [inauguratus
2517 697 2602 740 est
2659 680 2840 736 laafar
2909 673 3360 737 Almotawaccel,
3428 669 3590 724 Mota-

2020 788 2154 843 scmi
2199 759 2345 838 filius
2377 779 2489 851 (qui
2518 787 2746 831 matrem
2787 769 2984 826 habuit
3037 764 3408 821 concubinam
3464 759 3597 815 Sha-

2017 885 2128 954 jam
2190 865 2808 942 Chowarezmiensem),
2875 862 3070 918 eodem
3130 857 3216 911 die
3253 869 3366 924 quo
3413 869 3443 908 e
3493 853 3601 904 vita

2023 946 2272 1031 discessit
2301 965 2602 1026 Alwathek.
2660 960 2759 1014 Hie
2819 957 2944 1011 illos
2987 951 3081 1024 qui
3135 950 3207 1005 ob
3240 946 3603 1019 quaestionem

2024 1067 2090 1121 de
2122 1062 2400 1118 creatione
2427 1053 2702 1113 AlKorani
2732 1053 2787 1106 in
2811 1060 3091 1104 carcerem
3114 1040 3349 1110 coniecti
3386 1037 3606 1092 fuerant

2029 1157 2262 1220 dimisit,
2295 1163 2465 1220 atque
2499 1149 2671 1202 iratus
2716 1155 2800 1199 est
2853 1135 3216 1196 Mohammedi
3265 1132 3386 1188 Ebn
3446 1127 3607 1184 Abdil

2029 1251 2257 1314 Maleco,
2318 1241 2670 1300 Almotasemi
2712 1232 3039 1293 consiliario
3075 1247 3088 1284 :
3130 1228 3381 1296 maleque
3439 1222 3612 1278 sensit

2023 1345 2089 1398 de
2121 1312 2495 1396 Almotasemo
2545 1343 2600 1388 et
2647 1325 2991 1387 Alwathelto,
3049 1334 3265 1376 necnon
3301 1317 3370 1370 de
3405 1312 3609 1369 Omaro

2021 1438 2137 1492 Ehn
2198 1430 2494 1503 Alpharajo
2579 1420 2887 1494 Zajajensi,
2979 1424 3034 1471 et
3083 1412 3242 1467 ltaho
3302 1407 3503 1468 Turca,
3556 1412 3605 1458 et

2021 1529 2262 1584 Ahmede
2305 1522 2420 1578 Ebn
2473 1520 2575 1574 Abi
2631 1513 2868 1570 Dawoud
2915 1506 3098 1580 judice
3150 1516 3387 1558 summo.
3443 1503 3606 1566 Atque

2030 1621 2287 1676 homines
2336 1613 2402 1669 ad
2463 1612 2630 1665 trium
2675 1622 2705 1660 e
2769 1603 2898 1659 ﬁliis
2960 1597 3134 1669 ipsius
3173 1592 3503 1662 obsequium
3542 1603 3603 1642 se

341 1702 547 1757 Aluned
581 1700 694 1754 Ehn
751 1699 849 1754 Abi
905 1696 1150 1786 Dawoml
1173 1694 1342 1786 judctt
1370 1702 1667 1786 __S_“'f‘_"'_“s3
1694 1682 1924 1786 ,φηΨοῖ
1964 1732 2006 1786 Β
2035 1713 2380 1782 obstringere
2415 1706 2566 1769 fecit,
2617 1698 2874 1754 videlicet
2925 1685 3321 1748 Mohammedis
3368 1682 3608 1736 Ahnota-

343 1795 592 1850 hammed
632 1793 743 1844 Ebn
792 1789 867 1841 Ila
897 1787 1079 1848 umad,
1117 1783 1228 1836 Eii“
1267 1780 1427 1834 Ahdil
1482 1769 1742 1830 Malec‘Al
1771 1773 1932 1844 Ziyat

342 1883 628 1959 [olearius]
664 1883 866 1937 scriba.

823 1967 1124 2035 Chalifatus
1166 1962 1500 2017 All’Vat/u-ki.

418 2073 791 2138 lnaUguratus
873 2073 958 2116 est
1029 2054 1338 2112 AlWathck
1400 2053 1677 2123 (videlicet
1746 2050 1932 2102 llarun

347 2167 519 2219 Ebuul
584 2158 890 2221 Mutasemi,
950 2155 1038 2209 cui
1107 2163 1281 2207 mater
1338 2149 1647 2204 concubina
1709 2146 1933 2201 nomine

347 2258 608 2322 Karatisl,
645 2253 832 2307 eodem
878 2250 967 2303 die
1003 2263 1110 2317 quo
1139 2245 1278 2299 obiit
1317 2233 1672 2296 Alalotasem.
1705 2237 1802 2292 llic
1845 2251 1934 2290 res

345 2351 537 2404 endem
590 2353 734 2400 statu
799 2339 1066 2396 stabilivit
1120 2351 1230 2407 quo
1267 2335 1485 2389 fuerant
1543 2342 1792 2402 tempore
1845 2329 1929 2382 Al-

347 2438 654 2501 ldotascmi,
679 2446 726 2488 et
763 2432 982 2487 condita
1007 2444 1133 2484 arce
1175 2442 1336 2496 quam
1374 2425 1436 2478 Al
1476 2421 1683 2478 llat‘uni
1707 2428 1932 2483 vorant,

347 2549 412 2586 eo
473 2546 533 2585 se
590 2525 816 2596 recepit.
856 2521 1110 2577 Asseruit
1159 2515 1464 2571 AlWathek
1517 2524 1763 2568 creatum
1819 2513 1939 2566 esse

351 2623 708 2680 Aleoranum,
748 2629 910 2684 quam
951 2609 1287 2666 sententiam
1342 2606 1446 2676 ipsi
1500 2602 1938 2660 commendatam

351 2714 701 2769 reddiderunt
731 2707 944 2764 Ahmed
983 2704 1097 2760 Ebn
1151 2702 1251 2757 Abi
1289 2698 1566 2760 vaaoud,
1594 2706 1648 2752 et
1695 2695 1944 2750 Moham-

354 2805 476 2860 med
527 2805 641 2858 Ehn
699 2796 1038 2855 AbdilMelec
1091 2792 1379 2862 AlZaiyat,
1437 2788 1529 2858 qui
1587 2784 1944 2842 consiliarius

371 2897 544 2965 ipsius
582 2893 703 2947 fuit.
741 2889 972 2959 Scripsrt
1001 2901 1132 2957 ergo
1181 2880 1484 2938 AlWathek
1518 2881 1572 2934 in
1611 2895 1800 2934 omnes
1820 2891 1946 2948 pas-

2036 1807 2146 1865 seri
2189 1772 2402 1867 biliahi,
2433 1793 2733 1851 Abrahami
2789 1783 3094 1856 Almoayad
3153 1777 3372 1839 billahi,
3403 1784 3455 1830 et
3511 1772 3612 1826 Abi

2314 1896 2328 1947 i
2408 1884 2708 1947 Almotazzi
2778 1880 3014 1941 billahi,
3076 1887 3240 1944 quem
3304 1864 3612 1924 testamenti

2032 2000 2412 2049 exsecutorem
2456 1977 2761 2038 feeitinitio
2790 1972 2920 2027 anni
2972 1961 3330 2024 ducentesimi
3363 1953 3605 2017 vicesimi

2033 2084 2206 2150 sexti;
2240 2095 2405 2149 atque
2435 2078 2506 2131 ita
2542 2068 2866 2140 composita:
2891 2070 3016 2118 sunt
3064 2073 3178 2122 res,
3220 2049 3531 2124 provinciae.
3559 2047 3617 2100 in

2039 2180 2284 2235 ordinem
2349 2171 2600 2231 redactae,
2654 2163 2861 2229 viaeque
2891 2165 3101 2210 secura:
3153 2147 3332 2201 factae.
3383 2139 3613 2196 Nuntia-

2035 2283 2145 2325 tum
2172 2279 2255 2321 est
2287 2277 2472 2318 autem
2516 2247 2997 2311 Almutavvaccelo,
3030 2242 3342 2298 columnam
3391 2232 3532 2286 illam
3559 2229 3614 2283 in

2040 2364 2222 2430 insula
2251 2353 2502 2412 Phostazi
2530 2348 2872 2418 [Egyptian
2907 2352 3013 2409 qua
3063 2325 3374 2387 mensurari
3409 2321 3616 2380 solebat

2272 2464 2436 2520 quam
2495 2413 2706 2499 exstrui
2757 2433 2921 2507 jussit
2977 2429 3221 2484 Soliman
3277 2420 3396 2475 Ebn
3462 2413 3618 2470 Abdil

2048 2658 2188 2702 tratn
2217 2655 2346 2710 ergo
2380 2652 2408 2689 a
2434 2625 2816 2686 Mohammede
2859 2619 2975 2674 Ebn
3011 2615 3166 2668 Musa
3205 2607 3498 2674 astrologo.
3522 2602 3618 2658 de-

3015 2706 3054 2710 _
3311 2699 3322 2710 ,
3396 2705 3406 2710 _
3483 2701 3518 2710 ί,
3557 2689 3615 2710 Η,

2050 2741 2252 2793 lectum
2283 2689 2352 2784 ξι)
2388 2726 2564 2780 Eraco
2595 2719 2765 2782 misit,
2791 2713 2883 2783 qui
2916 2711 2966 2763 in
2992 2706 3287 2775 Egyptum
3311 2699 3445 2757 iret;
3471 2701 3523 2746 et
3553 2689 3620 2743 ad

2049 2784 2345 2902 opem—ipsi
2378 2823 2481 2874 hac
2518 2818 2569 2869 in
2606 2827 2663 2867 re
2727 2803 3005 2862 ferendam
3057 2795 3321 2851 Yasidum
3360 2788 3475 2842 Ebn
3513 2784 3620 2837 Ab-

2053 2885 2412 2979 έιῖιιιςιιιιίςηι
2467 2909 2652 2963 Badan
2709 2902 2826 2956 Ehn
2865 2892 3130 2954 Pharahi,
3160 2899 3216 2942 et
3258 2885 3323 2940 ad
3374 2888 3621 2947 sumptus

359 2989 462 3042 sint
497 2984 840 3056 provincias,
883 2990 942 3035 ut
985 2985 1320 3055 cogerentur
1376 2972 1643 3027 Moslcmii
1704 2978 1942 3025 creatum
1972 2984 2016 3047 ρ
2053 2972 2334 3072 é’c'i'el'ldos
2371 3007 2712 3061 Solimanum
2749 2991 2915 3064 448
2947 2988 3064 3040 Eb“
3104 2979 3338 3036 Wahab.
3372 2974 3473 3029 me
3497 2985 3622 3037 ergo

355 3080 686 3133 Alcoranum
746 3071 1036 3144 profiteri,
1103 3069 1355 3138 idemque
1421 3064 1639 3133 templis
1694 3061 1941 3117 inscribi.

357 3167 514 3233 Quod
546 3181 667 3220 eum
696 3163 1031 3233 ipsis'grave
1064 3157 1358 3212 admodum
1399 3171 1459 3208 ae
1507 3154 1705 3209 durum
1736 3151 1945 3204 videro-

358 3272 466 3322 tur,
504 3272 729 3329 prorsus
760 3257 940 3323 ipsum
979 3253 1320 3306 abnuerunt.
1379 3247 1580 3301 Eurum
1635 3254 1815 3298 autem
1854 3242 1947 3311 qui

359 3351 694 3408 sententiam
751 3349 912 3404 istam
967 3346 1294 3404 abnuerent,
1361 3355 1536 3408 neque
1587 3334 1834 3404 amplecti
1887 3347 1951 3386 ac

361 3443 605 3514 profiteri
645 3441 872 3503 vellent,
913 3437 1002 3490 alii
1036 3434 1224 3504 flagris
1256 3431 1383 3485 ca'si
1418 3437 1566 3491 sunt,
1603 3427 1694 3479 alii
1740 3427 1791 3477 in
1828 3438 1950 3476 car--

368 3551 546 3590 rerum
583 3532 839 3602 coujecti,
869 3529 960 3582 alii
991 3525 1276 3581 trucidati.
1309 3519 1435 3574 Fuit
1463 3518 1757 3574 cbalifatus
1780 3515 1950 3584 ipsius

363 3642 630 3683 annorum
689 3621 854 3694 444,
912 3619 1195 3689 quinque,
1260 3613 1532 3666 mensium
1590 3617 1838 3676 septem,
1902 3612 1955 3658 et

366 3713 907 3776 tlicrum'trcdecim.
969 3708 1137 3762 Porro
1185 3703 1320 3759 obiit
1367 3697 1707 3769 Theophilus
1754 3697 1955 3750 Roma-

369 3824 564 3868 norum
615 3807 942 3876 imperator,
987 3799 1091 3869 ipsi
1138 3798 1190 3850 in
1250 3810 1418 3866 regno
1464 3790 1792 3846 succedente
1843 3786 1955 3840 ﬁlio

368 3907 545 3977 ipsius
581 3897 866 3955 Michaele.
915 3894 1074 3947 Anno
1130 3888 1423 3945 chalifatus
1475 3882 1803 3939 AlWatheki
1866 3897 1955 3935 se-

371 3973 576 4060 cundo,
603 3991 933 4048 constitutus
958 3979 1456 4052 cstSergius(filius
1481 3975 1752 4032 Mansoris
1785 3973 1954 4036 illius,

367 4092 461 4160 qui
491 4083 829 4142 Musleminis
892 4079 946 4133 in
1003 4072 1267 4147 capienda
1299 4072 1564 4125 Damasco
1615 4080 1770 4136 opem
1805 4064 1949 4128 tulit,

369 4156 601 4249 ideoque
636 4177 687 4229 in
720 4170 977 4227 omnibus
1008 4164 1322 4235 regionibus
1345 4159 1696 4216 anathemate
1721 4156 1952 4210 devotus

373 4273 494 4339 fuit)
547 4265 862 4340 patriarcha
887 4258 1454 4328 llierosolymitanus,
1487 4250 1578 4306 ubi
1623 4263 1746 4305 cum
1778 4260 1952 4301 annos

373 4339 652 4420 sexdecim
680 4359 936 4421 sedisset,
983 4359 1236 4406 mortuus
1272 4355 1376 4402 est.
1439 4347 1597 4399 Anno
1657 4339 1951 4396 chalifatus

374 4457 620 4524 ejusdem
658 4459 813 4508 sexto
845 4445 1183 4502 constitutus
1215 4448 1298 4495 est
1348 4435 1609 4492 Nicolaus
1646 4429 1957 4502 patriarcha

375 4547 772 4605 Antiochenus,
825 4539 916 4610 qui
965 4548 1141 4590 annos
1190 4529 1381 4598 viginti
1437 4537 1549 4582 tres
1605 4524 1766 4587 sedit,
1835 4521 1960 4574 dein

377 4640 535 4694 obiit.
571 4635 815 4688 Mortuus
846 4640 930 4685 est
956 4637 1139 4682 autem
1174 4619 1478 4675 AlWathek
1525 4617 1612 4672 die
1664 4613 1948 4680 Mercurii,

379 4747 473 4786 sex
503 4735 630 4781 ante
663 4725 874 4778 finitum
914 4732 1167 4774 tnensem-
1216 4711 1498 4781 Dilllajjah
1538 4709 1751 4771 diebus,
1814 4718 1960 4758 anno

377 4818 756 4877 ducentesimo
783 4813 1067 4869 tricesimo
1104 4803 1369 4872 secundo,
1402 4817 1578 4856 annos
1612 4801 1820 4854 habens
1859 4795 1958 4848 tri-

379 4918 528 4982 ginta
577 4917 832 4979 quatuor.
893 4902 1018 4958 Fuit
1078 4908 1305 4956 staturae
1365 4894 1667 4966 quadrata,
1735 4900 1965 4955 corpore

381 5004 637 5072 eleganti,
669 5001 777 5052 lato
807 5006 1051 5060 peetore,
1098 4992 1266 5046 barba
1331 4990 1534 5058 spissa,
1593 4985 1646 5036 in
1699 4980 1857 5042 oculo
1890 4975 1966 5028 al-

383 5096 637 5165 buginezu
671 5091 900 5144 habens.
941 5084 1261 5139 Satellitum
1301 5080 1478 5147 ipsius
1540 5074 1833 5141 praefectus
1867 5067 1968 5120 fuit

385 5192 536 5241 Isaac
569 5182 684 5238 E‘ui
719 5179 978 5234 Ahrahim
1005 5193 1020 5240 ;
1047 5173 1262 5228 Janitor
1295 5171 1430 5233 Itah,
1463 5166 1640 5220 ’l‘urea
1664 5203 1677 5224 ,
1739 5163 1966 5214 libertus

386 5282 560 5351 ipsius
599 5294 610 5330 :
651 5275 774 5328 dein
813 5271 953 5339 Baga
989 5267 1195 5327 'f‘urca,
1229 5277 1419 5316 servus
1473 5258 1682 5329 ipsius;
1735 5250 1964 5320 Wasiph

393 5345 591 5430 Turca,
630 5367 863 5420 libertus
897 5360 1105 5430 ipsius;
1148 5351 1491 5409 Mohammed
1544 5348 1658 5403 Ebn
1703 5345 1966 5400 Hannuad

390 5460 502 5512 lihn
555 5455 852 5518 Bankas‘hi,
908 5460 961 5506 ct
1019 5443 1356 5502 Mohamnted
1392 5441 1502 5493 Ebn
1555 5439 1743 5501 Asam,
1801 5435 1966 5488 Jaba-

391 5551 558 5605 lensis
594 5567 607 5604 :
639 5547 895 5618 ianitoris
929 5543 1093 5598 etiam
1148 5536 1409 5592 ordinarii
1492 5541 1716 5584 munere
1785 5525 1960 5579 functi

398 5648 524 5693 stult
564 5638 733 5690 Jacub
789 5636 904 5688 Ebn
940 5631 1198 5686 Abrahim
1234 5624 1543 5685 Kausarab,
1569 5629 1621 5674 et
1662 5619 1801 5670 Atah
1857 5617 1966 5669 litui

408 5731 563 5788 Atab.
599 5727 838 5784 Maxima
875 5725 1015 5796 apud
1040 5725 1217 5794 ipsum
1245 5718 1415 5790 gratia
1443 5714 1712 5786 pallebant
1745 5707 1970 5766 Ahmedi

2049 3065 2360 3165 men—suram
2397 3102 2449 3153 in
2475 3096 2621 3152 lizah
2661 3089 2988 3159 Egypliaca
3023 3073 3312 3133 fabricavit
3364 3080 3508 3123 anno
3529 3065 3624 3118 du-

2049 3202 2351 3259 centesimo
2401 3186 2825 3263 quadragesimo
2884 3177 3115 3246 quinto,
3177 3181 3300 3238 qua:
3374 3169 3622 3214 mensura

2052 3316 2189 3354 nova
2219 3251 2489 3364 appellata
2516 3294 2622 3346 est,
2660 3292 2761 3333 nec
2799 3274 2892 3328 ulli
2942 3266 3178 3336 amplius
3215 3258 3339 3314 usui
3383 3251 3622 3308 adhibita

2053 3401 2137 3448 est
2169 3346 2347 3441 vetitls.
2404 3377 2664 3434 Condidit
2724 3371 2890 3426 etiam
2952 3348 3385 3416 Almotawaccel
3441 3346 3618 3400 urbem

2056 3438 2677 3554 quain—Allaaphariam
2720 3457 3036 3534 appellavit.
3083 3451 3232 3506 Idem
3284 3438 3624 3498 Bachtishute

2061 3535 2162 3554 ηπ
2431 3535 2445 3544 .

2060 3577 2272 3632 medico
2321 3573 2497 3626 iratus
2553 3566 2607 3618 in
2656 3572 2850 3616 omnes
2901 3548 3217 3623 provincias
3275 3535 3520 3604 scripsit,
3573 3535 3630 3581 ut

2057 3667 2518 3739 compellerentur
2584 3648 2884 3711 Christiani
2963 3640 3186 3696 zonaria
3257 3631 3514 3689 induere,
3578 3629 3631 3675 et

2060 3765 2301 3821 vestibus
2338 3759 2455 3814 suis
2484 3761 2791 3824 pannorum
2823 3742 3105 3808 segmenta
3140 3740 3386 3786 assuere,
3415 3737 3444 3773 a
3482 3725 3635 3787 parte

2059 3854 2323 3913 anteriori
2383 3814 2636 3905 alterum,
2695 3837 2925 3890 alterum
2981 3844 3010 3881 a
3074 3814 3402 3893 posteriori;
3473 3819 3635 3876 atque

2057 3950 2213 4020 equis
2244 3943 2368 4000 vehi
2407 3937 2851 4010 prohiberentur,
2889 3931 2942 3978 et
2971 3921 3024 3974 in
3048 3917 3199 3974 sellis
3224 3911 3339 3967 suis
3371 3906 3636 3961 haberent

2887 4014 2898 4020 ‘
3009 4018 3015 4020 Α
3164 4015 3173 4020 -
3207 4018 3248 4020 γμ
3322 3995 3632 4020 ...λεηηιηιηι

2064 3995 2243 4101 ftiues,
2283 4048 2344 4088 ac
2374 3995 2690 4098 siapedibus
2737 4014 2932 4088 ligneis
2965 4015 3273 4066 uterentur,
3321 3995 3632 4059 :ediumque

2058 4085 2304 4204 ipsortim
2331 4085 2502 4194 portis
2529 4085 2956 4187 appingerentur
2991 4099 3334 4178 diabolorum
3363 4085 3629 4182 imagines

2061 4186 2192 4296 (vel,
2230 4213 2534 4275 secundum
2570 4186 2722 4260 rallud
2768 4196 3071 4266 exemplar,
3130 4195 3423 4259 porcorum
3468 4186 3522 4230 et
3562 4186 3640 4227 st-

2774 4294 2782 4296 ‘
2937 4289 2949 4296 -
3012 4288 3022 4296 ·
3108 4285 3118 4295 ·
3193 4270 3640 4296 ³ίι-ε--Α-ΙΞΑΑ-

1991 4333 2040 4393 D
2063 4270 2337 4376 \miorum)
2376 4324 2391 4361 :
2421 4303 2568 4376 quod
2606 4294 2788 4366 magni
2820 4285 3153 4344 Christianis
3182 4271 3497 4334 detrimenti
3528 4270 3642 4321 do-

2598 4392 2603 4393 ⁷
2731 4390 2741 4393 ’
3067 4375 3163 4393 ⁸-⁸·
3267 4369 3440 4393 ἴδη-ειη
3505 4355 3634 4393 nhiir

2379 4355 2391 4361 -
2699 4355 2725 4366 ν

2069 4411 2311 4473 lorisque
2367 4408 2422 4454 et
2480 4390 2777 4449 anxietatis
2831 4395 3002 4440 causa
3067 4375 3190 4430 fuit.
3267 4369 3442 4424 Porro
3505 4355 3641 4413 obiit

2061 4463 2292 4559 hlichael
2328 4487 2616 4560 Theophili
2682 4485 2829 4538 filius
2881 4476 3255 4531 Romanorum
3317 4463 3637 4560 imperator,

2062 4595 2391 4655 succedente
2451 4584 2554 4656 ipsi
2607 4572 2913 4644 Theophila
2975 4565 3354 4620 Romanorum
3407 4551 3642 4615 impera-

2062 4703 2220 4750 ture;
2255 4685 2346 4754 qui
2379 4696 2446 4734 ex
2503 4671 2754 4730 ecclesiis
2800 4663 3068 4730 imagines
3109 4661 3371 4708 amovens
3424 4639 3643 4696 easdem

2064 4728 2288 4838 delevit:
2319 4784 2534 4829 necnon
2578 4762 2758 4833 fregit,
2785 4758 2987 4826 iubens
3017 4759 3075 4803 ut
3124 4743 3272 4800 nulla
3316 4733 3539 4792 omnino
3589 4728 3646 4779 in

2067 4875 2249 4944 aliqua
2305 4865 2542 4924 ecclesia
2594 4863 2740 4914 esset
2794 4854 3001 4921 imago.
3050 4843 3230 4898 Causa
3289 4844 3470 4888 autem
3525 4852 3650 4904 qua;

2067 4928 2245 5039 ipsum
2279 4957 2498 5031 impulit
2534 4953 2600 5007 ad
2633 4947 2900 5020 imagines
2949 4958 3015 4997 ex
3061 4935 3315 4994 ecclesiis
3350 4928 3646 4990 tollendas,

2069 5020 2185 5115 haec
2211 5054 2336 5114 fuit,
2362 5020 2525 5121 'quod
2567 5043 2670 5113 ipsi
2719 5056 2751 5094 a
2804 5033 3124 5092 consiliario
3181 5028 3352 5098 ipsius
3407 5020 3650 5094 quodam

2070 5157 2355 5208 narratum
2407 5147 2576 5205 esset,
2625 5150 2746 5192 esse
2781 5133 2834 5187 in
2891 5131 3011 5183 loco
3051 5123 3285 5195 quodam
3334 5119 3388 5174 in
3445 5115 3654 5170 ditione

2077 5243 2452 5298 Romanorum
2487 5231 2774 5320 ecclesiam
2825 5231 3030 5280 sanctm
3064 5216 3248 5272 Maria:
3296 5224 3534 5271 sacram,
3569 5210 3656 5260 in-

2825 5317 2835 5320 -
2988 5317 2997 5320 _
3088 5311 3119 5320 ..
3423 5317 3436 5320 ,
3479 5301 3623 5320 ,ΛΜ

2076 5351 2183 5407 que
2217 5333 2336 5402 ipsa
2368 5301 2660 5395 imaginem
2687 5335 2717 5376 e
2752 5317 2910 5387 cujus
2946 5311 3232 5373 uberibus,
3263 5321 3386 5362 cum
3413 5301 3657 5357 celebra-

2079 5390 2696 5482 utetur-festum—illius,
2753 5409 2911 5464 lactis
2959 5413 3112 5475 gutta
3177 5400 3430 5456 stillaret.
3492 5390 3656 5458 Quod

2077 5535 2199 5575 cum
2259 5509 2562 5582 Theophila
2618 5500 2765 5557 haud
2799 5497 3062 5554 credibile
3104 5494 3401 5551 videretur,
3434 5486 3488 5541 in
3539 5495 3655 5541 rem

2079 5611 2364 5681 inquirens
2393 5577 2752 5676 ζῶε-45],
2805 5590 3016 5648 invenit
3057 5587 3341 5648 aedituum,
3389 5579 3534 5633 facto
3602 5577 3654 5626 in

2085 5666 2312 5774 pai‘iele,
2339 5711 2366 5750 a
2401 5666 2550 5764 t-crgo
2583 5666 2857 5759 imaginis,
2900 5679 3168 5739 foramine
3206 5673 3352 5747 quod
3387 5685 3558 5740 usque
3592 5666 3661 5718 ad
