4014 6218
382 285 519 351 1139

1413 273 1775 339 EUTYCHII
1819 267 2343 331 ALEXANDRINI
2387 268 2601 329 PATR.

3486 244 3620 308 1150

379 393 821 470 quinquagesimi
874 392 1100 450 secundi
1139 399 1296 447 :tum
1349 390 1494 446 enim
1535 390 1656 443 loco
1686 400 1742 439 se
1776 380 1934 437 abdi-
1970 382 2009 438 Α
2043 381 2136 451 qtti
2171 380 2471 435 Ahmedem
2509 376 2626 430 Ebn
2671 370 2850 426 Tolun
2892 367 3212 436 deputatum
3270 357 3373 412 sihi
3414 358 3625 410 onusti--

378 482 932 551 cante'Almostaino,
985 484 1125 539 facta
1180 491 1264 537 est
1296 495 1424 551 pax,
1457 478 1677 548 scriptis
1711 480 1949 527 testante

378 578 719 633 AlMostaiuo
764 592 824 631 se
871 577 973 631 hoc
1023 582 1216 645 sponte
1268 573 1480 635 facere,
1536 578 1588 621 et
1634 563 1951 622 securitatis

381 669 621 723 libellum
652 666 730 721 illi
762 666 1035 723 scribente
1062 661 1373 717 AlMotazzo
1406 657 1668 713 adhibitis
1698 654 1948 709 testibus.

378 759 587 816 Deinde
640 756 925 813 Wasetum
986 753 1148 809 Eraki
1208 752 1397 807 urbem
1467 747 1775 804 descendit.
1828 744 1951 799 Fuit

378 850 677 906 chalil’atus
714 850 913 919 ipsius,
947 847 1121 901 donec
1167 860 1225 899 se
1260 844 1436 913 ipsum
1468 841 1698 909 imperio
1731 837 1951 891 abdica-

376 945 488 1009 vit,
533 956 801 996 annorum
845 941 1009 993 trium
1068 953 1189 992 curn
1240 946 1365 990 octo
1413 932 1718 988 mensibus.
1770 928 1954 983 Primo

379 1035 676 1091 chalifatus
711 1033 888 1103 ipsius
936 1045 1081 1086 anno
1116 1031 1447 1084 constitutus
1503 1035 1587 1080 est
1632 1022 1948 1077 Theodorus

381 1128 494 1199 (qui
524 1125 807 1183 Albloklati
844 1124 1017 1193 audit)
1052 1121 1359 1190 patriarcha
1403 1114 1947 1185 Hierosolymitanus,

380 1222 474 1289 qui
528 1234 705 1273 annos
742 1214 1115 1271 novetutlccitu
1164 1210 1325 1274 sedit,
1370 1209 1496 1263 dein
1545 1215 1794 1260 mortuus
1839 1209 1945 1256 cst.

380 1310 507 1365 Fuit
558 1320 735 1365 autem
793 1306 1167 1362 Almostainus
1225 1302 1463 1373 pinguis,
1516 1298 1680 1371 460
1724 1308 1951 1362 corpore

385 1420 429 1454 ν·
454 1411 635 1466 nusto,
669 1400 838 1454 barba
877 1400 1068 1467 nigra;
1108 1396 1401 1451 satellitum
1454 1392 1625 1461 ipsius
1666 1386 1953 1459 prtefectus

387 1493 487 1545 fuit
523 1487 868 1543 Mohammed
903 1486 1013 1539 Ebn
1050 1485 1310 1544 Ahdollae,
1340 1482 1454 1535 Ebu
1485 1477 1776 1534 Tdhaheri.
1808 1474 1957 1527 laui-

388 1594 538 1637 tores
569 1580 760 1651 ipsius,
788 1578 968 1632 Wasil‘
988 1585 1041 1632 et
1076 1576 1242 1645 Boga,
1274 1573 1487 1628 Turcae.

837 1670 1137 1739 Chalifatus
1186 1666 1506 1721 “Molazzi.

459 1767 663 1821 Omnes
719 1765 811 1835 qui
856 1760 1282 1818 Sarramantairc
1336 1759 1558 1810 fuerunt
1613 1762 1721 1807 tam
1768 1750 1959 1804 Turca:

390 1875 553 1930 quam
588 1858 704 1922 alii,
736 1855 1101 1909 AlMotazzam
1138 1848 1396 1904 chalifam
1434 1846 1537 1901 (ide
1566 1846 1691 1898 .lata
1732 1845 1965 1912 inaugu-

388 1957 603 2013 rarunt,
638 1962 827 2002 mense
858 1943 1233 1999 AlMoharram
1263 1940 1391 1993 anni
1419 1935 1778 1993 dueentesimi
1804 1934 1967 2003 quin-

390 2038 695 2110 quagesimi
748 2036 934 2108 primi,
987 2050 1111 2088 cum
1162 2040 1312 2087 esset
1347 2030 1648 2084 AlMostain
1701 2023 1966 2095 Bagdadi,

393 2147 458 2185 ac
524 2128 815 2200 provincia
863 2125 1134 2189 turbatae,
1172 2122 1366 2192 majori
1401 2120 1683 2175 hominum
1722 2124 1874 2187 parte
1905 2114 1969 2168 Al

392 2222 663 2278 Mostaino
694 2216 1114 2273 adhaerentibus.
1142 2215 1209 2268 At
1242 2227 1364 2270 cum
1387 2225 1448 2267 se
1480 2208 1714 2278 imperio
1742 2206 1966 2261 abdica-

393 2325 549 2371 verat
592 2315 653 2385 AJ
687 2311 924 2368 Mostain
959 2310 1117 2364 initio
1162 2308 1368 2364 mensis
1406 2304 1806 2366 AlMoharram,
1842 2300 1969 2357 anni

394 2402 760 2462 ducentesimi
816 2399 1254 2473 quinquagesimi
1312 2396 1563 2460 secundi,
1626 2394 1731 2450 hoc
1783 2393 1971 2449 audito

398 2500 650 2556 homines
700 2497 945 2553 obsecuti
1002 2505 1150 2551 sunt.
1208 2491 1566 2548 AlMotazzus
1620 2498 1800 2543 autem
1850 2499 1973 2541 cum

399 2589 772 2645 successionis
800 2588 891 2658 jus
920 2586 1225 2641 Abt-nhimo
1260 2581 1566 2653 Al‘Moayad
1599 2580 1783 2635 billahi
1814 2576 1971 2633 resti—

400 2679 641 2741 tuisset,
679 2678 867 2731 eodem
922 2690 1117 2729 rursus
1174 2672 1349 2742 ipsum
1398 2670 1582 2734 exuit,
1636 2667 1726 2738 qui
1774 2664 1973 2719 deinde

400 2776 653 2825 mortuus
691 2777 775 2824 est
809 2785 823 2822 :
862 2766 1009 2836 quod
1047 2781 1169 2819 cum
1205 2778 1345 2833 azgre
1398 2761 1561 2816 ferret
1598 2758 1716 2814 Abu
1764 2754 1975 2810 Ahmed

403 2860 559 2914 fratri
592 2875 691 2914 suo
722 2859 1013 2918 accidisse.
1057 2857 1232 2925 ipsum
1278 2853 1539 2908 Basoram
1576 2848 1836 2917 relegavit
1883 2845 1978 2900 Αι-

400 2953 679 3007 Motazzus
707 2968 721 3004 :
757 2949 1026 3004 interiecti
1052 2957 1179 3001 sunt
1206 2946 1370 2999 etiam
1395 2942 1693 3009 Wasiphus
1722 2952 1769 2993 et
1801 2938 1970 3004 Boga.

2047 483 2230 532 tuens.
2270 472 2448 541 ipsum
2502 470 2555 522 in
2607 464 2900 534 Egyptum
2937 457 3110 511 misit.
3166 451 3447 506 Bacbacus
3495 462 3615 499 νει-ί

2046 567 2210 641 464
2248 563 2475 619 Ahmedi
2507 561 2623 614 Ehn
2660 554 2857 611 Toluni
2900 552 3063 606 tiliam
3109 560 3262 602 suam
3306 544 3363 597 in
3396 555 3624 595 uxorem

2049 630 2292 714 dede-rat.
2324 656 2614 726 Ingressus
2645 656 2729 704 est
2781 655 2958 701 autem
3016 636 3226 695 Ahmed
3282 635 3396 690 Ebn
3448 630 3624 685 Tolnu

2050 751 2345 821 Egyptum
2403 759 2593 800 mense
2659 739 2975 795 Ramailano
3044 746 3188 786 anno
3248 727 3630 783 ducentesimo

2052 838 2513 914 quinquagesimo
2562 842 2784 905 quarto.
2845 827 3103 883 Turbatae
3142 829 3268 878 sunt
3305 826 3487 872 autem
3542 829 3633 869 res

2053 910 2195 990 inter
2218 910 2586 986 AlMotazzum
2619 935 2671 981 et
2708 923 2961 979 libertos.
2994 916 3251 982 Obiitque
3282 910 3633 965 Almotazzus

2052 1027 2138 1082 die
2165 1023 2351 1079 Martis
2381 1021 2542 1075 tertio
2576 1026 2701 1072 ante
2737 1014 2947 1069 ﬁnitum
2989 1020 3231 1062 mensem
3265 1000 3457 1069 Rajeb,
3489 1013 3636 1053 anno

2054 1114 2430 1173 ducentesimo
2453 1106 2908 1181 quinquagesimo
2943 1100 3155 1171 quinto.
3190 1094 3315 1150 Fuit
3340 1092 3634 1147 chalifatus

2053 1208 2226 1279 ipsius
2251 1213 2372 1272 post
2392 1180 2712 1256 Alblostaiui
2753 1191 3153 1249 abdicationem
3179 1199 3444 1239 annorum
3469 1180 3635 1235 trium

2051 1317 2172 1356 cum
2202 1295 2482 1351 mensibus
2518 1305 2736 1352 novem,
2776 1284 2970 1339 diebus
3000 1287 3145 1335 octo.
3179 1275 3331 1338 Erat,
3362 1289 3486 1327 cum
3521 1288 3641 1327 mo-

2052 1401 2293 1455 reretur,
2346 1399 2619 1441 annorum
2675 1375 2867 1449 viginti
2919 1375 3176 1429 duorum.
3243 1366 3505 1437 Sepultus
3550 1375 3635 1419 est

2056 1486 2228 1541 Sarra
2284 1476 2542 1533 Manraiae
2592 1490 2606 1527 :
2664 1472 2978 1541 sepulcrum
3034 1461 3156 1533 ejus
3215 1473 3379 1526 Opere
3432 1456 3641 1510 albario

2060 1573 2281 1630 ornavit
2315 1576 2490 1624 mater
2521 1563 2697 1636 ipsius
2724 1562 2878 1632 juxta
2907 1556 3217 1627 sepulcrum
3252 1546 3634 1605 Alllontasari.

2064 1668 2191 1723 Fuit
2224 1662 2609 1720 AlMontazzus
2649 1653 2941 1715 candidus,
2991 1648 3133 1703 facie
3184 1643 3436 1716 pulchra,
3487 1653 3639 1693 coma

2065 1759 2322 1830 eleganti,
2370 1766 2603 1822 corpore
2652 1748 2875 1809 decoro,
2910 1741 3046 1796 adeo
3094 1744 3152 1791 ut
3203 1733 3349 1789 haud
3399 1729 3503 1801 ipsi
3546 1743 3642 1797 par

2068 1820 2245 1907 forina
2306 1820 2360 1902 et
2419 1820 2824 1914 pulchritudine
2884 1830 3246 1903 reperiretur.
3307 1820 3646 1877 Satellitihus

2067 1944 2242 2015 ipsius
2311 1908 2602 2009 praefectus
2650 1929 2753 1983 tun
2797 1920 3138 1980 Mobammed
3186 1916 3301 1970 Ebn
3351 1908 3649 1969 Abdillahi,

2067 2001 2184 2093 ébn
2228 2001 2503 2087 Tdhaheri
2540 2044 2554 2081 :
2591 2022 2743 2085 dein,
2797 2033 2861 2073 eo
2899 2023 3140 2075 mortuo,
3182 2004 3495 2063 Obaidallah
3530 2001 3647 2055 Ebn

2068 2123 2367 2187 Abdillahi,
2428 2119 2544 2174 Ebn
2602 2111 2840 2170 Tdaheri
2875 2126 2888 2163 :
2921 2116 3037 2160 tum
3075 2102 3270 2157 iisdem
3320 2094 3649 2167 praepositus

2068 2228 2150 2277 est
2212 2185 2455 2272 Soliman
2511 2209 2625 2263 Ebn
2687 2202 2966 2261 Ahdillahi
3024 2198 3138 2252 Ebn
3198 2189 3504 2247 Ttiilailel'i.
3557 2185 3647 2253 qui

2070 2306 2347 2384 [munus]
2383 2303 2516 2359 illud
2558 2299 2817 2359 obtinuit,
2855 2287 3257 2363 quod“deinde
3309 2278 3651 2337 Obaidallahi

2072 2367 2191 2458 ἔδει
2236 2367 2539 2459 Abdillahi,
2579 2392 2694 2446 Ebn
2731 2383 3007 2443 Tdhaheri
3060 2378 3336 2435 redditum
3368 2380 3471 2427 est.
3502 2367 3653 2423 Jaui-

2075 2502 2225 2550 tores
2253 2490 2430 2562 ipsius
2458 2486 2682 2541 fuerunt
2714 2478 2959 2546 VVasiph
2999 2481 3052 2528 et
3087 2471 3232 2540 Boga
3267 2486 3280 2521 :
3315 2462 3511 2562 deinde
3555 2459 3654 2513 Sa-

2070 2589 2228 2643 lehus
2262 2552 2316 2639 in
2351 2582 2529 2637 locum
2561 2575 2734 2647 patris
2766 2571 2850 2625 sui
2880 2566 3145 2624 sut‘lectus
3168 2566 3288 2625 est;
3318 2562 3371 2611 et
3398 2555 3451 2609 in
3476 2552 3652 2607 locum

2071 2678 2257 2750 Bogai,
2291 2672 2502 2729 Bacbac
2534 2667 2736 2722 Turca.

2330 2757 2687 2835 5.65-5.67
2729 2751 3032 2821 Chalifatus
3078 2741 3411 2799 Almohtadi.

2155 2829 2524 2927 [inauguratus
2548 2829 2638 2905 est
2668 2841 3004 2904 Almohtaili,
3035 2836 3288 2891 videlicet
3314 2829 3657 2885 Mohammed

2084 2953 2198 3009 Ebn
2236 2920 2423 3004 Harun
2469 2940 2751 2999 AIWathek
2785 2935 2999 2996 billahi,
3037 2927 3224 2986 Ebnol'
3251 2925 3511 2981 Motasam
3555 2920 3659 2973 bil-

402 3044 758 3110 Mortuusqne
809 3049 893 3095 est
950 3036 1293 3092 Mohamtned
1346 3033 1459 3087 Ebn
1499 3028 1823 3090 Abdollahi,
1857 3025 1974 3080 Ebn

2084 3044 2218 3110 lahi,
2252 3042 2341 3098 cui
2375 3047 2549 3094 mater
2579 3032 2676 3088 fuit
2714 3026 3021 3086 concubina
3059 3021 3279 3078 nomine
3312 3014 3481 3070 Korb.
3534 3009 3659 3064 Fuit

405 3135 687 3192 Tdbaheri
732 3132 1021 3189 satellitum
1075 3128 1385 3200 prazfectus.
1432 3122 1847 3179 Alblostainum
1883 3133 1980 3172 au-

406 3239 517 3283 tem
557 3226 782 3281 Waseto
818 3224 1144 3279 accersitum
1170 3261 1184 3285 ,
1236 3235 1357 3274 cum
1391 3218 1677 3273 salutasset
1706 3212 1833 3268 Said
1863 3209 1979 3265 Ebn

408 3321 571 3375 Saleb
631 3318 856 3388 ianitor,
914 3317 1089 3387 ipsum
1142 3311 1435 3368 interfecit.
1498 3311 1671 3365 Porro
1738 3314 1986 3361 mortuus

409 3422 491 3468 est
530 3411 864 3479 Theophilus
909 3407 1188 3461 Michaelis
1243 3404 1337 3456 lilii
1385 3399 1672 3467 Theophili
1708 3397 1852 3451 illius
1878 3393 1989 3447 Ro-

410 3509 715 3571 manorum;
747 3500 1079 3565 imperator,
1137 3493 1465 3546 succedente
1507 3487 1610 3556 ipsi
1660 3486 1714 3539 in
1756 3482 1985 3550 imperio

412 3594 523 3644 lilio
564 3592 742 3659 ipsius
770 3588 1031 3643 Michaele
1056 3583 1365 3649 Theophili,
1417 3579 1511 3633 lilii
1545 3574 1823 3631 Michaelis
1852 3572 1983 3626 ﬁlio.

411 3682 536 3737 Fuit
572 3690 750 3734 autem
784 3680 890 3731 dux
925 3678 1143 3745 quidam
1177 3670 1530 3744 ἀει-463
1563 3667 1787 3723 nomine
1830 3664 1985 3719 Basi-

412 3774 518 3828 lius
551 3784 712 3841 quem
744 3769 1074 3822 accersitum
1109 3764 1366 3818 omnibus
1409 3759 1644 3816 ducibus
1693 3772 1758 3813 ac
1812 3756 1982 3812 comi-

417 3865 564 3919 tibus
601 3862 717 3918 suis
745 3859 1091 3932 prwfecerat.
1121 3856 1216 3911 Die
1249 3863 1429 3909 autem
1467 3852 1730 3923 quodam,
1775 3864 1900 3905 cum
1930 3862 1990 3903 se

415 3953 732 4010 oblectandi
766 3950 942 4022 gratia
975 3949 1270 4019 prodiisset
1306 3944 1539 4001 Michael
1582 3943 1888 4013 imperator
1929 3940 1986 3993 in

427 4048 663 4102 insulam
699 4044 1017 4116 quamdam,
1046 4056 1167 4110 quae
1191 4057 1221 4096 e
1261 4040 1482 4109 regione
1510 4031 1987 4102 Constantinopoli

420 4141 527 4195 sita
564 4141 733 4194 estin
776 4136 915 4190 mari
957 4135 1099 4204 quod
1139 4131 1346 4187 Pontus
1395 4128 1726 4199 appellatur,
1770 4125 1989 4180 irruens

420 4234 479 4285 in
524 4232 706 4299 ipsum
752 4226 987 4282 Basilius
1025 4224 1133 4280 dux
1161 4264 1178 4290 ,
1230 4224 1376 4276 intra
1433 4217 1722 4273 ecclesiam
1780 4229 1902 4285 qua:
1935 4214 1989 4269 in

2076 3134 2425 3208 inauguratio
2440 3131 2613 3201 ipsius
2628 3127 2711 3181 die
2730 3122 3104 3186 Martis,tertlo
3129 3122 3254 3169 ante
3279 3110 3489 3165 [initum
3508 3120 3660 3158 men-

2081 3247 2193 3289 sem
2214 3197 2402 3296 itajeb,
2421 3197 2564 3277 anno
2583 3215 2957 3272 ducentesimo
2976 3203 3427 3279 quinquagesimo
3449 3197 3656 3267 quinto.

2084 3325 2214 3378 Erat
2245 3293 2542 3376 chalifatus
2575 3311 2747 3382 ipsius
2789 3305 2919 3359 anni
2960 3303 3147 3356 unius.
3209 3293 3534 3351 Trucidatus
3578 3297 3661 3341 est

2086 3430 2212 3471 cum
2251 3422 2525 3466 annorum
2564 3411 2708 3458 esset
2744 3397 2965 3467 triginta
3022 3405 3214 3446 novem
3252 3405 3268 3442 :
3313 3384 3548 3453 sepultus
3572 3387 3659 3432 est

2093 3500 2545 3564 Sarramanraiae.
2579 3496 2706 3551 Fttit
2740 3501 2949 3547 statura
2986 3483 3184 3548 media,
3239 3479 3380 3533 facie
3419 3472 3661 3545 pulchra,

2092 3560 2325 3664 corpore
2356 3587 2614 3659 eleganti,
2650 3583 2820 3638 barba
2881 3576 3120 3645 implexa
3155 3579 3210 3625 et
3240 3570 3416 3638 nigra.
3452 3560 3665 3664 Satelli-

2093 3650 2209 3741 tuui
2239 3682 2414 3753 ipsius
2443 3650 2750 3749 vprml'ectus
2804 3670 2904 3724 fuit
2953 3660 3298 3721 Ohaiilollahi
3335 3658 3448 3745 Ehu
3482 3650 3668 3753 Abdil~

2092 3738 2474 3830 labinianitor
2493 3765 2656 3822 Saleb
2690 3762 2808 3817 Ebu
2840 3756 3106 3824 Wasiph;
3158 3760 3301 3815 tum,
3345 3740 3530 3803 occiso
3572 3738 3671 3794 Sa-

2094 3867 2241 3935 leho,
2274 3863 2444 3920 Tacin
2477 3860 2681 3913 Turca.

2393 3949 2699 4018 Chah'fatus
2742 3934 3133 3998 Almotammed
3183 3929 3393 3985 billahi.

2166 4050 2529 4116 lnauguratus
2579 4049 2661 4093 est
2722 4028 3115 4090 Almotammed
3166 4022 3353 4079 billahi
3411 4024 3669 4084 (nempe,

2099 4114 2323 4198 Ahmedv
2342 4137 2458 4191 Ebn
2487 4129 2691 4187 Jaalari
2725 4117 3194 4180 Almotawacceli,
3224 4114 3311 4168 cui
3347 4120 3521 4163 mater
3549 4123 3680 4160 con-

2099 4234 2299 4288 cubina
2351 4228 2453 4281 fuit
2503 4222 2723 4278 nomine
2756 4214 2984 4287 Knyai),
3046 4222 3233 4265 mense
3283 4203 3478 4272 Rajeb.
3533 4212 3679 4251 anno

419 4323 596 4378 insula
621 4330 724 4385 est,
751 4317 1066 4380 interfecit,
1112 4331 1213 4370 nec
1250 4329 1356 4368 non
1395 4320 1448 4367 et
1476 4325 1573 4366 eos
1605 4308 1701 4379 qui
1731 4309 1787 4364 in
1816 4292 2001 4364 insula
2025 4318 2073 4376 ι)
2101 4322 2477 4383 ducentesimo
2530 4309 2985 4385 quinquagesimo
3044 4310 3221 4359 sexto.
3288 4293 3678 4353 Consiliarium

423 4424 601 4478 erant,
643 4423 698 4468 et
736 4412 1021 4481 imperium
1075 4409 1129 4462 in
1193 4412 1522 4477 potestatem
1570 4416 1722 4457 suam
1766 4400 1998 4470 redegit,

427 4520 551 4558 cum
582 4518 688 4559 non
714 4512 859 4557 esset
884 4502 1000 4570 ipse
1024 4515 1053 4552 e
1073 4499 1238 4566 stirpe
1266 4496 1435 4563 regia,
1466 4500 1656 4562 utpote
1686 4491 1780 4561 qui
1804 4504 2002 4562 genere

427 4595 675 4650 Siciliota
730 4593 851 4647 fuit.
890 4592 1134 4658 Cumque
1197 4586 1306 4656 ipsi
1355 4586 1566 4640 dictum
1624 4590 1777 4639 esset
1810 4600 1824 4637 :
1856 4580 2003 4647 Quid

429 4693 512 4741 est
543 4684 687 4756 quod
730 4683 1117 4751 imperatorem
1166 4676 1419 4732 occidere
1466 4674 1552 4730 fas
1601 4673 1702 4729 tibi
1757 4670 2005 4728 duxisti?

428 4775 711 4847 respondit
755 4794 768 4828 :
810 4772 1039 4825 Michael
1086 4785 1209 4827 cum
1252 4768 1537 4822 mulierem
1569 4764 1868 4835 deperiret,
1919 4777 2005 4817 me

430 4885 551 4925 eam
586 4866 788 4921 ducere
819 4864 1001 4935 iussit,
1037 4863 1103 4917 ad
1148 4863 1322 4932 ipsam
1352 4868 1538 4913 tamen
1568 4871 1676 4911 non
1704 4853 2005 4919 accedere;

382 5016 397 5021 -
432 4974 495 5016 ut
542 4959 763 5014 nomine
805 4957 936 5009 mihi
983 4965 1129 5010 esset
1169 4954 1365 5007 mulier
1410 4952 1550 5015 ista,
1600 4947 1690 5003 ille
1727 4960 1858 5001 vero
1887 4960 2009 5001 cum

434 5056 553 5125 ipsa
595 5051 856 5115 cubaret;
909 5056 1058 5102 metu
1107 5045 1318 5100 scilicet
1356 5042 1545 5097 uxoris
1596 5054 1731 5104 suae,
1788 5052 1857 5093 ne
1896 5036 2011 5106 ipsa

437 5145 570 5200 illud
608 5142 858 5206 resciret,
902 5148 956 5195 et
984 5138 1130 5209 quod
1165 5153 1273 5191 non
1307 5136 1495 5189 liceret
1520 5132 1624 5203 ipsi
1658 5132 1821 5185 aliam
1871 5129 2014 5183 ultra

441 5251 663 5291 uxorem
692 5248 849 5289 suam
883 5232 1084 5287 ducere
1121 5246 1137 5283 :
1167 5228 1310 5298 quod
1357 5241 1479 5281 cum
1519 5224 1794 5288 fecissem,
1824 5231 2016 5293 postea

442 5324 741 5394 poenitenia
786 5325 1009 5387 ductus,
1060 5320 1232 5374 Deum
1264 5317 1420 5372 timui
1452 5336 1469 5370 :
1502 5314 1647 5369 caede
1681 5328 1811 5384 ergo
1840 5314 2016 5382 ipsum

442 5417 633 5469 tollere
668 5416 751 5470 las
787 5415 917 5470 duxi
949 5430 963 5469 :
999 5410 1339 5480 retinuitque
1367 5407 1601 5463 Basilius
1630 5407 1915 5477 imperium
1962 5405 2015 5460 in

442 5503 738 5559 Romanos.

552 5596 853 5664 (.Italt'fatus
896 5598 961 5651 Al
994 5596 1226 5651 Molazzi
1276 5604 1321 5647 et
1360 5589 1662 5647 Almohtadi
1692 5598 1740 5643 el
1789 5604 1910 5655 pars

886 5691 1169 5758 chalifatus
1220 5685 1588 5742 Almotamedt’.

523 5776 770 5834 Pt‘acfccit
791 5780 1132 5837 Alllotauus
1169 5779 1471 5838 Bacbacum
1494 5775 1729 5835 Turcam
1755 5776 2010 5846 Egypto,

2097 4379 2260 4471 suum
2291 4379 2580 4466 constituit
2607 4379 2976 4457 Abidollahutn
3003 4392 3117 4445 Ebn
3153 4388 3354 4456 Yahyte
3386 4385 3498 4439 Ebn
3532 4379 3679 4434 Cha-

2098 4522 2224 4571 can,
2253 4501 2346 4573 qui
2390 4492 2766 4571 Motawacceli
2828 4483 3187 4543 consiliarius
3242 4480 3443 4534 fuerat.
3490 4471 3678 4527 Conti—

2099 4595 2285 4654 nuatls
2317 4599 2499 4646 autem
2536 4585 2699 4644 bellis
2754 4592 2810 4638 et
2858 4577 3110 4636 dissidiis
3153 4574 3382 4628 turbatae
3425 4576 3554 4621 sunt
3591 4578 3683 4616 re-

2101 4690 2289 4760 giones
2335 4692 2389 4740 et
2442 4677 2781 4751 provinciae;
2838 4682 2890 4729 et
2941 4670 3147 4739 ubique
3204 4676 3470 4719 terrarum
3524 4653 3682 4710 multi

2104 4782 2210 4838 sibi
2245 4777 2536 4847 imperium
2569 4769 2964 4830 vindicarunt,
3022 4761 3161 4815 adeo
3206 4765 3267 4811 ut
3300 4764 3472 4808 totum
3511 4746 3686 4803 cltali—

2108 4875 2253 4929 fatus
2292 4838 2467 4939 ipsius
2514 4875 2731 4928 tempus
2791 4856 3038 4912 dissidiis
3084 4848 3369 4922 perpetuis
3423 4852 3479 4896 et
3526 4838 3687 4893 hellis

2108 4959 2394 5019 continuis
2423 4954 2590 5027 468
2617 4953 2834 5022 plenum
2870 4945 3054 5000 fuerit.
3094 4940 3295 4994 Rerum
3323 4932 3687 5004 gerendarum

2112 5066 2298 5110 curam
2346 5020 2686 5102 hab-uivt'Abu
2716 5038 2937 5105 ,Ahmed
2966 5026 3316 5088 Almowaﬂ'elt
3349 5021 3556 5085 billahi,
3590 5020 3691 5072 Al-

2116 5138 2466 5199 mOtammedi
2522 5136 2713 5190 frater.
2791 5124 3190 5183 Aluotatnmed
3250 5133 3376 5173 vero
3438 5113 3693 5169 homines

2116 5236 2228 5289 lilio
2273 5247 2375 5287 suo
2419 5227 2656 5288 laafaro,
2721 5231 2778 5277 ut
2828 5216 3135 5276 successori
3189 5227 3292 5267 suo
3339 5210 3496 5261 ﬁdem
3555 5200 3695 5253 dare

2117 5322 2322 5393 adegit,
2362 5319 2463 5388 ipsi
2519 5331 2718 5371 nomen
2768 5304 3159 5378 Almophawed
3214 5295 3463 5354 Allallabi
3515 5293 3698 5393 impo-l

2115 5379 2253 5467 nens
2278 5379 2397 5475 ;'ac-
2423 5416 2545 5478 post
2580 5421 2703 5460 eum
2741 5404 2856 5455 Ahu
2887 5396 3116 5452 Ahmedi
3153 5391 3311 5446 Ebuil
3346 5379 3703 5440 Matawaceel

2120 5471 2289 5558 fratri
2335 5471 2474 5565 suo;
2530 5512 2688 5565 quem
2746 5486 3093 5546 Altnowaﬂec
3149 5481 3338 5540 billahi
3379 5471 3699 5546 appellavit.

2120 5596 2239 5649 Abtt
2273 5593 2480 5647 Ahmed
2517 5599 2697 5643 autem
2728 5586 2842 5653 ipse
2870 5582 3005 5637 bella
3035 5592 3246 5648 gerere,
3275 5580 3440 5641 atque
3474 5570 3528 5620 in
3563 5576 3705 5634 pro-

2122 5687 2330 5744 vincias
2386 5682 2677 5755 proﬁcisci,
2714 5691 2881 5745 seque
2931 5673 3076 5727 curis
3122 5684 3185 5723 ac
3230 5661 3510 5721 laboribus
3536 5668 3707 5711 exer-
