4014 6218
403 223 537 295 Ilii

1846 241 2220 306 ANNALES.

3535 256 3671 319 1142

400 354 547 406 cere,
585 339 713 394 dum
752 339 1153 398 Almotamtned
1198 346 1574 417 voluptatibus
1622 359 1676 403 et
1729 350 1871 405 lusui
1903 352 1989 405 in-
2016 352 2066 410 A
2096 352 2346 424 bylonica
2384 353 2531 408 mille
2551 354 3372 429 quadringentiquinquaginta.
3397 364 3440 416 A
3465 361 3670 421 Davide

400 431 685 502 dulgeret;
716 442 910 489 contra
938 449 1098 505 quem
1132 439 1442 506 rebellavit,
1480 441 1717 507 Basorae,
1747 444 1834 499 Ali
1861 445 1980 500 Ebn

403 522 781 593 Mohammed,
835 524 955 583 Ebn
993 528 1226 598 Ahmed,
1284 532 1401 588 Ebn
1442 533 1552 600 Ali,
1608 534 1724 591 Ebn
1781 535 1979 606 Yazid,

406 613 523 669 Ebn
553 614 660 677 Ali,
698 613 893 672 Ebnol‘
932 616 1163 687 Hosain,
1196 621 1314 677 Ebn
1346 623 1453 690 Ali,
1503 624 1620 681 Ebn
1655 625 1759 683 Abi
1788 625 1981 693 Taleb,

404 706 493 760 die
538 705 706 772 lunae,
742 706 959 766 duobus
993 720 1121 768 ante
1155 712 1370 769 finitum
1408 731 1655 775 mensem
1700 719 1984 777 Bamadan

399 797 635 867 diebus;
668 814 731 855 ac
780 802 938 860 caesis
982 806 1240 867 omnibus
1295 808 1517 867 Basorae
1573 812 1793 881 incolis,
1845 831 1980 885 opes

403 889 650 960 ipsorum
686 893 941 963 diripuit,
988 900 1250 957 mulieres
1280 911 1334 959 et
1375 903 1577 963 liberos
1608 908 1858 979 captivos
1883 908 1978 964 ab-

400 981 582 1048 duxit,
645 986 994 1054 mulieribus,
1047 993 1258 1061 pueris,
1317 1005 1374 1051 et
1430 998 1626 1069 puellis
1675 1008 1731 1057 et
1778 1000 1981 1071 opibus

402 1071 642 1130 Nabechi
689 1079 921 1137 arbitrio
975 1086 1286 1154 permissis,
1340 1102 1406 1144 ac
1457 1097 1673 1147 vastata
1735 1091 1978 1159 Basora,

404 1166 686 1222 territoria
716 1178 772 1226 et
811 1171 1049 1233 ditiones
1095 1177 1216 1248 ejus
1246 1183 1557 1251 occupavit.
1594 1183 1792 1239 Contra
1819 1176 1979 1256 quem

401 1257 663 1315 Basoram
716 1264 994 1334 profectus
1046 1278 1132 1325 est
1164 1272 1285 1329 Abu
1328 1274 1537 1332 Ahmed
1592 1277 1982 1347 Almowaﬂ‘ec;

402 1364 579 1420 neque
615 1353 762 1410 inter
792 1371 887 1414 eos
917 1359 1057 1417 bella
1084 1363 1198 1432 geri
1242 1365 1533 1423 desierunt
1568 1371 1984 1439 quatuordecim

403 1442 583 1498 annis.
626 1445 815 1503 Caesus
861 1459 947 1505 est
978 1462 1160 1508 autem
1212 1456 1452 1513 Aliensis
1503 1458 1605 1517 iste
1649 1461 1867 1517 Basore
1917 1462 1985 1517 ad

403 1534 626 1589 fluvium
676 1539 779 1594 Abi
835 1540 1060 1615 Sofyan,
1110 1563 1253 1619 pone
1304 1548 1529 1606 ﬂuvium
1577 1551 1703 1608 Abil
1747 1552 1983 1620 Chasib,

394 1626 550 1683 Illum
588 1645 786 1702 nempe
805 1633 960 1704 juxta
992 1654 1153 1707 quem
1203 1641 1394 1696 urbem
1447 1658 1627 1708 suam,
1679 1660 1844 1715 quam
1891 1646 1986 1701 Al-

400 1720 724 1778 mochtarah
745 1726 1028 1792 vocitavit.
1054 1732 1397 1801 condiderat,
1424 1736 1512 1790 die
1541 1735 1793 1792 Mercurii
1821 1753 1990 1809 prope

401 1825 710 1879 vesperam,
743 1817 951 1875 mensis
988 1819 1148 1876 Safar
1172 1832 1394 1893 quarto,
1431 1840 1578 1881 anno
1610 1826 1991 1885 ducentesimo

402 1905 833 1975 septuagesimo.
866 1909 1064 1968 Totum
1113 1923 1297 1971 autem
1347 1925 1565 1989 tempus
1612 1935 1677 1975 ex
1721 1937 1855 1991 quo,
1906 1921 1994 1977 in-

401 2004 666 2068 surgente
699 1997 841 2067 ipso,
874 2013 1117 2059 erectum
1166 2015 1253 2064 est
1302 2010 1565 2065 vexillum
1597 2010 1771 2082 ipsius
1818 2027 1995 2083 usque

395 2089 461 2141 ad
492 2087 855 2165 569-571
890 2096 1034 2151 diem
1089 2114 1200 2169 quo
1252 2102 1475 2159 occisus
1526 2112 1633 2170 est,
1688 2105 1818 2160 anni
1864 2114 1996 2161 sunt

398 2185 845 2253 quatuordecim,
881 2198 1120 2259 quatuor
1151 2209 1370 2252 menses
1417 2203 1472 2251 et
1509 2212 1606 2253 sex
1656 2197 1794 2254 dies.
1844 2197 1987 2266 Quin

398 2284 453 2328 et
495 2277 706 2333 Ahmed
735 2277 849 2335 Ebn
877 2282 1055 2338 Tolun
1090 2284 1389 2357 Egyptum
1434 2297 1489 2344 et
1538 2289 1864 2346 Damascum
1898 2306 1992 2346 oc-

398 2364 647 2430 cupavit,
682 2373 841 2436 capta
869 2371 1033 2424 etiam
1059 2372 1375 2442 Antiochia,
1408 2391 1439 2431 a
1467 2394 1581 2449 quo
1604 2379 1990 2437 detentusfuit

400 2456 610 2512 Ahmed
640 2460 991 2519 Almowaﬂ‘ec
1026 2467 1228 2527 bellum
1256 2481 1451 2526 contra
1476 2474 1746 2530 Aliensem
1770 2476 1990 2532 Basora:

402 2548 664 2614 gerendo.
729 2554 892 2610 Anno
952 2556 1251 2618 chalifatus
1316 2563 1748 2622 Almotammedi
1814 2568 1994 2639 primo

401 2643 736 2701 constitutus
767 2657 855 2703 est
887 2649 1204 2722 Stephanus
1238 2656 1555 2725 patriarcha
1580 2658 1987 2727 Antiochenus,

399 2732 493 2799 qui
535 2748 645 2789 uno
682 2744 895 2792 tantum
925 2740 1017 2795 die
1073 2743 1237 2810 sedit,
1288 2747 1480 2802 eodem
1528 2757 1583 2804 et
1636 2763 1993 2809 consecratus

402 2832 455 2876 et
490 2837 765 2893 mortuus,
809 2833 1119 2888 constituto
1163 2844 1285 2905 post
1318 2840 1502 2909 ipsum
1535 2841 1758 2899 Taduso
1790 2844 1992 2900 ibidem

404 2917 744 2987 patriarcha,
790 2922 885 2991 qui
919 2938 1095 2981 annos
1144 2927 1335 2999 viginti
1382 2933 1545 3002 sedit,
1579 2936 1705 2992 dein
1740 2949 1990 2995 mortuus

2082 445 2231 501 mille
2261 446 2518 516 nongenti
2546 446 2736 517 viginti
2759 456 2987 517 septem.
3012 449 3095 504 Ab
3117 452 3265 506 exitu
3292 451 3665 512 lsraelitarum

2082 556 2150 595 ex
2205 538 2440 612 Egypto
2472 538 2558 596 bis
2609 539 2760 596 mille
2799 541 3084 612 quingenti
3143 546 3366 615 triginta
3418 556 3549 606 tres.
3586 551 3671 607 Ab

2082 630 2402 688 Abrahamo
2441 641 2525 689 ter
2573 633 2724 689 mille
2766 634 3151 704 quadraginta.
3202 640 3246 690 Α
3296 639 3536 697 Phalcko
3588 650 3671 698 tct‘

2086 726 2235 780 mille
2280 725 2567 796 quingenti
2621 727 2899 798 octoginta
2932 744 3096 785 unus.
3150 729 3195 781 A
3231 730 3438 787 diluvio
3475 744 3670 805 quater

2089 813 2235 871 mille
2274 824 2495 871 centum
2548 816 2861 872 duodecim.
2912 818 2994 872 Ab
3042 818 3252 873 Adamo
3305 823 3486 879 sexies
3526 824 3673 877 mille

2081 908 2311 963 trecenti
2349 907 2636 979 sexaginta
2667 917 2815 965 octo.
2848 910 3098 979 Cumque
3146 927 3323 967 annos
3364 912 3473 976 jam
3507 929 3672 969 sexa-

2079 998 2229 1068 ginta
2291 1009 2452 1075 natus
2523 1009 2693 1063 esset,
2767 1001 3103 1057 consdtutus
3171 1001 3277 1057 fuit
3358 1005 3672 1074 patriarcha

2082 1088 2518 1155 Alexandrinus,
2566 1101 2731 1159 atque
2781 1092 2940 1148 Anba
2989 1093 3292 1165 Eutychius
3344 1097 3671 1165 appellatus.

2086 1180 2295 1237 Alttned
2355 1190 2535 1237 autem
2595 1184 2712 1237 Ebn
2768 1183 2968 1253 Tolun,
3031 1196 3195 1256 capta
3254 1187 3583 1256 Antiochia,
3621 1190 3674 1244 in

2088 1271 2389 1343 Egyptum
2441 1289 2701 1331 reversus
2754 1284 2874 1342 est,
2927 1277 3017 1333 ubi
3076 1279 3336 1348 templum
3385 1296 3678 1336 commune

2085 1364 2365 1418 exstruxit
2416 1364 2554 1420 illud
2606 1366 2750 1436 quod
2796 1367 3021 1439 piscina:
3081 1368 3350 1435 imminet,
3415 1386 3515 1427 nec
3566 1387 3675 1426 non

2086 1453 2495 1513 Nosocomium.
2524 1456 2781 1513 Canalem
2829 1460 2991 1514 etiam
3029 1460 3314 1517 fabricavit
3347 1463 3399 1517 in
3425 1479 3534 1532 quo
3560 1462 3678 1518 fluit

2089 1562 2229 1616 aqua
2272 1562 2300 1601 a
2354 1548 2565 1619 piscina
2596 1565 2720 1621 qua!
2763 1550 3051 1607 Alliabasb
3090 1553 3538 1627 [Abyssinarum]
3577 1571 3675 1626 ap-

2094 1640 2333 1710 pellatur
2367 1641 2433 1695 ad
2477 1642 2784 1713 Amaaphe.
2821 1642 3013 1701 Morbo
3045 1656 3227 1701 autem
3272 1655 3579 1716 correptus,
3610 1663 3676 1703 co

2092 1747 2203 1800 quo
2260 1739 2511 1789 mortuus
2554 1744 2675 1799 est,
2725 1735 2979 1792 videlicet
3031 1737 3137 1791 alvi
3190 1738 3678 1808 profluvio,jussit

2090 1822 2449 1895 473-475
2515 1824 2869 1882 Mosleminos
2930 1841 3041 1888 tum
3081 1828 3429 1885 Christianos
3473 1840 3526 1886 et
3577 1830 3676 1884 Ju-

2092 1914 2259 1981 daeos,
2324 1925 2512 1972 monte
2562 1917 2657 1987 qui
2720 1917 3087 1974 Almokattam
3155 1922 3478 1991 appellatur,
3536 1938 3674 1978 con-

2093 2022 2314 2074 sccnso,
2344 2024 2534 2077 preces
2563 2025 2663 2079 pro
2693 2010 2814 2080 ipso
2848 2010 3080 2067 fundere
3107 2029 3122 2067 :
3152 2014 3299 2082 quod
3322 2025 3374 2068 et
3402 2014 3675 2081 fecerunt,

2095 2104 2335 2149 montem
2393 2097 2446 2151 in
2508 2098 2716 2155 classes
2768 2114 2901 2155 suas
2953 2099 3236 2157 distributi
3293 2103 3675 2168 ascendentes,

2090 2197 2257 2258 atque
2292 2204 2394 2259 pro
2424 2204 2491 2245 eo
2527 2199 2777 2247 orantes.
2828 2190 3079 2249 Mortuus
3125 2203 3211 2250 est
3266 2205 3450 2250 autem
3486 2195 3679 2252 morbo

2092 2278 2200 2334 isto
2232 2280 2321 2336 die
2368 2280 2657 2337 Dominico
2712 2286 2931 2343 decimo
2981 2296 3110 2343 ante
3162 2288 3374 2342 finitum
3433 2304 3676 2343 mensem

2089 2367 2351 2426 Dilkaada
2408 2386 2557 2425 anno
2590 2374 2973 2431 ducentesimo
3022 2376 3450 2446 septuagesimo.
3483 2376 3677 2446 Sepul-

2090 2469 2289 2527 tusque
2320 2470 2404 2517 est
2437 2463 2491 2516 in
2520 2463 2909 2519 Almokattam.

2162 2552 2569 2611 Convenientes
2607 2572 2738 2627 ergo
2774 2559 2968 2623 duces,
3016 2560 3129 2616 tilio
3159 2562 3332 2632 ipsius
3370 2562 3677 2631 AlAbbaso,

2091 2646 2186 2714 qui
2224 2655 2352 2700 natu
2404 2650 2679 2703 maximus
2735 2651 2858 2716 fuit,
2905 2653 3114 2720 occiso,
3162 2653 3266 2708 sibi
3299 2654 3467 2708 filiuni
3504 2655 3678 2724 ipsius

2090 2745 2224 2790 natu
2258 2738 2525 2794 minorem
2565 2740 3078 2798 Chamarawaihum
3131 2744 3246 2798 Ebn
3299 2745 3509 2799 Ahmed
3561 2744 3676 2800 Ebu

2092 2827 2265 2881 Tolun
2311 2831 2699 2899 praefecerunt,
2752 2850 2929 2891 annos
2979 2835 3272 2892 habentem
3318 2836 3534 2905 viginti.
3581 2836 3678 2892 llic

2096 2934 2221 2975 cum
2259 2922 2312 2976 in
2342 2922 2557 2995 Syriam
2591 2924 2984 2982 Damascenam
3011 2928 3199 2998 copias
3223 2928 3487 2993 duxisset,
3514 2938 3679 2999 atque

401 3016 507 3061 est.
547 3011 707 3066 Anno
759 3013 1058 3077 (malimus
1114 3020 1360 3088 ejusdem
1401 3024 1617 3081 decimo
1651 3031 1989 3086 consmmus
2018 3041 2061 3100 ο
2097 3013 2147 3065 in
2182 3028 2475 3069 occursum
2530 3015 2635 3082 ipsi
2685 3018 2981 3087 prodiisset
3029 3019 3152 3075 Abu
3186 3019 3450 3077 AlAbbas
3500 3021 3676 3076 Ebnol

399 3110 485 3193 est
533 3100 704 3168 Elias,
755 3103 999 3164 Mansuri
1057 3113 1173 3183 (qui
1232 3114 1572 3173 Mosleminis
1609 3120 1663 3173 in
1724 3123 1990 3193 capienda

406 3187 673 3245 Damasco
703 3207 863 3262 opem
916 3198 1064 3263 tulit,
1100 3200 1333 3273 ideoque
1380 3221 1476 3276 per
1504 3215 1676 3263 totum
1726 3187 1989 3268 mundum

399 3281 537 3337 diris
590 3286 821 3340 devotus
871 3290 980 3360 est)
1018 3290 1186 3358 filius,
1228 3297 1541 3364 patriarcha
1588 3297 1985 3375 Ηίρτοεοιγιηὶο

401 3383 598 3440 ι;ιηιιε;
644 3376 735 3432 ubi
797 3393 923 3434 cum
977 3396 1152 3439 annos
1215 3386 1404 3453 viginti
1457 3405 1650 3443 novem
1716 3395 1990 3461 sedisset,

402 3478 652 3525 mortuus
686 3480 792 3526 est.
830 3471 1003 3529 Porro
1026 3476 1162 3531 obiit
1193 3478 1419 3535 Michael
1444 3480 1653 3538 Bicami
1688 3486 1855 3555 (ilius,
1894 3506 1993 3558 pa-

406 3562 646 3616 triarcha
684 3564 1094 3625 Alexandrinus
1136 3586 1283 3626 anno
1308 3573 1691 3632 ducentesimo
1718 3580 1993 3651 quinqua-

403 3654 618 3719 gesimo
657 3664 838 3723 sexto,
895 3668 1060 3728 atque
1106 3660 1161 3715 in
1202 3662 1336 3718 urbe
1371 3662 1552 3718 Buralt
1605 3670 1853 3738 sepultus
1884 3684 1991 3727 est.

400 3744 755 3803 Coustitutus
806 3758 889 3805 est
927 3758 1052 3821 post
1096 3750 1277 3816 ipsum
1329 3752 1560 3808 Michael
1610 3759 1833 3815 natione
1880 3760 1994 3816 Ro-

404 3837 765 3904 manus'(vel
822 3838 1130 3895 secundum
1168 3841 1312 3895 aliud
1353 3845 1635 3913 exemplar
1687 3846 1991 3921 Azzensis)

402 3927 713 3995 patriarcha
738 3930 1169 3996 Alexandrinus,
1196 3952 1341 3991 anno
1372 3938 1668 3994 chalifatus
1689 3940 1989 3995 Altnotatn-

406 4018 549 4074 medi
578 4022 765 4086 tertio,
801 4024 893 4092 qui
930 4033 1017 4081 est
1049 4025 1464 4085 ducentesimus
1496 4033 1991 4104 quinquagesitnus

399 4120 631 4168 octavus
663 4131 677 4168 :
716 4130 893 4170 annos
929 4117 1152 4188 triginta
1192 4128 1432 4190 quatuor
1464 4125 1625 4190 sedit,
1674 4125 1799 4181 dciu
1832 4129 1988 4194 obiit,

402 4203 658 4260 videlicet
700 4222 857 4263 anno
882 4208 1263 4268 ducentesimo
1311 4216 1671 4287 nonagesimo
1723 4221 1987 4286 secundo,

402 4304 565 4364 atque
596 4298 940 4360 Alexandriae
967 4303 1241 4372 sepultus.

2094 3104 2423 3172 Mowaﬂeki,
2462 3108 2820 3164 commissum
2855 3120 2939 3166 est
2986 3111 3129 3167 inter
3156 3113 3304 3184 ipsos
3337 3114 3585 3184 praelium
3621 3114 3674 3168 iu

2091 3195 2475 3253 AlT‘avwhain
2527 3214 2557 3255 e
2602 3200 2812 3257 ditione
2865 3202 3194 3271 Palaestinze,
3244 3206 3335 3262 ubi
3386 3208 3440 3287 in
3495 3208 3675 3272 fugam

2092 3303 2283 3344 versus
2332 3290 2820 3350 Cliamarawaihus
2875 3296 2994 3351 Ebn
3050 3298 3266 3352 Ahmed
3318 3298 3437 3354 Ebn
3493 3299 3674 3355 Tolun

2093 3381 2244 3437 solus
2282 3382 2333 3435 in
2369 3382 2662 3454 Egyptum
2717 3401 2973 3444 reversus
3026 3398 3148 3456 est,
3204 3390 3426 3447 lassatis
3481 3393 3536 3447 in
3590 3395 3673 3447 via

2095 3475 2339 3543 quinque
2391 3475 2688 3545 jumentis,
2749 3496 2942 3550 magna
2993 3488 3178 3539 autem
3227 3482 3505 3540 sociorum
3555 3486 3675 3553 ejus

2094 3573 2309 3634 strages
2338 3568 2485 3623 edita
2516 3577 2622 3633 est,
2653 3570 2826 3639 potito
2854 3570 2993 3625 Abul
3020 3571 3241 3628 Abbaso
3272 3573 3529 3631 omnibus
3557 3590 3676 3642 quae

2092 3658 2362 3714 exercitui
2396 3661 2516 3731 ejus
2560 3661 2814 3729 fuerunt.
2864 3662 3109 3719 Fuerunt
3153 3672 3334 3720 autem
3380 3666 3677 3720 Chamara-

2094 3748 2274 3803 waiho
2304 3750 2506 3808 milites
2558 3752 2612 3806 in
2667 3754 2885 3810 insidiis
2931 3756 3093 3827 positi
3133 3756 3226 3828 qui
3264 3755 3405 3828 fugae
3444 3768 3676 3813 extero-

2094 3855 2216 3893 rum
2248 3842 2419 3896 nescii
2445 3853 2622 3900 erant.
2663 3845 2869 3901 Horum
2904 3849 2996 3903 ubi
3029 3848 3182 3919 signa
3209 3861 3580 3922 apparuerunt
3606 3852 3675 3907 iis

2092 3936 2409 4002 conspectis
2440 3936 2581 3991 Abul
2624 3939 2808 3993 Abbas
2840 3951 2892 3994 et
2925 3941 3098 4008 ipsius
3128 3948 3380 4010 comites,
3417 3946 3673 4001 omnibus

2094 4042 2218 4095 quae
2254 4029 2539 4083 consecuti
2584 4028 2803 4085 fuerant
2837 4033 3068 4097 relictis,
3119 4035 3174 4089 in
3208 4038 3387 4107 fugam
3423 4053 3482 4091 se
3513 4038 3675 4092 dede-

2091 4132 2219 4174 runt
2274 4131 2439 4192 atque
2495 4124 3003 4195 interfugieudum
3059 4128 3215 4181 multi
3266 4143 3332 4183 ex
3385 4130 3451 4183 iis
3501 4132 3670 4184 cwsi:

2090 4229 2261 4279 quare
2299 4216 2657 4272 redeuntibus
2709 4218 3154 4273 Chamarawaihi
3207 4219 3377 4275 sociis
3430 4220 3673 4275 collecta:

2094 4316 2226 4361 sunt
2256 4307 2382 4360 item
2415 4309 2585 4378 copia:
2616 4319 2780 4380 atque
2834 4312 2884 4366 in
2927 4310 3221 4382 Egyptum
3260 4328 3511 4377 reversae,
3545 4330 3669 4370 cum

472 4386 723 4445 Mortuus
763 4402 849 4448 est
897 4394 1063 4448 etiam
1104 4393 1341 4450 Basilius
1397 4395 1768 4455 Romanorum
1816 4403 1981 4473 itnpc-
2021 4379 2069 4437 Ῑ)
2095 4397 2554 4453 Clmmarawaiho
2596 4379 3225 4460 substiteruntdBediit
3265 4406 3432 4479 476
3486 4417 3681 4463 autem

404 4491 576 4547 rator,
610 4482 942 4541 sui-cedente
979 4486 1078 4557 ipsi
1123 4487 1237 4541 ﬁlio
1297 4489 1470 4559 ipsius
1512 4490 1712 4557 Leone,
1761 4496 1853 4563 qui
1905 4512 1992 4551 sa-

406 4571 564 4640 piens
612 4574 714 4629 fuit
746 4584 802 4631 et
843 4578 1231 4650 philosophus.
1282 4583 1458 4637 Porro
1511 4600 1657 4640 anno
1696 4586 1990 4643 chahfatus

405 4666 823 4724 Almotammedi
860 4680 1076 4735 octavo,
1131 4682 1299 4729 natus
1349 4684 1434 4729 est
1480 4674 1644 4747 472
1692 4676 1821 4733 Said
1872 4680 1989 4735 Ebn

406 4758 613 4827 Batrik,
646 4762 915 4827 medicus,
947 4764 1037 4819 die
1068 4763 1370 4820 Dominico.
1401 4770 1567 4821 tertio
1600 4780 1729 4824 ante
1770 4772 1986 4826 finitutn

405 4867 650 4908 mensem
689 4854 771 4908 Dil
800 4854 971 4925 Hajjae
995 4870 1143 4912 anno
1168 4856 1391 4931 [Hejrae]
1418 4858 1799 4916 ducentesimo
1824 4878 1984 4919 sexa-

400 4943 608 5012 gesimo
642 4945 804 5001 tertio
835 4945 1033 5002 lunari.
1078 4948 1163 5003 Ab
1196 4944 1354 5020 llejra
1386 4950 1553 5019 igitur
1584 4951 1652 5007 ad
1678 4954 1849 5024 ipsius
1884 4973 1983 5011 na-

403 5036 568 5089 talem
626 5038 755 5093 anni
821 5048 952 5094 sunt
1008 5038 1232 5096 ducenti
1296 5041 1693 5113 quinquaginta
1749 5058 1981 5112 quatuor

401 5127 615 5182 solares
649 5128 741 5200 (iis
787 5137 966 5182 autem
1012 5128 1066 5182 in
1100 5129 1332 5187 historia
1365 5141 1612 5203 tempora
1649 5141 1976 5208 computat).

403 5214 447 5270 A
482 5214 822 5272 Diocletiano
855 5232 986 5273 vero
1020 5217 1089 5273 ad
1137 5219 1384 5291 ejusdem
1419 5223 1568 5279 Saidi
1610 5224 1727 5281 Ebn
1773 5227 1977 5284 Batriki

406 5307 604 5363 medici
643 5309 872 5364 natalem
902 5310 1029 5365 anni
1080 5313 1361 5383 quingenti
1394 5316 1674 5387 sexaginta
1722 5331 1848 5374 octo
1880 5320 1986 5391 (ch

404 5402 710 5455 secundum
783 5400 930 5456 aliud
992 5406 1278 5475 exemplar
1349 5408 1633 5479 quingenti
1694 5413 1988 5480 nonaginta

2090 4490 2233 4544 Abul
2270 4490 2456 4547 Abbas
2499 4491 2816 4563 Bagdadum
2847 4493 3093 4567 fugiens,
3128 4509 3292 4568 atque
3325 4514 3355 4553 a
3388 4510 3541 4569 patre
3567 4516 3683 4556 sun»

2088 4580 2479 4637 Almowaﬂeko
2518 4585 2587 4639 ob
2639 4586 2777 4641 illud
2829 4590 2975 4658 quod
3026 4590 3229 4646 fecerat
3267 4593 3523 4662 culpatus
3561 4606 3665 4649 εει.

2088 4671 2265 4729 Fuere
2294 4684 2473 4729 autem
2504 4676 2956 4734 Chamarawaiho
2988 4682 3239 4739 Damasci
3261 4686 3434 4757 cupias
3464 4687 3665 4742 multae.

2090 4764 2263 4820 Porro
2286 4782 2434 4821 anno
2453 4768 2747 4825 chalifatus
2769 4770 3188 4829 AlMotammedi
3209 4776 3427 4833 decimo
3449 4787 3665 4844 octavo,

2091 4860 2182 4929 qui
2209 4858 2383 4930 Hejrat
2408 4862 2824 4920 ducentesimus
2852 4868 3295 4937 septuagesimus
3320 4868 3442 4938 fuit,
3470 4873 3670 4927 accidit

2091 4952 2144 5007 in
2182 4952 2420 5024 Egypto
2475 4961 2633 5010 terra:
2688 4966 2870 5014 motus
2920 4960 3135 5030 ingens,
3189 4963 3328 5017 adeo
3378 4974 3437 5018 ut
3486 4966 3669 5021 multa:

2088 5056 2412 5102 corruerent
2458 5048 2622 5116 ardes,
2675 5061 2729 5104 et
2781 5067 2973 5122 magna
3029 5054 3310 5110 hominum
3368 5058 3668 5111 multitudo

2090 5138 2314 5205 periret.
2375 5138 2575 5194 Eodem
2650 5156 2796 5198 anno
2862 5146 3010 5199 venit
3084 5146 3343 5202 frumenti
3407 5165 3663 5204 mensura

2090 5228 2327 5302 [Macuc]
2363 5246 2589 5286 nummo
2633 5246 2824 5297 aureo,
2877 5236 3184 5305 mortuique
3224 5246 3352 5291 sunt
3411 5236 3665 5293 homines

2089 5322 2233 5377 fame
2265 5338 2375 5392 prae
2414 5339 2647 5380 annona:
2680 5326 2935 5388 caritate,
2965 5328 3102 5381 adeo
3136 5336 3195 5381 ut
3227 5327 3321 5381 lini
3358 5344 3541 5384 semen
3576 5348 3666 5384 cu-

2089 5410 2408 5479 tnederent,
2455 5414 2922 5486 implerenturque
2956 5417 3117 5473 Mesri
3162 5417 3351 5487 plateae
3408 5424 3661 5487 mortuis,

404 5491 567 5563 duo).
610 5494 651 5545 Α
684 5494 913 5549 Domino
952 5503 1146 5552 nostro
1192 5496 1323 5554 Jesu
1373 5500 1592 5556 Christo
1621 5507 1687 5556 ad
1732 5504 1984 5559 eumdem
2085 5519 2225 5574 quos
2252 5505 2475 5559 camelis
2517 5506 2841 5565 avchebant.
2890 5515 3013 5561 octo
3048 5508 3278 5577 singulis
3312 5512 3533 5566 camelis
3561 5513 3660 5565 iiii-

406 5596 597 5639 natum
658 5588 955 5657 octingenti
1008 5589 1293 5659 sexaginta
1350 5599 1493 5646 octo.
1541 5592 1622 5647 Ab
1674 5594 1985 5650 Alexandro

406 5676 557 5731 inille
614 5690 832 5733 rrntum
878 5680 1151 5758 octoginta
1198 5698 1415 5738 novem.
1456 5683 1497 5735 Α
1529 5685 1841 5745 captivitate
1877 5688 1972 5743 Ba-

2088 5598 2319 5665 positus,
2353 5612 2657 5668 magnaque
2694 5596 2825 5665 ipsis
2856 5596 3007 5651 fovea
3038 5598 3236 5657 effossa
3268 5602 3319 5657 in
3366 5603 3535 5674 ipsam
3566 5618 3660 5657 eos

2088 5690 2445 5759 t:Qtt,tCCl‘Cltl.
2477 5691 2504 5744 ἰ
2526 5705 2612 5742 uni
2649 5688 3061 5747 Chamorawailt
3103 5694 3287 5750 audito
3316 5696 3679 5751 ΜυΙιειιηιηυιι
