4014 6218
449 234 584 305 1143

1464 253 1763 315 EUTYCU
1780 260 1825 315 ll
1874 260 2409 325 ALEXANDIUNI
2446 269 2663 327 PATR.

3524 263 3694 333 iiii

443 356 563 408 deut
600 356 713 407 Ebu
752 355 956 411 Diudad
1006 361 1115 455 (qui
1170 362 1310 415 idem
1365 364 1582 455 Abalsaj
1640 368 1863 439 dicitur)
1920 370 2021 421 Ila-
2054 375 2101 429 Α
2132 378 2290 431 waihi
2324 380 2487 445 mins,
2520 382 2609 450 qui
2647 380 2910 437 namasco
2961 383 3013 437 in
3061 383 3355 455 [Egypwm
3408 398 3695 441 reversus,

441 460 687 500 maseutu
743 462 866 501 cum
924 452 1163 505 exercitu
1215 454 1405 523 grandi
1457 458 1794 524 pervenisse,
1850 460 2023 526 copiis

439 538 555 592 suis
590 539 839 594 collectis
875 541 1090 596 obviam
1138 546 1240 614 ipsi
1277 547 1556 615 prolectus
1594 558 1713 615 est,
1766 552 2023 605 commis-

438 644 669 698 sumque
694 641 778 685 est
808 633 946 687 inter
978 636 1124 704 ipsos
1170 639 1411 704 praelium
1466 655 1631 709 grave
1689 643 1811 695 loco
1864 643 2013 697 dicto

440 719 693 786 Batbnia,
729 723 953 779 ditionis
992 726 1375 793 Datnascenae;
1415 742 1578 801 atque
1608 734 1660 786 in
1707 733 1888 803 fugam
1928 735 2023 789 da-

438 822 528 867 tus
554 811 899 870 Mohammed
935 817 1107 871 Elmol
1145 820 1380 887 Diudad,
1429 825 1585 880 ca’sis
1633 827 1805 896 ipsius
1847 830 2022 883 comi-

436 904 608 966 tibus,
645 922 878 974 quorum
929 910 1173 981 plerique
1209 917 1563 968 securitatem
1598 917 1871 986 petierunt
1900 936 2021 989 pcr-

337 995 349 1006 '
434 998 684 1067 rexitque
712 998 1123 1057 Chamaravvaib
1171 1006 1345 1061 donec
1379 1007 1445 1061 ad
1478 1007 1805 1078 Euphratem
1834 1028 2020 1081 perve-

436 1090 601 1155 niret,
638 1092 985 1165 ingressique
1037 1107 1166 1151 sunt
1220 1099 1446 1152 comites
1488 1100 1654 1168 ipsius
1688 1100 2016 1171 AlRaccam,

436 1183 493 1235 in
524 1184 714 1239 eadem
749 1201 995 1243 ementes
1027 1204 1091 1244 ac
1124 1194 1443 1257 vendentes,
1472 1193 1605 1248 adeo
1637 1205 1695 1249 ut
1717 1198 1783 1249 ab
1812 1213 1876 1251 eo
1907 1215 2016 1251 utc-

435 1286 612 1328 tueret
642 1278 1018 1335 Almowaﬂ‘ck.
1059 1282 1333 1338 Reversus
1368 1294 1451 1339 est
1492 1295 1673 1341 autem
1719 1287 2016 1342 Cbomara-

432 1370 646 1423 waihus
698 1372 749 1425 itt
802 1371 1125 1444 Egyptum,
1178 1377 1464 1446 imperium
1496 1379 1608 1448 jam
1644 1380 1903 1435 obtinens
1948 1382 2017 1433 ab

443 1460 722 1528 Euphrate
784 1482 961 1535 usque
997 1469 1062 1521 ad
1108 1469 1383 1534 regionem
1433 1468 1646 1535 Nubiae,
1690 1472 1743 1526 in
1788 1473 2019 1542 singulis

429 1554 797 1628 477-479
831 1560 1130 1627 provinciis
1168 1562 1486 1631 deputatum
1513 1579 1543 1618 e
1574 1566 1867 1619 comitibus
1894 1566 2011 1619 suis

430 1652 668 1717 aliquem
729 1652 1108 1717 constituens;
1192 1654 1357 1724 idque
1420 1670 1564 1710 anno
1632 1656 2011 1711 ducentesimo

430 1745 839 1812 septuagesimo
866 1755 1041 1798 sexto.
1064 1746 1213 1799 Obiit
1239 1756 1419 1800 autem
1449 1749 1802 1803 Almowaﬂek
1824 1765 2011 1805 mense

431 1834 612 1898 Safar,
674 1851 818 1891 anno
883 1838 1265 1892 ducentesimo
1322 1842 1730 1909 septuagesimo
1792 1853 2008 1907 octavo,

428 1929 578 1982 vices
608 1943 700 1982 eas
733 1929 1024 1998 supplente
1060 1930 1169 1983 tilio
1218 1932 1389 1997 ipsius
1439 1931 1579 1985 Abul
1628 1934 1867 1999 Abbaso,
1918 1935 2010 2004 qui

427 2035 478 2075 et
513 2024 565 2076 iu
590 2024 854 2077 cbalifatu
904 2038 1199 2080 successor
1228 2029 1579 2081 renuntiatus
1612 2037 1716 2093 est,
1756 2030 2011 2083 abdicato

429 2109 641 2166 laal‘aro
678 2114 849 2168 Elinol
883 2114 1210 2169 Motammed
1248 2132 1310 2170 ea
1350 2116 1633 2184 dignitate.
1671 2118 1849 2173 Rebus
1880 2133 2009 2187 ergo

428 2204 681 2274 gerendis
709 2208 997 2275 prtefectus
1021 2216 1105 2261 est
1126 2209 1265 2261 Abul
1294 2209 1481 2263 Abbas
1511 2211 1681 2265 Ebnol
1708 2211 2009 2276 Mowaﬂ'elt,

428 2308 591 2365 atque
647 2298 952 2367 appellatus
1005 2300 1349 2355 AlMotadad.
1414 2302 1673 2371 Obiitque
1725 2304 2009 2358 AlMotam-

429 2391 550 2443 med
584 2389 823 2455 Bagdadi
857 2393 946 2447 die
976 2391 1283 2456 Dominico,
1323 2395 1615 2448 undecimo
1643 2406 1769 2450 ante
1797 2398 2008 2452 linituut

432 2499 675 2538 mensem
733 2483 941 2553 Rajeh,
996 2502 1141 2541 anno
1195 2488 1569 2542 ducentesimo
1609 2492 2014 2561 septuagesimo

428 2589 593 2632 nono.
632 2577 756 2633 Fuit
788 2579 1080 2634 chalifatus
1114 2580 1283 2650 ipsius
1315 2596 1584 2637 annorum
1620 2585 1810 2653 viginti
1843 2586 2010 2639 trium

430 2682 484 2727 et
536 2690 627 2729 sex
687 2676 922 2730 dierum.
972 2678 1293 2741 Annorum,
1357 2696 1480 2733 cum
1535 2690 1861 2743 moreretur,
1914 2678 2017 2732 fuit

430 2767 796 2837 quadraginta
828 2782 921 2824 sex
959 2786 972 2822 :
1009 2782 1365 2841 portatusque
1394 2770 1889 2835 Sarramanraiam,
1938 2772 2013 2826 ibi

425 2862 675 2930 sepultus
715 2870 818 2916 est.

852 2950 1155 3022 Chali/atus
1187 2958 1254 3010 ΑΙ
1280 2950 1573 3011 Moladedi.

2124 486 2247 525 cum
2283 472 2352 527 ibi
2386 482 2511 527 octo
2544 490 2761 529 menses
2793 477 3040 541 sedisset,
3076 477 3307 530 turbatis
3339 475 3479 530 inter
3515 478 3692 543 ip~nut

2124 578 2185 617 ac
2214 564 2379 619 duces
2428 566 2614 627 rebus.
2647 567 2825 635 ipsum
2868 567 3043 622 adorti
3098 569 3466 630 trucidarunt,
3508 568 3698 631 pra-ie-

2120 667 2348 727 ctusqne
2374 668 2459 712 est
2489 659 2609 727 ejus
2640 658 2760 713 loco
2795 658 2962 713 frater
2997 660 3167 729 ipsius
3192 657 3373 711 llarnn
3408 658 3523 712 Ebu
3554 657 3697 709 Cha-

2120 754 2470 818 marawaihi,
2514 769 2688 807 annos
2718 765 2879 809 natus
2915 754 3141 817 decem;
3175 753 3337 821 idque
3372 766 3557 805 mense
3596 749 3698 800 Ra-

2115 843 2207 913 jeb
2239 860 2383 899 anno
2431 846 2807 902 ducentesimo
2842 848 3178 916 octogesimo
3234 845 3414 897 tertio.
3459 843 3599 908 Quit.
3644 852 3698 895 et

2118 936 2332 992 litteras
2362 938 2426 991 ad
2462 932 2736 993 Harunem
2771 940 2920 993 dedit
2948 937 3305 1009 “Ir-“3
3338 937 3396 987 ΑΙ
3430 935 3638 987 Mota-'0
3660 937 3695 996 '.

2117 1032 2317 1097 quibus
2366 1033 2467 1101 ipsi
2498 1031 2717 1104 Egypti
2768 1031 3147 1102 praefecturam
3197 1030 3452 1084 contulit.
3507 1027 3690 1081 Rebus

2118 1123 2251 1191 ipsis
2289 1124 2740 1179 administrandis
2785 1124 2998 1194 praefuit
3030 1123 3151 1177 Ahu
3185 1119 3391 1185 Jaafar,
3438 1121 3549 1173 Ebu
3579 1114 3695 1171 Mo-

2120 1216 2393 1281 hammed,
2431 1216 2546 1270 Ebn
2578 1218 2727 1281 Abte,
2761 1216 2958 1271 Turca.
2990 1216 3162 1269 Porro
3216 1215 3412 1267 mirum
3452 1213 3597 1282 quid,
3627 1215 3681 1266 ita

2118 1304 2350 1377 Egypto
2416 1309 2643 1379 contigit
2698 1310 2785 1362 die
2846 1307 2998 1362 Jovis
3045 1306 3259 1360 duobus
3313 1314 3438 1359 ante
3487 1305 3693 1356 [initum

2117 1417 2356 1455 mensem
2388 1401 2613 1454 Rabiam
2640 1402 2871 1469 priorem
2901 1401 3115 1461 diebus,
3136 1399 3225 1467 qtti
3254 1397 3693 1450 Christianorum

2117 1491 2314 1546 festum
2347 1502 2465 1545 erat
2492 1493 2634 1562 quod
2660 1488 2730 1546 ob
2767 1507 3053 1545 ascensum
3086 1491 3296 1543 Domini
3330 1489 3495 1543 nostri
3523 1488 3684 1542 Chri-

2124 1586 2187 1639 sti
2231 1584 2282 1638 in
2315 1582 2483 1639 cmlos
2518 1583 2835 1647 celebrant,
2869 1600 3012 1637 anno
3048 1584 3426 1638 ducentesimo
3462 1590 3684 1651 octoge-

2120 1680 2261 1732 simo
2293 1688 2509 1745 quarto.
2545 1676 2827 1731 Flautibus
2859 1672 3035 1731 ventis
3072 1676 3367 1729 admodum
3398 1676 3693 1727 vehemen-

2115 1773 2257 1825 tibus
2305 1787 2334 1824 a
2381 1787 2606 1839 vespera
2658 1786 2828 1840 usque
2879 1772 2945 1824 ad
3000 1770 3233 1825 mediam
3270 1777 3517 1830 noctem,
3550 1767 3694 1819 circa

2115 1862 2346 1916 inediam
2397 1870 2614 1916 noctem
2662 1861 2818 1915 facta‘
2854 1870 2979 1915 sunt
3013 1860 3249 1914 tenebrae
3279 1858 3434 1911 valde
3482 1872 3697 1925 graves,

2109 1957 2244 2008 adeo
2280 1964 2336 2008 ttt
2366 1970 2472 2007 non
2504 1963 2686 2024 posset
2719 1953 2842 2023 quis
2878 1953 3104 2019 digitum
3144 1968 3302 2006 suum
3338 1952 3479 2003 inter
3509 1947 3697 2000 oculos

2112 2048 2350 2117 positum
2387 2062 2632 2109 cernere,
2673 2052 2785 2098 tum
2812 2044 3071 2097 concitati
3123 2050 3253 2097 sunt
3303 2041 3451 2095 venti
3502 2053 3695 2105 graves

2115 2136 2390 2209 prioribus
2430 2138 2891 2196 vehementiores,
2926 2136 3127 2204 quibns
3160 2134 3385 2199 dejectre
3423 2142 3548 2184 sunt
3584 2130 3689 2180 do-

2113 2248 2233 2286 ntus
2283 2230 2495 2294 multa);
2538 2229 2735 2297 injecta
2767 2237 2851 2282 est
2894 2228 3057 2281 etiam
3093 2226 3376 2279 hominum
3412 2224 3551 2277 intra
3584 2222 3684 2271 do-

2112 2339 2229 2377 mus
2262 2337 2389 2376 suas
2420 2320 2696 2389 capitibus
2746 2332 2911 2372 arena
2968 2316 3132 2371 rubra
3160 2356 3173 2380 ,
3208 2314 3572 2385 vider'nntque
3626 2318 3681 2371 in

2110 2426 2349 2485 quatuor
2388 2413 2512 2467 εαξιί
2572 2412 2748 2483 plagis
2794 2413 3078 2466 columnas
3133 2410 3276 2480 ignis
3329 2408 3693 2471 ﬂammanles.

2116 2522 2292 2575 neque
2345 2506 2420 2557 ita
2468 2520 2527 2559 se
2572 2504 2775 2557 habere
2810 2502 2974 2557 desiit
3013 2502 3187 2555 donec
3227 2501 3695 2570 appropinquaret

2116 2615 2296 2652 tuane.
2339 2597 2478 2650 Tum
2514 2597 2823 2650 remittente
2861 2595 3140 2664 paululum
3177 2600 3337 2647 vento
3382 2594 3563 2646 rubuit
3596 2591 3695 2643 ad-

2114 2689 2334 2744 modum
2383 2690 2581 2743 coelutn
2636 2689 2813 2741 instar
2863 2686 3095 2741 ﬂammae
3150 2687 3331 2758 ignis,
3377 2703 3496 2740 cum
3530 2697 3695 2739 vento

2118 2782 2315 2851 frigido
2354 2800 2367 2834 :
2402 2782 2531 2849 qnju
2563 2788 2616 2833 et
2663 2788 2830 2842 terra,
2866 2789 3101 2839 montes,
3135 2780 3387 2839 arbores.
3426 2779 3692 2837 homines,

2116 2891 2213 2929 nec
2250 2890 2354 2927 non
2391 2881 2571 2927 vestes
2604 2873 2871 2941 ipsorum,
2899 2881 2952 2923 ct
2977 2869 3236 2939 quidquid
3268 2870 3466 2938 ubique
3497 2885 3689 2922 cerne-

2112 2982 2221 3031 res,
2282 2965 2573 3017 rubescere
2623 2977 2733 3031 pra:
2784 2976 2995 3015 summa
3050 2960 3173 3014 εωιὶ
3219 2959 3506 3019 rubedirtc,
3566 2975 3688 3025 qtae

499 3040 855 3114 lnattguratus
901 3058 983 3103 est
1015 3049 1079 3102 Al
1119 3047 1360 3103 Motaded
1411 3050 1595 3103 billahi
1652 3051 1791 3104 Abul
1824 3046 2006 3105 Abltas

2113 3057 2247 3111 duas
2281 3055 2443 3109 horas
2467 3051 2716 3116 duravit;
2752 3051 2947 3105 deinde
2980 3050 3033 3103 in
3066 3049 3390 3103 “th'dillClﬂ
3426 3064 3687 3102 l'OIth‘l'S‘t

428 3138 542 3207 (qui
593 3138 735 3192 idem
788 3140 996 3195 Alimed
1059 3141 1173 3195 Ebn
1227 3141 1326 3195 Abi
1387 3143 1592 3197 Aluned
1630 3143 1693 3195 Al
1727 3142 2006 3197 Mowaﬂ‘ek

425 3231 605 3288 billaci
640 3233 751 3285 Ebn
784 3232 969 3291 Jaafar
992 3234 1420 3289 Alinotawachel
1446 3235 1681 3295 alallabi,
1713 3236 1798 3291 cui
1838 3246 2011 3290 mater

428 3322 741 3375 concubina
780 3322 879 3375 fuit
910 3325 1131 3376 n0tulne
1162 3322 1353 3393 Darar)
1378 3325 1570 3378 eodem
1602 3326 1710 3389 die,
1735 3340 1843 3394 quo
1874 3326 2003 3379 obiit

430 3415 490 3466 AI
534 3414 860 3468 Motanuned
894 3456 908 3477 .
968 3416 1262 3473 undecimo
1301 3430 1441 3472 .ante
1502 3420 1714 3470 [initum
1767 3433 2005 3471 mensem

430 3508 618 3577 Rajeb,
651 3510 1025 3563 ducentesimo
1059 3510 1462 3577 septuagesimo
1491 3525 1656 3570 nono.
1691 3522 2005 3565 cessarunt-

427 3616 530 3667 que
564 3600 707 3662 lites,
744 3614 807 3652 ac
837 3616 939 3668 pax
975 3600 1027 3651 in
1065 3599 1363 3668 provinciis
1419 3600 1557 3653 facta
1594 3610 1676 3654 est
1706 3640 1721 3663 ,
1772 3603 2004 3659 sublatis

432 3690 611 3756 bellis,
647 3706 950 3759 pacemque
980 3690 1341 3757 amplectente
1374 3693 1521 3746 Omni
1556 3692 1774 3757 rebelle,
1816 3701 1869 3749 et
1907 3696 1998 3748 vili

427 3783 604 3852 pretio
630 3782 891 3852 exposita
942 3791 1073 3837 sunt
1106 3798 1193 3837 res
1228 3783 1469 3838 venales.
1503 3782 1757 3855 Misitque
1800 3787 1861 3839 Al
1894 3784 2008 3841 Mo-

428 3875 584 3928 t:ndcd
810 3875 875 3928 ad
910 3873 1426 3931 Citatnarawaihum
1479 3875 1592 3935 Ebu
1646 3877 1851 3933 Altnted
1893 3879 2004 3933 Ebu

426 3967 628 4030 'l'olun,
665 3968 828 4021 itliatu
881 3968 1055 4037 ipsius
1085 3969 1186 4021 s'hi
1238 3968 1291 4021 itt
1330 3984 1551 4023 uxorcm
1584 3979 1798 4038 petens,
1840 3988 2002 4042 quam

429 4063 530 4133 ipsi
564 4061 871 4115 concedens
906 4061 1323 4116 Cliantarawaih
1362 4066 1427 4119 ad
1471 4062 1647 4130 ipsum
1675 4079 1794 4116 eam
1833 4065 2005 4118 dcdn-

428 4153 652 4207 cendam
687 4154 921 4220 curavit,
976 4155 1286 4223 multasque
1327 4154 1486 4209 simul
1531 4172 1694 4224 opes,
1730 4171 1917 4212 servos
1952 4167 2003 4211 et

427 4246 652 4303 ancillas
678 4265 691 4313 ;
714 4256 876 4316 atque
906 4247 975 4298 ita
1007 4263 1134 4313 pace
1169 4248 1479 4316 interlipsos
1516 4248 1655 4302 facta
1688 4249 1739 4301 iu
1761 4251 2004 4303 ordinent

2108 3156 2193 3201 est
2223 3159 2397 3214 usque
2428 3144 2492 3198 ad
2528 3142 2839 3207 meridiem;
2870 3142 2993 3195 dein
3022 3152 3387 3195 evanescente
3419 3138 3682 3192 ﬂavcdiue

2111 3240 2326 3309 nigrum
2364 3236 2539 3292 evasit
2582 3235 2779 3289 caelum
2804 3276 2818 3297 ,
2849 3242 2963 3288 toto
2990 3233 3078 3288 die
3114 3234 3218 3285 isto
3251 3248 3424 3301 usque
3455 3230 3518 3283 ad
3568 3246 3690 3284 cra-

2111 3333 2238 3385 stini
2289 3330 2609 3393 meridiem,
2655 3338 2944 3397 antequam
2985 3324 3385 3380 dissolveretur
3438 3323 3675 3391 uigredo.

2115 3439 2289 3493 neque
2332 3439 2425 3492 per
2466 3421 2799 3498 sesquidiem
2832 3420 3080 3489 apparuit
3121 3415 3223 3482 sol,
3256 3432 3319 3471 ex
3374 3432 3478 3485 quo
3520 3414 3682 3485 484

2105 3514 2363 3568 concitati
2391 3523 2521 3567 sunt
2554 3517 2730 3577 venti,
2766 3511 2941 3566 donec
2974 3519 3331 3565 evanesceret
3377 3509 3544 3561 nubes
3590 3507 3681 3560 illa

2110 3609 2281 3673 nigra.
2311 3605 2548 3659 Rursum
2572 3622 2716 3658 anno
2738 3606 3118 3659 ducentesimo
3141 3603 3475 3670 octogesimo
3493 3610 3684 3653 octavo

2108 3702 2159 3757 in
2205 3699 2459 3770 Egypto,
2495 3699 2715 3752 ineunte
2745 3698 2833 3751 die
2873 3695 3125 3750 Mercurii
3180 3694 3383 3748 mensis
3420 3692 3687 3745 Diikaade

2117 3806 2282 3853 nouo,
2319 3790 2522 3849 factum
2560 3800 2637 3841 est
2676 3800 2729 3840 ul
2769 3802 2797 3839 a
2828 3786 3002 3840 media
3034 3794 3193 3838 nocte
3224 3800 3397 3851 usque
3429 3784 3493 3835 ad
3526 3798 3689 3835 anm-

2110 3899 2222 3933 rant
2273 3881 2425 3937 valde
2473 3879 2760 3933 concitatae
2810 3882 2919 3932 sint
2977 3877 3146 3945 stellae
3203 3873 3492 3947 [mi-teora]
3538 3890 3676 3943 quas

2109 3974 2296 4027 stellas
2328 3972 2587 4026 cadentes
2621 3984 2834 4032 vocant,
2864 3970 2998 4021 adeo
3039 3979 3096 4023 ut
3128 3970 3194 4022 iis
3226 3970 3523 4035 repleretur
3558 3982 3674 4019 co:-

2111 4065 2217 4116 lunt
2256 4062 2320 4114 ad
2357 4064 2643 4122 orientem,
2678 4061 3039 4122 Occidentem,
3072 4070 3339 4121 austrum,
3372 4067 3424 4111 et
3455 4065 3676 4123 septen-

2113 4161 2347 4212 trioucm
2384 4156 2653 4224 dispersis
2681 4193 2695 4215 .
2730 4169 2825 4207 nec.
2868 4163 3053 4229 posset
3084 4154 3206 4220 quis
3255 4152 3449 4205 coelum
3486 4152 3687 4204 intueri

2117 4264 2225 4317 pra:
2259 4248 2433 4301 stellis
2470 4247 2611 4299 istis.
2635 4244 2752 4300 Jam
2786 4260 2929 4297 anno
2959 4244 3132 4313 primo
3159 4243 3451 4299 chalifatus
3476 4244 3536 4295 Al
3566 4243 3686 4294 Mo—

433 4340 664 4392 re'lactze
702 4349 830 4392 sunt
862 4354 970 4393 res.
999 4338 1483 4393 Cbamarawaihus
1519 4350 1696 4394 autem
1730 4356 1793 4395 ev
1831 4341 1996 4412 Aigy-
2046 4363 2090 4419 ι)
2117 4339 2297 4393 tadedi
2338 4339 2668 4392 constitutus
2719 4347 2803 4391 est
2856 4338 3077 4391 Sitncou
3114 4334 3344 4389 Zarnaki
3380 4337 3543 4403 ﬁlius,
3585 4352 3687 4404 pa-

430 4442 522 4507 plo
558 4433 608 4485 in
653 4431 866 4502 Syriam
905 4432 1203 4500 profectus,
1244 4433 1488 4486 Damasci
1528 4437 1708 4487 sedem
1748 4435 1884 4499 lixit,
1924 4446 2002 4488 at—

427 4540 533 4592 que
571 4524 640 4577 ibi
678 4535 831 4577 extra
866 4525 1054 4577 ιιι·ὶ)‹ιιη
1091 4524 1191 4577 sub
1223 4525 1553 4579 monasterio
1587 4524 1825 4588 Marran,
1851 4527 2002 4594 juxta

428 4616 655 4671 "mium
701 4615 920 4669 Taurah
948 4654 961 4674 .
995 4630 1175 4669 arcem
1212 4615 1455 4668 condidit
1488 4616 1541 4669 in
1577 4633 1681 4685 qua
1718 4618 2001 4671 habitavit.

432 4707 867 4776 Interfectusque
916 4716 999 4761 est
1045 4706 1573 4774 Chamarawaihus,
1612 4711 1663 4762 in
1711 4712 1809 4764 hac
1844 4728 2002 4781 quam

432 4800 679 4853 Damasci
715 4796 961 4851 condidit
1004 4813 1150 4861 arce,
1194 4799 1279 4853 die
1332 4800 1632 4864 Dominico,
1669 4804 1825 4856 tertio
1881 4813 2005 4856 ante

431 4893 649 4946 finitum
686 4906 928 4944 mensem
971 4888 1252 4951 Dilkaada.
1280 4907 1424 4945 anno
1454 4892 1831 4947 ducentesimo
1855 4903 2006 4948 octo-

430 4986 639 5057 gesimo
675 4983 918 5038 secundo
963 5000 976 5035 :
1025 4982 1226 5037 eadem
1268 4984 1440 5053 ipsius
1472 4997 1829 5055 procurarunt
1864 5000 1893 5039 e
1924 4987 2000 5038 fa-

431 5077 703 5130 mulorum
748 5075 919 5142 ipsius
966 5075 1259 5147 prmcipuis
1309 5092 1399 5130 sex
1428 5115 1444 5140 ,
1503 5090 1734 5143 quorutn
1783 5078 1998 5129 nomina

428 5166 704 5230 Tdhaher,
735 5167 932 5230 Sabur,
963 5166 1116 5230 Lttla,
1155 5165 1339 5231 Natif,
1366 5165 1552 5220 Shalio
1605 5166 1908 5235 pocilla'or,
1945 5178 1993 5219 ct

430 5260 701 5331 Ganayetn
740 5275 752 5310 :
792 5274 1022 5328 quorum
1058 5259 1465 5313 interfectorum
1498 5260 1675 5327 capita
1708 5258 1999 5329 {Egyptnut

432 5361 640 5418 putata
677 5363 839 5411 sunt,
882 5367 1112 5418 corpora
1148 5358 1325 5405 autem
1369 5350 1615 5403 DamaSci
1653 5352 1895 5419 patibulo
1926 5352 1998 5404 af-

430 5445 555 5496 tixa.
588 5444 1068 5499 Chamarawailtus
1105 5445 1156 5496 in
1186 5458 1312 5497 arca
1347 5441 1608 5499 Datuasco
1631 5444 1684 5501 in
1710 5442 2000 5512 Aﬂgyptnin

431 5516 671 5600 perlatus
719 5532 769 5583 iu
811 5540 991 5585 monte
1037 5530 1402 5585 Almokattam
1450 5531 1691 5600 sepultus
1724 5540 1825 5584 cst.
1860 5530 2001 5584 Tur-

434 5620 555 5670 bata
592 5629 672 5671 est
702 5630 880 5673 autem
917 5620 1181 5691 Egyptns
1211 5622 1278 5673 ob
1299 5620 1751 5675 Chamawaihum
1777 5622 2003 5692 ejusque

440 5716 692 5766 mortem.
728 5709 1021 5766 l‘t'wt'cctus
1057 5722 1134 5766 cst
1172 5721 1289 5780 post
1334 5713 1508 5783 ipsum
1541 5710 1679 5767 Iaish
1711 5713 2005 5773 Cbamara-

2114 4433 2349 4483 triarcba
2400 4426 2802 4491 Antiochentts,
2840 4429 2930 4495 qui
2969 4444 3139 4481 annos
3180 4429 3468 4481 duodecim
3509 4428 3687 4489 sedit.

2109 4523 2233 4576 dein
2265 4529 2515 4575 mortuus
2543 4528 2645 4575 est.
2678 4523 2846 4575 Porro
2876 4536 2998 4573 cunt
3032 4519 3197 4581 Leoni
3236 4520 3547 4588 imperatori
3579 4520 3691 4574 Ro-

2112 4630 2272 4667 mano
2315 4622 2527 4667 mortua
2563 4621 2711 4667 esset
2740 4628 2877 4665 uxor
2911 4613 3057 4665 nulla
3100 4611 3287 4670 relicta
3315 4614 3483 4687 prole,
3521 4613 3688 4665 aliain

2108 4711 2196 4763 illo
2228 4725 2452 4763 uxorem
2490 4710 2690 4762 ducere
2721 4709 2931 4772 voluit;
2964 4718 3017 4765 at
3070 4707 3349 4776 prohibuit
3382 4710 3553 4778 ipsum
3588 4707 3690 4758 Ni-

2109 4805 2294 4855 colaus
2337 4800 2647 4870 patriarcha
2696 4798 3384 4868 Constantinopolitanus.
3436 4799 3621 4851 dicens
3667 4815 3684 4851 :

2110 4895 2224 4946 Non
2255 4893 2454 4947 esttibi
2508 4892 2710 4945 licitum
2744 4907 2964 4945 uxorem
2991 4892 3221 4955 ducere;
3256 4891 3519 4959 siquidem
3551 4904 3693 4941 ana—

2109 4996 2332 5054 gnostes
2376 5002 2435 5038 cs
2483 4994 2538 5038 et
2585 4985 2837 5053 precibus
2889 4986 3234 5039 sacerdotum
3291 4992 3687 5044 Consecratus;

2112 5077 2255 5144 quod
2318 5077 2362 5131 si
2429 5093 2649 5129 uxorem
2707 5077 2925 5130 duxeris
3002 5093 3110 5130 non
3164 5077 3291 5129 licet
3331 5077 3426 5128 tibi
3487 5076 3552 5126 ad
3606 5076 3691 5125 al-

2112 5176 2226 5221 tato
2257 5167 2532 5221 accedere.
2567 5167 2665 5221 Cui
2702 5166 2807 5220 Leo
2846 5189 2855 5223 :
2893 5166 3125 5221 Uxorem
3157 5167 3356 5221 ducere
3388 5167 3552 5234 cupio
3578 5184 3691 5232 quo

2113 5269 2180 5309 st
2225 5259 2351 5311 mihi
2406 5260 2551 5313 hlius
2600 5260 2690 5328 qui
2748 5270 2868 5329 post
2919 5274 3003 5311 me.
3055 5274 3276 5327 regnum
3335 5258 3689 5311 hwrcditario

2108 5352 2398 5422 possideat.
2452 5354 2521 5404 At
2550 5368 2654 5404 non
2708 5352 2951 5420 permisit
2986 5352 3085 5419 ipsi
3136 5346 3441 5419 patriarcha
3476 5349 3685 5416 conju-

2104 5447 2271 5504 ginnt.
2310 5441 2535 5509 Scripsit
2570 5458 2698 5509 ergo
2731 5443 2839 5495 Leo
2883 5442 3177 5508 imperatur
3208 5442 3273 5492 ad
3311 5439 3683 5508 patriarcham

2107 5533 2436 5596 Romanum,
2480 5533 2794 5587 Michaelem
2825 5533 3191 5603 patriarcham
3228 5533 3685 5592 Alexandrinum,

2108 5626 2274 5677 [ﬁliani
2319 5624 2554 5678 Mansuri
2596 5627 2761 5679 tilium
2810 5627 3174 5695 patriarcham
3230 5624 3685 5695 Uierosolymita-

2107 5734 2259 5781 num,
2298 5726 2349 5769 ct
2385 5719 2691 5775 Situvoncm
2723 5717 2952 5773 Zarnaki
2984 5720 3152 5774 linum
3178 5758 3189 5777 .
3234 5718 3631 5774 Autiocltcuum
3667 5756 3683 5785 ,

3932 4032 3937 4191 l
