4014 6218
367 242 504 311 1145

1802 257 2165 323 ANNALES.

3465 274 3602 374 uti;

361 371 561 453 rogans
602 366 657 410 ut
688 356 753 411 ad
788 356 963 453 ipsum
997 361 1355 427 accederent,
1386 380 1496 434 quo
1544 366 1879 437 dispicerent
1906 411 1920 435 ,
1956 376 1995 431 Α
2028 382 2191 446 quue
2228 381 2431 435 mensis
2468 381 2767 437 Ramadani
2793 394 3010 453 quarto,
3057 403 3198 441 anno
3226 362 3599 445 ducentesimo

351 447 541 502 liceret
587 463 757 502 necne
818 450 919 517 ipsi
966 464 1188 506 uxorem
1223 453 1424 509 ducere
1478 475 1490 511 :
1533 468 1589 512 at
1631 461 1803 515 noluit
1834 478 1929 517 eo-

351 553 472 593 rum
494 540 763 609 quispiam
800 540 864 594 ad
894 543 1066 611 ipsum
1097 545 1379 614 accedere,
1414 550 1517 604 nisi
1547 552 1691 620 quod
1723 555 1924 625 singuli

349 633 571 684 nomine
612 647 713 685 suo
734 633 1100 706 $85-$87
1141 637 1375 709 legatum
1412 643 1711 701 mitterent.
1742 650 1819 703 Ac
1848 651 1925 705 le-

348 726 489 790 gatis
528 737 585 776 se
617 723 982 796 adjungentes
1015 729 1252 799 episcopi
1287 732 1505 799 quidam
1538 736 1923 796 Constantino-

346 813 479 880 poli,
505 814 571 867 de
597 817 815 884 negotio
850 818 1202 889 imperatoris
1231 823 1600 895 dispicientes,
1633 832 1915 887 matrimo-

345 903 491 956 nium
534 906 633 975 ipsi
696 908 905 962 licitum
962 914 1389 980 pronuntiarunt
1425 933 1439 982 ;
1473 934 1641 986 quare
1690 938 1913 978 uxorem

342 993 521 1058 duxit,
555 1004 823 1065 natusque
849 1006 932 1053 est
984 1000 1080 1068 ipsi
1112 1002 1255 1057 ﬁlius
1301 1020 1461 1074 quem
1492 1007 1912 1065 Constantinum

342 1086 660 1154 appellavit.
704 1089 952 1159 Cumque
984 1089 1268 1149 Nicolaum
1324 1098 1691 1166 patriarcham
1728 1104 1915 1156 cathe-

340 1174 437 1229 dra
470 1175 812 1240 abdicasset,
846 1182 1180 1239 constitutus
1214 1195 1293 1241 est
1332 1187 1507 1257 ipsius
1554 1191 1671 1244 loco
1715 1190 1913 1246 Anthi-

338 1279 462 1320 mus
503 1269 811 1336 patriarcha
855 1270 1521 1345 ConstantinOpolitanus.
1556 1278 1699 1335 Obiit
1730 1291 1908 1338 autem

338 1358 878 1416 Almotaded'Billahi
914 1364 1003 1420 die
1029 1365 1309 1424 Dominico
1363 1387 1505 1426 nono
1528 1380 1653 1429 ante
1684 1374 1909 1430 Rabiam

339 1451 693 1516 posteriorem
731 1452 963 1516 finitum,
1005 1472 1147 1511 anno
1173 1461 1552 1517 ducentesimo
1579 1468 1911 1537 octogesimo

339 1556 503 1596 nono.
540 1541 659 1597 Fuit
687 1545 976 1601 chalifatus
1006 1549 1173 1618 ipsius
1209 1567 1479 1610 annorum
1530 1573 1744 1619 novem.
1781 1575 1903 1613 cum

337 1634 620 1688 mensibus
657 1651 874 1703 novem,
896 1638 1106 1693 dierum
1135 1641 1392 1702 duorum.
1432 1646 1620 1703 Annos
1642 1665 1766 1704 cum
1795 1664 1911 1706 mo-

336 1732 549 1779 reretur
581 1726 766 1780 habuit
794 1729 1154 1800 quadraginta
1200 1746 1432 1804 septem.
1488 1741 1822 1809 Praecipuam
1856 1745 1909 1798 in

333 1827 422 1869 res
456 1814 631 1884 ipsius
651 1825 976 1885 potestatem
1007 1821 1243 1878 habuere
1267 1824 1444 1881 Badar
1466 1828 1691 1885 libertus
1718 1832 1908 1901 ipsius,

330 1918 387 1964 et
415 1908 735 1964 Ghaidallah
815 1906 932 1967 Ebn
972 1912 1253 1983 Solimani,
1298 1920 1458 1989 cujus
1492 1922 1544 1975 in
1572 1924 1750 1979 loeum
1782 1944 1911 1981 suc-

331 2001 498 2055 cessit
536 2000 679 2057 filius
722 2001 894 2071 ipsius
931 2005 993 2058 Al
1019 2004 1211 2061 Kasem
1243 2008 1358 2064 Ebn
1401 2009 1763 2071 Obaidallahi.
1791 2014 1912 2072 Fuit

328 2091 645 2148 Almotaded
682 2095 926 2164 pulcher,
958 2096 1093 2154 facie
1114 2110 1169 2155 et
1191 2115 1420 2172 corpore
1454 2104 1708 2170 decorus.
1765 2118 1907 2163 stre-

329 2198 492 2248 nuus,
524 2200 687 2255 opum
716 2196 902 2241 tenax.

660 2276 961 2347 Chalifatus
997 2283 1061 2335 ΑΙ
1098 2283 1312 2353 Mactaﬁ
1351 2286 1558 2341 billahi.

398 2365 765 2437 Inauguratus
799 2380 879 2425 est
937 2373 997 2425 Al
1033 2373 1249 2428 Moctafi
1303 2378 1417 2444 (qui
1467 2379 1606 2432 idem
1656 2389 1740 2435 est
1786 2380 1903 2436 Abu

330 2456 696 2521 Mohammed,
734 2458 845 2513 Ebn
889 2462 1086 2517 Ahmet
1126 2466 1493 2538 Almotaded,)
1534 2469 1773 2540 Bagdadi
1810 2490 1905 2526 eo-

324 2549 447 2602 dem
501 2549 589 2604 die
639 2566 749 2620 quo
789 2552 923 2606 obiit
976 2553 1321 2612 AIIIYOIadCd.
1374 2561 1506 2613 Erat
1553 2573 1679 2617 tunc
1722 2574 1899 2619 autem

328 2641 617 2694 Almoctafi
677 2643 886 2705 Raccae,
917 2645 1207 2716 missaeque
1237 2658 1364 2704 sunt
1394 2653 1456 2705 ad
1488 2652 1665 2722 ipsum
1708 2656 1901 2713 littera:

325 2739 377 2782 et
411 2732 676 2798 epistolae,
710 2743 765 2786 ut
797 2734 1110 2801 Bagdadnm
1148 2742 1453 2805 accederet,
1483 2760 1589 2812 quo
1619 2761 1741 2799 cum
1779 2764 1902 2816 per-

328 2822 596 2886 venisset,
623 2822 806 2877 sedem
847 2824 915 2878 ibi
958 2827 1096 2881 fixit.
1126 2827 1297 2882 Mater
1320 2831 1436 2895 eius
1472 2836 1688 2890 nomine
1732 2835 1901 2889 Bach—

325 2913 580 2981 tajacnah
619 2916 745 2979 fuit,
778 2916 886 2969 filia
916 2918 1186 2974 Alkasemi
1224 2920 1338 2974 Ebn
1364 2920 1703 2979 Ohaidal'ahi
1727 2926 1894 2998 488

2028 472 2389 540 nonagesimo
2433 482 2626 541 quarto
2670 495 2683 530 :
2738 478 2878 531 sedit
2921 493 3093 534 annos
3139 481 3327 549 viginti
3384 498 3507 541 sex.
3546 491 3602 538 et

2026 576 2121 616 sex
2164 578 2406 627 menses,
2451 565 2572 619 dein
2618 566 2752 620 obiit
2790 583 2804 620 :
2843 570 3199 637 sepultusque
3229 581 3309 625 est
3336 573 3389 626 in
3424 574 3599 629 eccle-

2023 651 2099 705 sia
2151 651 2450 720 Michaelis,
2487 651 2733 711 Pltostati
2772 653 3135 729 Egyptiacae.
3176 659 3332 715 Anno
3363 661 3599 717 chalifao

2025 755 2114 799 tus
2138 744 2381 813 ejusdem
2417 757 2571 823 sexto
2615 752 2946 805 constitutus
2976 762 3059 804 est
3114 751 3408 821 Georgius,
3460 752 3599 807 Daa-

2013 835 2125 903 jani
2159 837 2320 899 filius,
2352 841 2660 906 patriarcha
2695 838 3258 911 llierosolymitanus,
3293 842 3383 910 qui
3420 857 3597 896 annos

2014 937 2249 999 quatuor
2279 937 2331 984 et
2371 946 2465 984 sex
2503 947 2719 986 menses
2770 933 2955 998 sedit,
3002 934 3125 987 dein
3188 943 3438 987 mortuus
3490 941 3593 988 est.

2014 1020 2185 1076 Porro
2220 1022 2423 1091 prodiit
2482 1023 2534 1076 in
2590 1020 2745 1093 Syria
2815 1022 3055 1091 rebellis,
3120 1028 3342 1081 nomine
3405 1026 3598 1079 lsmael

2012 1108 2423 1179 Karmatianus,
2456 1130 2579 1169 eum
2620 1116 2871 1170 Damasci
2902 1122 3047 1171 esset
3091 1118 3313 1172 nomine
3356 1118 3598 1172 Chamav

2013 1206 2239 1259 rawaihi
2277 1207 2389 1260 Ebn
2423 1207 2658 1270 Ahmed,
2693 1208 2810 1262 Ebn
2845 1208 3064 1273 Toluni,
3095 1208 3267 1280 Tuguj
3322 1212 3433 1266 Ebn
3482 1214 3594 1269 loﬂi

2010 1294 2431 1368 Pharganensis;
2465 1299 2557 1369 qui
2590 1300 2656 1352 ab
2685 1298 2913 1355 lsmaele
2940 1298 3295 1359 Karmatiano
3321 1308 3374 1359 in
3404 1307 3589 1377 fugam

2010 1402 2206 1443 versus
2226 1397 2310 1444 est
2343 1398 2465 1460 post
2497 1392 2669 1445 multa
2704 1391 2845 1446 inter
2877 1394 3028 1463 ipsos
3057 1396 3350 1451 commissa
3383 1400 3588 1465 praelia,

2009 1481 2165 1535 caesis
2199 1496 2228 1534 e
2254 1481 2548 1537 comitibus
2575 1478 2694 1553 ejus
2717 1484 2927 1539 multis.
2968 1482 3227 1543 Scribens
3257 1504 3386 1559 ergo
3423 1486 3594 1561 Toguj

2018 1572 2083 1626 ad
2116 1571 2390 1628 llarunem
2418 1573 2858 1629 Chamarawaihi
2892 1576 3057 1630 filium
3086 1578 3261 1647 ipsum
3296 1582 3371 1636 rei
3398 1586 3598 1637 certio-

2021 1682 2131 1719 rem
2172 1665 2315 1721 fecit.
2354 1664 2499 1719 Misit
2547 1682 2674 1738 ergo
2710 1668 2777 1721 ad
2834 1668 3013 1738 ipsum
3067 1668 3250 1723 liarun
3296 1677 3595 1727 exercitum

2014 1772 2293 1825 magnum,
2327 1757 2378 1811 in
2404 1772 2514 1827 quo
2542 1768 2696 1812 erant
2719 1775 2906 1814 omnes
2939 1759 3328 1815 Toloneusium
3368 1766 3591 1820 nomine

2012 1844 2289 1916 insignes;
2333 1848 2796 1916 commissumque
2823 1860 2905 1903 est
2934 1850 3175 1918 praelium
3214 1851 3353 1905 inter
3382 1854 3596 1907 exerci-

2012 1947 2098 1992 tus
2129 1938 2370 2006 ipsorum
2407 1937 2458 1990 in
2493 1938 2613 1991 vico
2651 1937 2900 1992 Canacar
2929 1939 3096 2004 dicto,
3133 1940 3361 1995 ditionis
3395 1941 3597 1997 Dama-

2012 2044 2217 2093 scenae,
2268 2028 2388 2083 loco
2444 2045 2606 2098 quem
2666 2029 2728 2082 Al
2782 2029 3085 2097 Aacapham
3134 2041 3363 2095 vocant,
3410 2049 3595 2089 n-ense

2009 2116 2201 2190 Rajeb,
2232 2136 2374 2174 anno
2402 2118 2783 2175 ducentesimo
2813 2122 3149 2191 octogesimo
3176 2138 3318 2177 nono
3352 2141 3362 2151 ·
3390 2134 3444 2179 et
3467 2135 3589 2193 post

2006 2213 2319 2281 frequentes
2361 2213 2502 2266 inter
2549 2213 2699 2281 ipsos
2745 2210 3308 2284 pugnasinterfectus
3336 2226 3419 2271 est
3450 2211 3591 2270 Kar-

2003 2306 2302 2365 matianus,
2339 2304 2495 2358 cassis
2532 2320 2596 2357 ex
2633 2312 2867 2373 utroque
2905 2306 3149 2359 exercitu
3195 2308 3385 2375 viginti
3419 2309 3579 2362 circi-

2006 2404 2088 2449 ter
2124 2396 2407 2449 hominum
2452 2395 2723 2457 millibus,
2758 2412 2994 2463 quorum
3036 2406 3087 2450 et
3136 2398 3354 2466 utrique
3388 2399 3442 2451 in
3501 2399 3588 2452 fu-

2005 2504 2126 2557 gam
2157 2504 2215 2541 se
2255 2487 2559 2550 dederunt;
2601 2487 2910 2556 petentibus
2946 2488 3037 2555 qui
3087 2503 3151 2541 ex
3199 2487 3458 2540 Harumis
3498 2504 3592 2543 co-

2007 2579 2112 2649 piis
2147 2579 2474 2646 superstites
2513 2580 2752 2640 fuerunt,
2787 2576 3109 2632 Damascum
3140 2589 3191 2631 et
3216 2576 3581 2644 Tiberiadem;

1999 2672 2091 2742 qui
2127 2688 2156 2726 e
2188 2668 2731 2743 Karmatiani,ﬁ,92
2765 2669 3025 2723 llamsum
3062 2668 3401 2741 [Emissam],
3440 2687 3596 2724 man~

2001 2772 2297 2832 seruntque
2341 2762 2583 2816 Damasci
2616 2778 2681 2815 ex
2715 2761 2952 2815 llarunis
2991 2762 3163 2829 c0piis
3202 2762 3422 2830 quidam
3451 2778 3582 2816 cum

2002 2852 2467 2925 BadroAljamami
2500 2855 2666 2911 dicto.
2693 2848 2815 2908 Fuit
2839 2862 3016 2907 autem
3043 2852 3393 2908 Karmatiano
3418 2856 3586 2909 frater

2001 2946 2065 2999 Al
2098 2945 2283 3011 Najem
2327 2947 2650 3016 appellatus;
2693 2946 2786 3015 qui
2818 2946 3162 3015 congregatis
3188 2946 3279 3014 qui
3312 2962 3340 2998 e
3388 2946 3576 3001 fratris

321 3001 435 3058 Ebn
461 3005 889 3073 Solimani,Ebn
916 3011 1170 3065 Wahabi.
1198 3013 1473 3069 Abbasum
1510 3019 1675 3071 Ebhol
1710 3019 1891 3075 Ilasuu
1923 3035 1966 3092 ς
1998 3040 2082 3090 sui
2119 3001 2600 3106 .{miufﬁnqui
2641 3001 2845 3100 tam,
2897 3001 3083 3103 chiZs
3134 3001 3374 3106 coilegit,
3425 3048 3477 3091 et
3527 3037 3584 3092 in

321 3096 767 3155 Maderanensem
819 3103 1052 3158 scribam
1091 3106 1317 3161 adscivit
1378 3118 1539 3178 atque
1590 3111 1663 3164 illi
1710 3129 1796 3166 res
1839 3114 1890 3167 in

318 3190 563 3244 ordinem
597 3192 834 3248 redacta
864 3204 1010 3250 sunt.
1046 3200 1203 3253 Anno
1235 3200 1541 3257 Chalifatus
1598 3203 1888 3259 Almoctafi

318 3282 582 3347 secundo,
618 3288 706 3353 qui
749 3292 832 3338 est
866 3285 1274 3344 ducentesimus
1312 3290 1721 3360 nonagesimus,
1765 3308 1894 3364 per-

318 3377 439 3446 tigit
487 3376 640 3432 Nilus
690 3379 1045 3452 Egyptiacus
1101 3386 1312 3439 cubitos
1361 3395 1568 3442 tantum
1629 3393 1889 3447 tredecim

316 3485 441 3523 eum
474 3471 683 3525 duobus
707 3474 907 3542 digitis.
942 3475 1118 3541 Quare
1146 3480 1348 3546 egressi
1387 3491 1512 3534 sunt
1546 3481 1887 3549 Muslemini,

315 3562 651 3629 Christiani,
683 3578 734 3619 et
761 3567 927 3621 .ludmi
966 3569 1030 3621 ad
1058 3586 1250 3637 aquam
1292 3573 1548 3638 precibus
1588 3574 1889 3644 impetran-

314 3657 465 3717 dam,
496 3672 598 3711 nec
629 3668 805 3712 tamen
838 3660 1006 3713 crevit
1034 3676 1170 3729 aqua
1210 3662 1352 3717 ultra
1386 3664 1513 3717 illud
1564 3668 1704 3733 quod
1749 3669 1893 3721 dixi-

316 3762 481 3814 mus;
516 3750 712 3803 deinde
763 3751 1005 3805 recessit.
1055 3752 1211 3806 Auno
1270 3755 1428 3808 tertio
1482 3757 1775 3812 ehalifatus
1826 3758 1889 3811 Al

318 3840 533 3895 Moctaﬂ
575 3843 909 3898 constitutus
957 3854 1039 3897 est
1075 3839 1218 3899 Elius
1245 3848 1552 3915 patriarcha
1598 3850 1893 3903 Antioche-

318 3947 458 3997 ntts;
492 3933 584 4002 qui
624 3936 857 4002 scriptor
906 3935 1042 3999 fuit;
1089 3951 1259 3991 annos
1312 3939 1452 3992 sedit
1507 3938 1693 4007 viginti
1743 3950 1889 4004 octo,

315 4024 439 4079 dein
485 4035 733 4081 mortuus
763 4036 862 4082 est.
894 4026 1064 4096 Capta
1099 4037 1181 4081 est
1217 4031 1346 4084 urbs
1398 4030 1643 4083 Seleucia
1682 4048 1711 4085 e
1745 4041 1889 4084 terra

316 4112 691 4172 Romanorum
726 4135 913 4173 mense
935 4119 1103 4173 Rabia
1140 4123 1452 4188 posteriori,
1477 4123 1617 4176 unde
1644 4123 1889 4192 captivos

315 4210 371 4271 in
404 4208 693 4280 [Egyptum
728 4212 1026 4269 attulerunt
1058 4230 1242 4268 mense
1271 4213 1460 4282 [{ajeb,
1489 4229 1634 4267 anno
1681 4214 1889 4267 ducen-

312 4303 508 4354 tesimo
561 4304 939 4373 nonagesimo.
990 4308 1147 4358 Anno
1181 4306 1473 4361 chalifatus
1518 4307 1759 4375 ejusdem
1799 4322 1889 4361 se-

312 4389 491 4445 .Cundo
518 4401 765 4445 mortuus
790 4402 873 4447 est
898 4391 1120 4447 Michael
1154 4394 1458 4463 patriarcha
1480 4395 1881 4450 Aletandriuus
1924 4402 1969 4460 D
1999 4398 2241 4465 patibulo
2273 4400 2439 4451 allixit
2469 4400 2620 4469 prius
2654 4401 2958 4454 crueiatum
3003 4413 3016 4451 :

312 4482 402 4535 die
431 4484 714 4538 Dominico
742 4527 755 4548 ,
789 4496 942 4539 sexto
982 4496 1108 4538 ante
1142 4486 1350 4539 finitum
1402 4502 1644 4541 mensem
1684 4487 1882 4540 Barna-

310 4573 441 4637 dan,
497 4588 639 4625 anno
687 4575 1063 4631 ducentesimo
1088 4577 1480 4644 nonagesimo;
1515 4580 1884 4649 patriarchatu

310 4665 531 4719 functus
566 4667 771 4732 triginti
803 4678 1039 4741 quatuor
1070 4672 1230 4725 annis
1258 4687 1271 4724 :
1303 4673 1620 4741 vacavitque
1648 4682 1770 4742 post
1802 4674 1882 4742 ip-

307 4770 431 4809 sum
464 4755 727 4810 cathedra
755 4758 1119 4820 Alexandrina
1170 4760 1477 4827 patriarcha
1519 4772 1753 4830 quatuor
1794 4778 1890 4816 an—

307 4860 432 4899 nos.
467 4846 628 4899 Anno
678 4848 873 4915 quinto
925 4848 1219 4904 chalifatus
1259 4849 1501 4916 ejusdem
1556 4852 1887 4907 constitutus

306 4946 392 4989 est
423 4936 810 4994 Christodulus
870 4940 1185 4995 llalebensis
1215 4942 1523 5011 patriarcha
1565 4944 1884 4998 Alexandri-

309 5041 447 5093 nus;
476 5039 693 5085 creatus
721 5040 803 5086 est
842 5030 1230 5103 Hierosolymis
1262 5033 1349 5087 die
1392 5033 1614 5087 Sabbati
1654 5035 1833 5104 magni
1857 5075 1873 5100 ,

314 5121 505 5189 quinto
543 5125 745 5178 mensis
762 5124 928 5179 Nisan
954 5165 969 5189 ,
1004 5124 1286 5181 Barmudte
1318 5127 1569 5195 septimo.
1590 5125 1684 5181 Die
1701 5139 1882 5183 autem

304 5208 543 5267 Iomadae
583 5215 900 5283 posterioris
935 5217 1144 5273 decimo
1164 5233 1310 5272 nono
1344 5220 1682 5274 consecravit
1704 5220 1881 5285 ipsum

313 5297 463 5357 Elias
491 5302 636 5359 filius
676 5305 951 5361 Mansuris
984 5309 1292 5374 patriarcha
1330 5308 1881 5379 Hierosolymilanus.

308 5389 557 5462 Cumque
591 5398 972 5452 Alexandriam
1019 5400 1297 5467 venisset,
1328 5402 1583 5457 dixerunt
1632 5405 1783 5457 urbis
1820 5404 1883 5457 il-

310 5483 416 5537 lius
453 5485 641 5541 incolae
670 5508 684 5544 :
716 5490 979 5545 Nolumus
1026 5492 1190 5557 hunc,
1244 5494 1346 5547 nisi
1404 5494 1647 5562 repetitis
1690 5495 1881 5567 489-

314 5574 474 5645 491
534 5578 789 5646 precibus
837 5580 1057 5653 [quibus
1105 5584 1480 5656 consecratur]
1528 5586 1872 5652 patriarcha:

301 5683 472 5743 quare
518 5685 707 5738 preces
745 5674 1133 5743 patriarchales
1172 5690 1384 5729 rursum
1437 5675 1806 5735 adhibuerunt
1856 5701 1866 5735 :

1998 3139 2179 3197 partes
2209 3129 2435 3182 Emissae
2484 3129 2706 3196 prodiit.
2751 3128 2813 3181 Al
2850 3126 3127 3195 Moktaphi
3179 3129 3344 3197 igitur
3391 3128 3581 3181 audito

1998 3214 2411 3269 Karmatianum
2445 3214 2665 3286 IEgypti
2705 3216 2978 3269 exercitus
3012 3216 3229 3283 fugasse
3280 3224 3444 3282 atque
3491 3215 3581 3268 in-

1994 3310 2269 3372 lirmasse,
2311 3309 2468 3362 caesis
2512 3307 2885 3377 Egyptiorum
2909 3307 3220 3361 fortissimis
3252 3308 3581 3377 quibusque,

2001 3416 2151 3470 spem
2213 3400 2460 3469 concepit
2503 3399 2779 3468 capienda:
2824 3396 3061 3470 Egypti,
3123 3398 3397 3469 missoque
3452 3397 3567 3451 Μυ-

2003 3491 2257 3545 hammed
2291 3488 2404 3544 Ebn
2438 3490 2702 3554 Soliman,
2739 3491 2823 3543 cui
2860 3491 3341 3555 prmstantissituos
3377 3492 3574 3546 ducum

1995 3596 2220 3636 snoium
2256 3594 2378 3636 cum
2418 3583 2655 3638 exercitu
2692 3598 2886 3652 magno
2911 3583 3175 3653 adjunxit,
3218 3582 3414 3652 prodiit
3464 3582 3579 3651 ipse

1999 3672 2249 3734 Baccam,
2314 3673 2495 3740 ibique
2527 3674 2790 3727 substitit.
2847 3673 3185 3727 Mohantmed
3229 3680 3406 3726 autem
3458 3671 3575 3725 Ebn

1997 3760 2240 3815 Soliman
2281 3764 2371 3815 ubi
2408 3763 2669 3815 Emissam
2697 3766 3033 3831 pervenisset
3054 3764 3316 3832 Alnajemi
3344 3760 3574 3816 Karma-

2008 3853 2135 3905 tiani
2165 3853 2353 3919 copias
2382 3852 2541 3916 fudit,
2576 3855 2752 3919 captis
2781 3870 2809 3906 e
2838 3855 3130 3907 comitibus
3164 3854 3334 3923 ipsius
3370 3854 3577 3921 septin-

1995 3943 2206 4011 gentis;
2259 3940 2644 3995 Karmatianus
2690 3955 2817 3993 vero
2864 3940 3077 4008 fugiens
3107 3983 3121 4007 ,
3168 3944 3286 3996 loco
3323 3947 3382 3995 At
3425 3942 3573 3996 Dalia

1990 4032 2257 4101 appellato
2290 4046 2534 4100 repertus
2559 4040 2663 4097 est,
2686 4047 2845 4101 quem
2875 4049 2997 4088 cum
3035 4035 3325 4087 comitibus
3366 4036 3575 4102 septin-

1990 4123 2172 4192 gentis
2203 4123 2270 4176 ad
2307 4123 2370 4175 Al
2403 4122 2713 4177 Moctalium
2764 4124 2826 4176 Al
2853 4122 3095 4177 Rakkam
3150 4124 3295 4177 misit
3323 4123 3574 4178 Moham-

1996 4216 2117 4267 med
2153 4215 2263 4268 Ebn
2299 4211 2565 4281 Soliman,
2596 4217 2682 4270 eui
2730 4217 3040 4285 Bagdadum
3076 4216 3338 4283 perducto
3368 4218 3568 4270 collum

2001 4322 2164 4375 super
2197 4306 2435 4360 tabulato
2484 4309 2725 4377 praecidit
2800 4307 2863 4362 AI
2924 4307 3227 4369 Moctalius,
3283 4309 3571 4377 ipsumque

3064 4400 3194 4467 quin
3249 4408 3300 4451 et
3343 4401 3568 4453 comites

1987 4488 2159 4557 ipsius
2200 4491 2572 4560 septingentos
2597 4501 2770 4545 morte
2798 4490 3002 4555 aﬂ‘ecit,
3031 4505 3258 4556 quorum
3290 4488 3410 4541 aliis
3432 4490 3566 4542 colla

1987 4597 2151 4648 super
2194 4582 2436 4635 tabulato
2477 4583 2748 4652 praecidit,
2791 4584 3050 4652 ipsosque
3088 4586 3339 4653 patibulo
3374 4584 3563 4645 allixit;

1987 4671 2122 4727 alios
2147 4674 2397 4728 manibus
2430 4676 2770 4744 pedibusque
2814 4677 3117 4730 truncavit.
3173 4676 3403 4730 Profecti
3438 4687 3565 4730 sunt

1986 4765 2287 4821 Ahnoctalii
2316 4768 2588 4821 exercitus
2630 4766 3155 4831 cum.Mohaunnede
3184 4767 3296 4822 Ebn
3320 4768 3559 4824 Soliman

1987 4855 2311 4911 Damascum
2343 4899 2357 4922 ,
2413 4859 2501 4912 ubi
2561 4859 2612 4912 in
2654 4858 3045 4915 Mohammedis
3092 4860 3245 4913 fidem
3296 4877 3353 4913 se
3417 4862 3563 4913 dedit

1987 4947 2198 5004 Badrus
2237 4950 2519 5018 Aljamami
2564 4967 2669 5005 una
2701 4966 2824 5005 cum
2869 4952 2933 5007 iis
2973 4968 3092 5021 quae
3121 4953 3222 5021 ipsi
3263 4954 3558 5007 adfuerunt

1986 5042 2161 5109 copiis
2197 5058 2209 5093 :
2246 5042 2371 5096 hinc
2405 5043 2683 5111 profectus
2709 5055 2791 5099 est
2818 5043 3161 5101 Mohammcd
3191 5046 3554 5106 Palzestinaiu,

1985 5149 2093 5201 quo
2125 5134 2174 5186 in
2208 5134 2499 5203 Aﬂgyptum
2534 5136 2654 5191 iret.

2057 5224 2241 5279 Harun
2272 5226 2389 5280 Ebn
2429 5227 2866 5281 Chamarawaihi
2924 5228 3113 5299 igitur,
3146 5228 3328 5279 audito
3373 5227 3556 5296 copias

1982 5325 2145 5385 atque
2175 5321 2450 5371 exercitus
2480 5318 2836 5391 493-495
2874 5322 3049 5387 ipsum
3080 5334 3272 5372 versus
3306 5320 3549 5384 tendere,

1980 5424 2231 5477 egressus
2262 5408 2314 5461 in
2355 5409 2530 5463 locum
2559 5412 2649 5479 qui
2684 5412 2744 5462 Al
2779 5410 3012 5462 Abhasia
3051 5408 3274 5470 dicitur,
3304 5424 3367 5462 ea
3394 5418 3553 5464 terra:

1981 5497 2315 5567 Egyptiacaz
2361 5513 2514 5570 parte
2562 5517 2680 5570 quae
2722 5502 2967 5569 Alhauph
3020 5499 3243 5572 [audit,]
3295 5501 3362 5554 ibi
3416 5518 3539 5555 cum

1977 5590 2203 5644 ducibus
2235 5594 2348 5647 suis
2392 5609 2696 5664 magnaque
2738 5593 2976 5646 virorum
3023 5594 3368 5648 multitudine
3406 5595 3541 5648 sub-

1975 5683 2131 5746 stitit,
2158 5683 2511 5740 Mohauunedi
2543 5687 2658 5740 Ebr.
2686 5685 2925 5739 Soliman
2952 5701 3301 5753 occursurus,
3334 5700 3385 5744 et
3417 5705 3542 5744 cum
