4014 6218
512 231 641 294 1147

1497 227 1862 288 EUTYCHII
1913 221 2444 284 ALEXANDRINI
2487 221 2706 280 PATR.

3611 219 3746 285 1148

507 355 570 392 νο
621 338 763 392 bello
812 336 1132 392 decreturus
1212 337 1390 391 Naves
1454 337 1672 390 interim
1733 333 2018 389 Almoctali
2054 371 2068 394 ,
2100 329 2407 393 APhateco
2442 331 2615 400 ipsius
2664 331 2880 394 liberto,
2914 330 3224 400 ducumque
3274 332 3460 393 cmtu‘,
3519 331 3739 386 obviam

510 428 649 480 flexo
689 427 741 480 in
779 428 914 481 mari
953 442 1114 482 cursu
1143 468 1156 490 ,
1211 443 1277 482 ex
1348 437 1499 496 parte
1546 427 1770 480 'l‘eunisi
1842 426 2076 480 ditiones

510 518 727 589 (Egypti
761 518 992 589 ejusque
1014 519 1170 574 villas
1197 521 1456 588 ingressa:
1488 526 1631 572 sunt.
1672 517 1909 571 Navibus
1935 532 2072 585 prte-

505 611 680 665 fectus
713 608 813 662 fuit
840 608 1134 664 Damianus
1163 609 1404 665 Grzcus.
1437 609 1667 664 Profecti
1695 625 1824 678 ergo
1855 610 2074 680 quidam

508 717 538 752 σε
571 700 802 755 ducibus
823 699 1077 765 Harunis,
1109 702 1367 755 Damiano
1402 704 1452 755 in
1488 701 1608 756 vico
1633 700 1896 755 Tanubah
1929 701 2076 756 dicto

509 802 910 862 occurrerunt,
944 793 1032 847 ubi
1067 803 1479 855 concurrentes.
1507 809 1629 847 eum
1663 808 1840 864 pugna
1873 801 2076 848 certas-

513 890 656 942 sent,
712 889 857 954 terga
904 883 1170 938 dederunt
1201 885 1362 939 duces
1395 883 1654 938 llarunis.
1685 883 1891 938 Sliiban
1915 884 2078 938 etiam

514 973 626 1026 Ebn
658 973 1022 1040 Mohammed,
1062 975 1174 1030 Ebn
1204 976 1399 1038 Tolun,
1437 975 1671 1028 llarunis
1699 973 1812 1028 Ebn
1849 975 2085 1028 Chama-

513 1065 736 1119 rawailii
773 1077 1021 1135 patruus,
1044 1065 1315 1121 Harunem
1343 1067 1567 1120 adortus
1594 1066 1773 1135 ipsum
1809 1065 2082 1121 interfecit

515 1157 600 1210 die
636 1157 933 1224 Dominico,
970 1159 1171 1213 mensis
1224 1157 1381 1212 Safar
1426 1159 1642 1213 decimo
1685 1168 1901 1224 octavo,
1938 1173 2081 1211 anno

513 1244 886 1299 ducentesimo
936 1247 1289 1318 nonagesimo
1331 1249 1606 1312 secundo,
1643 1256 1804 1319 atque
1843 1249 1959 1318 ipse
2010 1248 2078 1303 ad

515 1336 625 1391 dies
666 1338 879 1406 aliquas
912 1355 1090 1394 rerum
1123 1341 1325 1409 potitus
1360 1353 1463 1398 est.
1491 1344 1665 1398 Duces
1698 1351 1876 1398 autem
1908 1341 2085 1396 llaru-

515 1426 600 1480 nis
646 1425 711 1480 ad
747 1427 1177 1484 Mohammedem
1215 1429 1326 1484 Ebn
1363 1433 1603 1486 Soliman
1628 1433 1949 1494 scribentes.
1982 1432 2084 1486 im-

514 1516 829 1571 munitatem
871 1519 940 1574 ab
977 1519 1095 1587 ipso
1126 1519 1439 1590 petierunt;
1476 1537 1583 1590 qua
1615 1521 1668 1576 in
1707 1536 1766 1576 re
1813 1521 1944 1589 ipsis
1982 1534 2081 1571 an-

515 1606 652 1667 nuit,
701 1615 862 1676 atque
906 1625 1131 1664 securos
1167 1627 1285 1665 esse
1329 1611 1516 1680 jussit.
1552 1613 1950 1683 Ingressusque
1990 1619 2075 1664 est

515 1697 852 1753 Moliammed
885 1701 1001 1754 Ebn
1035 1701 1290 1772 Solyman
1316 1703 1633 1773 .‘Egyptum,
1663 1704 1877 1757 nemine
1911 1702 2081 1770 impe-

515 1791 696 1845 diente
731 1793 815 1846 vel
869 1795 1190 1862 repellente,
1232 1795 1318 1847 die
1348 1793 1518 1858 lovis,
1551 1793 1764 1848 duobus
1799 1806 1924 1847 ante
1961 1792 2084 1848 fiui-

516 1890 628 1937 tum
664 1899 904 1938 mensem
939 1884 1098 1939 Safar
1135 1885 1325 1938 diebus
1352 1925 1365 1944 .
1407 1899 1550 1940 anno
1582 1885 1957 1940 ducentesimo
1992 1901 2087 1939 no-

518 1976 798 2041 nagesimo
825 1975 1085 2029 secundo.
1117 1975 1271 2041 Quod
1301 1975 1547 2030 videntes
1577 1977 1778 2030 Shiban
1806 1987 1857 2030 et
1889 1977 2085 2033 fiatrcs

517 2067 713 2134 ipsius,
745 2077 1032 2136 postquam
1068 2070 1235 2124 aciem
1264 2069 1331 2123 ad
1377 2084 1472 2126 eos
1523 2087 1699 2142 pugna
1734 2073 2085 2141 excipiendos

518 2156 848 2210 instruxerat
878 2156 1222 2212 Mohammed
1256 2158 1372 2212 Ebn
1408 2160 1688 2230 Solyman,
1723 2162 1839 2215 loco
1865 2163 1957 2232 qui
1993 2165 2085 2218 Al-

518 2245 688 2317 Riyab
718 2246 936 2308 dicitur,
964 2249 1119 2318 juxta
1154 2250 1302 2305 urbis
1334 2249 1494 2305 Mesri
1521 2260 1729 2320 portam
1758 2292 1772 2312 ,
1809 2255 2085 2320 petierunt

519 2349 569 2393 et
600 2339 702 2408 ipsi
730 2339 1125 2394 immunitatem
1161 2342 1263 2396 sibi
1296 2352 1345 2397 et
1385 2344 1734 2398 facultatibus
1753 2345 1918 2416 496
1949 2346 2085 2411 suis;

519 2431 571 2486 in
603 2446 708 2500 qua
748 2446 868 2485 cmn
899 2432 1034 2499 ipsis
1067 2433 1368 2495 annuisset,
1401 2435 1665 2502 dispersre
1693 2446 1821 2488 sunt
1848 2437 2077 2490 Shibaui

521 2524 712 2592 cepiae.
741 2522 916 2578 Jussit
947 2535 1128 2578 autem
1161 2525 1498 2580 Mohammed
1532 2526 1645 2580 Ebn
1685 2526 1939 2597 Solyinan
1973 2543 2090 2582 om-

519 2630 617 2669 nes
660 2625 929 2686 quotquot
977 2618 1077 2684 ipsi
1123 2617 1352 2672 aderant
1397 2633 1462 2673 ex
1516 2619 1752 2674 llarunis
1795 2620 2092 2675 comitibus

519 2704 693 2761 duces
740 2715 792 2760 et
838 2709 1045 2763 scribas
1078 2707 1388 2778 Bagdadum
1422 2724 1479 2763 se
1518 2711 1791 2773 conferre,
1820 2726 1927 2778 quo
1965 2725 2092 2780 ergo

521 2798 742 2866 profecti
775 2810 896 2851 sunt
923 2815 936 2863 ;
969 2799 1084 2868 ipse
1112 2800 1163 2853 iu
1195 2799 1434 2870 Egypto
1464 2816 1558 2856 sex
1589 2816 1809 2855 menses
1841 2810 2089 2856 moratus

520 2899 599 2943 est
643 2891 1012 2959 :collegitque
1049 2906 1077 2944 a
1127 2892 1322 2946 scribis
1363 2902 1417 2946 et
1458 2892 1688 2947 ducibus
1736 2908 2086 2947 nummorum

2178 424 2312 492 ipsis
2346 423 2544 492 prodiit
2595 422 2934 476 Mohammed
2972 423 3086 475 Ebn
3133 423 3215 476 Ali
3273 421 3390 476 Ebn
3421 422 3488 477 Al
3536 423 3740 494 Chalij,

2175 519 2299 574 dein
2339 532 2462 572 cum
2493 517 2788 572 comitibus
2816 516 2931 571 suis
2963 515 3283 571 Phostatum
3341 530 3594 574 reversus
3622 527 3746 586 est;

2175 624 2413 676 cumque
2448 608 2560 662 acri
2593 606 2896 662 certamine
2923 606 3292 669 dimicassent.
3321 608 3375 662 in
3404 605 3584 677 fugam
3619 624 3745 664 ver-

2177 714 2272 755 sus
2309 699 2648 754 Mohammed
2683 699 2794 753 Ebn
2828 699 2910 752 Ali
2957 698 3275 754 Phostatum
3324 714 3580 754 reversus
3604 700 3749 755 late-

2176 791 2303 846 bras
2329 791 2587 860 captavit.
2627 791 2824 846 Pliatec
2849 805 3142 862 ergo,cum
3173 790 3236 844 iis
3261 790 3351 860 qui
3383 791 3485 860 ipsi
3517 791 3748 847 aderant

2180 884 2478 954 praefectis.
2515 883 2840 938 Phostatum
2880 885 3158 954 ingressus
3187 893 3289 939 est.
3321 884 3601 938 Accedens
3645 899 3748 938 an-

2183 985 2287 1030 tem
2322 976 2405 1028 vir
2433 975 2572 1042 apud
2609 991 2771 1042 quem
2810 975 3022 1028 delituit
3062 973 3402 1029 Moliammed
3452 977 3516 1030 Al
3548 975 3750 1042 Chalij.

2184 1069 2282 1124 lsa:
2309 1066 2642 1121 Nushereusi
2692 1065 2956 1120 indicavit
2989 1066 3141 1120 illum
3175 1066 3314 1134 apud
3352 1081 3409 1122 se
3446 1082 3590 1122 esse.
3642 1066 3748 1132 Qui

2187 1175 2317 1227 ergo
2347 1159 2594 1222 mittens,
2627 1159 2800 1225 ipsum
2831 1157 3139 1228 prehendit,
3170 1157 3333 1225 idque
3360 1173 3543 1211 mense
3571 1154 3748 1225 Rajeb

2182 1267 2325 1306 anno
2355 1251 2729 1306 ducentesimo
2762 1249 3112 1320 nonagesimo
3155 1250 3336 1315 tertio,
3383 1263 3598 1318 unaque
3625 1263 3750 1303 cum

2182 1341 2498 1402 comitibus,
2531 1340 2802 1404 affinibus,
2831 1340 3172 1409 ducibusque
3200 1355 3266 1394 ac
3294 1341 3490 1395 scribis
3517 1341 3660 1402 suis.
3693 1349 3752 1394 et

2182 1430 2274 1500 qui
2309 1432 2408 1501 ipsi
2438 1431 2695 1483 auxilium
2728 1432 3004 1490 tulerant,
3037 1430 3271 1483 Eracum
3303 1430 3549 1484 abduxit.
3583 1430 3753 1483 Porro

2183 1522 2319 1576 obiit
2346 1521 2408 1574 Al
2431 1520 2644 1575 Muctafi
2671 1519 2758 1572 die
2790 1518 3071 1572 Dominico
3101 1518 3301 1573 mensis
3333 1519 3408 1572 Dil
3436 1518 3630 1572 Kaada:
3660 1520 3753 1573 de-

2186 1613 2328 1668 cimo
2365 1613 2545 1673 tertio,
2575 1625 2720 1665 anno
2751 1610 3126 1665 ducentesimo
3154 1610 3506 1676 nonagesimo
3539 1611 3754 1680 quinto.

2187 1703 2309 1756 Fuit
2348 1703 2638 1758 chalifatus
2673 1702 2845 1770 ipsius
2877 1715 3146 1754 annorum
3179 1715 3270 1754 sex
3298 1739 3314 1763 ,
3361 1714 3551 1752 novem
3601 1716 3754 1754 men-

2180 1799 2321 1851 sium
2347 1806 2397 1851 et
2428 1796 2603 1850 bidui.
2643 1794 2872 1848 Maxima
2923 1793 3066 1862 apud
3112 1793 3286 1862 ipSum
3327 1793 3378 1846 in
3423 1794 3592 1861 gratia
3638 1793 3758 1847 fue-

2181 1899 2327 1952 runt,
2367 1905 2560 1957 resque
2591 1888 2710 1958 ejus
2736 1887 3030 1950 curabant,
3052 1887 3115 1938 AI
3141 1885 3327 1940 Abhas
3355 1885 3523 1939 Ebnol
3552 1884 3762 1940 llasain

2183 1981 2558 2044 consiliarius,
2597 1989 2652 2035 et
2682 1979 2884 2033 Pbatec
2921 1979 3147 2032 libertus
3181 1978 3374 2047 ipsius.

2389 2071 2549 2141 500
2586 2070 2882 2140 Chalifatus
2918 2067 3286 2122 Aldloktaderi
3328 2067 3535 2121 billahi.

2252 2161 2614 2230 lnaugnratus
2665 2170 2746 2213 est
2788 2157 3136 2212 AlMoktader
3174 2157 3360 2211 billahi
3413 2155 3586 2210 laafar
3639 2157 3760 2212 Eb.

2182 2252 2387 2305 Ahmed
2438 2248 2753 2305 AlMotaded
2811 2248 3021 2311 billahi,
3077 2249 3265 2301 eodem
3315 2248 3404 2302 die
3453 2263 3563 2316 quo
3625 2248 3757 2302 obiit

2190 2341 2358 2394 frater
2412 2340 2586 2409 ipsius
2649 2339 2955 2401 Almoctati,
3010 2339 3262 2392 videlicet
3308 2338 3399 2393 die
3449 2338 3755 2401 Doniinico,

2189 2431 2406 2485 decimo
2439 2429 2598 2484 tertio
2654 2428 2860 2483 mensis
2895 2427 3157 2489 Dilkadaa,
3207 2441 3353 2480 anno
3382 2427 3759 2480 ducentesimo

2191 2523 2546 2593 nonagesimo
2573 2521 2786 2590 quinto.
2817 2520 3013 2588 Mater
3062 2521 3233 2590 ipsius
3263 2520 3573 2574 concubina
3635 2521 3756 2584 fuit,

2189 2614 2413 2670 nomine
2464 2613 2664 2667 Shaab.
2712 2611 2808 2665 llic
2837 2611 3206 2674 AlAbbasum.
3244 2609 3432 2665 fratris
3462 2613 3547 2665 sui
3581 2610 3759 2665 consi-

2188 2705 2427 2768 liarium,
2461 2718 2526 2758 eo
2553 2719 2660 2774 quo
2691 2703 2792 2758 fuit
2825 2704 2944 2760 loco
2977 2718 3041 2759 ac
3076 2703 3346 2774 dignitate
3394 2701 3760 2766 confirmavit,

2190 2797 2498 2867 ipsumque,
2550 2796 2712 2852 rebus
2748 2796 2865 2851 suis
2905 2796 3225 2866 praeposuit.
3276 2795 3539 2850 Coierunt
3576 2804 3753 2848 autem

2196 2887 2367 2943 duces
2399 2888 2568 2958 aliqui
2619 2903 2728 2958 quo
2777 2887 3140 2943 Abilollahum
3199 2887 3371 2942 Ebnol
3424 2885 3652 2940 Motazzi
3703 2886 3759 2940 in

521 2980 740 3036 circiter
768 2984 966 3037 millies
999 2983 1146 3038 mille
1189 2998 1384 3040 aureos
1423 3001 1437 3038 :
1475 2992 1588 3039 tum
1636 2984 1871 3040 l'lracum
1907 2985 2084 3051 abiit,
2119 2997 2164 3060 ο
2198 2980 2422 3049 imperio
2474 2980 2845 3044 collocarent;
2908 2979 3052 3035 υηάθ
3101 2977 3336 3049 Βθεάειάῖ
3389 2978 3505 3033 dies
3559 2979 3761 3046 aliquot

520 3075 711 3132 relicto
743 3075 796 3128 in
837 3072 1097 3144 Egypto,
1133 3085 1421 3145 postquam
1459 3077 1574 3146 ipse
1622 3077 1694 3132 ibi
1743 3093 1838 3132 sex
1880 3095 2097 3136 menses

522 3167 924 3236 insumpsissct.
950 3168 1029 3220 lsa
1064 3165 1398 3222 Nusherensi
1426 3185 1441 3233 ;
1473 3168 1691 3238 collegit
1724 3169 1888 3222 etiam
1921 3170 2092 3239 impe-

523 3259 691 3314 ratcri
717 3274 1066 3313 nummorum
1094 3274 1123 3312 e
1156 3259 1451 3327 pr0vinciis
1483 3260 1677 3314 millies
1703 3262 1850 3314 mille
1877 3277 2094 3318 aureos.

524 3349 811 3404 Almoctati
871 3362 1051 3404 autem
1087 3348 1514 3405 Multainmedeni
1554 3352 1670 3406 Ebn
1708 3352 1946 3406 Soliman
1973 3370 2096 3422 pre-

520 3443 752 3497 hensum
796 3443 848 3495 in
877 3444 1092 3497 vincula
1127 3444 1385 3512 conjecit,
1418 3446 1487 3498 ob
1516 3459 1646 3511 opes
1675 3459 1813 3512 quas
1843 3445 1894 3496 in
1924 3443 2095 3516 Egy-

525 3542 612 3602 pto
650 3534 939 3603 collegerat
985 3537 1038 3588 in
1092 3537 1354 3588 rationem
1383 3549 1505 3588 eum
1560 3549 1787 3588 vocans.
1827 3535 2096 3590 Prodicus

521 3632 704 3679 autem
734 3624 787 3678 in
816 3624 881 3685 Sy
896 3626 970 3675 ria
999 3625 1218 3693 quidam
1247 3641 1276 3678 e
1303 3623 1821 3689 ducibus‘Haruuis,
1851 3625 2094 3705 MOililm-

523 3714 645 3768 med
681 3715 796 3768 Ebn
829 3716 912 3767 Ali
943 3716 1007 3768 Al
1034 3715 1212 3785 Chalij
1246 3717 1571 3785 appellatus,
1601 3732 1667 3771 ex
1699 3717 1765 3772 iis
1790 3719 1882 3788 qui
1917 3719 1970 3772 in
2000 3718 2098 3789 Sy-

528 3807 601 3861 ria
635 3822 756 3862 cum
788 3806 1164 3862 Mohammede
1194 3809 1307 3862 Elin
1335 3807 1578 3863 Soliman
1615 3820 1950 3874 manserunt,
1987 3811 2100 3864 col-

524 3905 661 3954 tecta
695 3899 797 3953 sibi
831 3900 991 3952 turba
1037 3898 1316 3953 hominum
1370 3901 1525 3954 mista
1548 3941 1563 3964 ,
1598 3901 1650 3954 in
1697 3901 1830 3955 urbe
1869 3899 2098 3954 Ramlalt

527 3993 708 4048 sedem
751 3992 887 4047 fixit.
923 3991 1077 4058 Quod
1126 4008 1247 4046 cum
1286 3993 1382 4047 lsze
1412 3991 1749 4048 Nusliercnsi
1788 3994 2099 4047 nuntiatum

527 4093 686 4146 esset.
716 4085 831 4154 ipse
875 4100 997 4138 cum
1053 4085 1113 4138 Al
1162 4085 1402 4140 Hosaino
1439 4085 1552 4139 Ebn
1589 4085 1796 4140 Ahmed
1854 4085 2101 4138 Madera-

527 4177 704 4240 ncnsi,
732 4177 820 4231 cui
855 4192 1158 4246 cognomeu
1191 4178 1308 4231 Abu
1335 4177 1532 4236 Zinua.
1554 4184 1608 4230 et
1635 4191 1757 4244 qum
1786 4176 1836 4229 in
1865 4175 2101 4245 Egypto

2197 3081 2375 3126 ortum
2427 3079 2511 3126 est
2563 3071 2804 3126 bellum:
2861 3071 3097 3140 cae~ique
3164 3081 3291 3127 sunt
3342 3069 3593 3126 AlAbhas
3647 3068 3759 3124 Ebn

2199 3159 2403 3215 Hosain
2438 3161 2785 3216 consiliarius
2814 3171 2867 3215 et
2903 3160 3125 3226 Phatec,
3153 3174 3342 3214 mense
3372 3159 3540 3212 Rabia
3580 3169 3758 3227 poste.

2201 3253 2365 3316 riore,
2424 3267 2569 3305 anno
2603 3240 2983 3305 ducenteSimo
3019 3251 3377 3318 nonagesimo
3425 3264 3588 3303 nono.
3633 3249 3759 3303 Pre-

3112 3339 3283 3392 Ebnol

2196 3434 2407 3486 vincula
2461 3432 2765 3500 conjectus.
2809 3430 3194 3485 Consiliarium
3251 3441 3430 3486 autem
3477 3429 3764 3483 constituit

2195 3525 2562 3586 AlMoktadar,
2631 3525 2769 3577 Alim
2837 3523 2951 3578 Ebn
3020 3523 3384 3584 Mohammed,
3448 3521 3560 3574 Ebn
3613 3520 3762 3575 Musa

2198 3617 2367 3670 Ebnol
2401 3615 2621 3669 Pliorat.
2659 3616 2829 3669 Porro
2865 3615 3068 3684 prodiit
3125 3614 3178 3667 in
3213 3614 3499 3668 occidente
3528 3615 3612 3664 vir
3637 3613 3763 3680 qui-

2197 3707 2319 3760 dam
2376 3711 2591 3760 nomine
2660 3707 2928 3760 Abdollah
2981 3704 3331 3760 AlMohtaseb
3385 3704 3592 3765 billahi,
3649 3701 3765 3771 qui,

2200 3795 2336 3850 fusis
2369 3797 2524 3850 Ebnil
2560 3797 2748 3864 Aglabi
2800 3796 2999 3864 c0piis,
3055 3796 3318 3864 caesisque
3348 3795 3514 3864 ipsius
3552 3792 3767 3847 comitio

2201 3886 2325 3952 bus,
2362 3886 2707 3941 Occidentem
2746 3887 3054 3954 occupavit.
3098 3887 3142 3938 Δ
3173 3902 3282 3956 quo
3339 3884 3550 3955 fugiens
3599 3885 3768 3953 Zaya-

2201 3977 2462 4030 datollahi
2517 3977 2631 4030 lihn
2686 3976 3026 4030 Mohammed
3077 3976 3191 4030 Ebn
3246 3976 3529 4034 Abrahim.
3598 3973 3770 4026 Ebnol

2198 4069 2387 4136 Aglab,
2455 4070 2752 4136 assumptis
2799 4068 2899 4122 sibi
2953 4069 3273 4123 domesticis
3332 4082 3394 4120 ac
3448 4069 3772 4122 necessariis

2200 4163 2340 4225 suis,
2390 4163 2442 4214 in
2476 4159 2768 4230 Egyptum
2802 4175 2859 4214 se
2893 4160 3142 4225 contulit,
3181 4175 3341 4228 quam
3374 4159 3658 4227 ingressus
3694 4169 3774 4211 est

2199 3339 2399 3394 liensus
2444 3343 2604 3392 etiam
2656 3347 2737 3393 est
2791 3339 3055 3392 Abdollah
3112 3339 3283 3392 Ebnol
3340 3337 3564 3391 Motazzi
3615 3347 3670 3390 et
3710 3338 3762 3390 in

527 4278 706 4325 essent
736 4267 909 4336 copiis
941 4279 1133 4323 contra
1171 4267 1606 4323 Mohammedem
1642 4268 1757 4321 Ebn
1793 4268 1875 4321 Ali
1911 4268 2084 4334 Chalij

2207 4271 2392 4308 mense
2445 4253 2746 4318 Rainadan,
2800 4267 2944 4306 anno
2992 4251 3370 4306 ducentesimo
3415 4251 3779 4319 nonagesimo

528 4375 701 4428 ipsum
734 4368 1102 4429 oppugnatum
1137 4358 1446 4426 prodiit;at
1468 4373 1589 4412 cum
1617 4356 1926 4410 nuntiatum
1954 4364 2099 4410 esset

529 4451 655 4514 illis,
692 4465 886 4520 magna
932 4451 1106 4516 ipsum
1146 4449 1496 4503 multitudine
1529 4449 1856 4502 instructum
1904 4447 2098 4512 fuisse,

526 4541 728 4596 reversi
767 4549 929 4604 sunt,
965 4555 1071 4592 una
1099 4554 1223 4593 cum
1275 4540 1476 4593 ducum
1526 4549 1689 4605 cestu,
1739 4537 2097 4603 Phostatum;

529 4633 652 4687 inde
672 4631 723 4684 in
756 4631 979 4684 Allizam
1014 4646 1068 4683 se
1094 4630 1440 4700 recipientes.
1469 4640 1662 4700 pontes
1687 4631 1825 4684 duos
1853 4632 2098 4685 succisos

527 4724 970 4784 combusserunt,
1006 4736 1072 4774 ne
1127 4722 1273 4790 ipsos
1325 4731 1706 4790 assequeretur
1758 4722 2098 4777 Mobammed

530 4814 643 4868 Elin
694 4814 775 4865 Alt
839 4810 901 4865 Al
955 4811 1154 4882 Chalij.
1211 4807 1457 4883 Cuinque
1512 4814 1647 4868 alias
1709 4814 1936 4869 subinde
1995 4814 2101 4867 alio

529 4903 889 4977 497-499
921 4906 1414 4974 proficiscerentur,
1443 4921 1585 4959 nunc
1615 4905 1669 4959 in
1692 4905 2100 4968 Alexandriam,

530 5007 660 5050 tunc
692 4997 746 5050 iu
783 4997 849 5049 ΔΙ
886 4996 1108 5050 Saidum
1135 5035 1150 5061 ,
1180 4996 1367 5052 relicta
1397 4995 1498 5050 fuit
1535 4998 1666 5050 urbs
1705 4996 1931 5051 Phostat
1975 4996 2095 5048 sine

530 5089 863 5158 imperatore
888 5127 903 5152 ,
936 5089 1107 5142 aliove
1138 5090 1395 5158 quodam,
1422 5087 1909 5156 custodiebantque
1943 5102 1972 5141 e
2006 5101 2103 5156 po-

530 5181 662 5248 pulo
689 5178 776 5233 alii
805 5179 942 5233 alios
971 5193 1064 5247 per
1095 5181 1338 5249 quinque
1372 5179 1508 5233 dies.
1540 5177 1678 5231 Tum
1727 5178 1916 5231 urbem
1944 5177 2105 5230 Mesri

533 5269 820 5339 ingressus
860 5278 944 5324 est
973 5269 1311 5325 Mobammed
1361 5269 1477 5325 Ebn
1511 5270 1590 5323 Ali
1624 5269 1802 5338 Chalij
1836 5269 1923 5322 die
1957 5267 2107 5323 Juvis

531 5361 749 5417 decimo
808 5369 1004 5431 quarto
1044 5369 1171 5414 ante
1223 5360 1432 5414 finitqu
1483 5375 1720 5415 mensem
1774 5360 2106 5424 DilKaadae,

537 5469 682 5512 anno
705 5455 1086 5509 ducentesimo
1110 5454 1462 5521 nonagesimo
1483 5455 1746 5516 secundo,
1775 5453 1959 5521 ibique
1985 5461 2110 5506 octo

539 5562 758 5604 menses
791 5549 1056 5612 substitit,
1099 5563 1232 5618 opes
1269 5546 1564 5616 colligens;
1596 5549 1874 5616 crevitque
1908 5561 2101 5614 p0tcn-

541 5637 616 5692 tia
642 5638 831 5708 ipsius.
852 5640 988 5695 Tum
1023 5640 1438 5694 adventantibus
1466 5637 1740 5692 .\i.\l‘)clnli
1772 5639 1940 5706 copiis
1971 5653 2094 5690 cuin

2199 4357 2384 4409 Sexto;
2423 4355 2533 4398 tum
2571 4345 2636 4398 ad
2671 4344 2917 4398 Batulum
2975 4341 3272 4411 profecms,
3315 4341 3668 4411 501-503
3705 4341 3779 4394 ibi

2201 4439 2373 4491 donec
2424 4438 2566 4491 diem
2625 4437 2804 4492 obiret
2855 4450 2914 4490 se
2967 4436 3258 4490 continuit.
3329 4437 3447 4489 Abu
3507 4433 3781 4486 Abdollah

2198 4530 2551 4584 Alinohtaseb
2621 4545 2772 4595 vero,
2833 4528 2923 4597 qui
2995 4528 3049 4580 in
3117 4526 3406 4580 occidente
3467 4526 3785 4585 rebellavit.

2199 4623 2486 4692 quemdam
2539 4621 2630 4692 qui
2693 4636 2752 4675 se
2821 4621 3097 4674 Alienscm
3160 4619 3497 4689 praedicavit,
3558 4617 3785 4671 nomine

2200 4714 2516 4771 Obaidallah
2567 4719 2906 4780 assumptum
2939 4712 2990 4764 in
3025 4710 3164 4764 solio
3212 4711 3516 4772 collocavit,
3568 4708 3787 4776 fideque

2202 4809 2275 4862 illi
2307 4809 2430 4861 data
2473 4803 2772 4877 [homines]
2832 4803 2899 4856 ad
2939 4803 3112 4873 ipsius
3147 4803 3469 4869 obsequium
3507 4800 3790 4852 invitavit.

2202 4901 2286 4956 Ali
2318 4900 2634 4956 Obaidallah
2694 4913 2821 4952 vero
2855 4897 2974 4951 Abu
3031 4895 3394 4950 Abdollahum
3428 4892 3792 4947 AlMohtasch

2205 4995 2432 5049 adortus
2489 4994 2666 5064 ipsum
2719 4989 3018 5054 interfecit,
3084 4998 3248 5058 atque
3283 4989 3398 5057 ipse
3430 4984 3795 5038 occidentem

2204 5085 2514 5154 occupavit,
2556 5097 2700 5136 anno
2754 5079 3135 5135 ducentesimo
3175 5075 3528 5147 nonagesimo
3559 5082 3797 5127 octavo.

2205 5178 2373 5230 l'orro
2431 5173 2817 5238 Albloktader,
2883 5172 2967 5225 Ali
3026 5171 3141 5225 Ebn
3200 5164 3543 5222 Mohammed
3606 5163 3804 5218 Ebnol

2207 5268 2442 5321 Phorato
2473 5265 2670 5331 iratus,
2702 5278 2893 5320 mense
2925 5261 3204 5331 Dilllajjze,
3231 5273 3375 5313 anno
3398 5254 3802 5311 ducentesimo

2208 5361 2559 5430 nonagesimo
2613 5372 2779 5423 nono,
2835 5356 3013 5426 ipsum
3083 5355 3138 5409 in
3188 5364 3464 5408 carcerem
3523 5346 3804 5413 conjecit,

2210 5453 2525 5508 consiliario
2555 5452 2658 5505 sibi
2690 5451 2992 5505 constituto
3024 5444 3404 5501 Mohannnedc
3439 5441 3550 5494 Ebn
3584 5440 3807 5493 Abdol-

2221 5547 2351 5611 lani,
2385 5546 2499 5598 Ebn
2529 5543 2744 5616 Yabyze,
2778 5543 2894 5596 Ebn
2924 5539 3205 5604 Chakano,
3236 5538 3327 5608 qui
3362 5542 3810 5603 cognomentum

2215 5637 2402 5692 habuit
2460 5636 2638 5691 Dakka
2693 5635 2937 5692 Sedraho
2977 5631 3226 5700 [pulsans
3295 5638 3516 5692 νυιιυδ,
3593 5640 3815 5689 ηυιιινε
