4014 6218
306 272 442 338 ηις)

1740 273 1836 331 AN
1844 271 2104 333 NALES.

3427 269 3561 335 1150

305 388 449 454 quod
488 404 611 442 cum
650 387 771 458 quis
803 388 871 443 ab
901 402 966 443 eo
1017 386 1222 457 aliquid
1262 396 1469 458 peteret
1517 397 1711 457 pectus
1765 385 1870 440 sibi
1906 386 1951 446 Α
1982 386 2313 442 instructum
2354 385 2622 441 exercitu.
2655 382 2847 440 Castra
2877 382 3044 454 igitur
3066 391 3376 452 posuerunt
3401 397 3559 437 cxer-

306 480 524 547 pulsare
554 481 755 534 soleret
810 492 874 533 ac
899 477 1116 534 dicere:
1177 476 1311 544 lino,
1367 478 1612 534 exhibito
1644 478 1737 533 tibi
1781 477 1880 533 ho-

306 581 464 623 nore.
494 567 652 623 Anno
680 566 973 624 chalifatus
1006 567 1376 624 AlMoktaderi
1410 569 1572 624 tertio
1606 567 1882 624 constitu-

305 666 396 714 tus
425 667 511 714 est
544 658 652 714 Leo
690 660 1001 730 patriarcha
1032 658 1584 731 Hierosolymitanus,
1636 657 1729 728 qui
1784 673 1882 711 an-

305 762 413 803 nos
441 748 827 818 septemdecim
857 748 1019 814 sedit,
1065 748 1194 803 dein
1232 753 1484 802 mortuus
1515 753 1619 802 est.
1651 743 1794 811 Quin
1826 751 1881 799 et

304 838 663 907 conflagravit
696 837 1043 894 Alexandriae
1092 838 1325 894 ecclesia
1360 850 1561 908 magna
1611 851 1733 907 qua:
1782 830 1881 888 Al-

304 930 556 986 Kaisaria
619 930 906 1003 [Caesaria]
950 930 1219 1000 appellata
1251 939 1358 995 est,
1392 928 1767 1000 templumque
1799 927 1886 982 fu-

301 1028 425 1076 erat
464 1020 611 1090 quod
661 1021 951 1091 Cleopatra
1004 1020 1194 1089 regina
1242 1018 1484 1074 Saturno
1523 1032 1741 1074 sacrum
1792 1032 1886 1070 ex-

302 1123 603 1177 struxerat,
655 1113 741 1168 die
776 1112 939 1177 luna},
971 1111 1138 1167 tertio
1178 1110 1384 1166 mensis
1424 1109 1686 1175 Shawali,
1721 1123 1865 1163 anno

306 1204 719 1261 trecentesimo.

374 1296 454 1350 Eo
496 1312 640 1351 anno
677 1310 865 1352 mense
911 1294 1084 1351 Rabia
1131 1295 1436 1365 posteriore
1489 1296 1643 1351 misit
1682 1293 1881 1351 Ohaid-

308 1388 455 1444 allah
501 1388 790 1458 quemdam
824 1403 856 1443 e
898 1387 1134 1444 ducibus
1163 1388 1305 1451 suis,
1353 1387 1575 1442 nomine
1605 1386 1879 1450 Habhasa,

1980 480 2120 537 citus
2156 480 2209 535 in
2235 480 2298 535 Al
2327 478 2511 546 lizab;
2549 486 2679 533 tunc
2719 485 2900 532 autem
2938 478 3005 530 ab
3038 473 3403 531 Obaidallalto
3428 489 3561 528 cen-

1981 580 2093 625 tum
2135 586 2301 625 naves
2336 568 2550 625 bellicis
2603 568 2795 624 usibus
2842 572 3083 637 paratz;
3129 580 3364 633 quarum
3403 577 3559 620 octo.

1980 664 2131 736 ginta
2185 678 2372 720 earum
2429 678 2570 728 quas
2608 660 2675 715 Al
2720 658 2914 713 Homul
2966 654 3297 729 [onerarias]
3338 667 3558 719 vocant.

1978 757 2179 827 viginti
2235 772 2424 811 earum
2481 770 2619 824 quas
2667 750 3139 820 Asbareui:quae
3191 747 3257 801 ad
3318 747 3548 803 Rasltidi

1988 852 2195 909 moenia
2233 851 2582 922 appulerunt.
2617 845 2788 915 Cujus
2822 842 2898 897 rei
2937 857 3063 897 cum
3097 839 3319 909 scriptis
3368 839 3564 895 litteris

1984 945 2047 1000 Al
2104 943 2479 1001 Moktaderum
2532 940 2819 996 certiorem
2876 935 3100 991 fecisset
3150 933 3362 994 Mones,
3413 931 3562 985 misit

1986 1037 2078 1092 ille
2128 1036 2452 1091 Thamalum
2506 1031 2825 1090 eunuchum
2881 1043 3007 1086 cum
3067 1026 3303 1081 navibus
3353 1024 3565 1078 bellicis

1987 1129 2413 1200 quinquaginta.
2485 1126 2798 1182 Occurrens
2867 1136 3000 1192 ergo
3066 1121 3204 1190 ipsis
3264 1117 3566 1173 Thamalus

1987 1220 2152 1292 508
2201 1234 2367 1276 naves
2402 1234 2591 1275 eorum
2631 1217 2945 1274 confractas
2997 1214 3266 1276 incendit,
3311 1210 3565 1281 plurimis

1981 1311 2221 1382 ipsorum
2251 1312 2408 1368 caesis
2434 1322 2487 1367 et
2514 1310 2849 1374 submersis,
2883 1308 3070 1363 multis
3104 1308 3266 1362 etiam
3297 1306 3350 1357 iu
3390 1305 3556 1358 fidem

1980 1403 2151 1473 recipi
2211 1419 2270 1460 se
2319 1402 2652 1474 petentibus,
2698 1416 2796 1456 eos
2824 1409 3008 1454 autem
3042 1399 3136 1468 qui
3185 1399 3238 1452 in
3282 1397 3436 1451 ﬁdem
3476 1410 3565 1447 re-

306 1478 495 1534 multis
524 1479 851 1533 instructum
888 1479 1083 1548 copiis,
1120 1481 1212 1551 qui
1241 1480 1472 1535 Barbam
1511 1483 1694 1552 cepit;
1726 1488 1877 1549 terga

1988 1494 2120 1563 τρι)ῑί
2178 1492 2419 1560 fuerant,
2487 1495 2541 1548 iu
2583 1492 2879 1564 Egyptian
2941 1490 3136 1545 misit:
3187 1489 3389 1557 quibus
3428 1488 3567 1541 dixit

304 1571 383 1625 illi
437 1569 695 1628 dantibus
730 1570 791 1625 Al
840 1570 1160 1632 Moktaderi,
1208 1572 1304 1640 qui
1336 1572 1409 1628 ibi
1455 1581 1615 1629 erant
1679 1572 1873 1641 cupiis.

304 1663 467 1735 505,
490 1663 627 1719 Tum
653 1666 1038 1723 Alexandriam
1069 1668 1372 1740 profectum
1402 1680 1582 1738 pugna
1610 1667 1682 1723 ibi
1711 1682 1869 1723 exce-

1976 1586 2208 1656 populus
2248 1603 2265 1640 :
2306 1585 2563 1654 Quisquis
2626 1585 2791 1639 fuerit
2846 1599 2875 1638 e
2920 1583 3073 1636 vobis
3136 1580 3552 1641 Cethamensis,

1975 1671 2089 1731 sea
2124 1676 2410 1739 Siciliotis,
2460 1675 2738 1732 Africanis
2786 1684 2839 1730 et
2888 1672 3241 1743 Tripolitanis
3292 1678 3563 1740 segreget.

304 1756 581 1825 peruntAl
607 1756 898 1813 Mokatderi
920 1735 1219 1827 exercitus,
1245 1735 1522 1830 quibusin
1550 1758 1733 1829 fugam
1764 1773 1884 1814 ver-
1913 1735 1954 1790 Β
1984 1767 2119 1821 cum
2151 1735 2509 1823 secessisspnt
2539 1781 2668 1835 ergo
2698 1765 2762 1819 Αι
2794 1735 3170 1825 Cetamenses,
3206 1762 3296 1831 qui
3332 1735 3564 1815 numero

308 1847 387 1901 sis
415 1846 804 1903 Alexandriam
835 1853 999 1917 cepit.
1028 1850 1172 1907 Misit
1196 1853 1360 1906 etiam
1387 1869 1416 1906 e
1442 1852 1555 1907 suis
1580 1850 1879 1907 exercitum

212 2003 216 2006 g
302 1940 590 2011 quemdam
642 1941 705 1994 Al
752 1940 1093 2012 Phayumum
1128 1953 1181 1998 et
1230 1944 1291 1997 Al
1327 1944 1633 2000 Bahnasam
1679 1959 1883 2014 easque

304 2032 470 2102 cepit.
527 2030 698 2097 Cujus
754 2033 831 2087 rei
885 2048 1006 2087 cum
1060 2049 1158 2103 per
1202 2034 1415 2091 litteras
1462 2033 1878 2091 Obaidallahnm

304 2120 594 2176 certiorem
644 2120 891 2186 fecessit,
940 2122 1088 2176 misit
1118 2122 1233 2193 ipse
1263 2123 1331 2178 ad
1360 2139 1487 2179 eum
1516 2124 1687 2178 tilium
1718 2140 1877 2179 suum

300 2211 728 2267 Aliulkasemum
777 2213 865 2281 (in
917 2214 1026 2267 alio
1070 2215 1364 2285 exemplari
1425 2216 1624 2271 dicitur
1664 2216 1879 2272 Abdor-

310 2303 660 2367 rahmanum,
692 2320 817 2357 cum
845 2305 1091 2359 exercitu
1122 2321 1318 2376 magno
1338 2307 1395 2360 in
1429 2309 1705 2377 suppetias
1732 2310 1878 2363 Hab-

308 2393 509 2461 basze).
550 2392 668 2446 Fuit
705 2401 887 2447 autem
938 2396 1224 2464 praefectus
1254 2394 1472 2467 Egypti
1508 2398 1711 2452 Taccin
1742 2398 1881 2453 Cha-

307 2484 566 2548 selensis,
616 2484 681 2537 ad
735 2500 892 2552 quem
956 2486 1105 2540 misit
1133 2486 1196 2538 AI
1251 2485 1530 2543 Moktader
1576 2490 1639 2543 Al
1682 2490 1879 2545 Kasem

305 2574 421 2630 Ebn
473 2576 658 2640 Satna,
695 2591 807 2650 una.
829 2592 952 2629 cum
987 2577 1222 2632 ducibus
1253 2578 1493 2648 aliquam
1533 2582 1740 2646 multis,
1777 2596 1880 2635 nec

303 2684 411 2723 non
452 2667 739 2722 Muuasum
788 2669 1125 2735 eunuchum,
1158 2677 1212 2723 et
1257 2669 1543 2737 Hawaum,
1590 2688 1744 2742 opem
1806 2674 1879 2730 illi

305 2761 545 2815 laturos.
592 2758 656 2814 Hi
695 2760 748 2814 in
788 2760 1000 2815 Allizab
1043 2760 1271 2829 profecti
1312 2764 1572 2834 populum
1615 2767 1679 2818 ad
1725 2766 1881 2821 auxi-

301 2842 459 2904 lium°
481 2861 881 2910 convocarunt.
933 2867 1168 2921 quorum
1201 2852 1268 2906 ad
1298 2853 1451 2921 ipsos
1483 2854 1648 2910 armis
1680 2854 1883 2911 instru-

302 2943 373 2996 cti
405 2955 785 2999 convenerunt
816 2945 1036 3000 circiter
1062 2948 1275 3001 centies
1307 2945 1473 3000 mille.
1505 2947 1715 3011 Umbus
1746 2962 1870 3000 cum

1986 1857 2126 1912 ultra
2182 1857 2508 1927 quingentos
2557 1865 2737 1919 erant,
2772 1857 2991 1909 irruens
3039 1856 3094 1909 in
3130 1854 3278 1922 ipsos
3311 1853 3566 1921 populus,

1978 1950 2104 2006 illos
2134 1949 2254 2005 loco
2299 1951 2389 2021 qui
2422 1948 2659 2004 Amakas
2696 1948 2918 2010 dicitur,
2956 1947 3102 2001 caede
3156 1945 3467 2011 turpissima
3503 1959 3568 1997 ac

1980 2040 2283 2098 foedissima
2326 2043 2488 2097 simul
2539 2058 2568 2097 e
2618 2039 2797 2095 medio
2845 2039 3089 2094 sustulit.
3147 2037 3344 2091 Mansit
3384 2046 3566 2090 autent

1984 2133 2178 2190 Mones
2225 2135 2514 2189 eunuchus
2548 2148 2670 2187 cum
2704 2131 2878 2200 c0piis
2910 2131 3024 2185 suis
3056 2131 3108 2183 in
3145 2129 3203 2181 Al
3239 2128 3385 2185 lizab
3416 2127 3571 2180 bien-

1976 2226 2090 2289 nio,
2119 2225 2259 2279 vallo
2286 2224 2588 2280 exercitum
2620 2222 2888 2276 mttnitum
2961 2219 3188 2273 habens.
3232 2216 3569 2272 AhulKascm

1977 2322 2159 2369 autem
2185 2312 2536 2367 Alexandriae
2566 2298 2787 2372 mansit,
2816 2316 2978 2375 atque
3009 2307 3137 2361 inde
3165 2306 3228 2360 Al
3257 2305 3402 2373 Phay
3416 2320 3566 2358 mum

1981 2404 2264 2476 profectus
2319 2412 2424 2457 est.
2480 2401 2716 2471 Scripsit
2766 2414 2899 2468 ergo
2934 2398 3125 2451 Muncs
3173 2394 3462 2450 eunuchus
3494 2394 3563 2449 ad

1989 2497 2311 2553 Thamalnm
2358 2495 2697 2559 eunuchum,
2734 2500 2795 2546 ut
2843 2506 2966 2544 cttm
3010 2489 3245 2544 navibus
3292 2488 3408 2543 suis
3442 2488 3567 2541 Ale-

1988 2586 2273 2642 xandriam
2311 2585 2504 2641 adiens
2534 2588 2747 2655 (neque
2778 2581 2923 2637 enim
2958 2579 3303 2637 Alexandria:
3352 2586 3507 2634 erant
3533 2593 3567 2633 e

1984 2680 2158 2748 cepiis
2184 2677 2572 2743 AbulKasemi,
2600 2684 2796 2746 prattcr
2820 2684 3092 2730 trecentos
3123 2672 3349 2726 circiter
3374 2669 3568 2737 viros),

1985 2772 2105 2840 ejus
2151 2770 2359 2825 incolas
2404 2777 2737 2839 asportaret,
2782 2782 2883 2823 nec
2926 2779 3255 2834 quemquam
3303 2763 3374 2817 ibi
3412 2761 3572 2815 habi-

1987 2870 2108 2917 tare
2141 2863 2362 2917 sineret.
2413 2859 2800 2915 Alexandriam
2851 2874 2982 2928 ergo
3029 2873 3197 2912 naves
3231 2870 3367 2911 suas
3402 2853 3574 2909 addu-

1982 2967 2112 3007 cens
2142 2950 2462 3009 Thamalus.
2496 2966 2594 3020 per
2640 2965 2944 3021 praeconem
2990 2949 3221 3004 monuit.
3250 2948 3293 3002 si
3328 2953 3572 3001 maneret

302 3033 641 3107 [ilabbasahl
673 3052 794 3090 cum
830 3038 1006 3107 copiis
1044 3038 1161 3093 suis
1190 3037 1244 3091 in
1287 3052 1578 3092 occursum
1612 3039 1874 3100 venisset,
1912 3061 1954 3120 ο
1991 3041 2338 3095 Alexandria:
2378 3050 2498 3110 post
2533 3042 2776 3095 triduum
2829 3040 3125 3111 quispiam,
3173 3054 3232 3094 se
3281 3038 3355 3093 illi
3405 3044 3571 3106 caput

306 3129 433 3196 ipsi,
468 3129 584 3183 acie
616 3129 905 3192 instructa,
930 3144 1107 3201 pugna
1142 3131 1318 3199 ipsqu
1350 3142 1871 3199 exceperunt,cmn-

304 3221 652 3289 missumque
685 3230 771 3274 est
812 3223 951 3275 inter
996 3224 1145 3289 ipsos
1192 3223 1440 3291 praelium
1492 3221 1611 3275 loco
1638 3224 1871 3289 quodam

304 3314 496 3368 insula:
522 3330 643 3382 quae
663 3315 850 3369 Ardol’
870 3314 1125 3368 Chams'rn
1152 3313 1318 3384 [terra
1342 3310 1872 3382 quinquagenorum]

299 3404 474 3457 audit.
509 3405 566 3457 ln
605 3406 787 3473 fugam
838 3415 1019 3457 autem
1069 3419 1262 3457 versus
1293 3412 1377 3457 est
1422 3400 1671 3457 llahbasa
1719 3402 1872 3454 caesis

301 3496 597 3551 comitibus
638 3496 810 3562 ipsius
840 3495 1136 3562 peditibus,
1171 3510 1312 3564 quos
1344 3495 1621 3548 insecutus
1656 3501 1740 3547 est
1776 3508 1872 3562 po-

299 3588 467 3657 pulus
499 3602 514 3639 :
547 3597 597 3638 at
630 3585 705 3638 illi
736 3586 788 3637 in
821 3586 1080 3653 pupulum
1117 3586 1295 3639 denuo
1320 3586 1564 3638 conversi
1594 3600 1872 3653 quoscun-

299 3694 412 3749 que
444 3679 637 3733 obvios
669 3678 975 3731 habuerunt
1007 3678 1352 3732 interfecere.
1382 3678 1535 3742 Quod
1571 3693 1694 3730 cum
1739 3685 1875 3729 tem-

300 3784 438 3840 pore
480 3768 795 3837 vespertino
836 3769 1180 3837 contigisset,
1210 3767 1428 3821 diremit
1460 3782 1554 3822 eos
1581 3783 1709 3820 nox.
1737 3766 1875 3820 Cresi

304 3868 486 3914 autem
521 3867 652 3913 sunt
681 3874 710 3912 e
744 3858 945 3927 popqu
971 3859 1195 3912 circiter
1227 3857 1397 3911 vicies
1424 3856 1572 3911 mille
1598 3873 1613 3921 ;
1642 3872 1706 3911 ex
1735 3857 1879 3912 Hab-

300 3949 453 4005 haste
483 3949 747 4003 militibus
775 3948 959 4003 decies
990 3948 1134 4002 mille
1164 3964 1177 4001 :
1216 3949 1529 4014 reversique
1554 3957 1683 4003 sunt
1714 3948 1845 4002 Obai
1865 3977 1877 3989 ι

302 4040 654 4095 (lallahisocii
708 4049 904 4106 noctu;
936 4038 1192 4109 populum
1223 4038 1572 4109 505-507
1601 4055 1726 4094 vero
1748 4055 1879 4094 con-

309 4140 579 4185 vocarunt
623 4144 924 4199 praecones.
954 4129 1137 4185 Rediit
1162 4144 1291 4200 ergo
1337 4130 1477 4184 Aiul
1505 4129 1701 4184 Kasem
1751 4146 1877 4187 cum

302 4221 605 4281 comitibus
635 4232 689 4276 et
724 4223 896 4291 copiis
941 4222 1058 4277 suis
1088 4223 1144 4275 in
1188 4220 1558 4276 occidentem.
1592 4222 1764 4276 Porro
1812 4221 1878 4277 Al

304 4311 589 4367 Maktader
614 4312 697 4365 Ali
731 4313 843 4366 Ehn
872 4311 1214 4365 Moltammed
1242 4312 1358 4366 Ebn
1386 4311 1731 4373 Obaidallah.
1762 4313 1877 4366 Ehn

2003 3139 2436 3200 amputaturum.
2494 3128 2755 3186 Homines
2793 3145 2923 3199 ergo
2982 3130 3169 3185 relicta
3226 3128 3571 3198 supellectile

1988 3238 2111 3286 sua,
2145 3232 2197 3277 et
2226 3238 2347 3291 quae
2376 3222 2743 3292 possederunt
2765 3220 3040 3285 omnibus,
3067 3219 3382 3290 clausisque
3410 3218 3571 3275 ostiis

1994 3315 2132 3378 Suis,
2165 3313 2371 3382 egressi
2405 3322 2535 3367 sunt
2587 3312 2918 3367 Alexandria
2954 3312 3127 3365 instar
3157 3325 3347 3365 eorum
3380 3312 3473 3381 qui
3510 3326 3570 3364 se

1985 3403 2286 3458 oblectaudi
2311 3404 2481 3473 gratia
2503 3404 2891 3473 egrediuntur:
2917 3402 3250 3470 abduxitque
3270 3400 3573 3469 ipsos'l'lia-

1987 3497 2163 3548 malus
2196 3494 2429 3548 navibus
2459 3494 2512 3547 in
2543 3495 2797 3557 insulam,
2829 3510 2950 3563 qua:
2982 3494 3161 3547 iusula
3192 3492 3435 3547 Ahukuir
3467 3507 3568 3562 ap-

1985 3584 2218 3653 pellatur
2242 3576 2265 3637 τ’
2288 3584 2555 3639 submersi
2575 3594 2752 3637 autem
2777 3593 2905 3639 sunt
2930 3600 2993 3637 ex
3018 3585 3151 3647 ips's
3175 3584 3226 3637 in
3250 3582 3370 3637 Nilo
3388 3582 3567 3637 multi.

1984 3673 2337 3745 509-511
2400 3673 2686 3730 Perierunt
2741 3676 2903 3728 ctiam
2947 3689 3137 3728 eorum
3197 3673 3339 3727 fame
3364 3684 3418 3725 et
3456 3673 3569 3737 siti,

1989 3763 2044 3815 in
2101 3763 2253 3832 pagis
2282 3772 2338 3817 et
2367 3763 2632 3827 Pltostati,
2665 3766 2808 3820 ultra
2839 3764 3072 3819 ducenta
3104 3769 3344 3818 virorum
3374 3778 3477 3834 pue
3508 3778 3573 3818 o-

1993 3870 2113 3907 rttm
2144 3864 2196 3909 et
2221 3855 2509 3910 mulierum
2540 3855 2733 3912 millia.
2760 3855 3067 3924 Mansitque
3099 3858 3250 3911 locus
3273 3856 3570 3920 desolatus,

1994 3944 2213 3998 nemine
2276 3945 2328 3998 in
2381 3946 2498 4014 ipso
2546 3958 2818 3999 manente.
2847 3945 2997 4001 Fecit
3051 3955 3229 4001 autem
3280 3948 3381 4003 hoc
3430 3946 3573 4002 Tha-

1994 4033 2196 4095 malus,
2229 4049 2297 4089 ne
2335 4035 2397 4087 Al
2437 4034 2719 4106 Pltayumo
2764 4034 2979 4090 rediens
3018 4035 3572 4113 AbulKasem‘locum

1998 4126 2274 4180 inveniret
2309 4127 2399 4181 ubi
2440 4124 2679 4198 hospitio
2725 4128 3090 4198 exciperetur.
3148 4127 3352 4183 Deinde
3384 4128 3573 4183 Munes

1988 4220 2275 4274 eunuchus
2310 4219 2560 4275 collectis
2612 4218 2807 4289 copiis,
2862 4231 3053 4275 contra
3104 4219 3259 4273 illum
3310 4219 3374 4272 Al
3425 4219 3567 4272 Plia-

1990 4309 2140 4377 yumi
2175 4320 2481 4363 manentem
2532 4309 2817 4380 prodiens,
2851 4309 3030 4380 ipsum
3068 4310 3122 4364 in
3160 4310 3343 4378 fugam
3382 4309 3567 4372 vertit,

306 4403 565 4475 Yuhyyae,
616 4404 732 4459 Ebn
765 4405 1026 4460 Chakano
1058 4406 1253 4469 iratus,
1283 4406 1371 4461 die
1419 4405 1750 4460 Moharrami
1781 4406 1879 4460 de-
1917 4415 1960 4471 ι)
1991 4400 2150 4456 caesis
2196 4400 2373 4471 ipsius
2408 4401 2729 4463 comitibus,
2767 4410 2822 4456 et
2860 4401 3086 4471 direptis
3142 4416 3331 4455 eorum
3372 4401 3571 4471 opibus

306 4496 454 4551 cimo
510 4510 654 4548 anno
712 4497 1122 4560 trecentesimo,
1160 4497 1339 4561 primo
1401 4494 1718 4567 [vizierum]
1775 4495 1879 4549 sibi

311 4587 539 4641 adscivit
570 4587 710 4641 Alim
754 4585 923 4642 Elmol
956 4585 1184 4650 larrabi,
1218 4600 1346 4656 tquo
1377 4602 1570 4641 rursus
1599 4585 1881 4652 abdicato,

318 4695 505 4734 mense
532 4682 632 4735 Dill
670 4680 834 4751 Hajjae
872 4694 1016 4734 anno
1070 4681 1453 4736 trecentesimo
1503 4680 1691 4743 tertio,
1737 4678 1880 4733 Alim

308 4765 429 4821 Ebn
464 4766 833 4833 Mobammed,
877 4769 1049 4823 Ebnol
1094 4767 1320 4833 llosani,
1373 4769 1543 4823 Ebnol
1583 4767 1810 4832 Phorat,
1854 4783 1884 4823 e

304 4843 532 4913 carcere
564 4860 820 4914 eductum
857 4861 1118 4915 vizierum
1160 4862 1472 4926 constituit;
1506 4861 1701 4915 deinde
1732 4860 1888 4915 abdi-

306 4963 490 5004 calum
522 4968 743 5007 rursum
773 4953 827 5007 in
859 4969 1135 5009 carcerem
1165 4953 1423 5022 conjecit,
1453 4967 1640 5009 mense
1666 4952 1884 5007 lomada

310 5042 505 5113 priori,
553 5059 699 5096 anno
734 5046 1117 5099 trecentesimo
1152 5052 1369 5113 quarto,
1401 5044 1455 5097 in
1503 5058 1701 5097 munus
1751 5043 1885 5097 illud

324 5136 555 5192 suffecto
596 5136 804 5191 Bumed
841 5137 1015 5192 Ebnol
1049 5137 1273 5192 Abbzisi.
1312 5138 1474 5191 Anno
1507 5135 1891 5190 trecentesimo

302 5230 564 5299 neptimo,
587 5232 811 5285 veniens
828 5246 892 5283 ex
910 5230 1189 5284 occidente
1205 5226 1889 5300 AbulkasetnfObaidallahi

307 5321 453 5377 filius
497 5339 620 5377 cum
670 5327 877 5377 centies
924 5321 1071 5375 mille
1118 5321 1250 5376 viris
1282 5320 1669 5375 Alexandriam
1725 5327 1889 5387 cepit,

311 5415 455 5468 unde
490 5425 633 5469 metu
671 5414 1011 5470 consternati
1056 5422 1185 5465 sunt
1220 5412 1439 5483 AEgypti
1476 5412 1691 5466 incolae.
1735 5411 1890 5478 Cepit

302 5508 468 5560 etiam
502 5509 565 5562 Al
591 5508 929 5579 Phayumum
954 5517 1006 5561 et
1030 5506 1089 5559 Al
1131 5507 1527 5565 llaltnasattt,et
1560 5504 1791 5557 insulam
1825 5503 1890 5559 Al

304 5597 628 5653 Atismarin.
658 5598 830 5667 Cujus
867 5596 1120 5652 rei-fama
1153 5610 1276 5648 cum
1310 5598 1375 5648 ad
1412 5596 1472 5648 Al
1506 5593 1883 5649 Mtiktadcrum

310 5690 678 5757 pervenisset,
710 5690 860 5746 misit
899 5690 987 5745 ille
1020 5686 1302 5743 Muncsum
1336 5689 1647 5742 eunuchum
1684 5702 1881 5757 magno

1979 4492 2301 4563 caeterisque
2346 4508 2469 4562 quae
2502 4492 2775 4547 habebant
2804 4494 3080 4548 omnibus.

2058 4583 2301 4654 Fugiens
2330 4600 2460 4653 ergo
2510 4583 2852 4642 AbulKasem
2885 4600 3008 4640 cum
3035 4584 3227 4639 amicis
3262 4584 3378 4639 suis
3416 4583 3569 4638 [Sira-

1987 4690 2208 4732 vvanum
2243 4694 2303 4733 se
2329 4678 2601 4745 contulit;
2646 4678 2809 4749 idque
2842 4693 3029 4733 mense
3064 4676 3147 4732 Dil
3186 4674 3377 4747 Hajiae,
3427 4690 3570 4729 anno

1988 4770 2374 4823 trecentesimo
2420 4780 2637 4834 octavo,
2676 4778 2798 4840 post
2833 4769 2975 4838 quod
3005 4785 3129 4823 cum
3173 4768 3313 4823 duos
3347 4782 3565 4822 menses

1987 4860 2323 4916 substitisset
2351 4861 2539 4917 illunes
2576 4861 2885 4923 eunuchus,
2928 4860 3239 4931 Bagdadum
3283 4859 3456 4930 petiit.
3484 4873 3569 4913 re-

1989 4952 2123 5006 licto
2179 4955 2230 5007 in
2287 4952 2526 5026 Egypto
2579 4954 2770 5009 Heialo
2824 4953 2937 5008 Ebn
2993 4953 3189 5009 Badar.
3238 4950 3567 5007 Alexandria

1993 5055 2200 5113 autem,
2242 5063 2365 5102 cum
2415 5048 2621 5103 reversi
2661 5059 2848 5103 essent
2879 5056 3143 5118 quotquot
3183 5044 3571 5114 superfuerunt

1990 5153 2055 5193 ex
2100 5138 2273 5209 ipsius
2321 5138 2534 5206 incolis,
2577 5156 2642 5195 ea
2706 5141 2901 5195 iterum
2941 5140 3083 5194 culta
3126 5147 3228 5194 est.
3264 5138 3435 5191 Porro
3466 5133 3572 5189 Leo

1998 5230 2307 5299 imperator
2334 5233 2529 5286 morbo
2556 5232 2706 5303 gravi
2744 5242 3050 5303 correptus,
3084 5247 3209 5285 cum
3247 5229 3570 5283 moriturum

2002 5336 2061 5374 se
2104 5322 2343 5387 timeret,
2383 5324 2628 5389 mittens,
2661 5324 2943 5379 Nicolaum
2986 5319 3376 5393 patriarcliam,
3409 5331 3569 5387 quem

1990 5412 2110 5467 loco
2142 5422 2409 5479 moverat,
2440 5417 2750 5481 accersivit,
2820 5416 2994 5485 ipsius
3039 5413 3268 5483 gratiam
3299 5411 3570 5475 ambiens,

1992 5520 2055 5559 ac
2085 5506 2265 5575 ipsum
2348 5508 2621 5563 cathedrae
2685 5510 2949 5572 restituit,
3024 5513 3234 5560 semoto
3305 5502 3567 5557 Antltimo

1990 5597 2327 5664 patriarcha,
2364 5615 2523 5667 quem
2571 5600 2638 5653 ad
2685 5598 3077 5653 monasterium
3108 5596 3379 5666 quoddam
3415 5594 3564 5648 Con-

1992 5689 2540 5761 smulinopolitanum
2585 5708 2641 5748 sc
2684 5693 2928 5759 recipere
2958 5690 3157 5757 jussit;
3195 5703 3244 5745 tu
3297 5705 3403 5757 quo
3436 5701 3558 5743 eum
