4014 6218
244 313 260 372 Ι
284 308 379 370 ΠΒ

1696 315 2058 374 ANNALES.

3380 315 3510 378 1551

240 444 292 485 et
315 432 414 486 Abi
450 430 574 485 Said
625 431 931 485 Allannabi
980 432 1140 501 vulgo
1195 431 1368 497 audit,
1417 434 1509 501 qui
1548 431 1810 486 Basoram
1845 438 1895 495 Α
1924 440 2100 483 matre
2134 446 2253 491 sua,
2304 432 2391 484 cui
2434 444 2638 484 nomen
2677 428 2780 482 fuit
2817 428 3227 494 Chaizaranah,
3267 434 3513 489 dettomi‘

244 524 589 592 perveniens,
645 539 764 576 eam
817 532 1029 590 captam
1079 524 1405 587 devast‘avit,
1463 536 1516 579 et
1567 514 1819 595 magnam

244 615 525 669 hominum
563 624 798 689 stragem
836 614 892 667 in
920 630 983 668 ea
1018 614 1192 668 edidit-
1220 656 1235 681 ,
1270 625 1433 685 atque
1462 616 1587 670 inde
1617 616 1816 669 Cusam

244 705 545 774 profectus,
572 720 632 758 ea
663 706 826 758 etiam
867 715 1049 775 capta,
1088 707 1296 762 incolas
1328 706 1552 767 occidit,
1590 709 1822 762 multos-

244 812 349 863 que
373 796 499 849 inde
526 797 771 864 captivos
805 797 1053 860 abduxit,
1079 807 1132 851 et
1175 798 1375 852 multas
1430 802 1609 852 avexit
1661 816 1819 869 opes.

245 886 378 941 Dein
416 903 642 955 pergens
682 904 852 958 prope
904 890 1216 960 Bagdadum
1257 901 1436 945 castra
1474 893 1655 960 posuit
1703 894 1824 948 loco

243 983 332 1045 qui
364 978 688 1050 TelArkuph
725 981 915 1047 audit;
950 983 1227 1051 multaque
1264 984 1405 1038 inter
1438 986 1615 1055 ipsum
1648 994 1701 1040 et
1726 970 1823 1039 Al-

244 1069 550 1124 Moktaderi
612 1073 802 1140 copias
848 1076 1141 1129 commissa
1178 1086 1307 1129 sunt
1348 1080 1529 1145 praelia
1572 1088 1669 1131 :at
1703 1093 1823 1130 cum

245 1178 353 1216 non
396 1171 785 1230 assequeretur
813 1180 932 1232 qua:
965 1167 1157 1233 voluit,
1211 1168 1408 1222 Cusam
1443 1170 1621 1234 rediit,
1660 1170 1825 1239 idque

246 1271 393 1310 anno
435 1256 821 1310 trecentesimo
872 1257 1087 1311 decimo
1138 1262 1347 1317 tertio:
1398 1264 1530 1329 quin
1580 1269 1635 1315 et
1674 1277 1827 1330 aquae

247 1358 461 1417 puteos,
493 1348 545 1401 in
590 1347 676 1401 via
706 1362 827 1417 QULB
861 1348 1133 1404 Meccbam
1169 1351 1349 1418 ducit,
1406 1352 1717 1409 obstructos
1743 1363 1827 1407 at-

248 1456 355 1509 que
403 1440 657 1507 impletos
703 1441 1024 1507 exsiccavit,
1080 1445 1215 1497 adeo
1262 1455 1319 1498 ut
1376 1454 1523 1500 metu
1572 1445 1742 1515 ipsius
1798 1462 1829 1500 a

250 1531 784 1599 peregrinationibus
812 1534 1153 1589 abstinerent
1181 1534 1418 1604 Bugdadi
1449 1546 1503 1593 et
1528 1537 1830 1592 Chorasani

252 1624 458 1687 incolat,
492 1622 711 1694 [Egypti
765 1624 981 1679 interim
1017 1636 1069 1680 et
1102 1626 1272 1697 Syria:
1305 1629 1499 1685 incolis
1533 1645 1624 1683 eas
1651 1630 1831 1685 .insti-

252 1714 548 1767 tuentibus.
573 1712 820 1783 Cumque
859 1728 1003 1768 anno
1055 1716 1430 1772 tricentesimo
1477 1718 1690 1773 decimo
1744 1735 1833 1772 se.-

252 1808 421 1874 ptimo
453 1808 703 1861 homines
737 1806 790 1859 in
820 1807 1275 1875 peregrinationis
1316 1808 1609 1880 [religiosae
1641 1812 1833 1866 ritibus

250 1896 634 1969 observandis]
668 1908 872 1963 essent,
910 1898 999 1951 die
1045 1897 1251 1963 Martis,
1286 1898 1542 1969 Dilliajjze
1575 1903 1841 1971 septimo,

252 1992 527 2045 Meccham
566 1990 893 2059 perveniens
942 1990 1233 2044 Allannztbi
1295 2008 1418 2045 cum
1464 1994 1637 2062 copiis
1688 1995 1831 2058 suis,

251 2082 612 2151 eamdemque
656 2083 960 2150 ingressus,
998 2083 1243 2135 homines
1278 2093 1390 2137 tum
1445 2086 1591 2138 circa
1641 2087 1832 2151 eadem,

253 2184 369 2227 tum
404 2174 546 2227 intra
593 2174 899 2227 oratorium
937 2189 1156 2228 sacrum
1202 2182 1257 2229 et
1298 2177 1351 2228 in
1404 2176 1617 2245 plateis,
1660 2178 1825 2230 innu-

251 2283 433 2322 tneros
474 2267 718 2330 occidit,
770 2267 906 2320 adeo
951 2276 1010 2319 ut
1056 2268 1214 2321 caesis
1272 2269 1591 2338 impleretur
1637 2280 1834 2338 puteus

253 2357 537 2420 latinam,
579 2372 681 2409 nec
720 2371 827 2407 non
863 2356 1057 2415 valles.
1080 2358 1200 2420 viae,
1231 2358 1451 2424 domus,
1485 2370 1539 2413 et
1567 2359 1784 2413 deserta
1818 2378 1833 2417 :

253 2449 401 2516 quod
438 2449 479 2502 si
516 2447 611 2515 qui
647 2446 772 2515 fuga
805 2462 863 2502 se
895 2448 1041 2502 caede
1064 2450 1359 2518 eriperent,
1396 2462 1450 2505 et
1489 2453 1637 2520 ipsos
1666 2453 1837 2506 inter-

256 2538 503 2591 fecerunt
535 2538 766 2601 Arabes,
818 2552 948 2606 opes
1000 2538 1244 2607 ipsorum
1291 2540 1635 2609 diripientes.
1673 2544 1839 2597 Erant

256 2638 435 2682 autem
472 2637 525 2683 et
559 2630 652 2697 qui
695 2627 916 2683 loddnm
948 2630 1213 2699 fugientes
1244 2633 1378 2684 mari
1401 2631 1747 2703 521-523
1782 2647 1840 2689 se

264 2724 694 2775 committerent.
749 2721 905 2791 Cepit
973 2736 1101 2790 ergo
1160 2722 1517 2779 Allannabius
1568 2741 1729 2793 opum
1785 2734 1840 2779 et

258 2814 617 2882 supellectilis
662 2816 923 2880 majorem
976 2830 1138 2883 quant
1186 2834 1305 2885 quae
1355 2820 1628 2874 recenseri
1663 2818 1839 2888 possit

257 2909 497 2975 copiam.
533 2909 810 2977 Quidquid
842 2912 1008 2966 etiam
1051 2912 1191 2966 intra
1227 2914 1398 2967 aedem
1445 2928 1657 2967 sacram
1694 2920 1841 2966 esset

257 3000 378 3052 auri
411 3009 575 3068 atque
602 3003 811 3069 argenti
848 3003 1099 3058 abstulit.
1148 3002 1407 3058 Laminas
1435 3006 1600 3057 etiam
1649 3019 1840 3072 argen-

257 3099 375 3145 teas
407 3107 527 3158 qtue
575 3093 824 3161 injanua
873 3096 1061 3166 templi
1110 3106 1269 3150 erant
1317 3098 1536 3150 avulsas
1584 3097 1832 3152 abstulit.
1863 3109 1906 3167 (ζ

258 3178 496 3249 Fuitque
530 3182 583 3235 in
619 3184 821 3254 angulo
856 3183 990 3238 tedis
1017 3185 1274 3238 exteriori
1300 3186 1436 3253 lapis
1468 3189 1639 3254 niger,
1675 3201 1837 3255 quem

256 3288 591 3341 Ittagnopere
658 3275 902 3329 venerati
972 3275 1226 3329 homines
1287 3284 1341 3329 et
1402 3276 1839 3331 benedictionem

258 3362 389 3416 inde
436 3372 717 3430 captantes
771 3364 1082 3419 deosculari
1139 3365 1410 3429 solebant,
1448 3382 1612 3436 quem
1668 3366 1836 3419 etiam

260 3454 381 3503 loco
442 3465 653 3507 motum
709 3470 896 3510 secum
956 3455 1221 3520 abduxit;
1272 3468 1593 3527 septemque
1645 3458 1839 3513 diebus

261 3541 527 3604 Mccrlne,
579 3542 1002 3612 eidiripiendte,
1055 3546 1392 3613 insumpsit:
1431 3546 1553 3600 dein
1607 3549 1837 3617 patriam

258 3648 416 3685 suam
459 3648 708 3686 reversus
736 3642 819 3686 est
845 3635 1379 3702 peregrinationibus
1411 3636 1649 3691 abolitis.
1672 3638 1839 3691 Porro

265 3724 405 3776 obiit
458 3724 602 3777 Elias
662 3724 972 3792 patriarcha
1035 3725 1409 3779 Antiochenus
1467 3725 1556 3780 die
1614 3724 1840 3781 Sabbati

264 3816 497 3868 Iomadc
532 3815 859 3885 posterioris
912 3814 1126 3870 decimo
1170 3817 1354 3878 tertio,
1393 3831 1536 3870 anno
1569 3826 1839 3872 trecente-

261 3908 404 3961 simo
429 3907 642 3961 decimo
691 3910 927 3978 septimo
980 3908 1314 3981 [postquam]
1361 3910 1417 3963 in
1451 3910 1717 3966 cathedra
1754 3927 1840 3965 se-

283 4000 457 4052 disset
505 4016 679 4054 annos
733 4002 917 4070 viginti
966 4011 1107 4057 octo.
1160 4001 1348 4057 Vizieri
1393 4004 1554 4057 etiam
1614 4020 1843 4059 munere

266 4091 510 4158 privatus
544 4101 627 4145 est
660 4091 1002 4146 Mohammed
1048 4093 1161 4148 Ebn
1197 4094 1306 4155 Ali,
1341 4093 1456 4148 Ebn
1494 4093 1709 4148 Moklah
1753 4095 1842 4149 die

266 4180 479 4244 Martis,
534 4192 660 4235 ante
715 4182 930 4236 finitum
979 4182 1202 4237 lomada
1240 4185 1479 4253 priorem
1525 4186 1839 4251 undecimo,

263 4288 390 4325 cum
432 4273 484 4325 in
524 4274 654 4326 illud
704 4274 945 4328 adscitus
979 4284 1126 4328 esset
1163 4272 1405 4328 Soliman
1458 4274 1633 4329 Ebnol
1664 4274 1842 4329 llasan

267 4364 383 4415 I'Ibn
409 4362 708 4418 lllochalled
741 4365 827 4418 die
855 4363 1028 4426 Jovis,
1075 4364 1288 4419 decimo
1314 4365 1497 4429 ,tertio
1546 4372 1672 4418 ante
1723 4364 1845 4417 tini-

1924 534 2088 575 ttattts
2112 531 2213 575 est.
2248 520 2401 587 Quod
2435 524 2500 575 ad
2534 520 2833 586 Romanos,
2876 532 3094 575 mortuo
3120 522 3513 594 Christophoro

1930 611 2145 667 Domnii
2180 614 2310 677 filio,
2355 614 2747 668 monachatum
2778 613 3061 680 amplexus
3094 623 3178 669 est
3218 615 3504 685 Domnius,

1928 708 2191 776 solusque
2222 706 2425 760 mansit
2457 705 2856 761 Constantinus
2887 706 2940 758 in
2976 706 3190 774 imperii
3221 708 3506 775 regimine.

1940 798 2186 853 Mortuus
2214 808 2299 853 est
2328 798 2490 852 etiam
2514 796 2825 867 Stephanus
2843 798 3149 865 patriarcha
3181 798 3472 853 Constanti
3492 826 3507 839 -

1930 890 2302 959 nopolitauus,
2320 898 2603 959 postquam
2625 890 2937 943 cathedram
2964 889 3199 941 triennio
3219 902 3515 957 occupave-

1937 992 2021 1036 rat
2050 999 2063 1034 :
2092 983 2535 1049 constitutusque
2556 988 2639 1034 est
2661 979 2861 1033 ibidem
2892 980 3198 1048 patriarcha
3220 980 3513 1049 Atranphi-

1936 1090 2061 1129 nus.
2090 1071 2232 1127 Obiit
2254 1073 2418 1127 ctiam
2445 1071 2826 1125 Christodulus
2860 1071 3166 1137 patriarcha
3202 1071 3519 1124 Alexandri-

1938 1182 2041 1222 nus
2068 1166 2158 1219 die
2189 1164 2465 1229 Mercurii,
2491 1164 2780 1218 undecimo
2802 1173 2929 1217 ante
2964 1164 3171 1217 [initum
3212 1164 3287 1216 Dil
3315 1162 3515 1226 Kaada,

1932 1273 2077 1312 anno
2128 1258 2517 1312 trecentesimo
2574 1257 2860 1320 vicesimo,
2906 1256 3000 1324 qui
3041 1265 3125 1310 est
3176 1255 3396 1308 Tishrin
3434 1270 3521 1308 se-

1934 1352 2098 1404 eundi
2135 1352 2430 1405 vicesimus
2461 1350 2712 1418 quintus,
2749 1350 2875 1403 anni
2912 1349 3233 1403 Diocletiani
3283 1362 3515 1400 sexcen-

1935 1442 2114 1495 tesimi
2164 1442 2741 1514 quadragesiminoni
2799 1458 2813 1496 :
2869 1441 3227 1509 sepultusque
3273 1438 3519 1491 Phostati

1934 1532 2291 1603 Egyptiacae.
2324 1549 2448 1587 cum
2483 1533 2535 1585 in
2567 1532 2829 1586 cathedra
2862 1532 3101 1586 sedisset
3126 1545 3300 1585 annos
3328 1529 3517 1598 viginti

1938 1641 2053 1688 sex,
2096 1633 2149 1677 et
2182 1641 2274 1677 sex
2309 1639 2543 1678 menses.
2574 1624 2831 1692 Sepultus
2862 1632 3043 1675 autem
3077 1632 3161 1677 est
3206 1623 3259 1674 in
3282 1620 3517 1674 ecclesia

1938 1715 2236 1770 Michaelis.
2271 1714 2442 1769 Porro
2474 1718 2641 1770 duces
2690 1731 2792 1768 una
2822 1730 2944 1768 cum
2998 1713 3229 1768 Munaso
3269 1712 3522 1768 eunucho

1868 1778 1910 1834 Β
1940 1807 2172 1873 Bagdadi
2188 1808 2238 1860 in
2258 1806 2692 1860 AlMoktadernm
2720 1808 3087 1875 insurgentes,
3107 1807 3284 1873 ipsum
3300 1816 3522 1871 aggres-

1938 1899 1982 1954 si
2021 1909 2179 1960 sunt,
2242 1900 2306 1950 ad
2353 1912 2488 1967 quos
2514 1912 2690 1967 pugna
2710 1897 3061 1965 excipiendos
3115 1908 3519 1964 cumegresstts

1938 1997 2105 2052 esset,
2144 1990 2322 2057 ipsmn
2369 1987 2786 2048 interfecerunt,
2821 1997 3089 2053 caputque
3122 1986 3289 2038 hastae
3340 1985 3521 2052 impo-

1938 2082 2102 2134 situm
2153 2082 2295 2136 circa
2345 2081 2532 2132 urbem
2578 2079 2933 2148 525-527
2979 2086 3303 2148 gestarum;
3353 2076 3519 2142 idque

1937 2170 2024 2225 die
2048 2171 2321 2235 Mercurii,
2345 2180 2471 2225 ante
2497 2171 2710 2223 finitum
2737 2186 2989 2223 mensem
3025 2169 3223 2223 Shawa
3252 2170 3519 2231 secundo,

1946 2278 2090 2316 anno
2117 2262 2503 2316 trecentesimo
2539 2261 2819 2315 vicesimo.
2852 2258 2975 2313 Fuit
3002 2261 3293 2313 chalifatus
3346 2261 3521 2331 ipsius

1942 2368 2210 2406 annorum
2264 2351 2451 2419 viginti
2509 2360 2767 2418 quatuor,
2824 2351 3090 2401 mensium
3147 2350 3414 2408 undecim,
3468 2356 3523 2402 et

1940 2444 2152 2497 dierum
2188 2444 2505 2511 quindecim
2539 2460 2552 2496 :
2587 2442 2690 2494 fuit
2732 2441 2970 2495 vizicrus
3004 2439 3178 2508 ipsius
3220 2439 3522 2505 Alphadlus

1945 2534 2058 2588 Ebn
2110 2532 2311 2595 l.tafar,
2355 2533 2527 2586 lﬂbnol
2578 2531 2801 2585 Phorat.
2839 2530 3085 2585 Mortuus
3133 2539 3213 2585 esr
3265 2529 3524 2585 Trikonis

1943 2627 2252 2695 patriarcha
2322 2624 2964 2693 Coiistantinopolitanus
3015 2638 3139 2678 cum
3202 2623 3520 2677 cathedram

1940 2718 2317 2785 quinquennio
2368 2724 2732 2785 occupasset,
2789 2713 3188 2783 constituitque
3260 2710 3522 2765 Dnmnius

1943 2809 2111 2862 (ilium
2144 2823 2301 2861 suum
2332 2807 2549 2863 nomine
2583 2805 3077 2876 Theoiihylactum,
3109 2802 3201 2872 qui
3234 2801 3522 2855 eunuchus

1944 2902 2068 2963 fuit,
2106 2902 2474 2968 patriai-chain
2506 2914 2655 2964 cum,
2694 2899 2913 2967 juvenis
2950 2904 3093 2952 esset
3124 2908 3391 2948 annorum
3428 2893 3512 2946 vi-

1944 2993 2074 3063 ginti
2102 2995 2356 3046 duorum.

2416 3081 2717 3149 Chalifatus
2758 3079 3047 3133 AlKalteri.

2014 3178 2381 3246 luauguratns
2412 3185 2493 3229 est
2524 3171 2773 3227 Alliuher
2809 3174 2994 3227 billahi
3026 3175 3366 3231 Mohammed
3400 3178 3518 3235 Ebn

1942 3270 2151 3323 Ahmed
2189 3267 2561 3329 AlMotadedi,
2595 3266 2683 3319 die
2709 3264 2878 3330 Jovis,
2913 3268 3117 3321 mensis
3154 3266 3393 3321 Shawali
3426 3287 3520 3332 pe-

1944 3359 2195 3422 nnltimo,
2224 3372 2366 3411 anno
2397 3358 2786 3412 trecentesimo
2825 3359 3100 3411 vicesimo.
3132 3358 3231 3415 llic
3260 3363 3522 3417 vizierum

1945 3451 2049 3503 sibi
2094 3450 2329 3503 adscivit
2384 3448 2818 3503 Mohammedem
2879 3448 2994 3503 Ebn
3046 3450 3280 3505 Moklah.
3335 3453 3523 3510 Primo

1942 3541 2234 3595 chalifatus
2295 3542 2479 3610 ipsius
2523 3554 2665 3593 anno
2718 3545 3052 3595 consumtus
3100 3551 3182 3595 est
3233 3545 3358 3597 Said
3406 3544 3525 3602 Ebn

1946 3632 2150 3696 Batrik,
2187 3632 2432 3685 medicus
2461 3646 2490 3684 e
2531 3631 2777 3684 Phostati
2810 3630 3146 3701 Egyptiacre
3176 3633 3393 3693 incolis.
3431 3652 3530 3703 pa-

1956 3722 2193 3775 triarcha
2238 3722 2663 3786 Alexandrinus,
2712 3724 3124 3793 appellatusque
3166 3723 3320 3778 Anlta
3355 3725 3528 3795 Euty-

1918 3811 2101 3863 'cliius
2138 3826 2151 3862 :
2203 3810 2369 3877 idque
2410 3813 2496 3862 die
2522 3808 2697 3873 Jovls,
2740 3812 2945 3865 mensis
2985 3812 3243 3877 Amshir,
3298 3816 3391 3883 qui
3442 3825 3528 3870 est

1947 3897 2151 3953 Shebat
2189 3939 2204 3961 ,
2256 3901 2384 3953 anni
2436 3899 2759 3953 Diocletiani
2803 3905 3188 3958 sexcentesimi
3232 3908 3529 3976 quadrage-

1947 3992 2070 4045 simi
2101 3994 2251 4053 noui,
2277 4003 2470 4045 octavo
2499 3993 2704 4045 mensis
2737 3991 2973 4062 Saphar,
3002 4010 3147 4049 anno
3176 3996 3404 4068 [Hejrac]
3433 3998 3528 4050 lu-

1946 4084 2065 4135 nari
2096 4084 2481 4136 trecentesimo
2514 4083 2776 4138 vicesimo
2813 4086 3015 4154 primo.

2333 4173 2497 4242 528
2524 4173 2828 4241 C/talifams
2860 4178 2927 4229 Αἰ
2959 4176 3134 4231 Rodii.

2017 4261 2381 4333 lnaugurutus
2404 4274 2487 4319 cst
2515 4266 2575 4317 Al
2598 4264 2753 4331 Radi,
2776 4267 2869 4335 qui
2899 4257 3042 4321 idem
3066 4277 3146 4323 est
3170 4267 3312 4323 Abul
3343 4269 3528 4327 Abbas

1947 4353 2283 4409 Mohammed
2320 4356 2490 4409 libnol
2520 4356 2843 4425 Moktaderi,
2878 4360 2963 4415 die
2984 4360 3259 4427 Mercurii,
3294 4361 3530 4418 lomadae

275 4468 389 4506 tum
437 4456 686 4508 eumdem
734 4471 997 4519 mensem,
1031 4470 1173 4509 anno
1207 4456 1593 4511 trecentesimo
1624 4455 1837 4511 decimo

1955 4447 2150 4517 prioris
2182 4457 2359 4513 sexto,
2392 4464 2536 4505 anno
2564 4453 2950 4507 trecentesimo
2972 4455 3236 4509 vicesimo
3262 4457 3524 4511 secundo.

266 4556 496 4609 octavo;
522 4548 614 4613 qui
644 4555 697 4599 et
732 4562 948 4601 rursum
974 4545 1162 4602 eodem
1192 4559 1435 4603 semotus
1464 4557 1547 4603 est
1580 4548 1669 4604 die
1699 4548 1837 4605 Jovit

1945 4538 2217 4592 Vizierum
2250 4538 2353 4593 sibi
2399 4540 2633 4596 adscivit
2667 4541 3105 4599 Mohammedem
3140 4546 3251 4600 Ebn
3289 4547 3525 4603 Muklah.

266 4646 393 4693 ante
426 4637 634 4691 tinitum
679 4635 871 4707 Rujcb,
897 4652 1041 4692 anno
1070 4641 1462 4695 trecentesimo
1510 4640 1727 4696 decimo
1758 4658 1849 4699 se-

264 4729 458 4795 ptimo,
487 4730 687 4782 viziero
724 4730 1029 4783 constituto
1063 4729 1384 4785 Obaidallah
1435 4731 1549 4787 Ebn
1601 4732 1849 4790 Moham-

266 4819 388 4872 med
438 4819 771 4883 Cadanensi,
810 4821 899 4875 die
944 4821 1196 4887 Sabbati,
1230 4833 1387 4877 sexto
1422 4832 1549 4878 ante
1592 4826 1845 4881 eumdem

263 4927 509 4965 mensem
545 4914 753 4965 finitum
799 4927 944 4967 anno
974 4915 1363 4969 trecentesimo
1394 4915 1606 4970 decimo
1654 4933 1797 4972 nono
1830 4936 1845 4973 :

262 5019 375 5071 quo
426 5003 624 5058 deinde
668 5013 881 5059 semoto
935 5004 1195 5060 sullectus
1243 5014 1327 5060 est
1377 5005 1627 5061 Alllasan
1660 5008 1848 5065 Ebnol’

263 5092 465 5147 Kasem
492 5093 655 5166 524
697 5094 813 5149 Ebn
862 5094 1034 5151 Obaid
1063 5097 1228 5151 oddin
1277 5098 1545 5163 Soliman,
1577 5100 1687 5154 Ebn
1720 5100 1846 5156 Wa-

263 5184 411 5245 had,
465 5188 553 5240 die
615 5186 837 5242 Sahbati
874 5229 888 5253 ,
942 5189 1101 5241 tertio
1152 5200 1277 5241 ante
1336 5187 1548 5243 finitum
1605 5207 1842 5246 mensem

265 5276 509 5340 Shawal,
564 5292 709 5331 anno
754 5284 1140 5333 trecentesimo
1170 5280 1381 5333 decimo
1430 5296 1595 5343 nono,
1641 5298 1845 5353 cogno-

261 5364 617 5435 ntinatusque
664 5379 748 5422 est
793 5367 1256 5434 Omaidol‘dulah,
1296 5368 1410 5423 Ebn
1444 5368 1840 5425 Walii'ldulahi

260 5473 298 5511 ει
326 5471 434 5526 quo
471 5458 672 5513 deinde
717 5461 931 5514 sublata
969 5462 1230 5529 dignitate
1279 5462 1405 5526 ista,
1450 5477 1569 5516 eam
1609 5464 1847 5518 obtinuit

258 5549 406 5603 Abul
440 5547 568 5602 Fadl
605 5549 722 5604 Ebn
755 5549 951 5612 laafar,
1002 5550 1196 5604 Ebnol’
1240 5551 1425 5615 Ferat,
1474 5553 1585 5606 Ebn
1613 5552 1725 5607 Cha
1757 5570 1847 5608 za-

259 5643 438 5698 ranah
476 5644 565 5698 d-ie
610 5642 918 5709 Dozninieo,
956 5645 1117 5699 tertio
1148 5654 1274 5701 ante
1334 5644 1552 5700 [initum
1611 5648 1841 5704 liabiam

261 5733 657 5804 posteriorem,
703 5749 848 5790 anno
896 5740 1280 5794 trecentesimo
1329 5738 1627 5806 vicesimo,
1678 5743 1769 5810 qui
1813 5757 1841 5796 a

1942 4631 2102 4685 Anno
2152 4631 2443 4687 chalifatus
2478 4635 2596 4703 ejus
2648 4636 2823 4705 primo
2876 4638 3209 4692 constitutus
3250 4650 3334 4694 cst
3372 4640 3527 4693 Anba

1946 4725 2314 4791 Theodosius,
2365 4730 2457 4797 qui
2510 4728 2650 4783 idem
2684 4737 2767 4783 est
2818 4730 3164 4800 Stephanus,
3198 4733 3399 4799 scriba,
3433 4738 3527 4805 qui

1939 4818 2178 4893 .Bagdadi
2216 4818 2394 4872 fuerat
2418 4835 2541 4873 cum
2583 4819 2774 4875 Munes
2804 4826 3058 4877 eunucho
3090 4826 3388 4879 Antiochia:
3430 4827 3528 4897 Sy-

1944 4912 2043 4964 ria:
2079 4911 2416 4978 patriarcha,
2464 4926 2652 4968 mense
2708 4913 3009 4980 itatnadan,
3055 4930 3197 4968 anno
3257 4927 3527 4971 trcc-nte-

1953 5001 2092 5055 simo
2118 5000 2379 5055 vicesimo
2404 5006 2583 5056 tertio.
2612 5002 2738 5058 Fuit
2765 5013 2945 5060 autem
2978 5006 3033 5059 in
3071 5002 3306 5075 Egypto
3370 5019 3528 5060 teme

1953 5100 2134 5148 motus
2158 5092 2376 5163 ingens,
2411 5096 2569 5150 tertio
2598 5096 2880 5153 DilKuada:
2906 5098 3151 5167 ejusdem
3188 5098 3527 5154 anni.Valde

1950 5186 2115 5238 etiam
2156 5186 2373 5256 agitatae
2405 5197 2532 5241 sunt
2563 5189 2733 5243 stella:
2762 5189 3039 5245 cadentes.
3088 5191 3255 5245 Porro
3289 5190 3516 5244 Moham-

1953 5275 2073 5329 med
2106 5274 2219 5331 Ebn
2239 5276 2409 5349 Toguj
2435 5281 2705 5334 etducum
2730 5282 3032 5351 vulgarium
3060 5282 3268 5351 aliquot
3296 5281 3525 5336 Barkam

1950 5365 2238 5434 fugientes,
2269 5385 2392 5424 cum
2435 5371 2507 5424 ibi
2533 5372 2718 5442 copias
2747 5373 3091 5443 collegissent
3136 5376 3524 5428 Alexandriam

1950 5462 2152 5515 reversi
2183 5472 2329 5528 sunt,
2355 5465 2495 5518 unde
2522 5467 2614 5533 qui
2642 5465 2712 5519 ibi
2740 5465 2955 5518 fuerant
2987 5468 3052 5517 ad
3078 5467 3255 5519 rivum
3296 5465 3525 5522 Rashidi

1947 5552 2202 5623 fugerunt
2235 5573 2247 5605 ς
2287 5556 2352 5609 ad
2404 5572 2542 5623 quos
2583 5556 2698 5611 Ebn
2738 5554 2910 5625 Toguj
2948 5571 3070 5611 cum
3123 5556 3524 5613 Abil'fhbafaro

1944 5645 2115 5700 fratre
2160 5662 2259 5701 suo
2292 5650 2595 5702 exercitum
2652 5647 2873 5701 mittens
2904 5647 3052 5718 ipsos
3085 5650 3138 5703 iu
3173 5651 3353 5720 fugam
3393 5667 3517 5706 ver-

1945 5740 2031 5805 tit,
2068 5737 2223 5795 czcsis
2280 5740 2423 5805 aliis,
2474 5738 2594 5793 aliis
2626 5738 2821 5805 captis,
2861 5738 3024 5809 idque
3067 5755 3208 5797 anno
3259 5752 3515 5798 trecenta.
