3896 6326
1124 456 1131 459 Α
1229 457 1233 459 .
1290 456 1303 457 κ
2418 450 2421 452 -
2442 449 2469 451 ᾼ
2536 449 2567 451 νυ
2588 448 2589 451 η
2926 444 3227 451 —-—————-—.—
3255 444 3423 451 νὰς-.--

504 464 521 465 7
694 464 699 465 ⁷
716 464 731 465 ﬂ
1152 473 1787 488 M—w—
1802 478 1829 480 7.
1844 472 3401 480 “mm—ﬂ...

392 492 465 497 θγλ
536 492 553 495 Α
596 490 665 495 -.μ
688 483 1145 495 _.—_———-.———-~__.,

822 645 1385 766 ΒΕΔἮ
1457 639 2192 757 ΒΔΒΔΝῙ
2262 643 2874 764 ΜΔΠΒῙ

974 898 1352 959 FULDENSIS
1387 874 1676 952 ABBATIS
1710 894 1796 949 ET
1834 894 2213 952 MOGUNTlNl
2248 893 2762 956 ARCHIEPISCOPI

1044 1113 1360 1252 DE
1463 1107 2706 1251 UNIVEBSO

869 1394 1075 1456 LIBRI
1118 1388 1425 1452 VIGINTI
1474 1385 1634 1446 DUO
1680 1384 2030 1463 (SCRIPTI
2079 1387 2311 1450 CIRCA
2380 1391 2659 1454 ANNUM
2713 1395 2878 1475 8%).

1614 1554 2000 1568 *Μ

2003 1558 2097 1568 -———-

1551 1678 1785 1749 ΡΠᾸΞ
1799 1674 2125 1749 FATIO

972 1873 1066 1928 AD
1102 1871 1504 1930 LUDOVICUM
1543 1868 1779 1925 REGEM
1819 1869 2334 1928 lNVlCTlSSlMUM
2373 1867 2713 1927 FBANCL‘E.

1673 2049 2076 2066 ---ὺι--

293 2185 530 2245 Domino
567 2180 1040 2244 excellentissimo,
1064 2186 1120 2234 et
1145 2176 1291 2233 omni
1337 2177 1542 2231 honore
1589 2170 1792 2245 dignis-
1823 2182 1872 2239 Α
1899 2176 2074 2230 omnia
2097 2191 2214 2245 qua:
2237 2176 2293 2229 in
2319 2174 2392 2230 eis
2424 2184 2548 2230 sunt
2585 2172 2758 2246 (Psal.
2775 2179 2928 2249 cxx).
2968 2178 3059 2232 Sic
3092 2190 3223 2249 ergo
3248 2180 3481 2249 primum

218 2280 362 2334 εἱωο
389 2275 662 2330 Luaovrco
706 2271 837 2336 regi,
881 2269 1148 2332 RABANUS,
1195 2267 1484 2319 vilissimus
1522 2277 1797 2319 servorum

225 2369 321 2424 Dei
350 2382 559 2431 servus,
586 2372 798 2419 aeterna:
826 2359 1172 2417 beatitudinis
1203 2358 1254 2412 in
1285 2356 1500 2411 Christo
1531 2364 1681 2425 optat
1714 2369 1797 2408 sa-

221 2456 413 2512 lutem.

294 2566 492 2622 Audita
519 2566 655 2619 bona
695 2561 947 2632 opinione
969 2566 1173 2624 vestra,
1200 2571 1320 2628 quae
1350 2555 1674 2626 praedicatur
1706 2568 1800 2624 per

224 2667 367 2713 totas
399 2654 702 2727 provincias
725 2651 1030 2708 Germaniae
1056 2659 1216 2719 atque
1255 2647 1458 2711 Galliae,
1486 2654 1541 2701 et
1571 2661 1706 2715 pene
1747 2645 1799 2698 in

223 2747 440 2803 cunctis
484 2744 730 2816 partibus
767 2742 993 2809 Europae
1039 2737 1244 2794 crebris
1277 2736 1522 2792 laudibus
1569 2735 1799 2798 intonat,

225 2839 360 2894 satis
383 2836 612 2899 exsulto,
634 2846 690 2889 et
711 2831 925 2887 Domini
953 2829 1374 2885 misericordiam
1400 2826 1653 2896 imploro;
1677 2841 1803 2894 qua-

230 2936 390 2980 tenus
418 2925 519 2979 hoc
555 2939 678 2978 cum
709 2923 851 2976 bono
889 2927 1175 2990 augmento
1227 2920 1294 2973 ad
1337 2917 1604 2972 salubrem
1642 2915 1802 2969 finem

227 3012 508 3084 perven're
535 3010 815 3066 concedat.
841 3007 924 3064 Ob
951 3009 1052 3062 hoc
1076 3008 1270 3077 quippe
1292 3005 1493 3059 laboris
1515 3003 1619 3059 mei
1646 3018 1805 3073 opus‘

229 3101 372 3166 cule,
421 3117 540 3171 quae
588 3102 643 3155 in
702 3100 979 3155 servitium
1037 3096 1272 3161 Christi,
1321 3096 1487 3165 ipsius
1541 3095 1805 3164 largiente

227 3191 424 3264 gratia,
467 3204 648 3246 sacras
686 3187 997 3258 Scripturas
1038 3185 1370 3258 exponendo,
1414 3192 1573 3254 prout
1618 3182 1803 3254 potui,

225 3281 478 3351 expendi,
506 3295 615 3334 non
645 3279 762 3334 sine
785 3287 964 3332 vestra
988 3277 1366 3333 communione
1403 3275 1604 3330 habere
1631 3272 1802 3328 volui:

226 3372 324 3428 sed
356 3371 564 3442 aliquos
591 3378 857 3426 tractatus
900 3377 1062 3441 atque
1107 3368 1544 3431 commentarios,
1589 3367 1644 3420 in
1674 3365 1807 3420 divi-

228 3478 331 3517 ms
374 3461 540 3516 libros
585 3461 951 3530 conscriptos,
997 3468 1193 3514 vestra:
1237 3458 1569 3513 venerationi
1613 3456 1803 3511 direxi.

1902 2263 1968 2317 de
2010 2265 2125 2336 ipso
2163 2278 2373 2320 summo
2408 2263 2552 2319 bono
2587 2273 2644 2321 et
2668 2280 2799 2321 vero
2827 2267 3107 2324 conditore
3137 2278 3343 2338 nostro,
3377 2272 3479 2327 hoc

1898 2361 2010 2415 est,
2053 2352 2231 2418 Patre,
2269 2362 2323 2409 et
2370 2353 2528 2419 Filio,
2555 2363 2610 2408 et
2640 2353 2844 2426 Spiritu
2891 2366 3098 2424 sancto,
3127 2375 3232 2414 uno
3259 2368 3316 2416 et
3362 2362 3480 2417 solo

1899 2442 2264 2511 omnipotente
2318 2441 2463 2509 Deo,
2505 2443 2659 2511 juxta
2712 2447 3032 2516 parvitatem
3084 2448 3285 2519 ingenii
3337 2453 3476 2517 mei,

1901 2540 2158 2603 qua-.tturn
2211 2533 2392 2588 divina
2442 2536 2616 2603 gratia
2663 2551 2755 2590 me
2795 2551 2955 2607 posse
2996 2540 3294 2603 concessit,
3341 2543 3477 2595 scri-

1900 2623 2076 2676 bcndo
2115 2622 2292 2690 aliqua
2325 2624 2568 2678 disserui.
2598 2623 2791 2679 Postea
2820 2639 2950 2680 vero
2987 2627 3052 2682 de
3090 2629 3398 2684 «mlestibus
3426 2638 3482 2684 et

1902 2715 2248 2769 terrestribus
2299 2697 2736 2780 creaturis,'non
2785 2716 2958 2771 solum
3005 2719 3070 2773 de
3121 2729 3342 2782 natura,
3386 2723 3481 2775 sed

1901 2805 2063 2856 etiam
2096 2804 2161 2857 de
2189 2805 2239 2858 vi
2269 2812 2326 2858 et
2351 2803 2628 2860 eil'ectibus
2662 2820 2844 2860 earum
2867 2847 2882 2871 ,
2929 2821 3232 2862 sermonem
3282 2810 3477 2865 habere

1903 2892 2150 2948 institui:
2187 2899 2246 2947 ut
2273 2893 2441 2948 lector
2463 2893 2690 2964 diligens
2735 2894 2788 2948 in
2833 2896 2937 2950 hoc
2983 2910 3143 2964 opere
3183 2904 3237 2951 et
3275 2906 3483 2951 naturae

1903 2984 2285 3052 pr0prietatem
2325 2983 2481 3054 juxta
2527 2984 2826 3049 historiam,
2852 2993 2906 3038 et
2945 2986 3276 3053 spiritualem
3325 2987 3488 3056 signi-

1906 3074 2207 3128 ﬁcationem
2250 3071 2402 3141 juxta
2433 3075 2717 3144 mysticum
2756 3089 2972 3130 sensum
3003 3076 3160 3129 simul
3186 3077 3359 3146 posita
3400 3077 3485 3131 in-

1905 3166 2131 3221 veniret.
2159 3167 2225 3220 Et
2255 3167 2378 3236 quia
2410 3167 2478 3221 de
2515 3167 2715 3222 sanctis
2749 3168 3057 3223 hominibus
3076 3170 3168 3239 qui
3215 3171 3268 3224 in
3305 3169 3487 3225 Veteri

1906 3266 1960 3313 et
1982 3257 2129 3312 Novo
2158 3258 2504 3314 Testamento
2528 3268 3040 3325 commemorantur,
3073 3275 3367 3332 eorumque
3396 3278 3487 3317 ac-

1908 3346 2145 3402 tionibus
2189 3347 2466 3417 mysticis,
2511 3361 2610 3403 nec
2657 3364 2762 3404 non
2808 3358 2868 3406 et
2908 3350 2974 3404 de
3018 3349 3151 3406 locis
3197 3352 3250 3406 in
3293 3353 3488 3421 quibus

1909 3437 2261 3503 habitabant,
2306 3438 2466 3494 silere
2513 3455 2598 3494 me
2646 3455 2752 3495 non
2784 3441 3070 3496 convenit:
3103 3444 3318 3496 nomina
3348 3444 3491 3513 ipso-

228 3553 414 3622 Nuper
437 3565 649 3620 quoque
677 3528 810 3620 quis
838 3563 957 3613 vos,
988 3548 1200 3618 quando
1227 3548 1281 3602 in
1308 3546 1592 3618 ριιωεεηιίε
1624 3555 1805 3601 vestra
1834 3549 1880 3608 Β
1909 3543 2025 3581 rum
2066 3528 2321 3622 simul_et
2364 3530 2605 3622 locorum
2630 3547 2697 3586 ex
2736 3530 2999 3622 Hebraica
3028 3532 3206 3622 lingua
3243 3534 3295 3588 in
3342 3533 3491 3589 Lati-

229 3639 329 3705 fui,
363 3647 698 3707 compertum
723 3653 819 3692 vos
853 3638 1054 3692 habere
1088 3636 1300 3691 dixistis
1334 3635 1550 3706 aliquod
1581 3649 1808 3704 opuscu-

230 3729 343 3782 lum
371 3743 455 3782 me
485 3728 695 3782 noviter
723 3723 1020 3781 confecisse
1048 3725 1112 3779 de
1144 3739 1451 3780 sermonum
1483 3723 1812 3793 proprietate

229 3826 289 3872 et
316 3816 540 3886 mystica
570 3830 750 3870 rerum
793 3812 1215 3882 significatione;
1254 3812 1394 3881 quod
1423 3812 1588 3867 etiam
1625 3827 1654 3865 a
1691 3826 1811 3866 mea

229 3912 499 3980 parvitate
534 3907 842 3980 postulastis
871 3905 1020 3959 vobis
1046 3903 1200 3974 dirigi
1229 3919 1242 3955 :
1271 3900 1370 3955 feci
1400 3900 1630 3956 libenter
1669 3900 1812 3971 quod

229 4002 463 4073 petistis,
492 4009 546 4055 et
590 4001 761 4070 ipsum
806 4011 941 4066 opus
969 3995 1142 4060 vobis,
1187 3994 1239 4047 in
1277 3992 1463 4062 viginti
1502 3993 1708 4048 duobus
1747 3991 1813 4046 li-

228 4090 348 4146 bris
395 4090 768 4151 terminatum,
813 4083 1126 4139 transmisi:
1159 4089 1239 4146 ut,
1286 4081 1329 4136 si
1367 4080 1660 4136 Serenitati
1712 4080 1813 4134 Ve-

229 4188 360 4234 stra:
386 4177 667 4247 placuerit,
693 4190 877 4231 coram
923 4173 1074 4227 vobis
1119 4170 1280 4239 relegi
1332 4169 1456 4224 illud
1487 4167 1726 4233 faciatis;
1759 4175 1813 4224 et

229 4271 281 4324 si
307 4267 507 4337 aliquid
552 4268 605 4321 in
636 4281 701 4321 eo
729 4266 946 4335 dignum
985 4262 1363 4317 emendatione
1397 4267 1668 4328 repertum
1698 4257 1812 4312 fue-

233 4360 330 4422 rit,
358 4373 479 4412 cum
503 4355 698 4411 vestris
724 4353 1084 4424 sagacissimis
1126 4351 1437 4413 lectoribus,
1473 4358 1633 4418 prout
1673 4348 1812 4400 ratio

232 4448 435 4510 dictat,
487 4444 615 4498 illud
665 4443 954 4498 emendare
1003 4438 1220 4496 curetis.
1275 4438 1409 4492 Sunt
1454 4437 1598 4492 enim
1649 4437 1702 4494 in
1749 4450 1812 4490 eo

232 4537 389 4606 plura
419 4534 655 4603 exposita
689 4531 753 4586 de
799 4545 980 4585 rerum
1012 4528 1239 4592 naturis,
1282 4535 1337 4582 et
1365 4523 1649 4581 verborum
1681 4539 1806 4592 pro-

233 4623 572 4694 prietatibus,
603 4635 706 4676 nec
734 4637 837 4675 non
869 4621 1031 4674 etiam
1060 4621 1124 4674 de
1161 4618 1382 4689 mystica
1428 4633 1609 4672 rerum
1650 4616 1813 4684 signi-

235 4714 504 4768 ﬁcatione.
549 4711 705 4780 Quod
748 4711 950 4764 idcirco
989 4709 1063 4762 ita
1109 4707 1468 4763 ordinandum
1514 4707 1811 4772 aestimavi,

234 4810 299 4854 ut
347 4800 516 4855 lector
555 4797 811 4869 prudens
874 4795 1229 4851 continuatim
1268 4795 1495 4865 positam
1544 4793 1811 4850 inveniret

234 4888 553 4944 historicam
583 4894 635 4940 et
662 4887 940 4957 mysticam
971 4884 1297 4954 singularum
1340 4898 1515 4936 rerum
1560 4882 1812 4952 explana-
1841 4898 1884 4956 (ς

236 4981 481 5034 tionem:
515 4985 570 5032 et
612 4977 689 5032 sic
733 4975 1045 5029 satisfacere
1069 4972 1461 5042 quodammodo
1508 4979 1687 5040 posset
1715 4986 1811 5024 suo

235 5067 526 5128 desiderio,
560 5065 612 5118 in
639 5078 744 5133 quo
777 5071 832 5117 et
877 5063 1116 5118 historiae
1152 5069 1205 5116 et
1250 5060 1516 5127 allegoriae
1548 5059 1814 5112 inveniret

238 5156 748 5214 manifestationem.
797 5153 944 5208 Unde
983 5153 1113 5207 mihi
1161 5166 1267 5205 non
1314 5150 1503 5204 melius
1547 5148 1688 5203 aliud
1733 5150 1814 5202 vi-

237 5244 466 5300 debatur
504 5245 660 5313 hu,tts
687 5243 865 5310 operis
895 5256 1108 5296 sumere
1137 5241 1368 5304 initium,
1401 5254 1560 5307 quam
1605 5239 1671 5291 ab
1703 5239 1817 5307 ipso

236 5334 518 5389 conditore
562 5339 763 5394 nostro,
797 5333 887 5399 qui
926 5333 1163 5386 omnium
1211 5346 1390 5384 rerum
1432 5338 1514 5384 est
1562 5339 1720 5400 caput
1765 5338 1820 5383 et

237 5423 563 5494 principium
587 5437 601 5475 :
630 5423 755 5492 quia
782 5421 1040 5490 quidquid
1071 5421 1389 5476 naturaliter
1430 5421 1697 5484 subsistit,
1726 5428 1819 5473 aut

239 5521 435 5567 auctor
457 5516 511 5564 et
552 5517 765 5564 creator
801 5509 1043 5563 omnium
1081 5517 1199 5574 est,
1248 5515 1338 5562 aut
1383 5508 1450 5561 ab
1499 5523 1562 5562 eo
1606 5507 1818 5562 condita

236 5611 511 5657 creatura.
543 5599 680 5664 Quia
720 5616 784 5653 ea:
817 5600 925 5669 ipso
969 5609 1016 5652 et
1052 5615 1144 5667 per
1183 5602 1352 5668 ipsum
1393 5608 1439 5652 et
1472 5599 1525 5651 in
1564 5600 1674 5667 ipso
1701 5607 1820 5650 sunt

237 5692 424 5748 omnia
457 5689 635 5760 (Rom.
662 5689 770 5759 xt);
809 5691 898 5759 qui
937 5687 1053 5757 fecit
1082 5687 1262 5742 calum
1286 5697 1331 5742 et
1361 5697 1573 5753 terram,
1602 5704 1745 5742 mare
1774 5699 1821 5742 et

736 5785 1013 5846 ΡΑτιιοι.
1067 5779 1237 5843 CXI.

1911 3629 2034 3670 nam
2080 3616 2373 3672 transferre
2411 3619 2630 3689 placuit,
2670 3628 2728 3673 ut
2773 3621 2896 3675 inde
2947 3619 3155 3677 facilius
3204 3624 3486 3693 mysticam

1912 3703 2357 3773 significationem
2405 3706 2695 3776 explanare
2747 3724 2981 3779 possem.
3031 3711 3224 3767 Addidi
3273 3730 3488 3785 quoque

1913 3799 1968 3851 in
2001 3815 2170 3867 pnese
2212 3801 2250 3854 ti
2292 3803 2548 3871 opusculo
2596 3819 2701 3858 non
2751 3821 2920 3874 pauca
2961 3806 3026 3861 de
3076 3806 3180 3882 [ide
3223 3809 3490 3864 catholica

1915 3896 1970 3942 et
2005 3887 2261 3959 religione
2289 3889 2596 3947 Christiana
2623 3912 2635 3948 :
2666 3903 2720 3948 et
2744 3909 2774 3948 e
2815 3897 3086 3952 contrario
3116 3898 3181 3952 de
3209 3899 3489 3968 gentilium

1912 3980 2307 4050 superstitione,
2337 3992 2392 4036 et
2420 3984 2796 4039 haereticorum
2833 4001 3039 4061 errore,
3067 3988 3133 4043 de
3156 3989 3490 4061 philosophis

1913 4080 1969 4124 et
2013 4072 2184 4142 magis
2218 4082 2379 4141 atque
2428 4073 2576 4129 falsis
2613 4074 2732 4136 diis,
2763 4077 2829 4130 de
2872 4071 3068 4146 linguis
3113 4080 3385 4147 gentium,
3424 4081 3492 4136 de

1914 4159 2093 4228 regnis
2135 4167 2188 4213 et
2215 4161 2442 4216 militum
2485 4163 2788 4232 civiumque
2817 4164 3088 4228 vocabulis
3123 4174 3285 4237 atque
3318 4168 3490 4222 amni-

1916 4251 2144 4314 tatibus;
2179 4250 2244 4305 de
2273 4251 2490 4308 homine
2516 4262 2570 4308 et
2595 4255 2839 4323 partibus
2878 4253 3012 4321 ejus,
3042 4263 3096 4309 et
3120 4255 3340 4326 reliquis
3372 4259 3487 4312 ani-

1917 4339 2230 4393 mantibus:
2270 4340 2338 4394 de
2381 4340 2666 4410 lapidibus,
2713 4343 2874 4414 lignis
2913 4353 2971 4398 et
3016 4345 3220 4411 herbis,
3266 4361 3384 4415 qua:
3435 4349 3488 4402 in

1916 4435 2061 4483 terra
2091 4429 2380 4499 gignuntur
2406 4448 2418 4483 :
2451 4431 2516 4485 de
2542 4431 2708 4484 variis
2735 4433 2942 4488 artibus
2970 4441 3130 4504 atque
3158 4436 3402 4492 artiﬁciis
3433 4447 3491 4494 et

1915 4516 2034 4571 aliis
2060 4519 2241 4574 multis
2268 4538 2279 4572 :
2308 4535 2428 4589 qua:
2453 4521 2634 4576 omnia
2659 4519 2713 4574 in
2743 4524 3004 4588 prooemio
3027 4528 3333 4581 enumerari
3372 4527 3490 4582 lon-

1917 4623 2039 4676 gum
2067 4617 2168 4662 est.
2199 4607 2428 4662 Proinde
2465 4609 2608 4677 quod
2639 4609 2706 4664 de
2732 4610 2815 4664 his
2842 4609 3023 4678 posui,
3053 4626 3195 4665 nunc
3220 4613 3442 4669 subiciat
3474 4633 3488 4669 :

1915 4705 2168 4751 ueterum
2197 4705 2374 4751 autem
2404 4693 2457 4749 in
2482 4695 2729 4765 capitulis
2756 4697 3085 4767 singulorum
3125 4698 3385 4754 librorum
3406 4703 3489 4755 di-

1917 4781 2166 4853 ligentius
2191 4797 2259 4849 ea
2281 4785 2555 4838 numerari
2587 4785 2789 4838 curavi.
2817 4785 3040 4840 Decrevi
3081 4786 3223 4840 enim
3265 4788 3367 4841 hoc
3408 4799 3490 4840 to-

1919 4883 2028 4928 tum
2055 4888 2189 4942 opus
2233 4873 2313 4944 (ιιι
2335 4889 2498 4944 supra
2529 4875 2661 4946 dixi)
2706 4875 2759 4928 in
2791 4874 2977 4944 viginti
3012 4876 3146 4931 duos
3192 4876 3357 4931 libros
3384 4877 3494 4932 dis-

1917 4962 2100 5033 pertiri
2129 4983 2142 5016 :
2169 4965 2268 5018 sub
2313 4978 2418 5033 quo
2465 4977 2687 5017 numero
2715 4963 2883 5018 Vetus
2925 4963 3329 5018 Testamentum
3359 4964 3494 5034 legis

1917 5057 2108 5110 divina:
2170 5056 2434 5124 interpres
2498 5056 2688 5113 beatus
2733 5055 3090 5126 Hieronymus
3149 5056 3494 5126 complexum

1921 5161 1979 5200 se
2022 5146 2251 5201 asseruit
2277 5164 2289 5199 :
2317 5161 2386 5200 ex
2415 5146 2566 5214 cujus
2611 5146 3048 5214 interpretatione
3075 5153 3128 5201 et
3159 5148 3496 5216 expositione

1921 5238 2164 5305 quaedam
2193 5234 2421 5291 obscura
2449 5237 2501 5289 in
2541 5236 2643 5291 hoc
2675 5251 2835 5307 opere
2868 5237 3149 5292 elucidavi.
3183 5237 3264 5293 Tu
3295 5247 3496 5302 autem,

1923 5326 2092 5381 electe
2119 5325 2334 5380 domine
2355 5333 2409 5379 et
2438 5340 2619 5394 regum
2643 5326 2979 5390 charissime,
3008 5327 3244 5397 acceptis
3267 5328 3352 5384 his
3379 5340 3499 5396 qua:

1925 5415 2020 5469 tibi
2050 5415 2344 5481 transmisi,
2375 5423 2529 5469 utere
2555 5415 2634 5469 eis
2661 5423 2720 5469 ut
2750 5416 2936 5471 decet:
2970 5423 3024 5470 et
3053 5425 3159 5470 tam
3188 5416 3308 5482 tibi,
3336 5428 3501 5485 quam

1925 5505 2030 5558 illis
2059 5505 2148 5572 qui
2197 5506 2296 5559 sub
2325 5513 2414 5560 tuo
2465 5505 2726 5576 regimine
2755 5513 2884 5560 sunt
2923 5505 3221 5568 Constituti,
3253 5519 3316 5560 ea
3347 5504 3504 5559 utilia

1926 5611 2046 5649 esse
2079 5595 2329 5664 permitte
2355 5613 2368 5648 :
2399 5602 2663 5664 quatenus
2693 5603 2842 5649 tuum
2872 5595 3072 5649 bonum
3105 5593 3338 5649 studium
3365 5592 3504 5647 mul-

1929 5689 1999 5743 tis
2047 5688 2328 5758 proveniat
2368 5688 2436 5743 ad
2481 5686 2780 5758 spiritalem
2812 5685 3143 5758 profectum,
3187 5693 3240 5738 et
3271 5683 3366 5736 [lat
3395 5689 3505 5738 tant

3034 5777 3066 5837 1
