3896 6332
387 342 446 399 Ξ]
1023 341 1080 394 Β.
1119 339 1375 396 ΒΑΒΑΝΙ
1413 340 1628 397 MAURI
1669 341 1982 398 ARL'lllEl'.
2027 344 2338 404 MOGUNT.
2379 343 2664 402 OPERUM
2700 342 2882 399 PARS
2919 338 2981 398 ll.
3597 343 3666 400 i2

383 457 484 515 tibi
518 470 680 526 quam
733 455 837 510 illis
885 453 1125 524 spiritale
1169 453 1488 521 exet-citium
1512 465 1697 524 atque
1738 455 1978 511 caelestis
2003 464 2053 523 Α
2080 459 2252 514 minus
2283 457 2555 514 Salomoni
2576 472 2595 510 :
2625 458 2763 524 Quia
2795 457 3072 528 postulasti
3097 460 3310 515 verbum
3341 460 3460 526 hoc,
3484 473 3534 518 et
3563 478 3666 518 non

380 547 563 620 gaudii
624 547 1040 601 incrementum.
1091 545 1308 600 Imitare
1361 544 1506 600 illius
1535 532 1816 616 ‘sapientis
1870 547 1972 601 viri

381 637 710 709 ¢Felllplllm,
737 638 829 708 qui
857 639 922 692 de
948 637 1226 707 sapientiae
1255 636 1413 692 laude
1443 637 1666 707 protulit
1688 637 1794 692 tale
1837 655 1975 708 prae-

382 729 622 792 coniutn,
653 727 841 782 dicens
865 746 878 781 :
909 727 1174 793 Inuocaui,
1200 737 1249 782 et
1282 730 1420 783 venit
1447 729 1503 782 in
1532 746 1612 782 me
1639 731 1853 798 spiritus
1881 747 1972 784 sa—

379 820 590 890 pientiae
612 833 631 870 :
665 828 714 872 et
756 818 1018 888 prmposui
1062 817 1209 871 illaut
1249 819 1420 888 regnis
1451 831 1498 871 et
1532 819 1770 884 sedibus;
1809 827 1856 872 et
1887 819 1973 872 di-

377 911 534 964 uiias
561 909 692 964 nihil
730 926 838 963 esse
863 909 992 962 duxi
1016 910 1070 962 in
1097 911 1487 980 comparatione
1511 911 1675 966 illius.
1703 911 1814 966 Nec
1837 928 1976 966 cont-

376 1002 561 1070 paravi
589 1000 666 1054 illi
705 1000 933 1070 lapidem
971 1001 1277 1067 pretiosum,
1313 1003 1559 1072 quoniam
1603 1021 1754 1058 omne
1782 1021 1974 1057 aurum

377 1091 432 1145 in
458 1091 848 1161 comparatione
877 1089 1020 1144 illius
1065 1107 1226 1145 arena
1260 1101 1335 1146 est
1375 1092 1599 1162 exigua,
1635 1103 1682 1148 et
1722 1102 1973 1164 tanquam

375 1181 546 1236 lutum
569 1182 918 1236 aestimabitur
936 1191 1210 1251 argentum
1232 1183 1286 1235 in
1311 1193 1588 1252 conspectu
1616 1183 1779 1238 illius.
1805 1183 1977 1254 Super

373 1270 600 1324 salutem
627 1282 672 1324 et
701 1271 921 1340 speciem
959 1271 1120 1324 dilexi
1150 1271 1334 1338 illam,
1363 1283 1410 1327 et
1440 1275 1687 1344 proposui
1724 1291 1820 1347 pro
1860 1273 1976 1328 luce

361 1347 562 1416 habere
586 1360 758 1426 illam,
784 1363 1033 1433 quoniam
1055 1362 1482 1433 inexstinguibile
1509 1373 1582 1419 est
1607 1363 1781 1418 lumen
1804 1364 1972 1419 illius.

380 1451 646 1506 Venerunt
673 1461 852 1506 autem
893 1453 1020 1507 mihi
1052 1453 1232 1507 omnia
1276 1453 1410 1508 bona
1454 1455 1657 1524 pariter
1699 1471 1817 1508 cum
1853 1453 1972 1520 illa,

369 1551 418 1597 et
449 1543 848 1597 innumerabilis
876 1543 1122 1598 honestas
1149 1561 1242 1614 per
1262 1561 1449 1598 manus
1474 1544 1637 1599 illius.
1667 1544 1738 1599 Et
1765 1545 1974 1600 lanatas

369 1651 485 1687 sum
516 1634 570 1688 in
595 1634 860 1701 omnibus,
889 1637 1139 1706 quoniam
1166 1636 1501 1690 antecedebat
1527 1654 1607 1691 me
1633 1639 1735 1691 ista
1764 1639 1976 1708 sapien-

368 1733 464 1777 ιτα.
496 1723 668 1789 Quam
703 1724 816 1778 sine
843 1725 1054 1794 ﬁctione
1078 1725 1260 1791 didici,
1289 1737 1337 1780 et
1374 1727 1486 1781 sine
1514 1728 1711 1782 invidia
1743 1745 1975 1782 commu-

368 1819 510 1884 nico,
532 1828 579 1872 et
602 1819 925 1873 honestatem
951 1817 1096 1872 illius
1120 1835 1224 1872 non
1248 1818 1532 1872 abscondo.
1558 1818 1810 1887 Inﬁnitus
1830 1821 1968 1873 enim
2000 1852 2046 1911 Β

369 1911 647 1964 thesaurus
675 1920 748 1963 est
789 1910 1087 1963 hominibus
1109 1923 1127 1960 :
1155 1926 1259 1978 quo
1285 1911 1375 1980 qui
1407 1911 1489 1962 usi
1517 1922 1657 1974 sunt,
1688 1911 1968 1980 participes

367 1998 495 2059 facti
524 2008 646 2053 sunt
679 1999 926 2053 amicitia:
969 1998 1090 2062 Dei,
1129 2000 1377 2068 quoniam
1409 2001 1517 2070 ipse
1543 2001 1813 2071 sapientia:
1858 2002 1969 2056 dua:

366 2097 442 2142 est
470 2097 518 2141 et
542 2089 858 2156 sapientium
885 2088 1211 2140 emendator.
1237 2086 1303 2140 In
1330 2104 1490 2141 manu
1513 2090 1650 2141 enim
1678 2088 1822 2143 illius
1849 2099 1968 2144 sunt

366 2189 414 2232 et
443 2193 559 2243 nos,
595 2185 643 2231 et
671 2193 934 2231 sermones
963 2177 1150 2239 nostri,
1186 2184 1234 2230 et
1264 2178 1432 2230 ontnis
1461 2179 1743 2247 sapientia,
1770 2190 1817 2233 et
1849 2197 1971 2250 ope-

367 2284 486 2320 rum
514 2267 734 2321 scientia
755 2276 804 2319 et
832 2265 1131 2334 disciplina.
1156 2264 1278 2333 Ipse
1296 2267 1434 2318 enim
1459 2266 1586 2319 mihi
1611 2267 1750 2320 dedit
1779 2267 1968 2321 horum

364 2371 484 2425 quae
527 2363 649 2409 sunt
695 2354 968 2408 scientiam
1016 2369 1223 2419 veram,
1259 2363 1313 2408 ut
1360 2356 1526 2408 sciam
1573 2355 1966 2425 dispositionem

365 2445 506 2500 orbis
545 2455 840 2509 terrarum,
876 2453 924 2515 et
954 2446 1193 2498 virtutem
1225 2445 1630 2512 elementorum,
1670 2448 1879 2501 initium
1917 2457 1966 2502 et

366 2539 895 2602 consummationem,
938 2547 988 2591 et
1033 2538 1364 2591 medietatem
1408 2549 1726 2609 temporum,
1761 2540 1966 2594 uicissi-

363 2629 610 2686 tudinum
655 2629 1096 2698 permutationes,
1143 2639 1191 2682 et
1245 2633 1720 2686 consummationes
1769 2642 1968 2703 tempo-

366 2733 508 2781 rum,
536 2733 739 2770 morum
759 2717 1093 2782 mutationes,
1117 2727 1164 2771 et
1193 2718 1474 2772 divisiones
1498 2727 1810 2790 temporum,
1839 2721 1966 2775 anni

365 2821 573 2870 cursus,
598 2815 645 2859 et
672 2805 944 2860 stellarum
969 2807 1357 2876 dispositiones,
1381 2820 1600 2862 naturas
1630 2809 1964 2876 animalium,

363 2905 413 2950 et
442 2896 554 2950 iras
582 2893 886 2960 bestiarum,
928 2895 1031 2949 vim
1069 2907 1372 2962 uentorum,
1413 2899 1626 2967 cogitati
1665 2915 1698 2952 n
1733 2916 1757 2953 s
1798 2900 1968 2954 homi-

363 3000 523 3051 num,
575 2984 898 3053 diﬂ'ercntias
945 2985 1229 3050 arborum,
1275 2996 1321 3039 et
1361 2985 1574 3040 uirtutes
1619 3003 1646 3039 r
1743 3005 1886 3054 cum,
1917 2999 1967 3043 et

361 3088 683 3144 quiscunque
704 3084 822 3128 sunt
848 3076 1100 3130 absconsa
1124 3086 1172 3130 et
1197 3078 1476 3148 improvisa
1500 3079 1662 3132 didici
1685 3092 1703 3131 .·
1767 3083 1967 3135 mnium

363 3165 502 3216 enim
551 3165 744 3234 artifex
789 3166 965 3220 docuit
1015 3184 1098 3221 me
1145 3171 1401 3238 sapientia
1449 3169 1598 3241 (Sap.
1638 3183 1759 3225 Viti.
1814 3172 1967 3228 Unde

365 3256 531 3310 etiam
578 3256 629 3310 in
679 3256 816 3312 libro
846 3259 1086 3326 gentium
1121 3267 1176 3313 et
1215 3259 1419 3330 Regum
1468 3261 1661 3332 legitur
1693 3260 1738 3314 D
1779 3263 1965 3317 minus

365 3345 631 3413 probasse
676 3347 993 3414 petitionem
1045 3346 1369 3414 Salomonis,
1411 3351 1503 3420 qui
1545 3352 1700 3421 petiit
1734 3353 1800 3404 a'.
1852 3351 1966 3421 ipso

365 3432 468 3487 sibi
514 3432 633 3486 dari
677 3451 768 3487 cor
808 3436 1061 3501 docibile,
1105 3448 1160 3490 ut
1200 3439 1447 3508 judicare
1494 3451 1678 3510 posset
1716 3441 1964 3512 populant

367 3538 544 3587 suum,
575 3533 621 3575 et
657 3523 950 3588 discernere
997 3528 1135 3581 inter
1183 3528 1373 3582 bonum
1403 3540 1449 3583 et
1494 3531 1727 3597 malum;
1759 3533 1848 3588 ubi
1891 3534 1968 3588 ita

365 3613 626 3679 scriptqu
673 3623 793 3667 est:
827 3614 1034 3669 Placuit
1084 3635 1254 3671 sermo
1306 3637 1482 3673 coram
1536 3621 1784 3687 Domino,
1825 3625 1965 3694 quod

368 3699 618 3754 Salomon
661 3719 766 3756 rent
813 3703 1178 3773 hujuscemodi
1217 3707 1549 3776 postulasset.
1585 3711 1651 3764 Et
1693 3712 1826 3764 dixit
1861 3713 1967 3764 Do—

2074 548 2244 617 petisti
2271 546 2380 600 dies
2409 546 2617 610 multos,
2653 563 2744 600 nec
2769 548 2978 601 divitias
3005 547 3310 618 animasque
3335 549 3668 606 inimicorum

2077 645 2306 701 tuorum,
2336 635 2427 690 sed
2456 636 2737 706 postulasti
2781 635 2871 689 tibi
2913 637 3225 706 sapientiam
3266 637 3334 689 ad
3373 639 3669 694 discernen-

2075 727 2199 780 dum
2233 726 2500 801 judicium
2543 740 2561 778 :
2602 743 2718 780 ecce
2765 725 2864 795 feci
2911 726 3003 779 tibi
3058 727 3344 780 secundum
3405 744 3669 784 sermones

2076 829 2212 884 tuos,
2239 829 2286 873 et
2316 818 2438 873 dedi
2463 818 2555 872 tibi
2596 835 2688 872 cor
2715 819 2922 888 sapiens
2945 826 2994 872 et
3021 817 3336 886 intelligens,
3360 819 3413 872 in
3443 829 3667 885 tantum,

2075 917 2132 961 ut
2168 905 2345 962 nullus
2371 917 2493 962 ante
2522 917 2571 962 te
2605 907 2791 962 similis
2819 907 2895 960 tui
2927 907 3117 976 fuerit,
3146 922 3238 961 nec
3264 917 3378 978 post
3410 920 3460 962 te
3491 926 3670 963 surre-

2075 1007 2254 1050 cturus
2277 997 2365 1049 εἴτ.
2407 995 2514 1051 Sed
2545 1006 2592 1050 et
2633 997 2746 1050 htec
2783 1011 2901 1066 qua:
2936 1012 3039 1049 non
3075 994 3378 1065 postulasti,
3401 997 3521 1051 dedi
3551 998 3667 1062 tibi,

2074 1087 2283 1141 divitias
2311 1086 2507 1141 scilicet
2536 1096 2585 1142 et
2630 1085 2854 1157 gloriam
2873 1128 2886 1151 ,
2926 1096 2980 1140 ut
3012 1103 3160 1140 nemo
3191 1086 3348 1153 fuerit
3379 1087 3564 1141 similis
3589 1090 3669 1143 tui

2073 1181 2128 1234 in
2157 1180 2360 1250 regibus
2388 1182 2588 1235 cunctis
2617 1189 2755 1234 retro
2780 1181 2984 1235 diebus.
3011 1180 3071 1236 Si
3108 1191 3280 1234 autem
3323 1182 3669 1239 ambulaveris

2074 1271 2128 1324 in
2157 1272 2254 1325 viis
2287 1273 2435 1337 meis,
2468 1282 2514 1327 et
2542 1273 2852 1327 custodieris
2887 1282 3144 1343 prtecepta
3177 1290 3314 1338 mea,
3339 1284 3386 1327 et
3419 1275 3670 1330 mandata

2073 1365 2208 1429 mea,
2234 1365 2369 1418 sicut
2401 1363 2685 1418 ambulauit
2720 1363 2889 1418 Dauid
2915 1374 3064 1434 pater
3091 1375 3235 1428 tuus,
3272 1363 3451 1435 longos
3476 1365 3671 1434 faciam

2074 1453 2184 1507 dies
2223 1465 2340 1510 tuos
2386 1454 2506 1525 (III
2535 1455 2664 1526 Reg.
2690 1455 2797 1527 III).
2826 1453 2979 1510 Unde
3021 1453 3363 1510 manifestum
3404 1465 3488 1511 est
3528 1456 3673 1526 quod

2075 1545 2384 1616 quicunque
2430 1561 2595 1601 verus
2636 1555 2722 1600 est
2763 1554 2977 1600 amator
3019 1546 3400 1615 sapientitn,ct
3444 1546 3677 1618 diligens

2073 1644 2259 1690 custos
2296 1635 2678 1690 mandatorum
2707 1635 2824 1700 Dei,
2865 1641 2921 1689 et
2957 1634 3128 1690 ﬁdelis
3170 1644 3458 1698 exsecutor
3481 1636 3674 1692 volun-

2074 1728 2204 1782 tatis
2229 1727 2397 1797 ipsius
2427 1743 2599 1797 usque
2626 1728 2680 1781 in
2715 1726 2900 1791 ﬁnem,
2927 1727 3018 1782 hic
3053 1727 3214 1782 habet
3239 1743 3360 1782 eum
3394 1737 3675 1798 protecto-

2075 1832 2210 1880 rem,
2249 1817 2304 1870 in
2334 1815 2514 1870 futura
2539 1832 2668 1872 vero
2693 1817 2804 1871 vita
2839 1816 3207 1872 ﬁdelissimum
3237 1819 3362 1874 boni
3390 1820 3552 1874 studii
3587 1835 3674 1876 re-

2073 1915 2471 1961 manet-storem
2513 1913 2568 1960 et
2616 1907 2796 1977 gaudii
2837 1907 3025 1961 aeterni
3073 1907 3404 1976 largitorem.
3439 1909 3664 1971 Idcirco,

2073 1997 2288 2052 domine
2321 1996 2394 2050 ini
2425 2011 2541 2062 rex,
2571 2005 2698 2052 ante
2728 1997 2910 2050 omnia
2959 2012 3172 2066 semper
3209 1998 3445 2052 studium
3476 2000 3546 2053 sit
3573 1999 3670 2054 tibi

2072 2087 2138 2140 ad
2169 2087 2487 2141 discendam
2515 2088 2833 2156 sapientiam
2863 2087 3124 2152 divinam,
3156 2087 3531 2158 Subjcctosque
3568 2091 3669 2145 tibi

2071 2175 2306 2246 idipsum
2335 2192 2496 2246 agere
2531 2177 2852 2247 prmcipias:
2885 2186 3156 2247 quatenus
3199 2178 3394 2232 merito
3438 2193 3530 2232 rex
3565 2196 3637 2234 no

2071 2265 2264 2318 minari
2307 2265 2502 2334 possis,
2547 2266 2638 2336 qui
2678 2266 3026 2335 temetipsum
3054 2273 3110 2322 et
3155 2281 3346 2322 omnes
3397 2268 3493 2322 tibi
3541 2269 3672 2324 ohe.

2069 2353 2281 2408 dientes
2305 2355 2601 2408 secundum
2630 2354 2961 2408 voluntatem
2992 2356 3087 2410 Dei
3121 2370 3308 2426 regere
3338 2366 3394 2412 et
3435 2359 3487 2411 in
3523 2359 3669 2414 viain

2067 2444 2316 2512 veritatis
2363 2445 2560 2500 dueere
2589 2445 2805 2500 conaris
2833 2464 2846 2498 :
2879 2446 3067 2514 sicque
3114 2446 3206 2501 ﬁet
3235 2456 3296 2502 ut
3328 2464 3450 2503 cum
3501 2465 3667 2520 appa-

2070 2538 2242 2590 ruerit
2269 2536 2383 2591 Rex
2412 2551 2619 2608 regum,
2643 2547 2698 2591 et
2725 2537 2982 2591 Dominus
3009 2538 3353 2592 dominorum
3384 2539 3586 2594 sederit
3612 2541 3666 2595 in

2069 2625 2196 2679 sede
2227 2626 2524 2695 majestatis
2551 2641 2682 2690 suae,
2707 2633 2762 2680 et
2791 2635 3130 2697 congregatim
3162 2625 3366 2681 fuerint
3391 2637 3514 2682 ante
3543 2644 3666 2684 eum

2067 2729 2256 2770 omnes
2283 2724 2492 2786 gentes,
2525 2724 2585 2769 ut
2623 2715 2886 2784 recipiant
2911 2731 3120 2780 omnes,
3155 2715 3311 2784 juxta
3352 2718 3668 2772 meritorum

2068 2805 2409 2875 qualitatem,
2453 2815 2544 2859 aut
2583 2805 2870 2874 prmmium
2905 2814 2997 2858 aut
3022 2820 3266 2874 poenam,
3296 2815 3424 2860 tunc
3458 2814 3512 2859 tu
3543 2821 3666 2860 cum

2069 2897 2174 2952 tuis
2200 2912 2230 2950 a
2258 2896 2465 2950 dextris
2489 2894 2604 2964 ejus
2628 2904 2802 2960 stans,
2821 2895 3020 2950 audias
3049 2895 3194 2949 illam
3223 2895 3512 2949 amabilem
3543 2911 3656 2950 sen-

2068 2989 2293 3043 tentiam
2326 2987 2559 3050 Domini,
2589 3001 2753 3056 quam
2786 2987 2853 3039 ad
2898 3002 3091 3041 clunes
3132 2985 3336 3041 electos
3364 3001 3493 3041 suos
3535 3001 3664 3055 pro-

2066 3078 2275 3134 laturus
2322 3087 2438 3142 est,
2481 3078 2711 3133 dicens‘:
2763 3075 2959 3142 Venite,
3007 3077 3259 3130 benedicti
3304 3074 3483 3130 Patris
3523 3077 3662 3142 mei,

2067 3171 2324 3240 possidete
2372 3169 2514 3223 vobis
2566 3177 2808 3237 paratum
2865 3184 3080 3239 regnum
3130 3168 3193 3220 ab
3232 3167 3432 3238 origine
3476 3168 3662 3222 mundi

2066 3258 2286 3329 (Matth.
2330 3257 2479 3329 xxv).
2531 3256 2728 3328 Sicque
2778 3257 3015 3312 insertus
3066 3265 3377 3312 sanctorum
3433 3257 3661 3313 coetibus

2071 3351 2174 3405 ibis
2213 3365 2335 3404 cum
2363 3365 2429 3404 eo
2457 3350 2511 3404 in
2549 3350 2713 3403 vitam
2742 3356 3020 3413 (sternam,
3053 3347 3146 3401 ubi
3191 3347 3352 3402 simul
3376 3362 3498 3402 cum
3533 3362 3650 3402 san-

2071 3441 2174 3495 ctis
2211 3440 2416 3509 angelis
2448 3438 2716 3493 lcetaberis
2745 3439 2797 3492 in
2823 3446 3117 3508 conspectu
3167 3439 3352 3509 gloriae
3391 3439 3560 3509 ipsius
3587 3438 3641 3495 l'e

2069 3530 2246 3584 liciter
2268 3543 2438 3597 usque
2462 3530 2515 3583 in
2544 3530 2728 3582 ﬁnem.
2756 3528 3010 3598 Majestas
3039 3528 3430 3598 omnipotentis
3455 3527 3547 3582 Dei
3571 3527 3662 3582 diu

2072 3637 2163 3674 vos
2196 3621 2282 3674 hic
2309 3628 2484 3674 servet
2526 3619 2844 3683 incolumes,
2870 3629 2926 3674 et
2950 3629 3137 3690 postea
3165 3620 3220 3674 in
3249 3619 3485 3675 cmlestis
3512 3617 3662 3689 regni

2076 3711 2271 3780 gaudio
2302 3709 2570 3765 beatiﬁcet
2598 3711 2950 3779 sempiterno.

1506 3963 2034 4042 PREFATIO
2111 3965 2536 4049 ALTERA.

1277 4131 1366 4185 AD
1421 4131 1811 4187 HEMMONEM
1854 4133 2290 4208 [IIAYMONEM]
2334 4135 2740 4194 EPISCOPUM.

441 4381 672 4436 Domino
702 4381 1194 4447 reverendissimo,
1245 4391 1447 4435 etcum
1479 4379 1626 4435 omni
1679 4381 1964 4436 charitatis
1991 4384 2639 4444 Dcommemorationem
2693 4391 2746 4447 in
2810 4397 3000 4466 paucis
3052 4397 3290 4455 breviter
3343 4403 3652 4466 aduocatum

371 4471 553 4527 ofﬁcio
584 4470 778 4525 merito
811 4471 1116 4523 venerando
1149 4478 1312 4538 atque
1357 4469 1582 4524 colendo
1620 4469 1766 4525 Patri
1815 4471 1962 4526 lieu-

371 4578 500 4619 Itout
532 4561 805 4632 episcopo,
841 4560 1113 4621 Ramnes,
1152 4557 1356 4612 inutilis
1405 4573 1684 4613 servorum
1719 4560 1813 4613 Dei
1849 4575 1963 4614 ser-

371 4671 472 4710 vus
498 4695 511 4716 ,
546 4655 599 4706 in
626 4651 843 4705 Christo
873 4659 1133 4703 aeternam
1173 4658 1323 4718 optat
1354 4649 1603 4703 salutem.

442 4744 647 4797 Memor
671 4742 795 4795 boni
828 4741 989 4795 studii
1024 4741 1116 4805 tui,
1149 4750 1335 4795 sancte
1361 4741 1537 4807 Pater,
1565 4742 1704 4811 quod
1731 4742 1960 4797 habuisti

372 4836 424 4887 in
456 4831 645 4902 puerili
678 4840 839 4900 atque
860 4831 1082 4901 juvenili
1137 4840 1295 4886 (etate
1327 4833 1378 4885 in
1413 4833 1714 4886 litterarum
1750 4834 1962 4888 exerci-

375 4924 448 4977 tio
483 4932 536 4976 et
565 4937 844 4977 sacrarum
878 4921 1284 4992 Scripturarum
1330 4924 1700 4988 meditatione,
1748 4926 1964 4993 quando

373 5028 584 5065 mecum
614 5012 828 5081 legebas
858 5027 964 5067 non
1019 5013 1189 5068 solum
1223 5015 1434 5070 divinos
1463 5015 1630 5070 libros
1663 5025 1718 5070 et
1745 5027 1962 5072 sancto-

375 5119 492 5156 rum
527 5103 747 5158 Patrum
777 5120 940 5174 super
963 5120 1057 5159 cos
1083 5108 1468 5176 expositiones,
1495 5112 1588 5162 sed
1618 5111 1778 5165 etiam
1804 5112 1964 5181 hujus

376 5194 560 5248 tuundi
587 5196 906 5263 sapientium
938 5195 1005 5249 de
1038 5213 1214 5251 rerum
1247 5199 1454 5253 naturis
1483 5200 1709 5255 solertes
1735 5202 1962 5270 inquisi-

376 5285 571 5348 tiones,
601 5301 734 5354 quas
764 5286 813 5337 in
848 5286 1146 5340 liberalium
1176 5289 1372 5341 artium
1400 5287 1759 5359 descriptione
1785 5301 1839 5347 et
1863 5310 1964 5348 ca:-

375 5382 614 5428 tcrarum
649 5391 826 5428 rerum
874 5375 1284 5446 investigatione
1315 5394 1750 5450 composuerunt.
1803 5385 1960 5442 Post-

375 5480 536 5530 quam
568 5480 651 5517 ine
702 5465 878 5518 divina
904 5469 1240 5534 providentia
1271 5471 1337 5524 ab
1366 5473 1696 5529 exteriorum
1724 5479 1962 5547 negotio-

379 5568 496 5604 rum
524 5571 651 5607 eura
682 5556 910 5610 absolvit
929 5600 941 5621 ,
977 5568 1137 5628 teque
1164 5561 1216 5614 in
1247 5565 1535 5630 pastoralis
1563 5582 1704 5622 cura:
1725 5570 1958 5624 ollicium

381 5641 708 5707 suhlituavit,
726 5647 1048 5714 cogitabant,
1077 5651 1204 5718 quid
1220 5652 1346 5705 Tum
1362 5652 1648 5710 Sanctitati
1668 5668 1878 5726 gratum
1908 5673 1961 5716 et

382 5732 506 5784 utile
533 5735 584 5787 in
613 5735 898 5792 scribendo
920 5740 1186 5796 conﬁcere
1211 5759 1455 5810 possem:
1489 5760 1594 5814 quo
1630 5748 1858 5805 haberes
1891 5753 1960 5806 ob

2067 4475 2210 4544 quod
2259 4483 2385 4530 ante
2410 4476 2462 4530 in
2495 4477 2783 4538 multorum
2827 4488 3071 4542 codicum
3107 4489 3460 4559 amplitudine
3489 4503 3545 4550 et
3574 4496 3647 4552 fa-

2065 4566 2239 4619 cunda
2274 4579 2550 4626 oratorum
2598 4571 2868 4633 locutione
2903 4581 3164 4637 disertum
3194 4585 3411 4654 copiose
3451 4588 3650 4660 legisti.

2064 4655 2247 4725 Neque
2273 4661 2416 4714 enim
2447 4664 2578 4718 mihi
2608 4666 2847 4737 ignotum
2878 4681 2961 4726 est
2988 4675 3200 4743 qualem
3252 4655 3650 4738 infestationem

2065 4747 2283 4815 habeas,
2315 4767 2421 4806 non
2467 4757 2640 4811 solum
2664 4775 2693 4812 a
2723 4764 2947 4832 paganis
2978 4768 3066 4834 qui
3097 4768 3190 4823 tihi
3217 4773 3457 4828 conllnes
3504 4785 3647 4842 sunt,

2065 4841 2156 4893 sed
2183 4843 2347 4896 etiam
2375 4860 2404 4899 a
2443 4848 2759 4917 populorum
2802 4856 2996 4920 turbis,
3025 4873 3145 4927 qute
3180 4877 3280 4930 per
3306 4841 3648 4921 insolentiam

2064 4943 2119 4987 et
2148 4934 2543 5005 improbitatem
2575 4959 2784 5000 morum
2814 4947 2938 5003 Tuae
2952 4948 3269 5007 Paternitati
3301 4971 3405 5010 non
3427 4973 3647 5024 parvam

2065 5024 2363 5080 molestiam
2395 5029 2663 5101 ingerunt,
2700 5045 2755 5089 et
2781 5038 2850 5092 ob
2877 5040 2979 5094 hoc
3013 5040 3283 5110 frequenti
3310 5046 3537 5100 orationi
3569 5056 3645 5102 at-

2064 5131 2166 5184 que
2187 5117 2414 5173 assidua:
2443 5121 2655 5177 lectioni
2690 5133 2740 5179 te
2766 5143 2960 5184 vacare
2999 5147 3103 5186 non
3133 5135 3470 5200 permittunt.
3521 5136 3648 5193 Haec

2063 5206 2206 5260 enim
2230 5209 2408 5262 omnia
2442 5211 2571 5265 mihi
2606 5214 2832 5272 sollicite
2859 5221 3110 5273 tractanti
3137 5222 3285 5276 venit
3312 5223 3365 5279 iu
3408 5236 3644 5280 mentem

2063 5304 2120 5348 ut
2139 5295 2290 5363 juxta
2317 5314 2522 5356 morem
2551 5307 2890 5374 antiquorum
2919 5310 3010 5378 qui
3040 5311 3104 5365 de
3131 5327 3310 5368 rerum
3339 5317 3547 5371 naturis
3589 5324 3645 5372 et

2063 5389 2337 5444 nominum
2377 5401 2536 5462 atque
2586 5398 2870 5452 verborum
2921 5403 3258 5473 etymologiis
3313 5405 3462 5474 plura
3513 5422 3644 5464 con-

2062 5481 2351 5549 scripsere,
2397 5484 2509 5553 ipse
2539 5487 2630 5541 tibi
2671 5488 2883 5556 aliquod
2922 5494 3235 5562 opusculum
3266 5499 3550 5554 conderem
3583 5499 3639 5556 iu

2061 5587 2166 5639 quo
2192 5573 2419 5629 haberes
2450 5575 2708 5645 scriptum
2735 5595 2840 5634 non
2867 5581 3038 5636 solum
3064 5583 3128 5637 de
3153 5599 3332 5640 rerum
3356 5588 3562 5642 naturis
3586 5597 3642 5644 et

2061 5663 2346 5717 verborum
2377 5667 2795 5736 proprietatibus
2819 5710 2833 5732 ,
2868 5673 2959 5729 sed
3001 5673 3162 5726 etiam
3197 5675 3262 5730 de
3299 5677 3523 5746 mystica
3547 5693 3638 5733 ea-

2062 5751 2304 5807 rumdem
2334 5770 2510 5810 rerum
2557 5759 2946 5826 signiﬁcatione
3018 5771 3074 5815 ut
3102 5766 3453 5821 continuatitu
3491 5769 3635 5835 posi-
