3896 6324
198 356 257 407 17,
1172 339 1257 393 DE
1295 335 1640 393 UNIVERSO
1676 336 1853 391 LIBRI
1898 335 2053 389 XXII.
2096 366 2161 374 --
2204 335 2325 388 ΗΒ.
2370 334 2404 388 l.
3364 337 3433 396 ﬂ

196 476 303 518 tum
355 457 959 513 invenircshistoricam
1008 463 1060 507 ct
1100 454 1380 524 mysticam
1428 451 1755 521 singularum
1785 460 1834 517 Λ
1864 460 2039 503 tanien
2088 449 2233 503 nullo
2290 451 2445 501 modo
2482 449 2767 518 Apostolus
2821 451 3121 515 consentit,
3168 454 3259 521 qui
3307 458 3427 511 ait:

194 548 604 619 expositionem.
654 545 732 599 Tu
776 552 951 598 autem
978 582 994 607 ,
1034 531 1203 598 électe
1231 541 1446 597 domine
1471 550 1527 595 et
1550 540 1758 609 episco-

198 650 382 706 porum
431 635 767 696 ebarissrme,
799 632 1033 701 acceptis
1076 631 1161 686 his
1196 646 1314 700 qua:
1340 630 1433 685 tibi
1467 628 1759 693 transmisi,

195 733 345 779 utere
364 722 446 777 eis
476 730 535 776 ut
564 723 733 788 decet,
765 730 820 776 et
852 730 957 776 tam
987 720 1082 775 tibi
1108 735 1266 790 quam
1294 720 1399 774 illis
1425 720 1515 789 qui
1542 719 1641 773 sub
1664 728 1762 772 tuo

196 812 455 883 regimine
473 819 599 865 sunt
625 809 922 875 constituti,
961 808 1091 863 utile
1110 823 1229 863 esse
1260 807 1545 877 permitte;
1577 815 1763 876 quate-

197 916 293 956 nus
322 911 472 955 tuum
494 901 693 955 bonum
727 899 962 954 studium
989 899 1171 955 multis
1200 898 1480 968 proveniat
1507 897 1573 952 ad
1606 897 1763 966 spiri—

199 990 354 1044 talem
377 990 707 1060 profectum,
743 998 799 1044 et
827 990 919 1044 ﬂat
947 999 1055 1045 tam
1087 990 1180 1044 tibi
1208 1004 1369 1059 quam
1397 988 1502 1043 illis
1527 987 1765 1057 spiritale

198 1080 516 1135 exercitium
541 1089 702 1148 atque
734 1079 969 1135 caelestis
997 1080 1173 1150 gaudii
1212 1081 1621 1135 incrementum.
1646 1080 1769 1134 imi-

200 1180 312 1226 tare
339 1169 484 1225 illius
512 1170 769 1240 sapientis
795 1172 897 1225 viri
930 1171 1253 1241 exemplum,
1282 1171 1375 1240 qui
1406 1171 1472 1225 de
1497 1171 1769 1241 sapientia:

200 1262 350 1316 laude
372 1262 478 1315 tale
508 1260 727 1330 protulit
767 1262 1092 1330 prteconium
1112 1302 1128 1327 ,
1158 1260 1341 1316 dicens
1369 1279 1381 1292 -
1423 1259 1683 1327 Invocavi,
1724 1271 1771 1315 et

199 1351 329 1405 venit
353 1351 408 1403 in
449 1350 761 1420 mespiritus
784 1350 1053 1419 sapientia.-
1070 1367 1088 1415 ;
1134 1361 1181 1404 et
1215 1350 1474 1421 praeposui
1518 1348 1662 1402 illam
1692 1366 1773 1404 re-

198 1440 307 1510 gnis
326 1448 376 1493 et
404 1438 636 1504 sedibus,
667 1448 714 1493 et
752 1438 960 1493 divitias
991 1438 1119 1492 nihil
1146 1456 1253 1493 esse
1276 1439 1404 1492 duxi
1432 1439 1485 1491 in
1505 1454 1773 1507 compara-

199 1529 331 1582 tione
356 1527 523 1581 illius.
549 1527 660 1582 Nec
681 1528 975 1598 comparavi
995 1527 1074 1581 illi
1094 1528 1317 1597 lapidem
1332 1529 1633 1598 pretiosum,
1657 1544 1778 1597 quo-

200 1617 333 1671 niam
376 1632 530 1671 omne
568 1631 755 1670 aurum
789 1618 844 1671 in
893 1618 1279 1686 comparatione
1318 1616 1459 1669 illius
1504 1632 1662 1670 arena
1702 1625 1777 1670 est

200 1710 405 1779 exigua,
452 1717 502 1761 et
548 1718 796 1779 tanquam
830 1708 996 1761 lutum
1045 1708 1389 1762 a'stimabitur
1415 1717 1684 1778 argentum
1724 1708 1780 1760 in

1867 537 2030 591 Nemo
2052 536 2281 589 militans
2321 535 2424 589 Deo
2471 537 2691 605 implicet
2735 555 2789 591 se
2832 540 3047 607 negotiis
3075 542 3431 609 sterttlaribns,

1863 640 1915 682 ut
1945 632 1992 683 ei
2011 632 2212 703 placeat
2238 629 2322 680 cui
2350 646 2403 681 se
2428 631 2678 697 probavit.
2715 628 2851 683 Nam
2873 632 2959 700 qui
2983 641 3145 684 certat
3172 633 3225 687 in
3251 651 3435 703 agone,

1864 735 1967 771 non
2014 702 2294 771 coronatur
2342 719 2442 769 nisi
2475 718 2696 787 legitime
2746 721 3012 773 certaverit
3062 721 3147 787 (Il
3183 702 3316 777 Tini.
3351 724 3432 793 ιι).

1863 809 1992 864 Item
2029 809 2153 863 alibi
2205 809 2322 862 ait:
2378 807 2439 862 Si
2465 825 2591 877 quos
2630 808 3033 876 contemptibiles
3068 810 3288 875 habetis,
3341 815 3436 867 hos

1864 899 2160 951 constituite
2188 896 2256 950 ad
2300 896 2633 953 indicandum
2676 896 2955 949 stecularia
3002 900 3204 965 negotia
3234 900 3282 970 (Ι
3311 900 3437 954 Cor.

1868 988 1964 1058 vi).
2022 988 2186 1041 Multo
2216 987 2404 1040 melius
2456 995 2537 1041 cst
2567 987 2708 1040 enim
2762 986 3008 1041 laborare
3047 990 3356 1059 episcopum
3388 993 3440 1046 in

1869 1080 2110 1135 doctrina
2148 1079 2299 1134 verbi
2348 1078 2440 1132 Dei
2463 1078 2533 1132 ob
2561 1078 2784 1132 salutem
2821 1080 3120 1134 animarum
3158 1082 3256 1136 sibi
3289 1098 3440 1137 com-

1871 1170 2176 1233 missarum,
2227 1183 2387 1236 quam
2416 1168 2467 1221 in
2509 1167 2854 1235 disponendis
2882 1176 2935 1221 et
2973 1168 3289 1224 definiendis
3314 1172 3445 1227 civi-

1872 1261 2012 1315 libus
2044 1258 2461 1329 qinestionilnis;
2499 1266 2553 1312 et
2590 1258 2754 1312 variis
2782 1258 3057 1312 hominum
3088 1261 3448 1315 contentioni-

1874 1349 1973 1403 bus
2010 1363 2232 1412 vacare,
2280 1346 2371 1416 qui
2392 1354 2610 1416 propter
2650 1354 2917 1400 terrenam
2947 1348 3296 1416 cupiditatem
3323 1349 3447 1405 lites

1875 1445 1930 1491 et
1960 1436 2105 1491 rixas
2139 1437 2468 1491 incessanter
2520 1444 2755 1499 movent,
2806 1444 2859 1489 et
2887 1437 3250 1505 unusquisque
3278 1438 3331 1492 in
3362 1438 3449 1493 his

1876 1528 2101 1583 alterum
2131 1542 2386 1597 superare
2413 1526 2704 1581 contendit.
2752 1526 3022 1597 Nusquam
3057 1530 3198 1583 enim
3230 1530 3281 1584 in
3305 1530 3451 1586 Scri-

1876 1617 2049 1687 ptnris
2082 1618 2251 1672 sacris
2272 1617 2467 1687 legitur
2492 1619 2603 1686 ipse
2628 1617 2891 1683 Salvator,
2920 1628 3013 1673 aut
3044 1620 3284 1690 discipuli
3311 1620 3448 1689 ejus,

1880 1709 1983 1762 hoc
2006 1707 2180 1777 egisse
2214 1707 2326 1760 sive
2368 1706 2633 1762 docuisse.
2679 1706 2948 1761 Invenitur
2982 1718 3159 1763 tamen
3190 1710 3242 1763 in
3274 1711 3449 1765 Evan-

200 1807 471 1867 conspectu
492 1795 655 1850 illius.
683 1794 851 1867 Super
868 1796 1088 1850 salutem
1112 1806 1159 1850 et
1182 1796 1399 1867 speciem
1423 1796 1585 1850 dilexi
1611 1795 1776 1861 illam,
1810 1797 1854 1855 Β
1882 1795 2018 1866 gelio
2056 1796 2313 1864 scriptum
2356 1795 2497 1864 quod
2537 1795 2754 1863 quidam
2784 1796 2941 1851 homo
2966 1800 3238 1865 rogaverit
3276 1801 3449 1870 ipsum

198 1898 243 1941 et
262 1888 512 1957 proposui
540 1904 634 1958 pro
659 1886 772 1943 luce
803 1887 991 1941 habere
1036 1886 1205 1952 illam,
1255 1888 1501 1957 quoniam
1529 1886 1777 1940 inexstin-

199 1977 385 2046 guibile
420 1986 501 2030 est
535 1977 711 2030 lumen
732 1975 893 2029 illius.
956 1974 1211 2029 Venerunt
1244 1985 1416 2028 autem
1445 1976 1571 2028 mihi
1602 1975 1777 2029 omnia

201 2067 326 2119 bona
352 2066 557 2136 pariter
594 2082 711 2118 cum
746 2064 838 2118 illa
869 2064 1017 2136 (Sap.
1080 2064 1201 2135 vn).
1246 2063 1380 2118 Nam
1428 2072 1482 2119 et
1510 2064 1781 2132 apostolus

202 2154 393 2208 Paulus
433 2154 682 2217 scribens
710 2154 777 2208 ad
810 2152 1149 2208 Timotheum
1195 2154 1260 2207 de
1284 2153 1526 2209 doctrina
1566 2152 1781 2221 sapien-

206 2247 288 2300 ti:e
312 2247 536 2311 divinas,
578 2246 645 2299 ad
671 2248 772 2301 hoc
792 2246 962 2316 ipsum
984 2247 1298 2301 exhortatus
1324 2255 1408 2301 est
1426 2260 1568 2311 eum,
1596 2245 1782 2299 dicens

205 2335 253 2406 (1
283 2336 414 2389 Tim.
450 2334 531 2406 iv)
560 2354 573 2387 :
616 2334 741 2390 Htec
764 2352 1051 2406 proponens
1071 2336 1341 2405 fratribus,
1369 2336 1531 2390 bonus
1549 2336 1781 2389 minister

202 2426 297 2478 eris
321 2424 524 2478 Christi
566 2424 717 2490 Jesu,
765 2425 1020 2477 enutritus
1063 2426 1228 2479 verbis
1260 2425 1404 2493 fidei,
1435 2434 1483 2479 et
1514 2425 1659 2478 bonw
1688 2424 1782 2478 do-

203 2514 400 2578 ctrinm,
418 2528 585 2583 quam
600 2521 865 2566 assecutus
888 2529 961 2566 es.
985 2510 1219 2585 Prwcipe
1245 2514 1355 2568 haec
1375 2523 1422 2568 et
1450 2514 1594 2568 doce.
1616 2513 1781 2568 Nemo

205 2601 607 2654 adolescentiam
652 2610 797 2655 tuam
831 2611 1126 2655 contemnat
1161 2619 1180 2656 :
1216 2604 1306 2656 sed
1348 2602 1638 2671 exemplum
1672 2613 1780 2656 esto

205 2688 430 2755 ﬁdelium
458 2689 519 2742 in
550 2689 700 2742 verbo
720 2728 735 2754 ,
781 2690 837 2743 in
876 2693 1287 2757 conversatione,
1323 2693 1378 2745 in
1422 2693 1695 2756 charitate,
1726 2693 1781 2745 in

208 2780 323 2844 ﬁde,
373 2781 429 2833 in
453 2782 718 2835 castitate.
776 2779 905 2835 Htec
935 2782 1215 2847 meditare,
1264 2793 1320 2836 ut
1364 2783 1623 2853 profectus
1661 2794 1779 2836 tuus

207 2870 513 2938 manifestus
544 2871 610 2923 sit
637 2870 892 2924 omnibus.
924 2871 1141 2925 Attende
1182 2872 1274 2925 tibi
1311 2882 1359 2926 et
1380 2873 1630 2926 doctrina:
1655 2885 1672 2923 :
1702 2873 1783 2925 in-

208 2970 278 3013 sta
299 2961 351 3013 in
372 2960 505 3015 illis.
560 2959 677 3014 Hoc
713 2962 850 3015 enim
879 2961 1098 3031 faciens,
1148 2971 1196 3016 et
1224 2964 1444 3033 teipsum
1474 2962 1671 3016 salvum
1703 2962 1782 3031 [a-

208 3050 327 3112 cies,
358 3058 407 3101 et
436 3066 532 3103 eos
568 3050 657 3119 qui
684 3059 733 3103 te
755 3050 996 3103 audiunt.
1032 3049 1184 3106 Unde
1220 3052 1373 3106 decet
1403 3059 1453 3105 te
1482 3050 1611 3106 nihil
1640 3050 1782 3105 aliud

1880 1886 2225 1942 Mediatorem
2263 1894 2501 1939 nostrum
2537 1886 2678 1954 quod
2712 1884 2861 1940 fratri
2885 1902 2981 1942 suo
2998 1887 3213 1956 juberet
3240 1898 3295 1943 ut
3319 1890 3454 1945 divi-

1880 1977 2033 2031 deret
2055 1992 2235 2031 secum
2270 1976 2635 2031 hmreditatem
2663 1993 2835 2031 suam.
2892 1978 2986 2033 Cui
3023 1980 3109 2033 ille
3139 1981 3407 2050 respondit
3435 2000 3447 2034 :

1883 2065 1927 2120 Ο
1952 2066 2126 2131 homo,
2156 2068 2272 2137 quis
2302 2066 2567 2119 constituit
2598 2083 2677 2120 me
2699 2067 2929 2136 judicem
2956 2079 3044 2121 aut
3068 2071 3341 2124 divisorem
3367 2072 3450 2125 in-

1882 2166 1959 2208 ter
1999 2172 2085 2209 vos
2122 2165 2169 2208 et
2209 2154 2475 2224 reliquos?
2525 2154 2674 2227 (Luc.
2714 2156 2835 2226 xu.)
2874 2156 2929 2211 ln
2968 2174 3074 2227 quo
3122 2161 3367 2228 probavit
3395 2176 3454 2216 se

1883 2248 2021 2302 nolle
2052 2249 2297 2303 doctores
2332 2248 2601 2317 Evangelii
2652 2251 2795 2304 curis
2838 2260 2891 2305 et
2939 2252 3071 2306 rixis
3117 2254 3453 2309 saecularium

1880 2339 2133 2408 occupari
2173 2338 2254 2393 vel
2304 2339 2580 2393 interesse.
2612 2338 2727 2393 Non
2774 2341 2915 2395 enim
2942 2342 3082 2397 idem
3119 2342 3349 2399 cilicium
3373 2355 3457 2400 est

1881 2426 2227 2497 Evangelinm
2272 2427 2471 2482 Christi
2500 2429 2551 2482 in
2583 2429 2788 2499 pulpito
2832 2430 3073 2484 ecclesia:
3100 2432 3296 2501 populo
3319 2450 3457 2503 pra:-

1883 2515 2083 2581 dicare,
2131 2527 2187 2571 et
2216 2517 2266 2571 in
2316 2517 2511 2586 placito
2540 2519 2874 2573 secularium
2904 2518 3025 2575 lites
3053 2520 3290 2579 forenses
3318 2523 3459 2577 inter

1883 2607 2125 2662 rixantes
2173 2607 2480 2663 decernere.
2536 2607 2658 2662 Haec
2688 2623 2817 2678 ergo
2850 2624 2972 2663 cum
3013 2610 3337 2675 scribantur,
3382 2615 3454 2666 mi

1883 2694 2116 2759 domine,
2168 2696 2292 2750 nolo
2335 2706 2395 2751 ut
2437 2698 2670 2751 aestimes
2697 2712 2781 2751 me
2810 2713 3001 2753 novam
3053 2699 3219 2771 legem
3247 2702 3458 2757 vivendi

1884 2784 1979 2839 tibi
2003 2786 2350 2850 constituere,
2379 2787 2471 2841 sed
2493 2787 2619 2842 olim
2650 2803 2678 2840 a
2706 2788 2905 2843 sanctis
2945 2788 3074 2843 viris
3100 2789 3360 2859 prolatam
3386 2793 3457 2846 ob

1885 2876 2446 2930 commemorationem
2510 2877 2743 2932 breviter
2790 2893 3229 2933 commemorare.
3285 2880 3459 2935 Crclo

1886 2967 2027 3021 enim
2058 2976 2109 3022 te
2131 2968 2301 3037 magis
2323 2967 2457 3022 velle
2484 2969 2693 3023 interno
2721 2971 3028 3038 conspectui
3057 2970 3350 3025 conditoris
3378 2973 3454 3025 ιιιί

1885 3056 2176 3112 salubriter
2203 3056 2437 3126 placere,
2482 3073 2641 3127 quam
2670 3056 2942 3113 favoribus
2996 3059 3244 3115 humanis
3292 3060 3459 3115 forin-

209 3153 521 3208 preponere
541 3142 873 3199 meditationi
898 3144 1090 3198 divinae
1109 3144 1259 3214 legis,
1282 3152 1337 3200 et
1362 3145 1614 3200 doctrinae
1638 3144 1785 3199 verbi
1814 3150 1858 3212 ί]
1890 3161 2045 3201 secus
2067 3146 2299 3202 inaniter
2322 3147 2525 3203 extolli.
2570 3147 2693 3203 Ideo
2717 3149 2859 3218 quod
2887 3148 3022 3203 bene
3048 3148 3100 3202 in
3124 3151 3342 3204 servitio
3365 3150 3459 3205 Dei

211 3229 297 3285 Dei
326 3248 339 3283 :
370 3247 471 3287 nec
505 3232 618 3287 ullo
642 3235 799 3288 modo
825 3237 987 3291 debes
1010 3251 1074 3292 ea
1104 3236 1351 3292 deserere
1382 3245 1601 3306 propter
1625 3252 1778 3291 mun-

210 3322 394 3379 danam
422 3340 619 3381 curam
640 3336 699 3381 et
722 3327 1001 3382 mularia
1030 3329 1237 3398 negotia
1261 3345 1274 3381 :
1309 3331 1433 3399 quia
1462 3330 1576 3384 haec
1606 3328 1777 3383 maxi-

213 3430 349 3469 mum
381 3415 829 3486 impedimentum
880 3416 1083 3472 faciunt
1112 3418 1260 3487 operi
1302 3419 1482 3473 divino
1523 3420 1661 3488 apud
1689 3434 1782 3474 eos

212 3506 297 3574 qui
342 3507 427 3561 his
465 3507 785 3562 abutuntur.
832 3507 988 3573 Nam,
1029 3508 1163 3577 proh
1207 3506 1392 3562 dolor!
1447 3508 1598 3562 multi
1639 3508 1786 3563 inve-

211 3598 424 3651 niuntur
459 3596 628 3667 hujus
657 3599 913 3669 temporis
943 3598 1046 3652 viri
1068 3599 1121 3653 in
1147 3597 1523 3653 ecclesiasticis
1544 3598 1787 3666 personis

211 3688 323 3755 qui,
350 3688 545 3743 relicto
587 3687 916 3759 praedicandi
940 3687 1115 3745 cilicio
1148 3698 1201 3745 et
1245 3687 1469 3758 spiritali
1499 3700 1788 3742 conversa-

213 3778 373 3843 tione,
410 3780 463 3833 in
490 3794 558 3835 eo
591 3795 651 3835 se
676 3794 899 3851 magnos
917 3780 1201 3846 aestimant,
1240 3779 1284 3835 si
1309 3778 1537 3834 terrenis
1564 3776 1793 3847 negotiis

210 3882 612 3940 praeponantur,
666 3881 723 3926 et
771 3872 1244 3942 disceptationibus
1290 3869 1625 3925 saacularium
1655 3884 1793 3937 saepe

212 3959 461 4015 intersint
487 3978 500 4012 :
536 3962 611 4015 ita
639 3969 701 4015 ut
732 3962 785 4015 in
811 3975 995 4015 eorum
1018 3959 1365 4015 conventibus
1386 3958 1539 4028 quasi
1562 3956 1791 4011 arbitres

211 4050 549 4118 pnesideant.
590 4059 645 4107 et
666 4065 853 4106 eorum
874 4050 1213 4107 conﬂictuum
1235 4048 1443 4119 judices
1470 4048 1616 4102 fiant.
1639 4045 1792 4113 Quod

1884 3253 2043 3308 agere
2094 3239 2324 3308 ccepisti,
2382 3240 2483 3295 hoc
2513 3241 2703 3295 melius
2752 3254 2816 3295 ac
2846 3241 3035 3298 melius
3079 3257 3290 3311 semper
3336 3259 3462 3315 ope-

1885 3329 2053 3383 rando
2090 3344 2256 3399 usque
2290 3330 2344 3384 in
2375 3330 2535 3385 finem
2570 3331 2829 3401 perlicere
2858 3341 3108 3403 satagas:
3155 3341 3217 3386 nt
3254 3332 3307 3386 in
3347 3332 3463 3403 pri-

1890 3417 1992 3472 mis
2016 3426 2071 3472 et
2094 3418 2145 3471 in
2191 3418 2392 3473 ultimis
2417 3422 2839 3476 conversationis
2864 3430 2966 3475 tua:
2989 3422 3318 3491 temporibus
3362 3421 3459 3477 Dei

1888 3507 2164 3562 servitium
2197 3507 2435 3578 perfecte
2476 3524 2659 3580 agens,
2705 3511 2771 3565 ad
2798 3510 3035 3566 cmlestis
3058 3511 3261 3579 praemii
3291 3510 3461 3580 pleni-

1892 3586 2133 3654 tudinem
2173 3600 2400 3655 feliciter
2437 3602 2717 3670 pervenire
2745 3602 2966 3665 valeas;
3003 3609 3263 3669 quatenus
3286 3600 3377 3655 tibi
3407 3600 3459 3654 in

1891 3700 2135 3745 extremo
2154 3689 2355 3758 judicio
2382 3691 2492 3760 ipse
2520 3706 2761 3746 summus
2790 3690 3176 3760 paterfamilias
3214 3705 3334 3745 cum
3355 3705 3460 3744 cat-

1894 3780 2023 3835 teris
2043 3780 2229 3834 electis
2254 3780 2397 3834 dicat
2427 3798 2438 3833 :
2470 3779 2643 3850 Euge,
2689 3798 2829 3836 serve
2870 3780 2998 3835 bone
3030 3790 3077 3834 et
3102 3778 3273 3848 ﬁdelis
3292 3820 3306 3845 ,
3334 3781 3457 3849 quia

1892 3885 2045 3938 super
2063 3886 2229 3939 pauca
2258 3869 2401 3938 fuisti
2428 3869 2627 3939 fidelis,
2659 3887 2811 3939 super
2839 3869 2999 3923 multa
3042 3879 3089 3923 te
3122 3870 3456 3923 constituam.

1893 3958 2041 4012 Intra
2068 3961 2119 4013 in
2141 3961 2389 4029 gaudium
2415 3959 2609 4013 domini
2639 3960 2714 4012 tui
2745 3958 2955 4029 (Matth.
2993 3958 3141 4027 xxv).

272 4197 3445 4230 Μ

1446 4335 1745 4413 LIBER
1819 4332 2234 4410 PRIMUS.

735 4580 958 4638 CAPUT
997 4579 1285 4636 PRIMUM.

878 4670 956 4725 De
1005 4670 1133 4724 Deo.

278 4768 522 4821 Primum
554 4763 699 4835 apud
739 4761 990 4816 Hebrreos
1018 4759 1110 4814 Dei
1155 4775 1350 4814 nomen
1400 4756 1517 4811 Heli
1552 4758 1785 4814 dicitur:

213 4861 345 4931 quod
372 4859 466 4913 alii
497 4860 695 4920 Deum,
732 4854 840 4918 alii,
876 4852 1249 4923 etymologiam
1292 4852 1407 4921 ejus
1444 4859 1787 4920 exponentes,

214 4966 402 5019 scyros,
452 4949 509 5003 id
536 4955 626 5002 est
657 4945 865 5015 fortem,
901 4942 1235 5012 interpretati
1280 4950 1443 5005 sunt;
1505 4941 1623 4995 ideo
1650 4942 1791 5009 quod

216 5042 346 5096 nulla
398 5038 726 5097 inﬁrmitate
767 5033 1114 5105 opprimitur,
1146 5032 1239 5087 sed
1280 5032 1432 5086 fortis
1460 5040 1541 5085 est
1566 5039 1621 5085 et
1642 5030 1787 5085 sulti-

215 5132 355 5186 ciens
407 5131 477 5185 ad
535 5127 721 5183 omnia
767 5122 1145 5194 perpetranda.
1218 5120 1523 5176 Secundum
1570 5136 1786 5184 nomen,

218 5217 423 5284 Eloim;
458 5218 708 5279 tertium,
742 5213 909 5268 Eloe:
960 5212 1099 5281 quod
1128 5220 1415 5279 utrumque
1457 5211 1510 5264 in
1541 5210 1787 5263 Latinum

218 5306 347 5362 Deus
376 5309 603 5363 dicitur.
648 5302 799 5369 Quod
824 5316 1019 5356 nomen
1048 5302 1101 5355 in
1138 5300 1382 5354 Latinum
1406 5307 1488 5354 est
1512 5314 1577 5353 ex
1600 5299 1785 5353 Graeca

218 5397 572 5467 appellatione
638 5391 990 5446 translatum:
1045 5406 1167 5444 nam
1214 5391 1354 5443 Deus
1403 5389 1589 5443 Graece
1637 5389 1789 5442 theos

220 5484 415 5556 (Forte,
438 5484 575 5556 δέος]
607 5482 759 5537 febor
784 5479 979 5552 [9664c]
1010 5480 1222 5543 dicitur,
1252 5479 1405 5533 idest
1430 5479 1606 5532 timor.
1635 5478 1787 5533 Unde

221 5588 439 5633 tractum
484 5586 569 5632 est
624 5588 816 5629 nomen
869 5570 986 5633 Dei,
1034 5570 1173 5637 quod
1218 5585 1339 5624 enm
1386 5568 1680 5624 colentibus
1718 5568 1789 5620 sit

220 5669 385 5723 timor.
459 5670 603 5719 Deus
656 5671 837 5718 autem
873 5658 1085 5728 proprie
1133 5674 1322 5711 nomen
1352 5667 1433 5710 est
1484 5654 1784 5713 Trinitatis,

1818 4583 1868 4641 D
1894 4580 2167 4648 pertinens
2210 4580 2276 4632 ad
2325 4576 2555 4641 Patrem,
2606 4585 2659 4632 et
2686 4575 2897 4640 Filium,
2944 4585 2999 4631 et
3042 4575 3301 4644 Spiritum
3334 4594 3462 4635 san-

1894 4677 2057 4723 ctum.
2107 4670 2187 4722 Ad
2234 4682 2395 4737 quam
2431 4667 2747 4720 Trinitatem
2791 4666 2953 4719 etiam
3004 4665 3230 4735 reliqua,
3260 4683 3376 4736 qua:
3402 4672 3455 4723 in

1894 4760 2004 4813 Deo
2029 4758 2166 4812 infra
2194 4766 2320 4812 sunt
2361 4757 2553 4826 posita,
2596 4754 2853 4810 vocabula
2907 4753 3230 4809 referuntur.
3286 4757 3457 4822 Quar-

1893 4857 2005 4901 tum
2034 4862 2223 4902 nomen
2254 4856 2337 4901 est
2363 4846 2625 4910 Sabaoth,
2674 4845 2816 4914 quod
2845 4846 3071 4899 vertitur
3095 4847 3145 4901 in
3183 4844 3455 4913 Latinum,

1892 4937 2208 4989 exercituum
2236 4934 2349 4988 sive
2385 4935 2651 4987 virtutum.
2706 4933 2781 4985 De
2830 4948 2935 5000 quo
2965 4932 3016 4986 in
3044 4932 3247 5002 psalmo
3277 4934 3343 4988 ab
3364 4950 3457 4989 an-

1894 5026 2023 5095 gelis
2051 5026 2287 5079 dicitur:
2322 5023 2448 5088 Quis
2483 5034 2555 5077 est
2589 5024 2683 5075 iste
2718 5022 2825 5075 Rex
2847 5021 3046 5090 glorite,
3085 5021 3338 5075 Dominus
3356 5025 3460 5075 vir—

1893 5126 2058 5168 tutiun
2084 5116 2111 5167 .’
2154 5112 2323 5185 (Psal.
2355 5116 2533 5181 χχιιι.)
2578 5112 2711 5166 Sunt
2741 5120 2916 5165 autem
2951 5112 3001 5164 in
3033 5110 3329 5179 hujusmodi
3368 5128 3456 5165 or-

1893 5206 2161 5260 dinatione
2185 5207 2409 5259 virtutes
2433 5204 2629 5267 multas,
2658 5210 2716 5256 ut
2744 5202 2939 5271 angeli,
2957 5200 3283 5270 archangeli,
3311 5202 3459 5271 prin-

1892 5295 2098 5363 cipatus
2122 5302 2177 5346 et
2203 5300 2514 5361 potestates,
2549 5291 2830 5357 cunctique
2859 5288 3089 5342 etelestis
3132 5287 3332 5341 militia:
3363 5304 3457 5340 or-

1894 5385 2076 5437 dines:
2118 5396 2343 5450 quorum
2377 5391 2551 5435 tamen
2578 5380 2664 5433 ille
2695 5378 2951 5432 Dominus
2976 5386 3075 5441 est,
3103 5392 3285 5431 omnes
3311 5378 3452 5430 enim

1892 5474 1989 5527 sub
2012 5473 2126 5542 ipso
2156 5479 2278 5526 sunt
2304 5471 2522 5540 ejusque
2550 5469 2843 5523 dominatui
2880 5466 3170 5534 suhjacent.
3202 5464 3456 5530 Quintum

1894 5579 2084 5618 nomen
2110 5573 2193 5618 est
2226 5564 2380 5617 Elian
2398 5604 2411 5627 ,
2443 5562 2582 5632 quod
2610 5560 3063 5631 interpretatur-in
3090 5557 3334 5611 Latinum
3357 5570 3449 5607 erc-

1888 5654 2072 5716 rclsns,
2101 5655 2188 5720 qui
2216 5670 2377 5722 super
2400 5654 2560 5707 cmlos
2585 5661 2684 5717 est,
2716 5652 2847 5704 sicut
2873 5650 3124 5717 scriptum
3148 5656 3225 5699 est
3257 5645 3322 5698 de
3344 5658 3411 5698 eo
3435 5658 3451 5696 :
