3896 6358
432 367 496 420 lli
1061 362 1120 416 Β.
1160 360 1411 421 “MBAN!
1449 363 1665 419 MAURI
1704 357 2017 417 ARClllEl‘.
2061 358 2365 417 MOGUNT.
2409 360 2691 417 OPERUM
2726 358 2904 415 PARS
2941 357 3003 413 ll.
3589 355 3663 417 ιο

428 474 674 530 Excelst
706 472 982 538 Dominus,
1020 483 1067 527 et
1110 489 1266 544 super
1291 473 1443 529 talos
1466 474 1635 546 gloria
1677 476 1791 547 ejus
1819 472 1991 545 (Psal.

2097 482 2200 531 est.
2259 474 2514 529 [litemus
2539 482 2641 539 est,
2676 474 2803 543 quia
2830 475 2947 528 sine
2971 480 3211 541 tempore
3232 481 3342 526 est:
3394 483 3500 527 noo
3528 473 3673 528 enim

422 566 575 635 cru).
628 563 887 617 Excelsus
918 571 1098 617 autem
1140 564 1318 620 dictus
1353 580 1452 635 pro
1479 566 1631 621 valde
1670 566 1866 621 celsus.
1918 565 2002 619 Ex

421 654 565 707 enim
608 666 707 721 pro
740 650 887 704 valde
933 651 1168 719 ponitur,
1221 651 1362 706 sicut
1382 653 1623 719 eximius,
1654 654 1809 723 quasi
1853 654 2001 707 valde

418 742 667 797 eminens.
698 738 943 805 Sextum,
986 738 1117 806 his,
1143 741 1197 794 id
1224 748 1307 795 est
1331 742 1421 811 qui
1446 750 1542 796 est.
1574 743 1717 798 Deus
1738 742 1884 797 enim
1913 758 2001 797 so-

420 832 525 896 lus,
556 832 680 900 quia
725 842 964 885 mter-nus
983 840 1086 894 est,
1139 833 1241 887 hoc
1265 840 1370 897 est,
1406 833 1535 901 quia
1565 833 1842 888 exordium
1890 848 1998 887 non

420 924 603 987 habet,
648 923 895 977 essentne
937 937 1133 977 nomen
1180 931 1344 977 tenet.
1398 922 1512 978 Hoc
1536 926 1681 978 enim
1713 940 1903 979 nomen
1931 925 1998 979 ad

419 1023 662 1069 sanctum
695 1014 910 1085 Moysen
938 1029 1034 1083 per
1058 1014 1302 1084 angelum
1322 1023 1407 1068 est
1437 1016 1695 1071 delatum.
1726 1016 1999 1081 Quaerenti

419 1105 565 1158 enim
591 1106 733 1173 quod
756 1111 899 1158 esset
928 1118 1123 1158 nomen
1157 1104 1275 1173 ejus
1293 1104 1386 1173 qui
1413 1118 1535 1159 eum
1561 1121 1783 1176 pergere
1811 1107 2001 1174 praeci-

417 1196 599 1265 piebat
620 1195 690 1249 ad
734 1194 987 1265 populum
1019 1209 1088 1249 ex
1114 1192 1347 1266 Egypto
1388 1194 1748 1261 liberandum,
1779 1210 1999 1266 respon-

417 1286 496 1338 dit
530 1304 541 1338 :
600 1284 710 1354 Ego
737 1299 871 1346 sum,
903 1283 992 1353 qui
1016 1296 1171 1336 sum:
1201 1292 1249 1336 et
1295 1284 1436 1339 dices
1473 1286 1602 1355 ﬁliis
1637 1285 1846 1340 Israel:
1892 1285 1998 1351 Qui

418 1388 515 1444 est,
540 1379 697 1432 misit
731 1394 811 1431 me
839 1377 908 1430 ad
954 1393 1040 1431 vos
1085 1374 1282 1447 (Exod.
1312 1376 1434 1448 tu);
1491 1386 1747 1445 tanquam
1778 1376 1832 1430 in
1880 1377 1998 1447 ejus

409 1469 819 1540 comparatione
842 1467 932 1537 qui
962 1482 1087 1523 vere
1112 1476 1218 1532 est,
1259 1468 1385 1537 quia
1416 1467 1868 1522 incommutabilis
1891 1477 1996 1532 est,

414 1574 479 1614 ea
507 1574 626 1629 quae
649 1558 1049 1613 commutabilis
1069 1568 1194 1613 sunt
1219 1558 1370 1628 quasi
1392 1572 1497 1613 non
1522 1558 1650 1613 sint.
1677 1556 1831 1624 Quod
1851 1558 1996 1613 enim

414 1651 632 1714 dicitur,
670 1650 796 1719 fuit,
825 1665 931 1705 non
952 1658 1074 1714 est;
1110 1656 1167 1703 et
1200 1648 1344 1719 quod
1363 1648 1584 1713 dicitur,
1609 1649 1730 1712 erit,
1760 1649 1995 1702 nondum

412 1727 516 1797 est.
568 1741 711 1796 Deus
738 1749 918 1796 autem
960 1748 1171 1794 tantum
1203 1755 1314 1793 esse
1352 1740 1543 1793 novit:
1581 1738 1743 1803 fuisse
1769 1748 1824 1792 et
1851 1739 1995 1807 futu-

415 1850 534 1888 rum
564 1848 672 1887 esse
698 1845 806 1887 non
833 1830 1004 1885 novit.
1033 1829 1191 1884 Solus
1217 1837 1396 1883 autem
1421 1828 1584 1882 Pater
1611 1844 1730 1881 cum
1760 1827 1896 1883 Filio
1939 1835 1996 1882 et

415 1919 621 1988 Spiritu
657 1924 844 1971 sancto
881 1915 1148 1969 veraciter
1188 1922 1307 1968 est:
1359 1913 1514 1982 cujus
1555 1913 1805 1967 essentia:
1850 1927 1998 1968 com-

409 2017 660 2080 paratum
681 2021 801 2061 esse
826 2013 1069 2059 nostrum
1109 2018 1215 2057 non
1235 2016 1356 2057 esse
1381 2012 1483 2057 est.
1517 2001 1670 2058 Unde
1707 2011 1764 2057 et
1809 2003 1865 2057 in
1885 2002 1998 2059 col-

410 2097 595 2167 loquio
616 2095 881 2151 dicimus:
920 2091 1056 2147 Vivit
1085 2092 1242 2157 Deus,
1276 2092 1369 2161 qui
1392 2093 1627 2162 essentia
1660 2092 1796 2147 vivit
1831 2107 1994 2163 quam

412 2203 561 2243 mors
582 2201 689 2241 non
713 2186 893 2239 habet.
939 2182 1262 2252 Septimum,
1298 2183 1529 2248 Adonei,
1559 2183 1700 2252 quod
1729 2183 1999 2255 generali-

412 2291 495 2334 ter
516 2279 918 2346 interpretatur,
950 2273 1206 2327 Dominus
1231 2289 1249 2326 :
1276 2262 1383 2342 quo
1408 2273 1715 2327 dominetur
1732 2283 1997 2330 creaturae

411 2380 640 2433 cunctas,
678 2367 763 2419 vel
794 2364 934 2435 quod
966 2371 1213 2418 creatura
1241 2362 1418 2418 omnis
1442 2362 1740 2419 dominatui
1763 2363 1881 2434 ejus
1904 2365 1997 2418 de-

409 2463 633 2517 serviat.
683 2462 942 2517 Dominus
983 2476 1113 2530 ergo
1149 2467 1205 2515 et
1235 2459 1372 2514 Deus
1400 2459 1484 2513 vel
1522 2459 1664 2528 quod
1691 2460 1997 2516 dominetur

410 2553 683 2615 omnibus,
715 2552 798 2607 vel
825 2552 967 2621 quod
993 2552 1245 2605 timeatur
1267 2566 1299 2603 a
1323 2551 1552 2605 cunctis.
1604 2550 1889 2615 Octavum,
1918 2553 1995 2615 ia,

410 2645 554 2712 quod
580 2643 631 2697 in
663 2644 771 2696 Deo
799 2650 1005 2694 tantum
1035 2641 1293 2710 ponitur:
1343 2641 1485 2709 quod
1509 2640 1673 2694 etiam
1698 2641 1751 2694 in
1779 2639 1994 2694 alleluia

413 2737 465 2788 iu
508 2734 800 2789 novissima
841 2733 1043 2803 syllaba
1078 2741 1253 2786 sonat.
1294 2731 1539 2795 Nonum,
1598 2741 1995 2802 tetragrammo-

410 2835 520 2887 ton,
570 2824 674 2877 hoc
700 2831 781 2876 est
808 2832 1035 2892 quatuor
1067 2821 1381 2885 litterarum,
1428 2822 1570 2891 quod
1612 2822 1827 2891 proprie
1853 2821 1993 2891 apud

418 2914 671 2966 Hebraeos
722 2913 775 2965 in
820 2912 927 2965 Deo
967 2911 1230 2980 ponitur:
1264 2911 1372 2975 iod,
1423 2911 1505 2975 he,
1537 2928 1658 2974 van,
1695 2912 1782 2975 Ite,
1835 2912 1885 2963 id
1912 2918 1995 2965 est

410 3003 618 3058 duabus
646 3003 693 3057 ia
724 3022 735 3056 :
770 3017 888 3071 qua:
933 3003 1200 3072 duplicata
1226 3000 1497 3057 ineffabile
1531 3002 1656 3057 illud
1698 3011 1753 3055 et
1797 3001 1994 3071 glorio-

411 3110 527 3147 sum
558 3107 751 3147 nomen
789 3092 886 3146 Dei
916 3091 1170 3146 elliciunt.
1226 3091 1435 3146 Dicitur
1462 3103 1642 3145 autem
1687 3091 1988 3161 ine/fabius,

411 3200 515 3237 non
544 3183 671 3250 quia
723 3183 827 3237 dici
881 3197 989 3236 non
1017 3190 1213 3251 potest,
1276 3183 1367 3237 sed
1399 3182 1524 3252 quia
1568 3182 1710 3235 ﬁniri
1740 3197 1901 3237 sensu
1938 3190 1994 3235 et

410 3273 684 3327 intellectu
712 3274 949 3327 humano
976 3272 1281 3327 nullatenus
1295 3280 1482 3339 potest
1509 3289 1523 3326 :
1554 3280 1612 3325 et
1632 3272 1752 3326 ideo
1777 3272 1901 3340 quia
1928 3272 1995 3326 de

408 3379 473 3416 eo
500 3364 630 3417 nihil
658 3364 815 3433 digne
842 3362 947 3417 dici
977 3370 1173 3431 potest,
1221 3361 1500 3418 inetfabilis
1547 3370 1649 3417 est.
1681 3362 1955 3416 Decimum
1977 3403 1991 3427 ,

410 3454 633 3517 Saddai,
666 3455 715 3507 id
753 3462 855 3519 est,
904 3454 1245 3522 omnipotens.
1291 3450 1524 3507 Vocatur
1547 3461 1724 3506 autem
1747 3452 1994 3520 omnipo-

411 3553 531 3597 tens
558 3558 624 3598 eo
648 3544 791 3612 quod
814 3543 993 3596 omnia
1020 3550 1234 3611 potest;
1287 3542 1381 3596 scd
1410 3550 1467 3595 et
1490 3556 1521 3594 a
1563 3540 1811 3595 faciendo
1845 3540 1992 3609 quod

413 3634 540 3698 vult,
575 3648 680 3688 nou
715 3649 743 3685 a
769 3632 1018 3702 patiendo
1043 3632 1186 3700 quod
1230 3646 1335 3684 non
1372 3629 1502 3684 vult.
1555 3629 1709 3696 Quod
1734 3629 1779 3684 si
1815 3630 1862 3683 ci
1901 3645 1994 3683 ac-

411 3726 647 3788 cederet,
681 3737 1015 3792 nequaquam
1046 3723 1385 3790 omnipotens
1426 3729 1589 3775 esset.
1641 3718 1794 3773 Facit
1839 3720 1983 3772 enim

412 3814 555 3881 quod
603 3814 736 3875 vult,
786 3822 841 3867 ct
891 3812 1012 3866 inde
1041 3812 1399 3879 omnipotens.
1450 3811 1582 3864 Item
1630 3810 1992 3877 omnipotens,

410 3906 553 3975 quod
592 3905 759 3973 ipsius
783 3912 907 3957 sunt
926 3904 1105 3957 omnia
1137 3918 1256 3971 qua:
1276 3900 1473 3969 ubique
1495 3907 1638 3953 sunt.
1671 3896 1829 3953 Solus
1850 3896 1993 3951 enim

412 3999 581 4053 totius
636 3998 821 4051 mundi
870 3996 1032 4049 habet
1068 3993 1371 4062 imperium.
1427 3990 1690 4044 Dicuntur
1728 3997 1904 4042 autem
1940 3997 1990 4041 et

412 4090 515 4142 alia
541 4088 783 4157 quandam
812 4086 864 4139 in
892 4086 1056 4139 Deum
1085 4082 1513 4138 substantialiter
1541 4080 1779 4142 nomina,
1811 4088 1868 4132 ut
1892 4080 1990 4132 im-

412 4178 679 4241 mortalis,
726 4174 1165 4244 iucorruptibilis,
1225 4171 1704 4233 incommutabilis,
1753 4177 1993 4223 etaeter-

412 4284 533 4324 nus.
588 4266 739 4321 Unde
788 4274 841 4320 ct
875 4265 1072 4319 merito
1115 4271 1321 4318 cuncta:
1354 4263 1681 4331 prazponitur
1708 4266 1987 4313 creaturae.

409 4357 757 4420 Immortalis,
790 4358 929 4409 sicut
958 4355 1023 4408 de
1048 4368 1112 4407 eo
1142 4353 1401 4422 scriptum
1432 4359 1515 4406 est
1541 4368 1554 4401 :
1598 4348 1702 4413 Qui
1730 4347 1871 4402 solus
1894 4348 1990 4400 Im-

411 4452 489 4503 bet
518 4448 962 4502 inmortalitatem
994 4443 1044 4515 (I
1094 4443 1228 4496 Tim.
1271 4442 1382 4510 νι);
1415 4440 1538 4508 quia
1570 4440 1621 4493 in
1646 4438 1760 4506 ejus
1793 4446 1987 4492 natura

414 4538 557 4591 nulla
595 4546 677 4590 est
699 4534 1064 4590 commutatio.
1119 4530 1252 4585 Nam
1277 4530 1453 4584 omnis
1500 4528 1834 4583 mutabilitas
1880 4544 1987 4581 non

415 4624 851 4681 incom'enienter
885 4620 1188 4674 mortalitas
1238 4618 1437 4671 dicitur
1467 4636 1479 4670 :
1532 4620 1821 4671 secundum
1850 4617 1993 4685 quod

411 4728 465 4770 et
494 4716 673 4769 anima
699 4712 900 4767 dicitur
931 4709 1086 4774 mori,
1118 4724 1224 4762 non
1250 4708 1375 4777 quia
1402 4707 1456 4759 in
1486 4720 1677 4775 corpus
1708 4705 1789 4759 vel
1818 4707 1868 4759 in
1901 4706 1995 4759 ali-

411 4819 575 4873 quam
610 4801 834 4855 alteram
881 4797 1235 4853 substantiam
1283 4804 1521 4849 mutatur
1549 4804 1603 4847 et
1628 4795 1870 4855 vertitur,
1898 4795 1993 4848 sed

416 4896 469 4946 in
499 4893 616 4962 ipsa
644 4905 740 4944 sua
769 4887 1094 4950 substantia,
1120 4884 1380 4953 quidquid
1410 4882 1514 4937 alio
1541 4882 1699 4936 modo
1747 4898 1889 4935 nunc
1912 4890 1995 4935 est

411 4991 503 5036 aut
531 4979 631 5034 fuit
677 4977 970 5033 secundum
1019 4976 1071 5029 id
1100 4975 1243 5044 quod
1272 4973 1479 5028 destitit
1523 4988 1665 5037 esse,
1705 4973 1845 5041 quod
1871 4980 1991 5026 erat

411 5070 653 5125 mortalis
681 5069 866 5137 utique
888 5064 1327 5135 deprehenditur.
1373 5064 1451 5119 Ac
1472 5078 1573 5133 per
1604 5065 1705 5119 hoc
1732 5064 1873 5118 Deus
1899 5080 1988 5119 so-

408 5164 492 5217 lus
520 5163 717 5217 dicitur
741 5159 1079 5224 immortalis,
1108 5158 1232 5228 quia
1264 5157 1409 5213 solus
1438 5157 1890 5210 incommutabilis
1915 5157 1991 5209 in-

412 5251 887 5320 corruptibilisque
918 5248 1235 5318 appellatur,
1260 5248 1386 5317 quia
1412 5246 1680 5316 corrumpi
1693 5255 1747 5299 et
1768 5246 1985 5300 dissolvi

410 5356 520 5396 non
550 5349 727 5411 potest
766 5355 866 5393 nec
890 5340 1073 5409 dividi.
1122 5337 1389 5407 Quidquid
1415 5339 1557 5392 enim
1596 5337 1742 5406 capit
1772 5337 1989 5391 divisio-

412 5447 538 5487 nem
571 5441 626 5486 et
661 5430 938 5485 interitum
968 5430 1129 5497 capit.
1175 5428 1268 5484 ille
1314 5444 1414 5484 nec
1441 5429 1605 5483 dividi
1636 5436 1841 5497 potest,
1886 5444 1986 5482 nec

410 5522 677 5576 interire:
731 5519 855 5575 inde
911 5520 1328 5589 incorruptibilis
1376 5528 1475 5574 est.
1532 5519 1986 5574 lncommutabilis

411 5622 513 5674 est,
565 5611 690 5678 quia
733 5624 947 5678 semper
969 5616 1149 5662 manet
1182 5616 1235 5662 et
1264 5609 1463 5663 mutari
1495 5608 1701 5661 nescit:
1734 5622 1830 5661 nec
1866 5624 1986 5676 per-

413 5700 540 5761 licit,
595 5699 718 5768 quia
744 5698 1017 5768 perfectus
1036 5708 1151 5768 est;
1198 5714 1295 5756 nec
1345 5699 1560 5766 dclicit,
1604 5698 1727 5770 quia
1754 5708 1986 5756 mtcrnus

2013 4488 2067 4547 D

2101 566 2263 619 habet
2293 565 2506 619 initium
2534 580 2707 633 neque
2736 565 2915 620 linem.
2948 563 3097 635 illinc
3117 570 3173 616 et
3197 562 3580 631 sempiternus,
3608 577 3675 619 eo

2099 654 2244 724 quod
2308 652 2380 707 sit
2424 668 2637 721 semper
2694 663 2948 708 aaternus.
3013 652 3060 705 Δ
3120 650 3440 721 quibusdam
3495 658 3675 706 autem

2100 751 2335 797 aeternus
2362 742 2433 796 ab
2455 743 2654 797 aethere
2686 741 2927 797 creditur
2948 740 3125 796 dictus
3145 780 3160 804 ,
3188 740 3456 808 quomodo
3481 739 3676 795 ccelum

2104 834 2261 887 sedes
2283 828 2398 899 ejus
2421 832 2662 886 habetur.
2709 830 2862 886 Unde
2886 838 2970 885 est
2995 828 3156 884 illud:
3208 827 3408 882 Catum
3433 827 3545 882 cali
3572 828 3678 881 Do-

2098 924 2239 976 mino
2265 919 2436 993 (Psal.
2483 920 2655 990 cun).
2708 921 2774 973 Et
2801 921 2916 974 lucc
2942 921 3045 974 ista
3066 926 3298 988 quatuor
3318 931 3485 971 unum
3513 916 3677 987 signi-

2099 1010 2278 1065 ﬁcant.
2308 1010 2442 1064 Nam
2466 1026 2571 1064 una
2611 1011 2907 1079 eademque
2947 1024 3034 1063 res
3080 1009 3280 1063 dicitur
3314 1008 3428 1062 sive
3466 1006 3678 1062 dicatur

2096 1109 2331 1154 aeternus
2359 1100 2521 1164 Deus,
2556 1102 2671 1154 sive
2702 1098 3042 1163 immortalis,
3076 1098 3190 1152 sive
3233 1096 3677 1167 incorruptibilis,

2096 1191 2209 1245 sive
2244 1188 2614 1245 immutabilis.
2644 1188 2780 1244 Nam
2810 1190 3096 1245 invisibilis
3140 1178 3280 1244 Deus
3305 1188 3525 1253 dicitur,
3551 1188 3678 1257 quia

2096 1297 2369 1350 nunquam
2394 1296 2493 1350 per
2520 1280 2874 1337 substantiam
2898 1296 3049 1335 suam
3072 1282 3319 1351 apparuit
3342 1279 3511 1335 oculis
3540 1294 3679 1335 mor-

2096 1372 2281 1428 talium
2308 1372 2567 1439 Trinitas,
2592 1373 2695 1428 nisi
2724 1390 2822 1443 per
2849 1372 3080 1443 speciem
3110 1371 3364 1441 subjectze
3395 1378 3677 1437 creaturae,

2093 1462 2438 1531 ejusdemque
2465 1477 2755 1532 corporeae.
2788 1462 2924 1517 Nam
2965 1477 3122 1516 nemo
3159 1470 3338 1532 potest
3363 1462 3534 1531 ipsam
3563 1476 3678 1515 ma-

2096 1549 2491 1605 nifestationem
2517 1554 2759 1606 essentia:
2785 1552 2880 1606 Dei
2904 1552 3088 1606 videre
3114 1559 3170 1606 et
3205 1552 3408 1617 vivere,
3439 1550 3579 1606 sicut
3616 1560 3675 1605 et

2096 1639 2296 1693 dictum
2349 1649 2431 1694 est
2484 1640 2670 1710 Moysi.
2706 1640 2859 1695 Unde
2906 1650 2961 1696 et
3013 1639 3270 1694 Dominus
3301 1640 3353 1693 in
3389 1638 3679 1709 Evangelia

2097 1728 2209 1783 ait:
2242 1729 2409 1783 Deum
2451 1747 2598 1784 nemo
2646 1732 2771 1785 vidit
2803 1748 3030 1803 unquam
3079 1730 3261 1798 (loau.
3284 1731 3346 1801 ι).
3395 1729 3680 1787 Invisibilis

2023 1798 2069 1858 Β
2095 1824 2238 1877 enim
2268 1839 2356 1879 res
2381 1833 2485 1889 est,
2517 1827 2743 1895 ideoque
2769 1842 2876 1881 non
2902 1826 3078 1890 oculo,
3111 1826 3204 1881 sed
3234 1826 3395 1881 corde
3435 1830 3680 1895 quaeren-

2096 1913 2197 1967 dus
2233 1921 2335 1968 est.
2381 1915 2751 1984 lmpassibilis,
2797 1917 2938 1986 quod
2985 1916 3144 1971 nullis
3190 1916 3684 1986 perturbationibus

2094 2000 2345 2066 afﬁcitur,
2382 2004 2578 2072 quibus
2625 2002 2891 2074 fragilitas
2936 2006 3166 2059 humana
3200 2006 3519 2060 succumbit.
3563 2005 3681 2061 Non

2095 2092 2245 2145 enim
2282 2093 2551 2164 attingunt
2578 2108 2700 2147 eum
2755 2094 2875 2147 ulla:
2925 2095 3223 2164 passiones,
3251 2103 3312 2148 ut
3357 2094 3540 2159 libido,
3571 2095 3681 2149 ira-

2095 2181 2312 2245 cundia,
2344 2183 2629 2251 cupiditas,
2657 2184 2839 2249 timor,
2890 2198 3110 2247 oneror,
3142 2184 3361 2249 invidia,
3402 2193 3534 2250 etc.,
3556 2186 3682 2256 qui-

2095 2271 2195 2325 bus
2229 2287 2380 2326 meus
2409 2272 2641 2326 humana
2674 2273 2939 2327 turbatur.
2989 2271 3097 2328 Sed
3145 2289 3269 2328 cum
3319 2274 3514 2329 dicitur
3543 2274 3685 2330 Dens

2096 2360 2282 2425 irasci,
2313 2371 2403 2415 aut
2438 2362 2637 2425 zelare,
2693 2372 2787 2416 aut
2835 2362 3037 2426 dolere,
3084 2373 3272 2418 nostro
3329 2380 3429 2419 usu
3463 2365 3681 2420 dicitur.

2094 2450 2247 2520 Apud
2280 2452 2446 2506 Deum
2475 2453 2617 2508 enim
2642 2463 2724 2508 est
2751 2454 3084 2523 perturbatio
3133 2454 3299 2519 nulla,
3339 2455 3477 2525 apud
3524 2470 3684 2524 quem

2096 2542 2458 2610 tranquillitas
2476 2558 2682 2597 summa
2702 2551 2804 2598 est.
2834 2543 3072 2613 Simplex
3100 2553 3278 2598 autem
3312 2547 3526 2610 dicitur,
3568 2547 3685 2601 sive

2097 2648 2199 2685 non
2233 2633 2526 2687 amittendo
2551 2635 2691 2702 quod
2721 2635 2900 2697 habet,
2950 2650 3044 2690 seu
3095 2637 3222 2705 quia
3259 2654 3367 2691 non
3418 2638 3563 2693 aliud
3591 2646 3675 2692 est

2097 2721 2225 2789 ipsc,
2258 2731 2313 2776 et
2347 2722 2488 2777 aliud
2513 2724 2653 2791 quod
2683 2724 2734 2777 in
2760 2725 2875 2793 ipso
2901 2733 2983 2779 est
3010 2744 3023 2779 :
3052 2725 3191 2779 sicut
3222 2727 3272 2779 in
3306 2727 3544 2790 homine,
3585 2743 3652 2783 cu

2088 2808 2177 2874 jus
2201 2812 2341 2867 aliud
2372 2823 2455 2868 est
2501 2832 2632 2879 esse,
2661 2823 2717 2868 et
2743 2816 2884 2870 aliud
2917 2834 3136 2886 sapere;
3168 2833 3295 2871 nam
3344 2827 3399 2873 et
3426 2834 3544 2874 esse
3585 2836 3659 2890 po

2096 2911 2218 2965 test,
2248 2914 2301 2958 et
2326 2905 2540 2974 sapiens
2567 2920 2669 2960 non
2695 2920 2837 2960 esse.
2886 2906 3027 2962 Deus
3073 2908 3232 2963 habet
3255 2911 3565 2975 essentiam,
3592 2912 3683 2967 ha-

2096 2992 2185 3045 bet
2209 3002 2263 3047 et
2285 2994 2643 3062 sapientiam:
2678 2996 2770 3050 sed
2798 2998 2942 3065 quod
2970 2997 3155 3063 habet,
3191 2998 3292 3052 hoc
3321 3008 3440 3065 est;
3490 3008 3543 3054 et
3565 3015 3684 3054 om-

2095 3083 2182 3135 nia
2220 3099 2375 3149 unus,
2422 3099 2487 3138 ac
2532 3086 2754 3154 proinde
2792 3088 3020 3157 simplex
3065 3097 3168 3154 est,
3207 3091 3335 3159 quia
3376 3106 3480 3143 non
3534 3090 3587 3145 in
3614 3106 3686 3148 eo

2096 3172 2296 3241 aliquid
2323 3175 2580 3229 accedere
2609 3185 2803 3244 potest.
2841 3177 2945 3232 Sed
2977 3188 3031 3232 et
3056 3179 3197 3248 quod
3224 3188 3330 3243 est,
3354 3189 3407 3233 et
3438 3180 3579 3248 quod
3623 3182 3684 3237 in

2097 3256 2213 3330 ipso
2241 3270 2348 3333 est,
2380 3264 2744 3319 essentialiter
2763 3276 2845 3320 est
2870 3284 2883 3331 ;
2913 3275 3139 3336 excepto
3189 3268 3329 3336 quod
3363 3269 3586 3324 relative
3615 3271 3685 3327 ad

2096 3364 2475 3419 quamcunque
2503 3368 2787 3421 personam
2834 3364 2936 3409 est.
2970 3354 3190 3408 Summe
3227 3356 3420 3421 bonus,
3450 3359 3575 3427 quia
3608 3359 3683 3414 iu-

2095 3440 2492 3495 eommutabilis
2520 3451 2622 3496 est.
2675 3442 2931 3497 Creatura
2982 3458 3111 3498 vero
3158 3444 3382 3509 bonum,
3434 3447 3526 3501 sed
3575 3464 3684 3504 non

2096 3543 2364 3582 summum
2401 3539 2501 3593 est,
2533 3530 2657 3598 quia
2682 3532 2953 3587 mutabilis
2977 3541 3100 3597 est;
3142 3541 3196 3588 et
3224 3534 3348 3588 dum
3376 3536 3445 3589 sit
3467 3536 3682 3604 quidem

2094 3615 2312 3682 bonum,
2345 3626 2653 3673 nontamen
2705 3635 2825 3675 esse
2846 3630 3021 3690 potest
3046 3631 3101 3676 et
3153 3637 3442 3677 summum.
3504 3624 3684 3680 Incor-

2095 3721 2288 3775 poreus
2318 3714 2495 3761 autem
2530 3708 2614 3761 vel
2646 3708 2999 3779 incorporalis
3047 3712 3168 3765 ideo
3194 3712 3395 3766 dicitur
3428 3714 3589 3779 Deus,
3624 3722 3684 3769 ut

2093 3796 2313 3863 spiritus
2342 3798 2594 3852 credatur
2617 3798 2699 3852 vel
2749 3799 3079 3872 intelligatur
3105 3815 3252 3866 esse,
3288 3816 3394 3855 non
3443 3816 3679 3872 corpus:

2093 3902 2217 3940 nam
2253 3887 2380 3941 dum
2412 3888 2612 3944 dicitur
2642 3890 2887 3959 spiritus,
2919 3892 3036 3961 ejus
3061 3892 3400 3962 significatur
3425 3893 3680 3949 substan-

2092 3980 2186 4033 tia.
2218 3978 2533 4043 lmmensus.
2562 3982 2705 4049 quod
2735 3990 2929 4035 cuncta
2954 3983 3262 4047 concludat,
3285 3991 3341 4037 et
3361 3983 3475 4052 ipse
3503 3998 3533 4037 a
3555 3983 3679 4038 nul-

2091 4068 2143 4122 lo
2171 4067 2538 4132 concludatur,
2566 4070 2658 4124 sed
2684 4071 2864 4124 omnia
2913 4072 3055 4125 intra
3082 4072 3199 4141 ejus
3236 4073 3680 4142 omnipotentiam

2090 4166 2452 4214 coarctentur.
2480 4158 2762 4214 Perfectus
2795 4161 3013 4227 dicitur,
3063 4162 3189 4231 quia
3229 4162 3362 4215 nihil
3405 4162 3456 4217 ei
3502 4171 3681 4233 potest

2091 4248 2273 4315 adjici.
2324 4249 2389 4302 Et
2433 4258 2612 4304 tamen
2666 4251 2733 4305 de
2785 4254 3249 4308 consummatione
3277 4253 3501 4322 alicujus
3547 4253 3677 4310 facti

2092 4340 2350 4408 perfectio
2374 4340 2612 4396 dicitur:
2667 4344 2806 4399 Deus
2848 4353 3047 4411 autem,
3078 4345 3168 4415 qui
3204 4361 3313 4400 non
3356 4356 3439 4401 est
3482 4346 3677 4414 factus,

2091 4438 2358 4506 quomodo
2385 4447 2468 4493 est
2490 4435 2807 4506 perfectus?
2848 4438 2943 4491 sed
2982 4438 3082 4491 hoc
3117 4438 3435 4493 vocabulum
3482 4439 3547 4493 de
3575 4455 3679 4496 usu

2095 4542 2280 4589 nostro
2336 4534 2565 4603 sumpsit
2622 4533 2857 4586 lnuoana
2914 4532 3112 4602 inopia,
3170 4534 3310 4588 sicut
3366 4542 3421 4588 et
3473 4533 3678 4604 reliqua

2095 4628 2278 4690 verba,
2305 4635 2571 4695 quatenus
2612 4626 2663 4679 id
2702 4628 2843 4695 quod
2868 4626 3139 4682 inell‘abile
3166 4636 3249 4683 est
3275 4636 3543 4698 utcunque
3570 4628 3680 4687 dici

2096 4714 2604 4784 possil:quomodo
2653 4717 2763 4769 Deo
2815 4717 2948 4770 nihil
2977 4718 3136 4787 digne
3187 4720 3453 4774 humanus
3499 4735 3680 4776 sermo

2095 4802 2247 4867 dicit,
2273 4803 2415 4857 sicut
2450 4812 2576 4857 sunt
2601 4812 2655 4857 et
2702 4804 2826 4857 alia.
2874 4803 3102 4860 Creator
3144 4806 3316 4860 dictus
3367 4822 3463 4875 pro
3497 4807 3681 4865 totius

2098 4895 2279 4948 mundi
2308 4896 2467 4950 rebus
2495 4897 2563 4949 ab
2601 4895 2725 4964 ipso.
2758 4897 2958 4950 creazis
2987 4914 2998 4948 :
3051 4896 3183 4950 nihil
3231 4897 3373 4949 enim
3428 4906 3510 4951 est
3537 4898 3681 4967 quod

2090 4997 2198 5036 non
2224 4982 2486 5052 originem
2516 4999 2546 5037 a
2571 4984 2680 5038 Deo
2715 4984 2961 5038 traxerit.
3014 4984 3131 5054 Ipse
3175 4992 3231 5037 et
3256 5000 3414 5048 unus,
3445 4985 3567 5053 quia
3596 4986 3681 5041 di-

2096 5072 2200 5126 vidi
2228 5088 2333 5127 non
2364 5082 2563 5143 potest,
2590 5074 2671 5128 vel
2702 5075 2830 5147 quia
2863 5074 2991 5127 nihil
3022 5074 3165 5127 aliud
3189 5088 3307 5127 esse
3332 5081 3510 5143 potest
3534 5075 3680 5143 quod

2095 5165 2429 5217 tantumdem
2473 5164 2648 5233 capiat
2696 5166 2996 5235 potestatis.
3052 5163 3173 5218 Hace
3211 5165 3391 5234 igitur,
3448 5180 3567 5235 qua:
3610 5165 3680 5221 de

2094 5255 2205 5309 Deo
2224 5254 2366 5309 dicta
2395 5264 2538 5319 sunt,
2570 5257 2634 5310 ad
2681 5265 2846 5310 totam
2888 5256 3161 5325 pertinent
3192 5257 3529 5319 Trinitatem,
3558 5270 3679 5325 pro-

2093 5352 2216 5412 pter
2245 5361 2405 5398 unam
2433 5353 2486 5399 et
2512 5356 2835 5399 coaeternam
2868 5346 3245 5411 substantiam,
3276 5347 3389 5401 sive
3411 5348 3463 5401 in
3494 5346 3677 5412 Patre,

2095 5434 2208 5487 sive
2250 5433 2302 5486 in
2348 5434 2484 5488 Filio
2513 5434 2629 5502 ejus
2656 5434 2972 5504 unigenito:
3022 5435 3077 5488 in
3129 5433 3509 5489 forma‘atttem
3555 5433 3675 5500 Dei,

2094 5524 2205 5579 sive
2231 5523 2284 5575 in
2311 5523 2512 5590 Spiritu
2544 5531 2752 5588 sancto,
2784 5524 2876 5593 qui
2903 5540 3040 5579 unus
3088 5534 3170 5579 est
3201 5524 3434 5593 Spiritus
3460 5524 3557 5579 Dei
3582 5522 3682 5580 Pa-

2095 5614 2213 5677 tris,
2245 5622 2299 5667 et
2347 5614 2467 5667 Filii
2508 5613 2622 5681 ejus
2648 5614 2928 5684 unigenili.
2979 5615 3116 5669 Sunt
3160 5623 3215 5669 et
3242 5615 3486 5683 quazdam
3511 5628 3680 5669 voca-

2094 5703 2218 5758 bula
2247 5719 2310 5757 ex
2340 5719 2437 5758 usu
2486 5712 2669 5760 nostro
2697 5704 2763 5758 ad
2823 5705 3014 5770 Deum,
3067 5712 3277 5774 sumpta
3308 5704 3372 5759 de
3418 5701 3677 5760 membris
