3896 6372
258 358 317 413 Π
1228 362 1320 419 DE
1359 362 1705 421 UNIVERSO
1741 363 1801 417 Ll

1902 366 1917 417 ι
1961 364 2117 423 xxu.
2155 394 2224 410 --
2260 369 2385 427 LIB.
2427 371 2469 428 ι.
3424 382 3487 437 τε

250 473 461 541 misti-is,
488 478 604 533 sive
630 476 701 533 de
724 476 1101 531 inferioribus:
1143 478 1233 545 qui
1274 478 1330 533 in
1360 473 1573 550 propria
1614 485 1804 531 natura
1834 481 1885 539 Α
1907 495 1997 531 cor
2020 497 2189 534 meum
2213 483 2421 535 uerbum
2442 484 2634 536 bonum
2661 482 2828 554 (Psal;
2865 487 3028 557 κων).
3060 485 3343 544 Brachium
3385 490 3488 546 θοι

251 567 527 623 invisibilis
552 574 610 621 et
631 566 984 636 incorporeus
1007 573 1111 631 est,
1142 581 1243 637 pro
1261 563 1616 620 efﬁcientibus
1637 573 1815 620 tamen

249 671 523 714 ranarum
576 657 633 710 in
679 656 816 725 ipso,
871 670 1051 710 rerum
1099 656 1311 724 species
1355 655 1720 719 aseribuntur,
1757 664 1818 708 nt

248 764 389 805 more
415 748 707 803 locutionis
755 756 954 803 nostra:
998 747 1211 802 facilius
1259 747 1493 817 seipsum
1535 748 1812 802 insinuet:

246 850 302 894 ut
339 838 461 907 quia
512 838 699 892 omnia
746 836 915 901 videt,
962 836 1171 891 dicatur
1221 835 1446 901 oculos;
1488 844 1544 890 et
1596 844 1815 905 propter

247 929 379 999 quod
408 929 555 982 audit
577 928 781 991 omnia,
812 926 1022 980 dicatur
1039 927 1194 980 auris
1221 942 1235 990 ;
1262 940 1359 994 pro
1378 940 1446 980 eo
1472 933 1651 979 autem
1670 926 1813 994 quod

246 1017 519 1081 avertitur,
558 1016 845 1070 ambulat:
899 1030 999 1084 pro
1044 1030 1110 1068 eo
1154 1014 1299 1083 quod
1340 1022 1638 1083 exspectat,
1682 1023 1807 1069 stat.

245 1109 329 1163 Sic
354 1110 409 1162 in
432 1111 646 1162 caeteris
672 1109 863 1161 horum
893 1106 1159 1161 similibus
1185 1106 1251 1159 ab
1276 1104 1531 1158 humanis
1543 1104 1812 1158 mentibus

248 1199 467 1252 trahitur
494 1195 793 1251 similitudo
822 1196 893 1250 ad
918 1195 1110 1258 Deum,
1138 1194 1279 1248 sicut
1300 1199 1385 1248 est
1415 1193 1739 1247 obliviscens
1754 1202 1811 1247 et

244 1302 559 1343 memorans.
608 1286 746 1340 Hinc
787 1293 868 1339 est
911 1286 1052 1353 quod
1100 1284 1362 1353 propheta
1388 1282 1553 1336 dicit:
1600 1281 1809 1335 Iuravit

244 1377 486 1430 Dominus
521 1374 845 1428 caruitnatus
882 1389 975 1441 per
1019 1372 1249 1425 animum
1282 1386 1433 1424 suam
1472 1368 1606 1439 (lso.
1651 1368 1804 1439 31v);

240 1483 336 1521 non
362 1466 503 1537 quod
529 1466 671 1520 Deus
694 1466 927 1518 animam
949 1463 1164 1527 habeat,
1189 1462 1283 1516 sed
1308 1460 1451 1530 quod
1474 1468 1659 1513 nostro
1687 1474 1809 1513 nar-

242 1566 321 1609 rat
339 1554 554 1610 affectu.
595 1552 732 1608 Nam
760 1562 819 1607 et
847 1551 1015 1606 {acies
1059 1552 1154 1606 Dei
1190 1552 1242 1604 in
1284 1550 1578 1619 Scripturis
1605 1549 1808 1604 sanctis

240 1663 337 1701 non
367 1661 515 1709 cam,
543 1646 638 1700 sed
659 1644 842 1699 divina
866 1642 1105 1713 cognitio
1134 1642 1469 1712 intelligitur,
1503 1640 1690 1694 eadem
1712 1655 1805 1692 ra-

240 1740 373 1791 tione
390 1754 499 1807 qua
528 1751 629 1806 per
654 1736 849 1790 {adem
890 1744 1237 1803 conspectam
1266 1733 1493 1801 quisque
1522 1731 1801 1801 cognosci~

1919 569 2068 630 mitti,
2101 569 2290 634 Filius,
2338 585 2435 639 per
2480 586 2641 641 quem
2681 575 2862 629 omnia
2898 586 3152 651 operatus
3196 588 3299 644 est,
3342 582 3489 635 utin

1912 660 2176 727 propheta
2203 659 2378 713 lsaia:
2434 659 2505 714 Et
2538 661 2811 716 brachium
2840 663 3056 719 Domini
3098 668 3187 723 cui
3208 667 3491 724 revelatum

1913 757 1987 800 est
2020 746 2157 817 (Isa.
2188 747 2328 817 Lm).
2376 750 2571 803 Dextra
2609 751 2811 817 Dei,id
2851 762 2937 807 est
2963 754 3147 815 Filios.
3179 758 3326 811 utin
3355 758 3492 828 psal-

1914 849 2040 887 mo:
2099 835 2325 888 Deztera
2372 836 2584 891 Domini
2634 840 2757 907 fecit
2808 841 3046 894 virtutem
3102 840 3272 912 (Psal.
3300 846 3488 908 cxvui.

1912 922 2043 977 item
2067 924 2295 979 dextera
2310 926 2542 991 Domini,
2562 926 2750 996 gloria,
2776 930 2891 984 sive
2912 929 3187 993 beatitudo
3210 943 3490 1003 perpetua,

1911 1012 2050 1066 sicut
2080 1013 2137 1067 in
2166 1014 2453 1084 Evnngelio
2482 1017 2547 1070 de
2572 1016 2707 1071 Filio
2731 1018 2932 1073 dicitur
2956 1037 2969 1073 :
3015 1020 3170 1075 Sedet
3204 1024 3277 1077 ad
3306 1025 3488 1080 deste-

1912 1118 2025 1155 rans
2060 1103 2157 1156 Dei
2207 1104 2405 1173 (Marc.
2440 1105 2576 1176 xvi).
2606 1107 2841 1176 Rursum
2892 1110 3111 1166 dextera
3164 1113 3280 1178 Dei,
3329 1115 3491 1170 electi

1908 1208 2114 1261 omnes,
2158 1205 2218 1249 ut
2260 1197 2312 1249 in
2347 1197 2797 1253 Deuteronomio:
2839 1201 2908 1255 In
2950 1204 3163 1258 dextera
3188 1207 3306 1275 ejus
3337 1208 3491 1278 ignea

1908 1281 1993 1335 lex
2018 1283 2198 1352 (Deut.
2240 1285 2455 1356 xxxiii).
2481 1286 2595 1341 Ala:
2640 1287 2871 1355 Domini,
2898 1294 3165 1359 protectio
3201 1295 3400 1362 divina,
3433 1308 3495 1351 ut

1909 1373 1963 1427 in
1992 1374 2232 1442 psalmo:
2273 1375 2357 1431 In
2382 1378 2567 1432 umbra
2590 1378 2796 1433 alarum
2822 1390 3033 1435 tuarum
3069 1387 3284 1453 sperabo
3310 1384 3486 1456 (Paul.

1906 1465 2038 1534 ut).
2088 1465 2332 1535 Scapulae
2358 1468 2569 1527 Domini
2612 1472 2790 1526 divina
2818 1474 3094 1545 patientia,
3143 1491 3246 1544 qua
3274 1486 3491 1547 portam

1906 1553 2160 1622 dignatur
2183 1555 2442 1622 inﬁrmos,
2467 1567 2524 1612 ut
2547 1560 2605 1612 in
2627 1559 3078 1629 Deuteronomio;
3107 1563 3345 1633 Suscepit
3374 1582 3483 1631 eos,

1902 1653 1954 1697 et
1986 1647 2253 1713 supposuit
2282 1647 2513 1717 scapulis
2551 1650 2661 1703 suis
2712 1650 2889 1720 (Deut.
2916 1654 3108 1725 usu).
3158 1655 3347 1712 Manus
3374 1657 3480 1711 Do~

1904 1736 2059 1801 mini,
2083 1737 2261 1791 divina
2284 1739 2544 1807 operatio,
2566 1750 2628 1794 ut
2659 1741 2714 1794 in
2740 1743 3045 1811 prophetia:
3076 1745 3264 1800 Nonne
3294 1763 3483 1801 manus

238 1840 334 1883 tur.
366 1830 478 1885 lioe
501 1830 651 1884 enim
675 1828 730 1882 in
751 1827 995 1882 oratione
1015 1826 1211 1881 dicitur
1235 1825 1381 1878 Deo:
1414 1822 1637 1877 Ostende
1659 1824 1804 1877 nobis
1834 1822 1879 1880 Β
1905 1844 2032 1882 mea:
2055 1828 2284 1896 fecerunt
2304 1831 2417 1883 hinc
2442 1833 2659 1886 ornuia?
2676 1832 2810 1903 (lsa.
2830 1834 2998 1904 uvl.)
3020 1836 3226 1905 Digitns
3250 1837 3481 1900 Domini,

237 1920 413 1985 [aciein
449 1928 598 1971 tuoin
631 1914 803 1986 (Psal.
829 1914 1017 1986 utut)
1043 1931 1058 1979 ;
1080 1930 1148 1967 ac
1172 1915 1217 1967 si
1264 1913 1567 1966 diceretur:
1600 1912 1674 1966 Da
1706 1928 1800 1965 no-

235 2008 311 2063 bis
337 2008 698 2076 cognitionem
729 2015 894 2059 tuam.
928 2004 1021 2059 Sic
1057 2015 1112 2057 et
1136 2002 1363 2073 vestigia
1401 2002 1493 2055 Dei
1524 2001 1800 2066 dicuntur,

235 2100 365 2167 quod
388 2112 531 2151 nunc
555 2097 696 2152 Deus
724 2111 821 2166 per
849 2094 1124 2165 speculum
1149 2093 1510 2163 cognoscitur.
1560 2092 1641 2144 Ad
1680 2108 1806 2161 per.

236 2189 421 2242 tea-tum
459 2201 593 2240 vero
620 2185 959 2255 omnipotens
994 2184 1316 2253 reperietur,
1354 2182 1478 2236 dum
1526 2181 1579 2233 in
1623 2179 1805 2234 futuro

235 2283 360 2336 facie
385 2282 454 2336 ad
492 2280 689 2336 facient
730 2280 1033 2349 quibusque
1068 2278 1254 2332 electis
1282 2277 1716 2347 prcesentabitur,
1745 2283 1805 2329 ut

234 2375 389 2442 ipsam
420 2372 658 2440 speciem
685 2368 1135 2439 contemplentur,
1181 2367 1334 2436 cujus
1380 2381 1524 2420 nunc
1574 2365 1801 2433 vestigia

234 2461 681 2532 comprehendere
703 2468 989 2521 conantur,
1031 2459 1131 2511 hoc
1173 2466 1278 2520 est,
1306 2472 1464 2525 quem
1498 2454 1683 2509 videre
1708 2470 1804 2523 per

234 2553 493 2624 speculum
517 2551 789 2606 dicuntur.
841 2549 974 2603 Nam
1000 2558 1055 2603 et
1081 2550 1236 2609 situs,
1267 2557 1322 2601 et
1370 2547 1598 2606 habitus,
1628 2554 1683 2598 ct
1727 2545 1805 2598 lo-

235 2659 338 2707 cus,
360 2651 413 2696 et
450 2651 663 2711 tempus
700 2640 753 2693 in
785 2639 896 2698 Deo
939 2654 1044 2692 non
1076 2638 1309 2706 proprie,
1344 2636 1436 2689 sed
1467 2651 1562 2704 per
1604 2635 1797 2688 simili-

236 2736 461 2789 tudinem
516 2732 778 2787 translatc
823 2731 1093 2785 dicuntur.
1153 2729 1352 2783 Sedere
1397 2729 1593 2796 quippe
1639 2742 1804 2795 super

237 2827 481 2881 cherubin
514 2825 735 2887 dicitur,
764 2822 906 2892 quod
929 2830 1012 2875 est
1053 2821 1118 2873 ad
1149 2821 1312 2874 situm
1338 2836 1352 2883 ;
1377 2828 1433 2873 et
1460 2819 1653 2888 abysso
1682 2828 1800 2871 tan-

233 2931 377 2986 quam
403 2916 724 2970 vestimento
753 2912 1005 2973 amictus,
1034 2910 1176 2979 quod
1202 2917 1281 2962 est
1310 2908 1375 2960 ad
1404 2908 1641 2961 habitum
1665 2925 1680 2971 ;
1707 2916 1798 2959 et:

234 3010 353 3063 Anni
381 3010 455 3060 tui
502 3024 612 3060 non
655 3004 892 3072 deﬁcient
936 2999 1104 3071 (Psal.
1131 3000 1242 3070 et);
1291 2997 1431 3068 quod
1480 2998 1547 3051 ad
1594 3005 1802 3066 tempus

230 3084 443 3168 pertinet
467 3113 481 3159 ;
510 3105 596 3147 et:
629 3093 689 3148 Si
719 3091 999 3146 ascendere
1025 3092 1078 3142 in
1103 3089 1311 3145 etclam.
1338 3096 1393 3139 tu
1416 3086 1524 3139 illic
1550 3102 1602 3137 es
1626 3082 1797 3155 (Ptol.

1903 1917 2136 1985 Spiritus
2184 1929 2422 1983 salictus,
2467 1920 2621 1987 cujus
2666 1923 2978 1991 operatione
3028 1924 3222 1979 tabula:
3265 1924 3400 1997 legis
3426 1927 3480 1980 in

1902 2007 2088 2061 Exodo
2109 2008 2323 2077 scripta:
2373 2008 2714 2075 referuntur;
2764 2022 2821 2065 et
2865 2013 2917 2065 in
2968 2013 3294 2084 Evangelio:
3337 2014 3399 2069 Si
3427 2018 3481 2069 in

1900 2097 2064 2166 digito
2088 2096 2188 2150 Dei
2215 2097 2367 2165 ejicio
2392 2097 2671 2152 da'ntonid.
2718 2101 2875 2169 Digiti
2903 2102 3134 2167 Domini,
3184 2103 3480 2173 legislator,

1903 2185 2137 2256 Moyses,
2162 2186 2276 2240 sive
2293 2187 2587 2256 prophetat,
2619 2188 2677 2241 ut
2706 2189 2760 2242 in
2783 2191 2991 2258 psalmo
3016 2210 3028 2243 :
3092 2191 3279 2245 Videbo
3306 2198 3480 2256 caelos,

1902 2279 2005 2332 hoc
2033 2286 2141 2343 est,
2170 2278 2302 2348 legis
2324 2278 2492 2333 libros
2518 2288 2574 2334 et
2596 2281 3001 2350 prophetarum,
3020 2300 3175 2352 opera
3198 2284 3484 2354 digitorum

1899 2376 2112 2419 tuorum
2158 2363 2331 2436 (Psal.
2354 2366 2494 2438 vm).
2524 2367 2822 2436 Sapientia,
2875 2371 2993 2425 Dei-
3020 2372 3204 2435 Filius,
3254 2372 3311 2426 in
3336 2369 3481 2441 Apo-

1900 2459 2079 2514 stolo:
2111 2457 2350 2513 Christus
2379 2459 2475 2513 Dei
2504 2463 2664 2515 virtus
2698 2472 2748 2515 et
2775 2461 2871 2515 Dei
2896 2464 3149 2533 sapientia
3172 2462 3223 2534 (l
3255 2463 3375 2518 Cor.
3407 2464 3478 2534 I);

1901 2558 1955 2604 ct
1984 2551 2036 2604 in
2090 2549 2413 2604 Salomone:
2466 2551 2737 2619 Sapientia
2785 2551 2996 2605 Domini
3045 2554 3253 2622 attingit
3296 2569 3330 2604 α
3379 2552 3483 2619 ﬁne

1901 2658 2063 2710 usque
2108 2641 2178 2693 ad
2219 2641 2375 2710 linem
2425 2641 2631 2709 fortiter
2675 2640 2824 2711 (Sep.
2852 2642 2988 2713 vui).
3027 2642 3220 2698 Uterus
3248 2644 3480 2707 Domini,

1902 2740 2170 2787 secretum
2213 2731 2525 2793 divinitatis,
2570 2747 2637 2786 es
2684 2747 2793 2801 quo
2842 2732 3034 2786 Filium
3059 2733 3309 2803 protulit,
3343 2741 3403 2789 ut
3428 2734 3480 2787 in

1900 2823 2107 2893 psalmo
2132 2841 2144 2875 :
2175 2822 2267 2876 Ex,
2287 2832 2434 2878 utero
2461 2833 2581 2878 ante
2602 2823 2879 2891 luciferum
2895 2826 3049 2895 genui
3075 2836 3125 2878 te
3154 2822 3327 2894 (Psal.
3345 2827 3478 2895 ω).

1901 2912 2071 2967 Pedes
2100 2909 2335 2977 Domini,
2372 2913 2639 2967 stabilitas
2666 2914 3006 2977 aeternitatis,
3051 2924 3109 2967 ut
3142 2915 3193 2967 in
3233 2913 3476 2982 psalmo:

1893 3004 1970 3057 Ἐε
1994 3006 2164 3073 cmigo
2201 3004 2296 3057 sub
2320 3004 2535 3073 pedibus
2554 3004 2670 3072 ejus
2694 3001 2865 3073 (Psal.
2892 3004 3047 3075 xvn).
3095 3004 3347 3059 Thronus
3377 3004 3481 3059 Do~

1902 3094 2055 3156 mini,
2086 3093 2282 3163 angeli,
2307 3094 2422 3148 sive
2444 3094 2637 3158 sancti,
2669 3094 2752 3148 vel
2777 3094 2891 3162 ipsn
2924 3094 3180 3164 regnandi
3217 3103 3481 3163 potestas,

230 3187 473 3255 cxxxvul)
500 3203 514 3247 ;
551 3184 694 3252 quod
743 3183 810 3236 ad
841 3181 1018 3235 locum
1071 3187 1270 3233 Illanel-
1320 3176 1452 3230 Nam
1497 3186 1551 3229 el
1583 3176 1635 3228 in
1668 3191 1796 3244 pro-
1824 3171 1959 3236 C‘ut
1986 3181 2037 3234 in
2060 3179 2301 3251 psalmo:
2334 3181 2732 3247 Tltronustuus,
2763 3181 2923 3247 Deus,
2947 3184 2999 3235 in
3014 3184 3276 3236 esa'culum
3299 3183 3482 3237 δανεκῆ

232 3278 373 3344 pheta
422 3272 651 3343 plaustri
702 3269 970 3339 portantis
1025 3268 1205 3320 fenum
1264 3266 1469 3335 species
1522 3266 1589 3318 ad
1636 3265 1800 3318 Deum

232 3364 428 3417 ducitur
443 3381 456 3416 :
470 3374 532 3416 et
548 3360 849 3415 hmoomnia
867 3372 962 3427 per
977 3357 1202 3427 ﬁguram
1221 3357 1471 3410 dicuntur
1488 3356 1644 3417 Deus,
1660 3357 1803 3424 quod

232 3456 349 3508 nihil
369 3457 562 3509 horum
587 3453 654 3506 ad
676 3451 1055 3520 proprietatem
1080 3447 1395 3503 substantia:
1414 3447 1531 3515 ejus
1548 3448 1798 3515 pertinet.

295 3547 355 3600 Et
375 3547 518 3615 quia,
550 3545 691 3599 sicut
725 3544 977 3603 diximus,
1015 3539 1253 3594 membra
1298 3539 1534 3591 humana
1565 3544 1623 3589 ct
1651 3536 1804 3589 babi-

233 3647 311 3691 tus
343 3647 499 3706 atque
530 3635 758 3689 affectus
792 3631 1011 3686 humani
1065 3646 1163 3699 per
1206 3629 1435 3698 ﬁguram
1481 3627 1590 3679 Deo
1633 3624 1800 3678 ascri-

235 3730 435 3791 buntur,
464 3725 707 3780 breviter
730 3738 794 3786 ea
841 3735 964 3789 qua:
1011 3720 1077 3772 de
1122 3719 1206 3771 bis
1251 3717 1451 3785 scripta
1497 3714 1800 3777 recnlimus,

235 3820 557 3872 adnotamus.
610 3814 784 3882 Caput
834 3810 1044 3865 Domini
1077 3810 1189 3878 ipsa
1237 3807 1509 3870 divinitas,
1562 3821 1626 3858 eo
1655 3804 1796 3872 quod

234 3909 538 3979 principium
584 3915 641 3961 et
687 3913 902 3959 creator
947 3902 1019 3956 sit
1068 3900 1307 3956 onmium
1361 3913 1561 3953 rerum.
1614 3896 1803 3966 Capilli

233 4008 397 4051 autem
427 3995 643 4051 Domini
678 3992 891 4048 candidi
919 3992 972 4045 in
1008 3990 1265 4059 propheta
1300 3988 1518 4042 Daniele
1562 3987 1804 4041 scribun-

234 4097 414 4151 tur,co
464 4086 611 4156 quod
652 4085 906 4151 antiquus
951 4081 1021 4135 sit
1065 4081 1271 4135 dierum
1318 4077 1480 4148 (Dan.
1504 4076 1623 4147 vn).
1649 4074 1799 4129 Oculi

234 4180 384 4234 Deum
411 4176 676 4251 [Domini]
715 4175 976 4245 inspectio
1001 4173 1206 4237 divina,
1236 4185 1301 4225 co
1326 4170 1469 4239 quod
1515 4168 1696 4223 omnia
1728 4168 1801 4220 vi-

233 4270 363 4333 deat,
386 4279 446 4323 ut
471 4278 558 4323 est
578 4266 710 4321 illud
737 4267 791 4320 in
822 4263 1076 4334 Apostolo
1102 4261 1260 4333 (lleb.
1284 4261 1359 4330 tv)
1389 4278 1401 4313 :
1451 4258 1641 4312 Omnia
1665 4258 1801 4312 enim

233 4361 360 4413 nuda
404 4370 451 4413 et
502 4368 687 4428 aperta
742 4364 863 4408 sunt
910 4354 1075 4405 oculis
1121 4351 1256 4420 ejus.
1309 4349 1585 4419 Palpebrae
1632 4348 1800 4401 Deum

234 4450 475 4523 [Domini]
517 4448 731 4504 occulta
761 4456 819 4501 et
859 4444 1155 4514 Spiritualia
1187 4443 1239 4497 in
1281 4440 1478 4495 divinis
1518 4438 1800 4508 prarceptis

1904 3271 2074 3364 (Psal.
2106 3271 2316 3341 cxvm).
2365 3269 2534 3325 Sedes
2579 3271 2813 3336 Domini,
2858 3272 2912 3325 id
2956 3280 3063 3336 est,
3114 3271 3259 3341 quod
3293 3287 3477 3343 supra,

1902 3361 2076 3432 angeli
2101 3361 2182 3416 vel
2202 3362 2393 3423 sancti,
2418 3362 2560 3429 quod
2590 3362 2643 3415 in
2673 3363 2757 3416 his
2800 3362 3057 3418 Dotninus
3093 3363 3315 3427 sedeat;
3345 3364 3493 3416 utin

1902 3452 2140 3521 psalmo:
2172 3451 2313 3505 Deus
2340 3451 2480 3505 sedet
2508 3468 2665 3521 super
2684 3452 2856 3506 sedem
2875 3463 3112 3506 sanctam
3133 3450 3478 3523 suam(Psal.

1902 3544 2068 3611 XLVI).
2112 3542 2414 3597 Descensus
2454 3542 2683 3607 Domini,
2712 3543 2947 3598 visitatio
2979 3541 3094 3610 ejus
3122 3544 3189 3597 ad
3213 3544 3480 3607 homines,

1900 3632 2041 3685 sicut
2067 3631 2121 3684 in
2158 3630 2415 3685 Michzea:
2469 3631 2604 3685 Ecce
2634 3631 2891 3686 Dominus
2939 3632 3232 3702 egredietur
3258 3633 3323 3686 de
3366 3633 3481 3686 loco

1902 3738 2019 3785 suo,
2049 3730 2100 3773 et
2132 3722 2401 3774 descendet
2423 3722 2732 3776 canonicam
2760 3734 2992 3777 extrema
3019 3734 3172 3777 teme
3199 3722 3386 3795 (una.
3404 3726 3477 3793 I);

1903 3809 2033 3863 item
2055 3810 2110 3863 in
2144 3810 2343 3864 malam
2373 3820 2606 3881 partem,
2634 3820 2695 3865 ut
2721 3813 2773 3866 in
2797 3812 2996 3868 Genesi
3025 3831 3038 3865 :
3066 3812 3349 3867 Descendit
3374 3814 3482 3867 Do-

1901 3905 2073 3957 minus
2103 3914 2157 3956 ut
2181 3903 2371 3956 rideret
2407 3904 2594 3954 turrim
2635 3901 2789 3971 (Gen.
2818 3902 2916 3973 XI).
2947 3901 3215 3957 Ascensus
3243 3903 3479 3968 Domini,

1900 3992 2127 4046 elevatio
2157 3991 2387 4046 hominis
2411 3991 2671 4059 assumpti
2699 4007 2728 4044 a
2755 4001 2898 4046 terra
2923 3992 2991 4046 ad
3029 3992 3217 4058 cmlos,
3240 4002 3303 4046 ut
3321 4001 3405 4047 est
3427 3994 3480 4047 in

1898 4083 2105 4152 psalmo
2129 4100 2141 4134 :
2169 4082 2274 4145 Qui
2307 4080 2539 4134 ascendit
2566 4097 2720 4149 super
2753 4080 2909 4134 catos
2932 4080 3180 4134 certorum
3202 4082 3272 4133 ad
3310 4084 3483 4135 orien-

1900 4183 2003 4227 tem
2053 4171 2226 4242 (Psal.
2262 4171 2473 4242 xxxiv).
2522 4170 2676 4226 Stare
2704 4171 2937 4237 Domini,
2968 4173 3228 4241 patientia
3277 4174 3475 4227 Divini-

1901 4263 2050 4325 tatis,
2084 4276 2181 4331 per
2207 4277 2367 4329 quam
2390 4269 2703 4330 peccatores
2728 4263 2795 4317 ad
2821 4264 3194 4332 ptenitentiam
3226 4264 3475 4329 sustinet,

1900 4352 2039 4405 sicut
2063 4351 2119 4404 in
2141 4349 2421 4404 Habacuc:
2453 4349 2609 4403 Stetit
2628 4360 2676 4404 et
2702 4368 2909 4405 mensus
2929 4362 3003 4406 est
3020 4362 3223 4406 terram
3249 4351 3478 4424 (Habeo:

1902 4442 2022 4510 In);
2056 4441 2187 4494 etin
2214 4440 2536 4511 Evangelio:
2578 4439 2731 4495 Stetit
2759 4441 2937 4507 Iesus,
2967 4454 3015 4496 et
3048 4444 3212 4512 jussit
3255 4461 3375 4499 eum
3399 4463 3482 4500 vo~

233 4503 491 4614 mysterid,
521 4503 583 4595 ut
631 4546 716 4594 est
744 4538 797 4591 in
826 4503 1066 4605 psalmo:
1116 4533 1386 4603 Palpebra:
1433 4503 1547 4601 ejus
1576 4503 1795 4583 interro-
1828 4503 1875 4560 D
1904 4503 2025 4583 care
2052 4530 2121 4584 ad
2142 4546 2198 4583 se
2245 4503 2439 4601 (Marc.
2465 4530 2543 4599 ι),
2574 4530 2676 4584 hoc
2698 4538 2802 4596 est,
2830 4503 3359 4589 omium.'Transitus
3385 4534 3485 4589 Do.

233 4644 339 4702 gout
365 4633 500 4700 ﬁlios
525 4631 797 4684 hominum
842 4625 1010 4697 (Psal.
1037 4625 1115 4695 χ),
1154 4625 1256 4678 hoc
1284 4632 1385 4687 est,
1413 4623 1629 4692 probant
1655 4620 1792 4689 ﬁlios

232 4724 501 4776 hominum.
543 4720 815 4776 Oderatus
848 4718 1081 4779 Domini,
1107 4715 1390 4769 delectatio
1436 4711 1554 4780 ejus
1601 4712 1654 4766 in
1682 4726 1796 4765 mo-

234 4814 365 4866 ribus
391 4814 505 4867 sive
531 4812 792 4881 operibus
828 4817 1159 4870 sanctorum,
1188 4815 1246 4858 ut
1276 4804 1329 4858 in
1361 4803 1555 4858 Genesi
1585 4821 1597 4854 :
1649 4799 1792 4853 Odo-

235 4912 456 4973 ratusque
484 4912 561 4956 est
594 4901 850 4954 Dominus
897 4897 1108 4950 odorem
1154 4895 1425 4948 suavitatis
1473 4892 1624 4962 (Gen.
1650 4892 1791 4963 vm).

232 4996 293 5049 Os
315 4996 539 5059 Domini,
574 4994 744 5047 Filius
770 4992 887 5061 ejus
931 4990 1012 5044 vel
1041 5004 1217 5044 sermo
1244 4989 1310 5040 ad
1347 4986 1614 5047 homines,
1658 4994 1714 5039 ut
1740 4985 1794 5037 in

233 5087 456 5153 psalmo:
508 5088 583 5140 Os
632 5084 839 5137 Domini
880 5083 1113 5135 locutum
1148 5090 1223 5133 est
1260 5079 1394 5149 (Isa.
1424 5078 1462 5147 I)
1496 5087 1594 5143 ;et
1622 5076 1749 5131 alibi
1779 5094 1792 5128 :

235 5173 296 5227 0s
323 5176 525 5229 Domini
553 5176 625 5227 ad
674 5173 1002 5227 iracundiam
1050 5178 1448 5239 prouocauerunt
1477 5167 1690 5237 (Tltren.
1728 5166 1792 5235 l).

234 5262 683 5339 Linguaﬁomini,
710 5262 946 5330 Spiritus
974 5260 1088 5329 ejus
1110 5267 1345 5323 sanctus,
1382 5267 1441 5311 ut
1464 5258 1519 5310 in
1549 5255 1759 5326 psalmo
1776 5270 1797 5307 τ

235 5352 415 5423 Lingua
450 5371 567 5406 mea
620 5352 857 5404 calamus
907 5348 1078 5420 (Psal.
1122 5349 1288 5417 κων).
1342 5348 1528 5403 Facies
1559 5346 1797 5409 Domini,

234 5449 449 5503 ostensio
494 5446 613 5515 ejus
666 5461 763 5515 per
797 5444 990 5498 Filium
1043 5444 1157 5514 ejus
1205 5445 1271 5497 ad
1320 5443 1584 5507 homines,
1630 5450 1691 5494 ut
1740 5441 1793 5493 iu

236 5540 439 5594 Exodo:
499 5538 690 5591 Facies
741 5553 855 5589 mea
916 5535 1170 5605 pra’cedet
1225 5545 1273 5589 te
1324 5532 1521 5604 (Exod.
1556 5530 1792 5601 xxxut);

235 5642 281 5684 ot
328 5634 376 5687 in
436 5632 686 5703 psalmo:
750 5628 939 5683 Facies
1006 5628 1215 5682 Domini
1262 5630 1458 5682 dimisit
1510 5645 1617 5683 eos.
1667 5627 1798 5683 Ver-

198 5736 345 5787 ,bum
403 5722 611 5778 Domini
648 5764 662 5786 ,
733 5719 900 5774 Filius
929 5761 944 5785 ,
1015 5728 1074 5773 ut
1120 5719 1172 5772 in
1222 5718 1465 5789 psalmo:
1523 5718 1796 5773 Eructavit

1905 4620 2060 4685 mini,
2090 4620 2273 4675 carnis
2317 4619 2634 4688 assumptio,
2681 4634 2781 4688 per
2819 4634 2983 4688 quam
3029 4623 3317 4687 nascendo,
3366 4639 3483 4677 mo.

1904 4712 2113 4776 riendo,
2145 4712 2493 4780 resurgendo,
2521 4712 2581 4765 in
2606 4709 2771 4765 ctelos
2795 4713 3153 4777 ascendendo,
3196 4713 3480 4783 quemdam

1903 4803 2191 4859 transitum
2224 4803 2386 4857 fecit:
2436 4802 2489 4856 in
2533 4804 2761 4857 Cantica
2793 4804 3160 4858 canticorum:
3211 4802 3347 4858 Ecce
3385 4806 3483 4857 iste

1900 4895 2033 4950 venit
2059 4894 2251 4948 saliens
2290 4896 2344 4947 in
2368 4896 2648 4959 montibus,
2670 4895 2971 4950 transiliens
3004 4896 3159 4950 colles
3191 4894 3367 4967 (Cant.
3391 4900 3473 4967 u).

1898 4982 2130 5037 Gressus
2155 4983 2392 5049 Domini,
2423 4984 2685 5037 adventus
2712 4985 2796 5038 vel
2823 4986 3056 5040 visitatio
3082 4984 3215 5054 ejus.
3244 4986 3356 5041 Via:
3377 4986 3482 5041 Do-

1898 5075 2051 5140 mini,
2080 5075 2324 5145 Operatio
2349 5074 2674 5140 Divinitatis,
2696 5075 2835 5130 sicut
2865 5076 2923 5129 in
2944 5077 3042 5131 Job
3078 5091 3177 5145 pro
3219 5077 3429 5132 diabolo
3458 5097 3475 5131 π

1897 5164 2019 5235 Ipse
2039 5174 2113 5217 est
2157 5166 2471 5235 principium
2520 5166 2719 5220 ciarum
2753 5165 2851 5218 Dei
2899 5166 3038 5237 (Job.
3064 5171 3151 5237 XL)
3182 5186 3195 5233 ;
3226 5170 3355 5224 item
3378 5170 3479 5224 vite

1895 5258 2127 5324 Domini,
2154 5264 2417 5328 praecepta
2444 5257 2675 5321 Domini,
2707 5266 2765 5310 ut
2794 5259 2848 5312 in
2880 5259 3053 5314 Osee:
3093 5261 3366 5326 Quomodo
3398 5278 3478 5314 re-

1895 5360 1992 5403 ctae
2014 5349 2108 5402 via:
2144 5347 2380 5413 Domini,
2406 5357 2453 5400 et
2493 5348 2640 5416 justi.
2665 5347 2932 5401 ambulant
2977 5350 3035 5402 in
3062 5350 3136 5403 eis
3168 5347 3313 5418 (Ose.
3340 5348 3474 5419 xiv).

1898 5438 2138 5509 Vestigia
2182 5439 2417 5504 Domini,
2467 5454 2697 5507 operum
2739 5447 3068 5493 secretorum
3119 5439 3290 5509 signa,
3335 5441 3487 5495 utin.

1895 5532 2149 5604 psalmo:
2198 5531 2267 5585 Et
2314 5533 2526 5600 uestigia
2578 5540 2670 5601 tua
2731 5547 2834 5583 non
2882 5539 3250 5599 cognoscentur
3299 5527 3476 5601 (Psal:

1897 5621 2105 5693 Lxxvl).
2154 5621 2403 5693 Cognitio
2440 5620 2673 5684 Domini,
2699 5620 2839 5687 quod
2865 5626 3251 5689 cognoscentes
3271 5631 3371 5671 nos
3398 5615 3479 5669 fac

1899 5720 2044 5785 ciat;
2076 5717 2215 5772 unde
2255 5716 2383 5772 dicit
2413 5716 2481 5770 ad
2506 5713 2818 5770 Abraham:
2879 5711 3033 5767 Nunc
3078 5710 3290 5779 cognovi
3336 5707 3479 5780 quod
