3896 6374
404 364 465 418 f‘J
1019 363 1079 416 Β.
1120 363 1373 417 [ὶᾹΒΑΝῘ
1411 364 1627 420 ΜἈυῐὶί
1665 362 1981 418 ARClIlEP.

2087 362 2332 420 DGUNT.
2375 362 2660 418 OPERUM
2695 361 2872 416 PARS
2911 361 2970 415 ll.
3564 359 3633 413 QD

394 474 577 527 tirtsem
606 472 773 526 Deum
794 472 942 541 (Gen.
965 474 1127 544 uel),
1165 476 1266 528 hoc
1290 483 1390 538 est,
1416 490 1739 545 cognoscere
1770 484 1821 529 te
1846 475 1967 531 feci.
1997 478 2046 538 Α
2074 475 2369 531 substantia
2390 476 2530 531 enim
2571 474 2653 531 vel
2683 475 2915 530 essentia
2945 464 3129 530 (ἔξωθε
3150 473 3263 528 usia
3286 475 3517 537 dicitur;
3551 476 3644 529 ho-

394 560 616 619 Nescire
637 566 824 629 Deum,
847 567 1135 635 reprobare
1156 573 1257 631 est,
1280 567 1410 621 utin
1432 567 1751 639 Evangelio:
1777 566 1970 622 Nescio

395 668 484 709 vos
528 650 740 723 (Matth.
769 656 888 725 vn).
942 654 1264 710 Recordatio
1305 656 1540 722 Domini,
1601 656 1971 712 misericordia

389 745 533 818 eius,
562 762 662 819 per
687 764 849 819 quam
877 750 1098 819 respicit
1118 758 1175 805 et
1201 751 1488 805 miseretur
1524 751 1611 806 cui
1635 750 1787 815 vult;
1832 749 1976 805 sicut

396 837 452 892 in
478 836 717 894 Genesi:
763 836 1085 892 Recordatus
1106 847 1182 892 est
1206 838 1462 893 Dominus
1491 838 1607 893 Noe
1632 837 1783 910 (Gen.
1811 837 1929 909 vut)
1955 854 1971 904 ;

395 938 452 984 et
476 930 602 985 alibi
631 944 647 960 '
676 928 997 985 Recordatus
1045 940 1119 984 est
1167 930 1427 985 Dominus.
1462 932 1641 1002 pepuli
1686 933 1768 986 sui
1797 928 1970 1002 (Psal.

393 1020 620 1093 uxvn).
650 1020 972 1076 Pmniteutia
1012 1021 1225 1077 Domini
1269 1039 1449 1078 rerum
1476 1023 1723 1090 mutatio,
1752 1024 1892 1079 sicut
1921 1025 1972 1078 in

391 1106 537 1166 libro
569 1111 812 1180 Regum:
867 1108 1089 1166 Paenitet
1133 1128 1214 1165 me
1266 1113 1404 1182 quod
1447 1114 1802 1168 constituerim
1843 1112 1977 1168 Saul

392 1212 565 1267 “gem
597 1197 647 1269 (I
671 1197 796 1268 Reg.
827 1197 901 1270 v).
934 1198 1012 1253 Ita
1040 1208 1095 1255 et
1138 1199 1287 1255 furor
1328 1199 1563 1266 Domini,
1601 1200 1736 1255 ultio
1782 1200 1986 1254 Divinis

395 1286 524 1340 tatis
554 1286 607 1340 in
640 1296 984 1355 peccatores,
1025 1290 1319 1345 secundum
1364 1288 1655 1345 vindictam
1706 1289 1975 1358 patientis,

394 1388 503 1427 non
541 1375 833 1430 secundum
859 1376 1167 1444 aequitatem
1191 1375 1481 1445 iudicantis
1505 1393 1531 1441 ς’
1560 1385 1621 1430 ut
1648 1376 1703 1430 in
1728 1376 1933 1445 psalmo
1961 1393 1976 1430 :

395 1463 463 1519 In
492 1464 573 1517 ira
604 1478 703 1518 sua
737 1465 863 1519 etin
888 1464 1069 1534 furore
1109 1484 1205 1521 suo
1230 1467 1557 1520 conturbabit
1585 1482 1671 1520 eos
1696 1464 1866 1536 (Psal.
1894 1464 1979 1536 ts).

395 1553 644 1609 Dormire
675 1554 889 1609 Domini
916 1564 1017 1621 est,
1050 1556 1175 1611 dum
1212 1557 1265 1610 in
1313 1558 1669 1626 quorumdam
1702 1558 1980 1610 hominum

393 1645 652 1701 cordibus
701 1646 833 1702 fides
857 1645 974 1715 ejus
1022 1648 1246 1703 minime
1270 1648 1480 1718 vigilat,
1526 1657 1589 1702 ut
1629 1649 1682 1702 in
1724 1648 1929 1717 psalmo
1964 1665 1975 1699 :

396 1734 657 1807 Exsurge,
689 1754 851 1808 quare
880 1738 1166 1803 obdormis,
1196 1737 1458 1792 Domine?
1485 1736 1657 1810 (Psal.
1684 1736 1860 1807 κιιιιι.)
1895 1738 1980 1792 Vi-

2072 583 2212 634 mos,
2235 583 2421 623 unum.
2454 568 2750 637 Utrumque
2786 569 2931 622 enim
2953 566 3299 637 coniunctum
3338 577 3499 625 sonat
3539 585 3645 622 una

2071 658 2379 713 substantia.
2418 658 2745 729 Principium
2780 673 2846 714 eo
2875 659 3018 729 quod
3046 659 3114 714 ab
3138 660 3252 729 ipso
3277 670 3402 713 sunt
3444 661 3643 715 omnia.

2072 756 2129 803 et
2151 748 2276 817 quia
2306 756 2433 803 ante
2464 762 2586 803 eum
2616 746 2749 801 nihil
2789 755 2893 804 est.
2923 747 3096 814 Finis,
3124 748 3207 803 vel
3237 749 3362 818 quia
3396 748 3649 819 dignatus

2074 846 2158 892 est
2205 838 2257 893 in
2303 838 2408 892 fine
2444 838 2759 894 saeculorum
2814 838 3089 893 humiliter
3119 839 3171 893 in
3210 854 3373 894 carne
3418 839 3566 895 nasci
3596 848 3652 894 et

2076 929 2210 984 mori
2237 945 2252 993 ;
2275 928 2357 982 vel
2382 930 2505 998 quia
2525 928 2780 999 quidquid
2808 930 3038 999 agimus,
3060 928 3124 983 ad
3150 928 3297 982 illum
3330 928 3609 984 referimus
3633 947 3644 982 :

2075 1028 2132 1075 et
2154 1036 2275 1075 cum
2305 1020 2372 1075 ad
2418 1020 2566 1074 illum
2601 1021 3025 1090 pervenerimus,
3055 1020 3216 1084 ultra,
3263 1021 3407 1089 quod
3438 1036 3643 1089 qumra-

2077 1125 2213 1173 mus,
2243 1124 2347 1163 non
2372 1109 2648 1164 habemus.
2670 1108 2743 1164 Os
2764 1109 2860 1163 Dei
2879 1117 2981 1174 est,
3008 1108 3133 1177 quia
3166 1108 3387 1162 verbum
3416 1117 3498 1163 est
3514 1110 3649 1179 ejus.

2078 1200 2210 1254 Nam
2240 1202 2376 1255 sicut
2404 1200 2707 1270 pro-verbis
2736 1215 2855 1269 quae
2897 1215 2993 1269 per
3026 1199 3259 1269 linguam
3307 1200 3463 1265 fiunt,
3514 1216 3654 1269 sape

2077 1290 2306 1345 dicimus
2334 1290 2421 1344 illa
2458 1290 2539 1344 vel
2568 1290 2653 1343 illa
2686 1289 2902 1359 lingua:
2937 1289 3007 1343 ita
3048 1305 3148 1358 pro
3177 1289 3266 1344 Dei
3319 1291 3478 1343 verbo
3503 1290 3656 1359 ροιιί-

2080 1390 2169 1435 tur
2193 1397 2271 1446 os,
2313 1382 2438 1450 quia
2465 1396 2583 1435 mos
2625 1390 2708 1435 est
2736 1389 2795 1434 ut
2821 1396 2916 1435 ore
2957 1381 3121 1436 verba
3169 1380 3489 1435 formentur.
3525 1380 3655 1434 Ver-

2080 1469 2205 1523 bum
2234 1478 2411 1524 autem
2460 1469 2580 1524 ideo
2606 1470 2820 1534 dicitur,
2865 1470 2987 1539 quia
3013 1484 3108 1538 per
3129 1484 3250 1524 eum
3288 1462 3468 1524 omnia
3496 1470 3657 1524 Pater

2080 1560 2325 1616 condidit
2340 1561 2453 1615 sive
2474 1559 2635 1629 jussit
2659 1577 2675 1624 ;
2697 1561 2919 1624 veritas,
2944 1559 3067 1628 quia
3101 1575 3206 1613 non
3250 1558 3404 1622 fallit,
3438 1560 3530 1613 sed
3562 1559 3656 1612 tri-

2079 1653 2199 1708 buit
2216 1653 2358 1722 quod
2381 1651 2657 1721 promisit;
2682 1650 2812 1715 vita,
2836 1651 2959 1719 quia
2984 1650 3163 1703 omnia
3188 1649 3451 1713 vivificat;
3479 1649 3656 1715 imago

2082 1741 2281 1797 dicitur
2311 1750 2530 1812 propter
2560 1755 2745 1810 parem
2768 1739 3171 1794 similitudinem
3208 1738 3386 1793 Patris
3411 1756 3425 1804 ;
3461 1740 3654 1809 figura,

395 1826 518 1897 gilia
549 1827 787 1893 Domini,
814 1829 866 1884 in
888 1828 1182 1885 electorum
1215 1844 1433 1884 suorum
1476 1829 1717 1883 custodia
1741 1843 1838 1899 per
1856 1844 1985 1898 prte-
2018 1820 2060 1880 Β
2092 1835 2231 1904 quod
2255 1834 2551 1902 suscipiens
2572 1831 2798 1886 formam
2830 1830 2969 1885 servi
2999 1844 3099 1899 per
3135 1845 3356 1899 operum
3383 1831 3664 1883 virtutum-

394 1919 677 1973 scientiam
705 1920 1015 1975 Divinitatis
1055 1934 1269 1991 semper
1305 1922 1516 1986 adesse,
1544 1930 1607 1975 ut
1647 1922 1700 1975 in
1731 1921 1937 1990 psalmo
1966 1940 1979 1976 :

400 2008 533 2063 Ecce
558 2026 661 2063 non
682 2010 981 2065 dormitabit
1015 2029 1177 2083 neque
1204 2012 1490 2068 obdormiet
1521 2012 1693 2085 (Psal.
1717 2013 1863 2085 cxx).
1891 2014 1987 2069 Se-

397 2097 526 2152 dere
556 2097 865 2161 Dominum,
923 2114 1148 2170 regnare
1196 2110 1300 2167 est,
1338 2111 1401 2156 ut
1447 2103 1501 2157 in
1545 2103 1792 2173 psalmo:
1844 2104 1984 2158 Dens

395 2185 539 2240 sedet
560 2202 718 2256 super
743 2188 917 2241 sedem
938 2200 1175 2243 sanctam
1198 2207 1352 2244 suam
1374 2188 1547 2262 (Paul.
1575 2194 1741 2263 xsvr).
1775 2191 1991 2247 Scabel-

398 2277 509 2331 lum
552 2277 786 2343 Domini,
832 2279 992 2334 homo
1047 2288 1354 2351 assumptus
1401 2297 1432 2335 a
1462 2281 1661 2347 Verbo,
1687 2282 1767 2337 vel
1813 2284 1985 2337 sancti

399 2366 518 2437 ejus
545 2382 575 2421 a
602 2369 923 2438 quibusdam
953 2379 1235 2438 putantur,
1283 2380 1344 2425 ut
1376 2372 1428 2425 in
1464 2372 1672 2441 psalmo
1700 2386 1715 2424 :
1760 2372 1986 2426 Adorate

397 2456 681 2510 scabellum
716 2460 906 2529 pedum
943 2460 1078 2528 ejus,
1119 2462 1367 2531 quoniam
1406 2472 1643 2515 sanctum
1693 2470 1766 2515 est
1812 2458 1983 2531 (Psal.

402 2547 587 2616 xcvnl)
615 2564 629 2611 ;
656 2548 781 2601 item
814 2549 1102 2603 scabellum
1142 2560 1227 2605 est
1256 2550 1657 2605 humiliatorum
1705 2549 1984 2618 subjectio,

401 2646 463 2691 ut
491 2639 543 2691 in
575 2638 781 2707 psalmo
811 2656 823 2691 :
856 2639 1032 2693 Donec
1060 2636 1251 2710 ponam
1289 2640 1528 2695 inimicos
1559 2651 1676 2694 tuos
1702 2640 1984 2693 scabellum

398 2726 588 2796 pedum
612 2738 821 2782 tuorum
846 2726 1017 2799 (Psal.
1044 2730 1176 2800 eis).
1218 2729 1525 2785 Ambulatio
1558 2732 1789 2795 Domini,
1818 2730 1988 2786 decla-

399 2815 538 2869 ratio
561 2814 868 2872 Divinitatis
914 2818 968 2871 in
1017 2821 1271 2888 operibus
1318 2821 1617 2876 electorum
1658 2836 1897 2886 suorum,
1929 2831 1987 2876 ut

422 2919 457 2956 n
489 2903 750 2973 propheta
781 2922 794 2957 :
846 2904 915 2958 Et
962 2907 1298 2961 inambulabo
1332 2910 1385 2963 in
1428 2909 1553 2975 illis,
1582 2920 1629 2964 et
1668 2926 1756 2963 ero
1777 2908 1987 2964 illorum

402 2993 660 3048 Dominus
699 2993 842 3064 (Leu.
870 2996 1039 3065 xxvi).
1076 2996 1224 3051 Tuba
1248 2998 1365 3062 Dei,
1387 3014 1489 3053 vox
1518 2998 1821 3063 manifesta,
1855 3000 1985 3053 utin

401 3084 658 3153 Apostolo
683 3103 695 3137 :
743 3086 811 3139 In
845 3086 1001 3155 jussu
1043 3098 1088 3141 et
1118 3087 1173 3140 in
1204 3105 1321 3142 voce
1346 3089 1665 3159 archangeli,
1693 3101 1739 3144 et
1778 3091 1830 3143 in
1857 3089 1981 3144 tuba

402 3172 502 3228 Dei
538 3175 809 3230 descendet
841 3176 904 3230 de
930 3176 1053 3230 co3lo
1079 3177 1128 3247 (1
1162 3177 1338 3232 Thess.
1367 3178 1464 3249 tv).

983 3296 987 3301 ’
1038 3287 1265 3341 CAPUT
1293 3287 1357 3341 ll.

990 3356 1067 3410 De
1096 3356 1236 3410 Filio
1277 3357 1394 3410 Dei.

476 3444 658 3500 Multis
683 3447 848 3501 etiam
894 3449 1068 3502 modis
1113 3448 1360 3502 Christus
1405 3449 1457 3501 in
1507 3448 1803 3518 Seripturis
1844 3450 1990 3505 inve-

404 3541 552 3592 nitur
599 3540 816 3595 divinis.
865 3539 999 3593 Nam
1048 3541 1159 3609 ipse
1194 3540 1288 3593 Dei
1337 3539 1512 3595 Patris
1562 3542 1867 3610 unigenitus
1909 3551 1993 3596 est

402 3628 589 3693 Filius,
613 3631 703 3698 qui
734 3631 857 3684 dum
880 3639 1022 3685 esset
1046 3630 1266 3698 aequalis
1312 3630 1476 3696 Patri,
1522 3640 1741 3701 propter
1764 3634 1989 3687 salutem

409 3728 647 3773 nostram
673 3719 902 3773 formam
929 3721 1078 3774 servi
1099 3721 1326 3789 accepit.
1362 3720 1592 3775 Proinde
1615 3724 1861 3790 quadam
1888 3740 1985 3775 no-

408 3808 553 3861 mina
603 3809 655 3862 in
706 3810 795 3864 illo
829 3826 895 3863 ex
942 3811 1239 3865 divinitatis
1282 3811 1598 3875 substantia,
1650 3814 1895 3881 quasdam
1923 3830 1988 3867 ex

404 3897 805 3965 dispensatione
853 3907 1114 3967 suscepta:
1160 3900 1509 3954 humanitatis
1541 3911 1811 3971 assumpta
1843 3910 1985 3956 sunt.

406 3988 657 4043 Christus
687 4005 916 4059 namque
942 3990 1127 4045 Graece
1154 4007 1183 4044 a
1214 3992 1505 4046 chrismate
1546 3992 1842 4063 appellatus
1883 4002 1986 4057 est,

407 4081 508 4134 hoc
540 4088 624 4134 est
658 4091 863 4134 unctus.
916 4080 1237 4136 Sacerdotes
1262 4096 1390 4151 ergo
1420 4092 1473 4136 et
1521 4099 1675 4151 reges
1717 4082 1853 4152 apud
1899 4082 1991 4136 Ju-

407 4171 552 4225 dzeos
580 4186 734 4225 saera
765 4171 1015 4225 unctione
1042 4173 1095 4225 in
1123 4172 1299 4226 Veteri
1345 4172 1686 4227 Testamento
1715 4174 1989 4242 ungehan-

410 4269 515 4326 tur,
558 4272 613 4315 et
636 4262 753 4316 ideo
782 4262 1029 4317 Christus
1076 4271 1268 4317 unctus
1316 4264 1637 4332 appellatur,
1678 4263 1769 4331 qui
1816 4279 1908 4317 rex
1937 4272 1991 4317 ct

406 4354 657 4408 sacerdos
682 4362 803 4414 est;
852 4353 940 4422 qui
983 4369 1087 4407 non
1112 4354 1230 4409 oleo
1256 4354 1540 4416 matcriali,
1575 4354 1667 4409 sed
1713 4353 1832 4408 oleo
1859 4353 1991 4407 laeti-

402 4444 511 4507 tiae,
544 4446 646 4500 hoc
672 4453 755 4499 est
784 4443 987 4513 Spiritu
1017 4454 1230 4508 sancto,
1260 4452 1343 4499 est
1382 4454 1574 4499 unctus
1601 4460 1711 4513 prte
1741 4444 1991 4498 omnibus

405 4534 756 4605 participibus
782 4536 913 4590 suis.
942 4537 1192 4590 Christus
1215 4550 1344 4589 vero
1370 4535 1628 4589 Hebraicc
1668 4535 1890 4590 Messias
1913 4537 1990 4590 di-

403 4626 560 4679 citur.
612 4622 769 4679 Jesus
811 4623 1115 4687 Hebraeum,
1146 4623 1334 4678 Graece
1364 4632 1525 4686 soter,
1560 4623 1749 4675 Latine
1785 4623 1989 4677 saluta~

404 4714 500 4777 ris,
541 4714 624 4767 vel
650 4715 884 4767 salvator
913 4715 1319 4782 interpretatur,
1366 4728 1462 4781 pro
1488 4728 1553 4767 eo
1597 4712 1740 4781 quod
1783 4712 1990 4766 eunetis

404 4805 654 4875 gentibus
699 4805 945 4859 salutifer
992 4806 1158 4859 venit.
1214 4804 1527 4858 Emmanuel
1576 4820 1639 4857 ex
1682 4803 1903 4856 chrmo
1935 4803 1987 4855 in

405 4894 657 4947 Latinum
691 4895 957 4965 significat
993 4895 1259 4947 nobiscum
1287 4894 1449 4957 Deus,
1480 4893 1687 4946 scilicet
1728 4892 1867 4959 quod
1897 4907 1992 4959 per

406 4984 676 5051 Virginem
711 4993 868 5037 natus
897 4984 1036 5038 Deus
1058 4984 1362 5037 hominibus
1389 4983 1440 5035 in
1467 4998 1629 5035 carne
1658 4981 1867 5034 mortali
1894 4996 1987 5048 ap-

405 5074 601 5141 paruit.
652 5075 789 5127 Deus
814 5074 1011 5126 dicitur
1035 5083 1250 5142 propter
1275 5073 1480 5125 unitum
1521 5087 1640 5125 cum
1679 5070 1836 5123 Patre
1862 5071 1986 5122 sub-

404 5163 655 5215 stantiam
685 5180 699 5224 ;
735 5163 1014 5226 Dominus,
1050 5171 1266 5230 propter
1295 5161 1616 5215 servientem
1643 5160 1745 5213 sibi
1778 5168 1987 5213 creatu-

404 5269 558 5305 ram:
597 5253 739 5306 Dens
784 5264 962 5307 autem
1004 5263 1059 5307 et
1109 5254 1289 5316 homo,
1334 5253 1459 5320 quia
1492 5252 1725 5305 Verbum
1755 5258 1811 5305 et
1835 5265 1983 5305 caro.

408 5344 727 5411 Unigenitus
753 5353 929 5397 autem
977 5355 1201 5397 vocatur
1246 5358 1343 5411 per
1382 5342 1677 5395 divinitatis
1721 5342 1984 5396 excellen-

408 5431 561 5493 tiam,
590 5433 714 5500 quia
747 5433 863 5486 sine
905 5432 1162 5485 fratribus
1188 5451 1200 5484 :
1249 5433 1656 5501 primogenitus,
1686 5447 1779 5500 per
1806 5447 1987 5486 susce-

405 5522 644 5589 ptionem
670 5523 928 5584 hominis,
972 5523 1023 5575 in
1052 5538 1153 5590 qua
1186 5537 1279 5590 per
1308 5522 1645 5590 adoptionem
1678 5522 1863 5591 gratia:
1893 5522 1985 5573 ha-

409 5617 536 5668 bere
564 5613 761 5667 fratres
789 5616 1038 5683 dignatus
1059 5624 1157 5680 est,
1184 5615 1377 5682 quibus
1403 5622 1548 5669 esset
1579 5612 1983 5682 primogenitus.

413 5703 730 5758 llomousios
759 5703 905 5757 Patri
953 5706 1019 5758 ab
1061 5706 1262 5757 unitate
1306 5703 1620 5759 substantiae
1651 5701 1984 5771 appellatur:

2021 4486 2069 4545 D

2084 1939 2189 1993 que
2215 1921 2616 1977 similitudinem
2647 1919 2822 1974 Patris
2862 1918 2916 1973 in
2964 1933 3024 1974 se
3063 1919 3347 1989 imaginem
3377 1927 3536 1987 atque
3562 1919 3663 1972 im-

2086 2027 2324 2068 mensam
2366 2011 2785 2083 magnitudinem
2814 2010 3150 2080 designavit;
3202 2025 3393 2065 manus
3433 2011 3526 2065 Dei
3555 2018 3659 2074 est,

2087 2104 2227 2173 quod
2261 2104 2440 2158 omnia
2470 2118 2565 2172 per
2591 2102 2761 2171 ipsum
2804 2098 2946 2156 facta
2975 2108 3118 2155 sunt.
3164 2098 3300 2154 Hinc
3325 2108 3380 2153 ct
3418 2102 3660 2164 dextera,

2088 2204 2303 2264 propter
2353 2192 2601 2249 effectum
2648 2189 2827 2259 operis
2873 2190 3036 2245 totius
3087 2196 3348 2243 creatura:
3392 2203 3512 2258 quae
3566 2202 3667 2256 per

2087 2288 2261 2355 ipsum
2290 2284 2518 2339 formata
2542 2292 2660 2347 est;
2709 2282 3013 2345 brachium,
3063 2280 3206 2349 quod
3232 2279 3300 2333 ab
3333 2280 3449 2349 ipso
3484 2279 3664 2333 omnia

2086 2376 2466 2439 continentur;
2496 2374 2681 2435 virtus,
2720 2372 2859 2440 quod
2889 2384 3101 2424 onmem
3132 2369 3307 2423 Patris
3340 2377 3674 2439 potestatem.

2090 2465 2141 2519 in
2189 2464 2474 2532 semetipso
2522 2462 2737 2524 habeat,
2787 2470 2841 2513 et
2888 2461 3067 2514 omnia
3112 2468 3324 2529 potest;
3374 2460 3661 2528 sapientia,

2086 2556 2228 2625 quod
2254 2556 2365 2624 ipse
2392 2553 2590 2607 revelct
2620 2552 2871 2622 mysteria
2898 2552 3134 2606 scient’m
3152 2560 3207 2605 et
3228 2567 3423 2605 arcana
3449 2552 3664 2620 sapien-

2090 2646 2214 2709 tim;
2264 2643 2532 2712 splendor,
2593 2653 2813 2711 propter
2858 2641 2998 2709 quod
3059 2639 3406 2702 manifestat;
3453 2640 3677 2704 lumen,

2087 2734 2212 2803 quia
2243 2732 2542 2797 illuminat;
2595 2731 2711 2797 lux,
2735 2731 2859 2800 quia
2886 2731 2955 2785 ad
2979 2730 3267 2785 veritatem
3296 2731 3669 2800 contemplan-

2088 2825 2211 2879 dam
2258 2824 2433 2878 cordis
2476 2823 2663 2878 oculos
2710 2830 2956 2886 reserat;
3011 2821 3112 2886 sol,
3159 2822 3282 2890 quia
3328 2820 3663 2884 illustrator;

2087 2917 2290 2981 oriens,
2327 2916 2451 2984 quia
2494 2915 2709 2968 luminis
2749 2913 2885 2978 fons,
2913 2921 2969 2966 et
3000 2912 3142 2981 quod
3189 2912 3319 2965 oriri
3353 2927 3452 2966 nos
3500 2910 3664 2965 faciat

2088 3008 2154 3061 ad
2190 3008 2353 3060 vitam
2395 3013 2646 3059 aeternam
2675 3021 2688 3069 ;
2725 3003 2865 3068 fons,
2894 3003 3019 3072 quia
3057 3017 3234 3057 rerum
3264 3002 3414 3071 origo
3448 3009 3549 3065 est,
3582 3001 3666 3054 vel

2084 3097 2226 3168 quod
2247 3096 2407 3152 faciat
2428 3097 2690 3150 sitientes.
2722 3095 2838 3163 ipse
2862 3108 3072 3163 quoque
3094 3116 3126 3148 α
3149 3101 3203 3147 ει
3223 3117 3282 3158 ω,
3308 3094 3430 3162 quia
3454 3093 3663 3147 initium

2093 3201 2149 3246 et
2176 3190 2315 3244 finis.
2349 3188 2664 3250 Paraclitus,
2695 3187 2746 3241 id
2782 3195 2870 3241 est
2890 3186 3199 3248 advocatus,
3243 3184 3364 3253 quia
3391 3200 3489 3254 pro
3511 3184 3669 3238 nobis

2096 3280 2378 3335 intercedit
2404 3278 2544 3348 apud
2569 3278 2806 3339 Patrem,
2837 3286 2889 3330 et
2913 3275 2978 3329 ad
3017 3273 3202 3343 culpas
3240 3282 3455 3327 nostras
3491 3287 3668 3327 remo-

2092 3373 2295 3427 vendas
2327 3386 2512 3425 curam
2536 3368 2709 3438 gerit;
2740 3380 2988 3436 sponsus,
3017 3365 3143 3433 quia
3178 3362 3243 3417 de
3271 3362 3407 3417 εαξιο
3446 3363 3672 3417 descen—

2094 3465 2223 3518 deus
2246 3462 2471 3515 adhmsit
2494 3458 2767 3521 Ecclesim,
2798 3466 2858 3511 ut
2894 3464 3076 3511 essent
3111 3454 3216 3508 dno
3245 3454 3296 3508 in
3337 3468 3500 3508 carne
3539 3468 3664 3506 una.

2093 3552 2324 3622 Angelus
2360 3550 2558 3603 dicitur
2582 3555 2799 3616 propter
2839 3543 3297 3598 annuntiationem
3339 3550 3575 3611 paterna:
3605 3557 3669 3595 ac

2094 3658 2203 3696 sua:
2227 3638 2547 3701 voluntatis;
2581 3635 2719 3689 unde
2756 3644 2807 3688 et
2837 3634 2978 3703 apud
3008 3634 3322 3702 prophetam
3346 3632 3520 3699 magni
3546 3647 3670 3683 con-

2092 3729 2198 3783 silii
2223 3727 2434 3797 angelus
2461 3724 2674 3796 legitur,
2709 3724 2834 3777 dum
2862 3723 2932 3777 sit
2958 3723 3097 3776 Deus
3125 3729 3178 3775 et
3213 3721 3469 3775 Dominus
3513 3734 3669 3787 ange-

2094 3819 2283 3871 lorum.
2333 3816 2525 3869 Missus
2552 3813 2767 3875 dicitur,
2821 3812 2945 3881 quia
2998 3809 3231 3863 Verbum
3278 3823 3404 3863 caro
3461 3807 3659 3862 factum

2092 3916 2193 3963 est.
2229 3906 2400 3960 llomo
2442 3905 2655 3967 dicitur,
2697 3904 2819 3972 quia
2870 3903 3179 3955 incarnatus
3207 3906 3325 3963 est;
3383 3900 3676 3962 mediator,

2092 4000 2216 4068 quia
2250 4000 2313 4052 de
2344 4006 2518 4051 morte
2568 3998 2633 4049 ad
2688 3995 2849 4048 vitam
2900 4009 2997 4048 nos
3045 3992 3331 4062 perduxit;
3381 3992 3663 4060 propheta,

2093 4089 2234 4158 quod
2260 4088 2437 4141 futura
2464 4086 2718 4140 revelavit
2744 4102 2757 4148 ;
2790 4084 3063 4147 sacerdos,
3094 4082 3234 4151 quod
3261 4096 3357 4150 pro
3386 4082 3539 4135 nobis
3575 4081 3666 4135 ho—

2094 4180 2250 4233 stiam
2286 4192 2342 4230 se
2367 4176 2595 4238 obtulit;
2634 4184 2837 4243 pastor,
2866 4174 2989 4243 quia
3020 4181 3201 4227 custos
3224 4182 3307 4226 est
3333 4188 3347 4235 ;
3394 4171 3663 4240 magister.

2095 4268 2216 4337 quia
2249 4275 2530 4329 ostensor;
2583 4264 2869 4317 Nazartcus
2896 4278 3025 4318 vero
3067 4278 3095 4315 a
3137 4261 3255 4315 loco
3301 4261 3565 4314 Nazareth
3592 4277 3605 4323 ;
3634 4276 3662 4313 a

2094 4357 2308 4419 merito,
2338 4354 2387 4408 id
2414 4362 2519 4417 est,
2546 4361 2785 4415 sanctus,
2815 4352 2925 4408 sive
2956 4352 3204 4416 mundus,
3234 4350 3358 4420 quia
3384 4360 3662 4419 peccatum

2098 4461 2202 4503 non
2234 4446 2386 4501 fecit.
2443 4444 2715 4512 Siquidem
2765 4450 2821 4497 et
2862 4444 2926 4497 de
2974 4443 3093 4496 aliis
3138 4441 3481 4495 inferioribus
3509 4440 3677 4493 rebus.

2096 4536 2369 4590 nominum
2419 4532 2623 4603 species
2649 4531 2715 4585 ad
2766 4545 2824 4585 se
2854 4531 3021 4585 trahit
3048 4531 3312 4595 Christus,
3358 4538 3418 4585 ut
3460 4529 3666 4583 facilius

2095 4625 2438 4693 intelligatur.
2474 4623 2676 4677 Dicitur
2700 4630 2878 4674 autem
2925 4620 3100 4689 panis,
3148 4620 3272 4688 quia
3318 4635 3486 4683 caro;
3516 4618 3662 4680 vilis,

2093 4714 2217 4783 quia
2251 4727 2317 4767 ex
2346 4712 2601 4781 sanguine
2627 4711 2793 4780 ipsius
2833 4709 3091 4778 redempti
3122 4723 3344 4771 sumus;
3394 4706 3511 4777 flos,
3543 4706 3668 4774 quia

2092 4804 2324 4865 electus;
2354 4804 2461 4868 via,
2489 4803 2612 4871 quia
2636 4816 2731 4871 per
2755 4802 2929 4870 ipsum
2956 4801 3021 4854 ad
3045 4800 3210 4854 Deum
3240 4798 3411 4862 imus;
3444 4798 3664 4859 ostium,

2095 4893 2217 4961 quia
2265 4909 2360 4961 per
2388 4894 2559 4960 ipsum
2597 4893 2663 4944 ad
2710 4892 2876 4945 Deum
2919 4892 3280 4960 ingredimur;
3332 4903 3504 4951 mons,
3542 4888 3667 4955 quia

2096 4983 2283 5049 fortis;
2333 4992 2505 5051 petra,
2553 4981 2675 5051 quia
2722 4980 2949 5035 firmitas
2997 4989 3081 5033 est
3115 4978 3483 5041 credentium;
3533 4976 3669 5043 lapis

2095 5072 2385 5142 angularis,
2413 5072 2497 5124 vel
2522 5071 2646 5140 quia
2677 5071 2808 5123 duos
2836 5070 3065 5138 parietes
3092 5085 3123 5122 e
3148 5069 3384 5131 diverso,
3413 5068 3464 5120 id
3489 5076 3570 5119 est
3601 5066 3668 5121 de

2094 5160 2500 5214 circumcisione
2526 5170 2581 5213 et
2612 5160 2889 5227 prmputio,
2924 5158 2977 5211 in
3011 5173 3169 5211 unam
3200 5158 3455 5211 fabricam
3486 5155 3669 5209 Eccle-

2094 5254 2185 5306 sia:
2206 5252 2419 5320 jungit:
2448 5252 2531 5305 vel
2561 5252 2701 5319 quod
2729 5267 2914 5320 pacem
2955 5250 3156 5318 angelis
3181 5257 3234 5302 ct
3276 5247 3579 5301 hominibus
3612 5246 3667 5299 in

2092 5356 2150 5394 se
2176 5341 2301 5394 facit
2326 5357 2340 5404 ;
2369 5340 2504 5408 lapis
2532 5339 2864 5402 offensionis,
2906 5338 3031 5405 quia
3062 5338 3284 5391 veniens
3314 5335 3553 5396 humilis,
3583 5335 3666 5387 of-

2090 5431 2372 5485 fenderunt
2421 5432 2473 5484 in
2516 5445 2638 5485 eum
2682 5428 2946 5483 increduli
2978 5428 3245 5490 homines,
3291 5438 3345 5479 et
3386 5425 3556 5479 factus
3586 5433 3670 5477 cst

2091 5529 2242 5587 petra
2274 5520 2529 5574 scandali.
2560 5519 2987 5573 Fundamentum
3034 5526 3210 5571 autem
3260 5516 3379 5569 ideo
3423 5524 3667 5575 vocatur,

2093 5610 2216 5678 quia
2241 5608 2374 5663 fides
2398 5610 2449 5662 in
2479 5622 2544 5661 eo
2584 5606 2798 5661 fundata
2830 5617 2931 5671 est,
2963 5606 3044 5661 vel
3075 5606 3197 5672 quia
3244 5621 3404 5673 super
3434 5616 3553 5655 eum
3578 5617 3642 5651 ra

2094 5699 2291 5754 tholica
2338 5698 2576 5753 Ecclesia
2626 5706 2931 5753 constructa
2962 5705 3061 5749 cst.
3108 5693 3289 5764 Agnus
3318 5693 3511 5747 dicitur
3534 5705 3658 5758 pro-
