3896 6330
255 345 315 403 Ἦ
1238 350 1327 408 DE
1370 348 1715 409 UNIVERSO
1750 345 1924 402 LIBRI
1966 345 2123 401 XXII.
2166 380 2233 387 -ο-
2273 349 2400 402 LIB.
2441 347 2477 401 l.

3427 350 3521 405 εν

257 471 367 533 pter
408 459 815 524 innocentiam;
862 459 994 525 ovis,
1046 470 1263 531 propter
1318 461 1818 523 mansuetudinem;
1852 461 1899 520 Α
1927 458 2126 521 divina,
2180 474 2578 529 comparamur.
2622 461 2817 514 Dentes
2858 460 3056 515 Christi
3106 461 3331 531 apostoli
3374 472 3500 518 sunt

260 554 410 615 aries,
436 558 661 620 propter
690 551 1086 622 principatum;
1136 554 1343 619 haedus,
1382 563 1604 623 propter
1637 551 1825 607 simili—

258 641 483 697 tudinem
510 640 697 695 carnis
722 642 923 709 peccati
950 659 964 707 ;
1011 650 1066 696 et
1093 642 1312 707 vitulus,
1341 659 1439 713 pro
1468 658 1533 699 eo
1561 643 1702 712 quod
1726 655 1824 710 pro

256 730 402 785 nobis
428 730 874 795 estimmolatus;
904 730 989 786 leo
1023 746 1123 802 pro
1170 746 1335 803 regno
1382 742 1437 787 et
1474 732 1820 794 fortitudine;

255 835 466 889 serpens
491 836 592 889 pro
616 831 789 875 morte
814 829 869 875 et
890 822 1174 890 sapientia.
1212 822 1357 876 idem
1378 830 1435 876 et
1462 822 1679 883 vermis,
1701 820 1826 890 quia

258 912 578 976 resurrexit;
604 912 799 981 aquila,
827 928 924 982 pro
948 928 1013 965 eo
1056 915 1195 982 quod
1224 920 1346 983 post
1382 912 1823 967 resurrectionem

254 1007 319 1060 ad
342 1014 484 1059 astra
532 1005 813 1059 remeavit.
861 1002 971 1059 Nec
1016 1004 1210 1058 mirum
1261 1006 1307 1060 si
1335 1005 1529 1058 vilibus
1559 1002 1826 1073 signiﬁca-

256 1094 479 1148 tionibus
516 1092 797 1161 ﬁguretur,
846 1092 935 1161 qui
978 1107 1148 1161 usque
1180 1093 1245 1147 ad
1284 1101 1589 1146 nostrarum
1621 1091 1826 1161 passio-

258 1199 374 1237 num
396 1198 488 1237 seu
517 1183 698 1239 carnis
727 1181 1078 1238 contumelias
1098 1182 1438 1237 descendisse
1464 1183 1823 1252 cognoscitur,

254 1274 483 1343 quidam
514 1273 586 1328 sit
618 1273 710 1327 Dei
743 1272 918 1327 Patris
944 1280 1242 1327 coaeternus
1270 1282 1393 1326 ante
1419 1272 1611 1326 szecula
1634 1272 1822 1336 Filius,

254 1371 531 1431 postquam
564 1362 714 1416 venit
740 1362 1017 1431 plenitudo
1056 1362 1330 1429 temporis,
1359 1370 1578 1431 prepter
1600 1361 1823 1414 salutem

256 1460 483 1505 nostram
529 1450 758 1505 formam
804 1450 945 1504 servi
976 1450 1202 1519 accepit,
1233 1460 1288 1504 et
1337 1451 1509 1505 lactus
1552 1460 1635 1505 cst
1663 1450 1826 1505 Filius

255 1541 339 1595 Dei
381 1541 517 1595 ﬁlius
567 1541 816 1595 hominis.
873 1538 1024 1595 Unde
1059 1540 1301 1608 quaedam
1339 1541 1402 1595 de
1452 1540 1540 1593 illo
1589 1541 1640 1593 in
1673 1539 1824 1593 Scri-

253 1631 416 1699 pturis
468 1630 763 1685 secundum
814 1629 1043 1684 formam
1093 1630 1209 1693 Dei,
1258 1632 1501 1699 quaedam
1533 1633 1825 1685 secundum

254 1721 474 1775 formam
507 1722 649 1775 servi
678 1722 947 1775 dicuntur.
985 1720 1223 1788 Quorum
1262 1721 1487 1790 exempli
1520 1722 1691 1791 gratia
1724 1722 1827 1774 duo

1924 557 1979 600 et
2021 548 2397 617 prmdicatores
2442 547 2575 603 Novi
2619 549 2992 615 Testamenti;
3052 551 3193 607 unde
3232 553 3493 623 scriptum

1922 645 2044 690 est:
2089 633 2277 689 Dentes
2315 637 2426 705 ejus
2460 636 2590 691 lacte
2633 639 2963 693 candidiores
2998 638 3153 710 (Gen.
3179 640 3348 712 nix).
3393 640 3498 710 Qui

1923 730 2217 799 praecidunt
2254 731 2322 784 ab
2360 732 2636 787 erroribus
2673 732 2936 795 homines,
2985 742 3041 788 et
3079 749 3173 789 eos
3212 736 3369 806 quasi
3408 749 3500 791 eo-

1926 821 2184 875 medendo
2217 821 2269 874 in
2291 819 2490 876 Christi
2524 838 2718 892 corpus
2757 823 3105 878 transferunt.
3148 824 3498 883 Nomineau-

1927 920 2035 965 tem
2060 912 2212 967 lactis
2244 912 2486 967 doctrina
2516 914 2647 983 legis
2672 914 3021 985 signiﬁcatur.
3068 915 3272 987 Lingua
3298 915 3499 972 Christi

1924 996 2269 1071 ev'angelieus
2291 1016 2467 1057 sermo
2490 1010 2600 1057 est:
2634 1003 2832 1073 Lingua
2864 1020 2977 1058 mea
3003 1005 3226 1059 adhwsit
3255 1004 3496 1075 faucibus

1926 1092 2052 1144 meis
2080 1088 2249 1163 (Psal.
2283 1092 2414 1162 xxi).
2464 1091 2671 1147 Fauces
2710 1092 2911 1147 Christi
2956 1094 3333 1163 praedicatores
3374 1105 3502 1150 sunt

1927 1180 2218 1260 Evangelii.
2266 1181 2400 1235 Nam
2435 1181 2501 1235 de
2527 1190 2744 1253 gutture
2783 1181 2924 1238 illius
2954 1184 3028 1237 ita
3062 1182 3255 1253 legitur
3279 1184 3335 1238 in
3360 1184 3501 1240 Can-

1930 1272 2034 1325 tico
2090 1272 2419 1325 canticorum
2466 1290 2476 1324 :
2544 1270 2741 1325 Cuttur
2794 1270 2936 1326 illius
2999 1274 3365 1326 suavissimum
3424 1280 3501 1326 est

1927 1360 2103 1431 (Cant.
2132 1360 2204 1431 v).
2267 1361 2322 1413 In
2384 1369 2600 1430 gutture
2663 1362 2873 1415 interna
2933 1362 3157 1416 dulcedo
3211 1362 3499 1416 verborum

1930 1452 2069 1504 illius
2113 1459 2483 1503 memoratur:
2537 1466 2697 1519 quam
2758 1451 2850 1519 qui
2914 1451 3088 1519 sapit,
3150 1466 3255 1504 non
3309 1452 3497 1504 esurit.

1928 1542 2092 1594 Labia
2138 1540 2369 1604 Christi,
2412 1541 2821 1594 anmtntiatores
2864 1539 3044 1603 verbi,
3090 1548 3149 1592 ut
3187 1540 3239 1593 in
3277 1538 3501 1593 Cantica

1928 1633 2258 1686 canticorum
2291 1650 2302 1683 :
2349 1630 2509 1683 Labia
2554 1631 2694 1683 illius
2733 1630 3045 1683 distillantia
3084 1630 3351 1700 myrrham
3384 1630 3498 1698 pri-

1928 1738 2065 1773 mam
2094 1720 2269 1789 (Cant.
2302 1720 2374 1791 v).
2428 1720 2600 1774 Barba
2642 1719 2864 1783 Christi,
2913 1720 3073 1775 homo
3119 1728 3425 1787 assumptus
3470 1734 3500 1771 a

253 1810 491 1880 quaedam
517 1819 1029 1875 commemorantur,
1053 1818 1112 1864 ut
1135 1809 1342 1878 singula
1366 1810 1430 1863 ad
1461 1810 1666 1879 singula
1695 1808 1828 1863 refe-
1858 1803 1902 1860 Β
1933 1810 2128 1873 Verbo,
2160 1810 2245 1864 vel
2276 1811 2500 1879 perfecti
2536 1826 2746 1875 omnes,
2771 1820 2831 1864 ut
2865 1821 2951 1865 est
2982 1811 3034 1863 in
3075 1810 3315 1879 psalmo:
3352 1808 3501 1862 Sicut

254 1909 453 1953 raatur.
484 1900 789 1975 Secundum
820 1900 1049 1955 formam
1081 1901 1223 1954 enim
1248 1899 1342 1953 Dei
1365 1901 1429 1954 de
1455 1902 1629 1968 scipso
1667 1900 1822 1953 dicit:

253 1991 356 2060 Ego
383 2002 428 2044 et
458 1993 619 2044 Pater
644 2008 803 2043 unum
829 2009 1007 2044 sumus
1048 1990 1230 2061 (Joan.
1259 1992 1315 2060 ι)
1342 2008 1356 2056 ;
1408 1990 1697 2045 secundum
1722 1990 1827 2043 for—

254 2095 388 2131 mam
419 2080 655 2133 hominis
682 2080 811 2133 dicit
837 2098 849 2132 :
894 2079 1054 2133 Pater
1077 2080 1250 2150 major
1274 2097 1352 2133 me
1377 2090 1449 2132 est
1479 2078 1660 2148 (Joan.
1687 2079 1825 2145 xm).

254 2167 503 2221 Homines
529 2177 731 2231 autem,
766 2169 939 2223 minus
981 2169 1341 2238 intelligentes
1369 2169 1493 2236 quid
1520 2176 1575 2221 et
1608 2167 1673 2219 ad
1702 2167 1828 2235 quid

248 2259 575 2313 dicanturea
610 2274 729 2326 quin
758 2268 979 2328 propter
1022 2258 1249 2313 formam
1299 2259 1439 2313 servi
1490 2258 1632 2310 dicta
1681 2264 1823 2319 sunt,

256 2348 427 2401 volunt
466 2347 760 2401 transferre
788 2347 852 2399 ad
886 2346 1111 2401 formam
1159 2347 1250 2399 Dei
1282 2362 1295 2407 ;
1330 2355 1382 2399 et
1408 2361 1593 2399 rursus
1624 2359 1683 2396 ea
1710 2359 1827 2411 quae

250 2436 382 2489 dicta
417 2444 546 2489 sunt
571 2435 640 2488 ad
668 2434 896 2488 formam
928 2435 1041 2497 Dei,
1070 2445 1131 2487 ut
1163 2436 1229 2487 ad
1250 2450 1307 2488 se
1336 2436 1560 2487 invicem
1587 2449 1828 2501 persona:

251 2524 569 2588 referantur,
599 2523 785 2578 volunt
842 2523 1056 2575 nomina
1104 2536 1224 2575 esse
1270 2530 1475 2574 natura:
1504 2528 1661 2588 atque
1704 2520 1827 2573 sub~

248 2615 472 2677 stantia},
498 2623 555 2667 et
584 2613 789 2667 faciunt
834 2627 1075 2667 errorem
1128 2613 1180 2665 in
1228 2613 1348 2666 ﬁde.
1410 2610 1499 2665 Sic
1538 2612 1679 2665 enim
1732 2612 1823 2665 Dei

250 2701 380 2756 Filio
420 2700 710 2769 conjuncta
759 2710 842 2756 est
888 2702 1121 2755 humana
1175 2710 1384 2763 natura,
1434 2709 1492 2751 ut
1529 2714 1590 2751 ex
1620 2700 1826 2754 duabus

248 2795 556 2849 substantiis
607 2793 761 2848 ﬁeret
806 2808 909 2845 una
956 2807 1205 2859 persona.
1258 2790 1413 2844 Solus
1462 2790 1621 2859 igitur
1667 2791 1827 2843 homo

246 2886 453 2955 pertulit
501 2901 739 2949 crucem,
795 2885 890 2939 sed
935 2892 1151 2953 propter
1194 2883 1452 2934 unitatem
1493 2896 1732 2949 persona:
1776 2889 1828 2933 et

248 2977 383 3031 Deus
408 2978 614 3031 dicitur
634 2976 939 3046 pertulisse.
980 2975 1113 3029 lliuc
1141 2984 1222 3029 est
1248 2975 1387 3041 quod
1433 2974 1727 3027 scribitur:
1767 2972 1827 3027 Si

246 3069 374 3119 enim
399 3066 779 3136 cognovissent,
810 3081 1071 3134 nunquam
1118 3063 1281 3116 Deum
1322 3062 1500 3131 gloria:
1532 3062 1822 3129 cruci/iris-

246 3169 349 3211 sent
374 3157 425 3225 (1
447 3132 573 3210 Cor.
602 3156 683 3226 ιι).
715 3156 905 3209 Filium
930 3132 1076 3209 enim
1103 3154 1193 3207 Dei
1221 3152 1537 3206 crucifixum
1570 3151 1817 3216 fatentur,
1850 3132 1893 3193 (ἶ

248 3262 345 3299 non
376 3261 437 3299 ex
466 3246 668 3299 virtute
695 3244 1012 3306 divinitatis,
1044 3244 1136 3296 sed
1178 3257 1242 3294 ex
1283 3240 1597 3293 inﬁrmitate
1634 3240 1821 3293 imma-

248 3336 463 3389 nitatis:
518 3350 627 3389 non
669 3350 736 3387 ex
781 3348 890 3387 sua:
940 3340 1143 3385 natura:
1192 3330 1587 3398 permansione,
1636 3328 1727 3382 sed
1756 3344 1821 3383 ex

247 3432 438 3479 nostra:
465 3422 829 3491 susceptione.

312 3511 666 3565 inveniuntur
702 3525 830 3578 ergo
878 3509 1117 3562 membra
1170 3506 1466 3574 corporalia
1524 3506 1639 3574 ipso
1685 3506 1820 3561 Filio

248 3598 337 3651 Dei
362 3599 583 3660 ascribi,
617 3613 826 3651 necnon
854 3605 909 3649 et
945 3597 1156 3650 habitus
1185 3596 1445 3664 corporis,
1488 3596 1552 3648 de
1579 3611 1683 3664 quo
1709 3597 1820 3665 jam

245 3700 399 3755 supra
438 3686 618 3754 aliqua
648 3687 943 3754 posuimus,
996 3694 1051 3738 et
1080 3686 1253 3738 adhuc
1308 3684 1410 3737 alia
1458 3684 1819 3752 sulijiciemus.

245 3774 373 3829 Nam
401 3784 568 3844 caput
606 3774 805 3828 Christi
839 3775 978 3829 Deus
1015 3790 1135 3827 esse
1167 3776 1217 3827 in
1246 3774 1499 3842 Apostolo
1525 3775 1737 3843 legitur,
1768 3783 1821 3827 et

242 3865 699 3933 caput/Ecclesia:
742 3864 1009 3927 Christus,
1062 3872 1121 3916 ut
1158 3872 1237 3916 est
1279 3863 1445 3919 illud:
1502 3862 1637 3916 Nam
1669 3872 1820 3933 caput

244 3955 472 4007 mulieris
504 3965 579 4008 est
606 3956 713 4027 rir:
745 3964 896 4021 caput
920 3963 1092 4005 autent
1121 3953 1214 4005 viri
1238 3951 1491 4015 Christus,
1529 3963 1681 4022 caput
1704 3970 1818 4005 vero

244 4039 433 4094 Christi
464 4053 540 4095 est
573 4042 717 4095 Deus
759 4041 811 4112 (l
838 4041 959 4094 Cor.
988 4041 1083 4113 χι).
1120 4040 1327 4110 Corpus
1356 4041 1571 4109 quidem
1613 4040 1816 4095 Christi

242 4139 422 4184 sancta
454 4140 541 4185 est
572 4130 833 4192 Ecclesia,
862 4131 1001 4183 sicut
1034 4132 1199 4184 etiam
1246 4131 1384 4185 idem
1417 4131 1702 4200 Apostolus
1729 4146 1818 4185 os-

241 4222 423 4275 tendit.
458 4222 651 4291 Capilli
683 4237 914 4289 namque
947 4221 1146 4277 Christi
1173 4224 1381 4277 candidi
1424 4222 1815 4276 multitudinem

240 4321 550 4366 sanctorum
574 4311 938 4366 dealbatorum
969 4312 1020 4365 in
1046 4312 1361 4382 Apocalypsi
1384 4313 1702 4381 exprimunt,
1728 4313 1817 4364 ubi

240 4402 497 4469 scriptum
528 4410 648 4455 est:
690 4399 858 4471 Caput
896 4411 1068 4455 autem
1094 4402 1206 4471 ejus
1235 4412 1280 4456 et
1311 4402 1487 4471 capilli
1518 4412 1660 4454 erant
1688 4419 1813 4454 can—

1928 1910 2247 1969 unguentum
2274 1901 2326 1953 in
2352 1901 2540 1969 capite,
2562 1901 2701 1970 quod
2725 1901 2985 1955 descendit
3012 1902 3065 1953 in
3089 1900 3303 1957 barbam
3325 1898 3504 1951 Aaron

1927 1988 2099 2059 (Psal.
2131 1989 2358 2059 cxxxu).
2411 1989 2598 2043 Manus
2642 1989 2861 2055 Christi,
2910 1991 3144 2060 operarii
3168 1990 3407 2059 justitise,
3434 1989 3502 2042 ad

1927 2088 2086 2127 omne
2122 2090 2256 2144 opus
2299 2076 2501 2129 bonum
2545 2077 2751 2145 parati,
2803 2086 2864 2130 ut
2902 2086 2985 2132 est
3025 2077 3152 2130 illud
3197 2078 3249 2130 in
3277 2076 3499 2131 Cantico

1928 2164 2258 2217 canticorum
2285 2183 2297 2217 :
2328 2163 2517 2217 Manus
2545 2165 2656 2233 ejus
2680 2165 2953 2219 tornatiles
2980 2182 3173 2219 aurea).
3212 2166 3376 2235 Digiti
3404 2166 3502 2218 mei

1924 2252 2062 2321 pleni
2084 2263 2201 2306 sunt
2224 2254 2435 2322 myrrha
2463 2252 2639 2322 (Cant.
2668 2252 2743 2323 v).
2789 2254 2845 2307 In
2874 2256 3122 2309 manibus
3145 2256 3285 2308 enim
3314 2270 3498 2324 Opera,

1927 2344 1980 2395 in
2006 2343 2184 2410 digitis
2221 2342 2474 2396 discretio
2500 2342 2812 2411 designatur
2840 2361 2850 2394 :
2899 2344 2952 2396 in
2979 2343 3196 2413 myrrha
3224 2343 3503 2397 continen-

1929 2430 2001 2483 tia
2047 2438 2101 2483 et
2142 2430 2439 2498 passiones,
2484 2446 2602 2499 qua:
2641 2440 2765 2485 tunc
2808 2433 3184 2501 probatissima
3221 2443 3335 2499 est,
3377 2449 3498 2487 cum

1927 2523 2260 2577 solummodo
2299 2539 2399 2593 pro
2432 2524 2698 2581 charitate
2745 2526 2836 2579 Dei
2882 2534 2937 2579 et
2974 2526 3224 2596 proximi,
3255 2524 3336 2580 vel
3364 2543 3477 2581 con-

1926 2615 2150 2669 tinentia
2174 2614 2258 2669 vel
2292 2616 2569 2685 passiones
2600 2616 2752 2671 ﬁunt.
2798 2617 3025 2671 Dextera
3051 2617 3279 2679 Domini.
3311 2618 3499 2673 Testa-

1926 2713 2166 2758 mentum
2213 2704 2458 2770 Novum;
2507 2707 2724 2760 sinistra
2752 2746 2767 2771 ,
2815 2708 2996 2761 Vetus.
3060 2706 3190 2760 item
3236 2706 3454 2759 dextera
3484 2746 3499 2768 ,

1924 2794 2199 2848 beatitudo
2234 2802 2520 2862 perpetua;
2562 2795 2801 2865 sinistra,
2836 2796 2946 2848 vita
2980 2808 3243 2863 praesens;
3284 2795 3422 2847 sicut
3449 2794 3501 2846 in

1927 2882 2149 2937 Cantico
2193 2884 2523 2938 canticorum
2574 2884 2811 2938 Ecclesia
2854 2884 2983 2937 dicit
3012 2902 3022 2936 :
3050 2882 3201 2937 Latra
3246 2883 3361 2951 ejus
3400 2883 3495 2935 sub

1927 2971 2093 3039 capite
2116 2986 2248 3033 meo,
2270 2980 2318 3024 et
2340 2970 2552 3024 dextera
2573 2973 2686 3041 ejus
2708 2972 3089 3041 amplexabitur
3110 2988 3188 3024 me
3212 2970 3386 3041 (Cant.
3412 2974 3497 3039 lt).

1927 3060 2059 3114 item
2100 3060 2343 3128 dextera,
2385 3061 2579 3126 electi;
2628 3062 2876 3128 sinistra,
2920 3063 3131 3132 reprobi
3172 3078 3392 3127 omnes,
3441 3073 3500 3117 ut

1925 3149 1979 3204 in
2015 3150 2341 3219 Evangelio:
2388 3150 2595 3207 Statuet
2634 3169 2749 3207 oves
2782 3171 2813 3207 a
2852 3154 3069 3217 dextris,
3108 3154 3285 3207 laedas
3325 3165 3498 3207 autem

1925 3256 1958 3292 α
1995 3240 2218 3295 sinistris
2245 3240 2458 3313 (Matth.
2489 3243 2637 3311 xxv).
2688 3242 2865 3298 Ubera
2906 3243 3143 3308 Christi,
3190 3245 3497 3313 evangelica

1927 3329 2200 3394 doctrina;
2249 3339 2308 3383 ut
2353 3332 2406 3385 in
2443 3330 2662 3387 Cantica
2699 3332 3069 3386 canticorum:
3121 3332 3339 3387 Meliora
3378 3343 3498 3386 sunt

1926 3418 2087 3472 ubera
2130 3430 2220 3473 tua
2260 3422 2375 3474 uiuo
2405 3418 2581 3491 (Cant.
2610 3420 2670 3491 ι).
2719 3420 2966 3475 Mamilla:
3004 3419 3235 3486 Domini,
3263 3422 3369 3477 duo
3394 3424 3499 3476 Te-

1927 3517 2233 3575 stamenta;
2294 3514 2434 3567 unde
2482 3513 2675 3583 legitur
2727 3515 2778 3567 in
2830 3514 3199 3584 Apocalypsi:
3252 3516 3318 3568 Et
3362 3533 3495 3569 zona

1925 3612 2086 3649 aurea
2126 3599 2262 3651 circa
2303 3600 2565 3653 mamillas
2595 3601 2776 3670 (Apoc.
2806 3601 2867 3672 r).
2924 3601 3121 3656 Venter
3157 3602 3380 3669 Christi,
3421 3606 3497 3656 la-

1927 3702 2144 3741 vacrum
2195 3690 2617 3757 regenerationis
2643 3730 2657 3755 ,
2721 3706 2788 3745 ex
2833 3706 2938 3759 quo
2982 3692 3182 3745 electos
3227 3708 3351 3746 suos
3400 3708 3494 3760 per

1927 3777 2224 3843 adoptionis
2258 3779 2560 3846 gratiamin
2586 3779 2723 3834 ﬁlios
2745 3791 2981 3850 generat.
3026 3782 3162 3836 Hinc
3191 3783 3242 3835 in
3272 3782 3493 3837 Cantica

1925 3863 2256 3915 canticorum
2291 3864 2521 3918 dicitur:
2565 3864 2747 3919 Venter
2772 3876 2891 3921 tuus
2922 3868 3177 3922 eburneus
3208 3869 3383 3940 (Cant.
3415 3872 3489 3939 \‘.).

1922 3949 2175 4003 Intestina
2208 3953 2435 4015 Domini,
2466 3964 2731 4009 secretum
2758 3956 3073 4023 divinitatis,
3118 3960 3229 4013 sive
3258 3960 3308 4012 in
3340 3976 3492 4014 sacra

1924 4036 2197 4107 Scriptura
2239 4042 2448 4095 occulta
2489 4053 2854 4109 sacramenta;
2898 4046 3023 4100 hinc
3056 4047 3108 4100 in
3142 4047 3326 4101 Exodo
3352 4050 3485 4102 scri-

1921 4136 2068 4195 ptum
2113 4138 2233 4181 est:
2280 4129 2447 4199 Caput
2490 4148 2605 4184 cum
2647 4133 2858 4196 pedibus
2881 4144 2927 4187 ct
2962 4136 3216 4189 intestinis
3244 4138 3486 4190 rorabitis

1923 4216 2116 4285 (Exod.
2150 4219 2265 4288 xu).
2317 4222 2484 4273 Crura
2530 4220 2685 4288 ejus,
2728 4224 2953 4292 apostoli
2999 4224 3079 4279 vel
3124 4228 3302 4279 caeteri
3348 4243 3483 4295 prte-

1921 4304 2213 4368 dicalores,
2269 4314 2436 4359 totum
2481 4307 2732 4362 Ecclesia:
2772 4326 2965 4379 corpus
3006 4313 3370 4377 sustinentes;
3423 4317 3486 4368 de

1919 4407 2024 4459 quo
2058 4392 2109 4443 in
2133 4391 2354 4446 Cantico
2379 4395 2708 4449 canticorum
2750 4398 2982 4451 dicitur:
3012 4399 3179 4452 Crura
3210 4402 3323 4469 ejus
3352 4403 3484 4455 sicut

240 4468 359 4541 didii
390 4500 649 4559 tanquam
694 4468 816 4543 lana
865 4490 983 4543 alba
1031 4501 1077 4545 et
1118 4468 1383 4561 tanquam
1424 4493 1513 4544 nix
1540 4491 1718 4561 (Apoc.
1750 4493 1809 4562 t).

1922 4484 2169 4532 columine
2208 4497 2513 4535 marmorea:
2550 4482 2722 4553 (Cant.
2761 4487 2837 4555 v).
2894 4486 3060 4541 Pedes
3102 4468 3308 4543 Domini
3336 4531 3349 4551 ,
3376 4508 3475 4543 'as—

241 4576 545 4646 Antiquitas
573 4586 630 4631 et
658 4577 1035 4633 immortalitas
1062 4578 1358 4647 majestatis
1386 4580 1438 4633 in
1470 4579 1658 4647 capitis
1687 4593 1815 4631 can-

241 4665 363 4720 dore
391 4666 719 4720 ostenditur.
752 4665 848 4721 Cui
879 4670 1143 4738 prateipue
1165 4670 1295 4737 justi
1325 4670 1523 4738 quique
1552 4668 1689 4721 velut
1720 4682 1809 4721 ca-

240 4756 343 4822 pilli
371 4756 747 4821 adhaerentes,
795 4768 1014 4826 propter
1038 4774 1168 4812 oves
1200 4761 1265 4813 ad
1295 4759 1570 4813 dexteram
1604 4758 1811 4810 futuras

242 4845 405 4899 instar
434 4846 605 4909 lanae,
638 4855 694 4900 et
724 4856 941 4916 propter
966 4848 1331 4901 dealbatorum
1363 4846 1807 4901 innumerabilem

241 4935 447 4988 turbam
483 4944 539 4989 et
570 4934 866 4991 electorum
907 4952 937 4988 e
976 4936 1112 4989 cmlo
1145 4936 1389 4990 datorum
1410 4976 1424 4999 ,
1473 4937 1643 4989 instar
1672 4934 1810 4987 nivis

240 5021 509 5094 eﬂ'ulgent.
556 5024 712 5079 Oculi
740 5024 939 5079 Christi
988 5034 1249 5093 praecepta
1294 5036 1419 5079 sunt
1463 5026 1806 5094 evangelica;

240 5111 372 5164 unde
410 5113 465 5165 in
498 5113 700 5168 Genesi
730 5114 959 5183 legitur:
996 5112 1327 5166 Pulcltriorcs
1364 5123 1481 5166 sunt
1525 5114 1660 5165 oculi
1697 5114 1807 5180 ejus

241 5200 350 5253 riuo
380 5198 536 5271 (Gen.
571 5203 746 5272 χιιι),
796 5205 897 5258 hoc
943 5214 1057 5267 est,
1108 5204 1305 5258 veteris
1350 5202 1483 5272 legis
1528 5203 1804 5256 doctrinis.

240 5286 363 5341 Item
391 5290 539 5343 oculi
567 5290 772 5342 Christi
803 5291 1050 5346 doctores
1085 5299 1235 5354 sunt,
1281 5307 1377 5360 per
1405 5307 1537 5359 quos
1569 5291 1804 5343 Ecclesia

241 5375 377 5429 videt
400 5392 525 5446 quae
557 5384 708 5430 recta
738 5384 889 5440 sunt,
934 5386 993 5429 ut
1030 5386 1113 5431 est
1141 5378 1267 5431 illud
1301 5379 1351 5430 in
1378 5378 1601 5431 Cantica
1629 5378 1802 5429 canti-

241 5475 418 5517 corum
445 5480 457 5514 :
498 5462 659 5517 Oculi
686 5463 815 5531 cjus',
839 5465 969 5516 sicut
992 5464 1242 5517 columbm
1264 5482 1417 5534 super
1440 5464 1630 5517 rivulos
1651 5481 1809 5533 aqua-

243 5568 349 5603 rum
375 5551 558 5621 (Cant.
590 5554 671 5626 v).
713 5554 811 5620 Qui
847 5557 1000 5620 bene,
1032 5556 1319 5621 columbae,
1358 5566 1573 5626 prepter
1603 5557 1805 5624 simpli-

242 5640 450 5697 citatem
477 5684 491 5710 ,
546 5650 605 5698 ct
656 5642 841 5701 rivulis
884 5661 1178 5714 aquarum,
1231 5656 1444 5715 pmptcr
1475 5647 1799 5700 cluurisnm-a

1914 4577 2156 4636 sumptus
2189 4571 2346 4623 homo
2385 4588 2415 4625 a
2445 4573 2637 4636 Verbo,
2665 4575 2747 4628 vel
2780 4578 2951 4629 sancti
2992 4579 3250 4646 apostoli;
3286 4581 3349 4633 de
3376 4598 3482 4647 qun

1913 4660 1966 4711 in
2005 4660 2414 4715 Deuteronontio
2452 4665 2708 4732 scriptum
2751 4676 2875 4719 est:
2922 4667 3025 4731 Qui
3068 4671 3479 4738 appropinquant

1909 4750 2122 4817 pedibus
2146 4751 2279 4819 ejus,
2300 4754 2549 4821 accipient
2575 4755 2636 4807 de
2655 4754 2891 4807 doctrina
2915 4757 3055 4809 illius
3072 4757 3247 4825 (Deut.
3263 4764 3477 4825 XXXI“);

1910 4848 1962 4892 et
2014 4841 2065 4893 in
2122 4842 2376 4908 psalmo:
2436 4844 2783 4897 Adorabimus
2831 4847 2884 4897 in
2926 4845 3037 4897 loco
3092 4847 3177 4898 ubi
3228 4856 3475 4899 steterunt

1909 4930 2059 4999 pedes
2097 4932 2209 4998 ejus
2237 4930 2406 4998 (Psul.
2432 4934 2635 5002 cxxxr).
2684 4936 2818 4988 Ossa
2849 4935 3069 5001 Christi,
3098 4939 3265 4991 l'ortes
3292 4940 3344 4990 in
3373 4939 3473 4991 Et-

1911 5023 2068 5076 clcsia
2095 5064 2108 5085 ,
2171 5039 2288 5093 qua:
2334 5033 2415 5078 est
2455 5040 2647 5093 corpus
2686 5025 2843 5091 ejus;
2902 5026 2967 5079 de
3007 5042 3112 5094 quo
3164 5029 3217 5080 in
3268 5028 3473 5095 psalmo

1911 5113 2165 5179 scriptum
2206 5124 2285 5165 est
2316 5132 2325 5165 :
2372 5113 2613 5180 Dispersa
2653 5125 2770 5166 sunt
2805 5116 2977 5167 omnia
3014 5132 3130 5167 ossa
3160 5132 3269 5167 mea
3299 5113 3465 5183 (Psal.

1910 5202 2045 5270 xxi).
2105 5202 2308 5256 Carncs
2352 5201 2549 5255 Christi
2595 5204 2791 5255 inlirtni
2839 5205 2889 5256 in
2934 5203 3209 5267 Ecclesia;
3260 5205 3323 5256 de
3366 5220 3470 5271 quo

1909 5292 2103 5345 dicitur
2146 5292 2198 5344 itt
2245 5293 2494 5360 psalmo:
2543 5291 2678 5344 Dum
2732 5294 3145 5361 appropinquant
3200 5310 3352 5361 super
3390 5310 3467 5344 me

1910 5389 2163 5442 nocentes,
2211 5390 2263 5431 ut
2302 5381 2454 5433 edant
2499 5397 2680 5432 carnes
2725 5396 2863 5432 meas
2890 5380 3059 5449 (Psal.
3088 5382 3253 5447 xxvr).
3298 5378 3468 5433 Vesti-

1908 5476 2083 5521 menta
2132 5467 2363 5529 Domini,
2394 5484 2519 5521 caro
2563 5477 2862 5535 assumpta;
2920 5470 3057 5521 unde
3098 5468 3147 5519 in
3190 5467 3466 5519 Ezechiele

1908 5558 2161 5626 propheta
2220 5560 2474 5626 scriptum
2533 5569 2613 5612 est
2658 5574 2671 5611 :
2735 5558 2867 5611 Ecce
2924 5560 3001 5611 vir
3057 5558 3262 5611 vestitus
3317 5558 3461 5609 lineis

1908 5648 2117 5715 (Es-ccli.
2153 5648 2245 5717 Ix),
2289 5649 2338 5701 id
2378 5657 2478 5712 est,
2518 5665 2675 5701 carne
2716 5648 2927 5702 munda.
2982 5648 3110 5701 ltcnt
3152 5648 3458 5701 vestimenta
