  <div class='ocr_page' id='page_1' title='image "/cluster/home/n/w/nwhite01/storage/ocr_20150623/111/uva.x000827067/019.png"; bbox 0 0 3896 6344; ppageno 0'>
   <div class='ocr_carea' id='block_1_1' title="bbox 355 373 3632 444">
    <p class='ocr_par' dir='ltr' id='par_1_1' title="bbox 355 373 3632 444">
     <span class='ocr_line' id='line_1_1' title="bbox 355 373 3632 444; baseline 0.001 -10"><span class='ocrx_word' id='word_1_1' title='bbox 355 381 427 434; x_wconf 73' lang='lat'><strong>25</strong></span> <span class='ocrx_word' id='word_1_2' title='bbox 1007 378 1068 435; x_wconf 87' lang='grc' dir='ltr'>Β.</span> <span class='ocrx_word' id='word_1_3' title='bbox 1111 376 1368 432; x_wconf 79' lang='lat' dir='ltr'><strong>BABANI</strong></span> <span class='ocrx_word' id='word_1_4' title='bbox 1408 376 1631 434; x_wconf 80' lang='lat' dir='ltr'><strong>MAURI</strong></span> <span class='ocrx_word' id='word_1_5' title='bbox 1670 373 1992 430; x_wconf 71' lang='lat' dir='ltr'><strong>A&#39;RClilEP.</strong></span> <span class='ocrx_word' id='word_1_6' title='bbox 2035 373 2343 432; x_wconf 81' lang='lat' dir='ltr'><strong>MOGUNT.</strong></span> <span class='ocrx_word' id='word_1_7' title='bbox 2382 376 2669 435; x_wconf 75' lang='lat' dir='ltr'><strong>OPERUM</strong></span> <span class='ocrx_word' id='word_1_8' title='bbox 2709 379 2887 435; x_wconf 75' lang='lat' dir='ltr'><strong>PARS</strong></span> <span class='ocrx_word' id='word_1_9' title='bbox 2925 381 2990 436; x_wconf 84' lang='lat' dir='ltr'><strong>ll.</strong></span> <span class='ocrx_word' id='word_1_10' title='bbox 3559 386 3632 444; x_wconf 56' lang='grc' dir='ltr'><em>Ἃ</em></span> 
     </span>
    </p>
   </div>
   <div class='ocr_carea' id='block_1_2' title="bbox 351 493 3634 568">
    <p class='ocr_par' dir='ltr' id='par_1_2' title="bbox 351 493 3634 568">
     <span class='ocr_line' id='line_1_2' title="bbox 351 493 3634 568; baseline 0.002 -16"><span class='ocrx_word' id='word_1_11' title='bbox 351 496 592 562; x_wconf 87' lang='lat' dir='ltr'><strong>Christi,</strong></span> <span class='ocrx_word' id='word_1_12' title='bbox 649 495 808 550; x_wconf 90' lang='lat' dir='ltr'><strong>electi</strong></span> <span class='ocrx_word' id='word_1_13' title='bbox 847 509 1076 560; x_wconf 89' lang='lat' dir='ltr'><strong>omnes,</strong></span> <span class='ocrx_word' id='word_1_14' title='bbox 1121 503 1182 550; x_wconf 88' lang='lat' dir='ltr'><strong>ut</strong></span> <span class='ocrx_word' id='word_1_15' title='bbox 1226 496 1281 550; x_wconf 93' lang='lat' dir='ltr'><strong>in</strong></span> <span class='ocrx_word' id='word_1_16' title='bbox 1326 495 1472 551; x_wconf 83' lang='lat' dir='ltr'><strong>Job:</strong></span> <span class='ocrx_word' id='word_1_17' title='bbox 1520 493 1807 550; x_wconf 82' lang='lat' dir='ltr'><strong>Circunula</strong></span> <span class='ocrx_word' id='word_1_18' title='bbox 1849 493 1943 548; x_wconf 88' lang='lat' dir='ltr'><strong>tibi</strong></span> <span class='ocrx_word' id='word_1_19' title='bbox 1971 495 2020 555; x_wconf 84' lang='grc' dir='ltr'><strong>Λ</strong></span> <span class='ocrx_word' id='word_1_20' title='bbox 2051 494 2118 550; x_wconf 82' lang='lat' dir='ltr'><strong>Et</strong></span> <span class='ocrx_word' id='word_1_21' title='bbox 2156 495 2271 552; x_wconf 73' lang='lat' dir='ltr'><strong>lucc</strong></span> <span class='ocrx_word' id='word_1_22' title='bbox 2310 495 2546 553; x_wconf 87' lang='lat' dir='ltr'><strong>Trinitas</strong></span> <span class='ocrx_word' id='word_1_23' title='bbox 2589 515 2730 555; x_wconf 85' lang='lat' dir='ltr'><strong>unus</strong></span> <span class='ocrx_word' id='word_1_24' title='bbox 2768 507 2853 557; x_wconf 84' lang='lat' dir='ltr'><strong>est</strong></span> <span class='ocrx_word' id='word_1_25' title='bbox 2890 499 3055 566; x_wconf 84' lang='lat' dir='ltr'><strong>Deus,</strong></span> <span class='ocrx_word' id='word_1_26' title='bbox 3095 500 3240 556; x_wconf 83' lang='lat' dir='ltr'><strong>solus</strong></span> <span class='ocrx_word' id='word_1_27' title='bbox 3279 502 3472 568; x_wconf 86' lang='lat' dir='ltr'><strong>bonus,</strong></span> <span class='ocrx_word' id='word_1_28' title='bbox 3514 518 3634 562; x_wconf 72' lang='lat' dir='ltr'><strong>mu-</strong></span> 
     </span>
    </p>
   </div>
   <div class='ocr_carea' id='block_1_3' title="bbox 350 585 1942 658">
    <p class='ocr_par' dir='ltr' id='par_1_3' title="bbox 350 585 1942 658">
     <span class='ocr_line' id='line_1_3' title="bbox 350 585 1942 658; baseline 0 -18"><span class='ocrx_word' id='word_1_29' title='bbox 350 588 592 642; x_wconf 85' lang='lat' dir='ltr'><strong>decorem</strong></span> <span class='ocrx_word' id='word_1_30' title='bbox 621 596 786 649; x_wconf 87' lang='lat' dir='ltr'><strong>tuum,</strong></span> <span class='ocrx_word' id='word_1_31' title='bbox 813 596 859 640; x_wconf 86' lang='lat' dir='ltr'><strong>et</strong></span> <span class='ocrx_word' id='word_1_32' title='bbox 889 588 1134 656; x_wconf 74' lang='lat' dir='ltr'><strong>speciosis</strong></span> <span class='ocrx_word' id='word_1_33' title='bbox 1171 587 1392 640; x_wconf 75' lang='lat' dir='ltr'><strong>induere</strong></span> <span class='ocrx_word' id='word_1_34' title='bbox 1431 587 1654 642; x_wconf 81' lang='lat' dir='ltr'><strong>vestibus</strong></span> <span class='ocrx_word' id='word_1_35' title='bbox 1681 587 1805 658; x_wconf 79' lang='lat' dir='ltr'><strong>(Job</strong></span> <span class='ocrx_word' id='word_1_36' title='bbox 1827 585 1942 658; x_wconf 74' lang='lat' dir='ltr'><strong>XL).</strong></span> 
     </span>
    </p>
   </div>
   <div class='ocr_carea' id='block_1_4' title="bbox 350 675 1941 748">
    <p class='ocr_par' dir='ltr' id='par_1_4' title="bbox 350 675 1941 748">
     <span class='ocr_line' id='line_1_4' title="bbox 350 675 1941 748; baseline -0.001 -16"><span class='ocrx_word' id='word_1_37' title='bbox 350 678 555 734; x_wconf 82' lang='lat' dir='ltr'><strong>Tunica</strong></span> <span class='ocrx_word' id='word_1_38' title='bbox 581 677 802 742; x_wconf 91' lang='lat' dir='ltr'><strong>Christi,</strong></span> <span class='ocrx_word' id='word_1_39' title='bbox 839 678 957 748; x_wconf 85' lang='lat' dir='ltr'><strong>ejus</strong></span> <span class='ocrx_word' id='word_1_40' title='bbox 1000 677 1264 742; x_wconf 81' lang='lat' dir='ltr'><strong>Ecclesia,</strong></span> <span class='ocrx_word' id='word_1_41' title='bbox 1304 675 1460 745; x_wconf 88' lang='lat' dir='ltr'><strong>cujus</strong></span> <span class='ocrx_word' id='word_1_42' title='bbox 1499 677 1723 748; x_wconf 82' lang='lat' dir='ltr'><strong>ﬁguram</strong></span> <span class='ocrx_word' id='word_1_43' title='bbox 1761 677 1941 732; x_wconf 81' lang='lat' dir='ltr'><strong>tunica</strong></span> 
     </span>
    </p>
   </div>
   <div class='ocr_carea' id='block_1_5' title="bbox 348 767 1945 839">
    <p class='ocr_par' dir='ltr' id='par_1_5' title="bbox 348 767 1945 839">
     <span class='ocr_line' id='line_1_5' title="bbox 348 767 1945 839; baseline -0.003 -14"><span class='ocrx_word' id='word_1_44' title='bbox 348 769 442 825; x_wconf 88' lang='lat' dir='ltr'><strong>illa</strong></span> <span class='ocrx_word' id='word_1_45' title='bbox 475 770 666 824; x_wconf 83' lang='lat' dir='ltr'><strong>habuit</strong></span> <span class='ocrx_word' id='word_1_46' title='bbox 693 770 759 824; x_wconf 91' lang='lat' dir='ltr'><strong>de</strong></span> <span class='ocrx_word' id='word_1_47' title='bbox 792 785 898 839; x_wconf 90' lang='lat' dir='ltr'><strong>qua</strong></span> <span class='ocrx_word' id='word_1_48' title='bbox 935 769 991 822; x_wconf 88' lang='lat' dir='ltr'><strong>in</strong></span> <span class='ocrx_word' id='word_1_49' title='bbox 1012 767 1304 838; x_wconf 78' lang='lat' dir='ltr'><strong>Evangelio</strong></span> <span class='ocrx_word' id='word_1_50' title='bbox 1331 769 1587 822; x_wconf 82' lang='lat' dir='ltr'><strong>scribitur</strong></span> <span class='ocrx_word' id='word_1_51' title='bbox 1615 787 1625 820; x_wconf 91' lang='lat'><strong>:</strong></span> <span class='ocrx_word' id='word_1_52' title='bbox 1659 767 1782 820; x_wconf 84' lang='lat' dir='ltr'><strong>Non</strong></span> <span class='ocrx_word' id='word_1_53' title='bbox 1806 768 1945 821; x_wconf 85' lang='lat' dir='ltr'><strong>scin-</strong></span> 
     </span>
    </p>
   </div>
   <div class='ocr_carea' id='block_1_6' title="bbox 350 857 1940 930">
    <p class='ocr_par' dir='ltr' id='par_1_6' title="bbox 350 857 1940 930">
     <span class='ocr_line' id='line_1_6' title="bbox 350 857 1940 930; baseline -0.003 -16"><span class='ocrx_word' id='word_1_54' title='bbox 350 863 540 915; x_wconf 85' lang='lat' dir='ltr'><strong>damus</strong></span> <span class='ocrx_word' id='word_1_55' title='bbox 573 860 744 925; x_wconf 94' lang='lat' dir='ltr'><strong>illam,</strong></span> <span class='ocrx_word' id='word_1_56' title='bbox 771 862 1059 914; x_wconf 83' lang='lat' dir='ltr'><strong>sortiantur</strong></span> <span class='ocrx_word' id='word_1_57' title='bbox 1087 859 1152 913; x_wconf 87' lang='lat' dir='ltr'><strong>de</strong></span> <span class='ocrx_word' id='word_1_58' title='bbox 1182 858 1276 912; x_wconf 82' lang='lat' dir='ltr'><strong>illa</strong></span> <span class='ocrx_word' id='word_1_59' title='bbox 1313 859 1468 929; x_wconf 85' lang='lat' dir='ltr'><strong>cujus</strong></span> <span class='ocrx_word' id='word_1_60' title='bbox 1498 859 1565 912; x_wconf 87' lang='lat' dir='ltr'><strong>sit</strong></span> <span class='ocrx_word' id='word_1_61' title='bbox 1593 857 1778 930; x_wconf 83' lang='lat' dir='ltr'><strong>(Joan.</strong></span> <span class='ocrx_word' id='word_1_62' title='bbox 1803 857 1940 929; x_wconf 72' lang='grc' dir='ltr'><strong>χιχ).</strong></span> 
     </span>
    </p>
   </div>
   <div class='ocr_carea' id='block_1_7' title="bbox 351 950 1947 1020">
    <p class='ocr_par' dir='ltr' id='par_1_7' title="bbox 351 950 1947 1020">
     <span class='ocr_line' id='line_1_7' title="bbox 351 950 1947 1020; baseline -0.001 -14"><span class='ocrx_word' id='word_1_63' title='bbox 351 950 503 1006; x_wconf 88' lang='lat' dir='ltr'><strong>Stola</strong></span> <span class='ocrx_word' id='word_1_64' title='bbox 541 950 771 1016; x_wconf 85' lang='lat' dir='ltr'><strong>Christi,</strong></span> <span class='ocrx_word' id='word_1_65' title='bbox 805 966 936 1006; x_wconf 87' lang='lat' dir='ltr'><strong>caro</strong></span> <span class='ocrx_word' id='word_1_66' title='bbox 970 957 1270 1020; x_wconf 87' lang='lat' dir='ltr'><strong>assumpta,</strong></span> <span class='ocrx_word' id='word_1_67' title='bbox 1315 951 1585 1020; x_wconf 79' lang='lat' dir='ltr'><strong>passionis</strong></span> <span class='ocrx_word' id='word_1_68' title='bbox 1623 950 1751 1005; x_wconf 88' lang='lat' dir='ltr'><strong>vino</strong></span> <span class='ocrx_word' id='word_1_69' title='bbox 1789 967 1947 1005; x_wconf 85' lang='lat' dir='ltr'><strong>mun-</strong></span> 
     </span>
    </p>
   </div>
   <div class='ocr_carea' id='block_1_8' title="bbox 350 1041 1942 1110">
    <p class='ocr_par' dir='ltr' id='par_1_8' title="bbox 350 1041 1942 1110">
     <span class='ocr_line' id='line_1_8' title="bbox 350 1041 1942 1110; baseline 0.001 -16"><span class='ocrx_word' id='word_1_70' title='bbox 350 1042 518 1106; x_wconf 85' lang='lat' dir='ltr'><strong>data;</strong></span> <span class='ocrx_word' id='word_1_71' title='bbox 565 1041 694 1096; x_wconf 88' lang='lat' dir='ltr'><strong>hinc</strong></span> <span class='ocrx_word' id='word_1_72' title='bbox 741 1042 794 1094; x_wconf 91' lang='lat' dir='ltr'><strong>in</strong></span> <span class='ocrx_word' id='word_1_73' title='bbox 837 1041 1034 1096; x_wconf 85' lang='lat' dir='ltr'><strong>Genesi</strong></span> <span class='ocrx_word' id='word_1_74' title='bbox 1079 1041 1341 1110; x_wconf 87' lang='lat' dir='ltr'><strong>scriptum</strong></span> <span class='ocrx_word' id='word_1_75' title='bbox 1385 1051 1515 1097; x_wconf 90' lang='lat' dir='ltr'><strong>est:</strong></span> <span class='ocrx_word' id='word_1_76' title='bbox 1567 1041 1781 1096; x_wconf 82' lang='lat' dir='ltr'><strong>Lauabit</strong></span> <span class='ocrx_word' id='word_1_77' title='bbox 1825 1044 1942 1096; x_wconf 82' lang='lat' dir='ltr'><strong>vino</strong></span> 
     </span>
    </p>
   </div>
   <div class='ocr_carea' id='block_1_9' title="bbox 348 1132 1944 1205">
    <p class='ocr_par' dir='ltr' id='par_1_9' title="bbox 348 1132 1944 1205">
     <span class='ocr_line' id='line_1_9' title="bbox 348 1132 1944 1205; baseline 0.003 -19"><span class='ocrx_word' id='word_1_78' title='bbox 348 1132 540 1186; x_wconf 89' lang='lat' dir='ltr'><strong>stolam</strong></span> <span class='ocrx_word' id='word_1_79' title='bbox 562 1150 714 1188; x_wconf 81' lang='lat' dir='ltr'><strong>suam</strong></span> <span class='ocrx_word' id='word_1_80' title='bbox 741 1132 894 1205; x_wconf 85' lang='lat' dir='ltr'><strong>(Gen.</strong></span> <span class='ocrx_word' id='word_1_81' title='bbox 922 1133 1092 1205; x_wconf 72' lang='lat' dir='ltr'><strong>ms).</strong></span> <span class='ocrx_word' id='word_1_82' title='bbox 1145 1133 1298 1189; x_wconf 77' lang='lat' dir='ltr'><strong>Unde</strong></span> <span class='ocrx_word' id='word_1_83' title='bbox 1319 1134 1544 1204; x_wconf 84' lang='lat' dir='ltr'><strong>pallium</strong></span> <span class='ocrx_word' id='word_1_84' title='bbox 1567 1134 1789 1200; x_wconf 85' lang='lat' dir='ltr'><strong>Christi,</strong></span> <span class='ocrx_word' id='word_1_85' title='bbox 1820 1152 1944 1190; x_wconf 87' lang='lat' dir='ltr'><strong>san-</strong></span> 
     </span>
    </p>
   </div>
   <div class='ocr_carea' id='block_1_10' title="bbox 348 1227 1938 1300">
    <p class='ocr_par' dir='ltr' id='par_1_10' title="bbox 348 1227 1938 1300">
     <span class='ocr_line' id='line_1_10' title="bbox 348 1227 1938 1300; baseline 0.003 -20"><span class='ocrx_word' id='word_1_86' title='bbox 348 1234 437 1280; x_wconf 89' lang='lat' dir='ltr'><strong>cta</strong></span> <span class='ocrx_word' id='word_1_87' title='bbox 478 1227 744 1293; x_wconf 74' lang='lat' dir='ltr'><strong>Ecclesia,</strong></span> <span class='ocrx_word' id='word_1_88' title='bbox 783 1227 902 1295; x_wconf 79' lang='lat' dir='ltr'><strong>ejus</strong></span> <span class='ocrx_word' id='word_1_89' title='bbox 934 1243 1155 1300; x_wconf 83' lang='lat' dir='ltr'><strong>aspersa</strong></span> <span class='ocrx_word' id='word_1_90' title='bbox 1195 1246 1424 1297; x_wconf 82' lang='lat' dir='ltr'><strong>cruore;</strong></span> <span class='ocrx_word' id='word_1_91' title='bbox 1469 1233 1614 1287; x_wconf 87' lang='lat' dir='ltr'><strong>unde</strong></span> <span class='ocrx_word' id='word_1_92' title='bbox 1643 1240 1696 1286; x_wconf 85' lang='lat' dir='ltr'><strong>et</strong></span> <span class='ocrx_word' id='word_1_93' title='bbox 1736 1247 1938 1300; x_wconf 88' lang='lat' dir='ltr'><strong>supra:</strong></span> 
     </span>
    </p>
   </div>
   <div class='ocr_carea' id='block_1_11' title="bbox 349 1317 1943 1395">
    <p class='ocr_par' dir='ltr' id='par_1_11' title="bbox 349 1317 1943 1395">
     <span class='ocr_line' id='line_1_11' title="bbox 349 1317 1943 1395; baseline 0.005 -24"><span class='ocrx_word' id='word_1_94' title='bbox 349 1317 421 1372; x_wconf 87' lang='lat' dir='ltr'><strong>In</strong></span> <span class='ocrx_word' id='word_1_95' title='bbox 461 1319 717 1388; x_wconf 87' lang='lat' dir='ltr'><strong>sanguine</strong></span> <span class='ocrx_word' id='word_1_96' title='bbox 773 1337 888 1374; x_wconf 69' lang='lat' dir='ltr'><strong>uete</strong></span> <span class='ocrx_word' id='word_1_97' title='bbox 937 1320 1162 1391; x_wconf 78' lang='lat' dir='ltr'><strong>pallium</strong></span> <span class='ocrx_word' id='word_1_98' title='bbox 1199 1339 1354 1377; x_wconf 85' lang='lat' dir='ltr'><strong>suum</strong></span> <span class='ocrx_word' id='word_1_99' title='bbox 1400 1323 1613 1395; x_wconf 86' lang='lat' dir='ltr'><strong>(Ibid.).</strong></span> <span class='ocrx_word' id='word_1_100' title='bbox 1674 1323 1943 1380; x_wconf 86' lang='lat' dir='ltr'><strong>Lumbare</strong></span> 
     </span>
    </p>
   </div>
   <div class='ocr_carea' id='block_1_12' title="bbox 349 1408 1941 1484">
    <p class='ocr_par' dir='ltr' id='par_1_12' title="bbox 349 1408 1941 1484">
     <span class='ocr_line' id='line_1_12' title="bbox 349 1408 1941 1484; baseline 0.005 -23"><span class='ocrx_word' id='word_1_101' title='bbox 349 1408 601 1475; x_wconf 87' lang='lat' dir='ltr'><strong>Domini,</strong></span> <span class='ocrx_word' id='word_1_102' title='bbox 638 1410 870 1481; x_wconf 87' lang='lat' dir='ltr'><strong>populus</strong></span> <span class='ocrx_word' id='word_1_103' title='bbox 910 1410 1250 1477; x_wconf 61' lang='lat' dir='ltr'><strong>Iudaeorum,</strong></span> <span class='ocrx_word' id='word_1_104' title='bbox 1292 1414 1560 1484; x_wconf 68' lang='lat' dir='ltr'><strong>superbire</strong></span> <span class='ocrx_word' id='word_1_105' title='bbox 1598 1414 1728 1469; x_wconf 91' lang='lat' dir='ltr'><strong>vitio</strong></span> <span class='ocrx_word' id='word_1_106' title='bbox 1755 1423 1941 1484; x_wconf 90' lang='lat' dir='ltr'><strong>putre-</strong></span> 
     </span>
    </p>
   </div>
   <div class='ocr_carea' id='block_1_13' title="bbox 348 1500 1942 1574">
    <p class='ocr_par' dir='ltr' id='par_1_13' title="bbox 348 1500 1942 1574">
     <span class='ocr_line' id='line_1_13' title="bbox 348 1500 1942 1574; baseline 0.003 -21"><span class='ocrx_word' id='word_1_107' title='bbox 348 1501 596 1568; x_wconf 79' lang='lat' dir='ltr'><strong>factum;</strong></span> <span class='ocrx_word' id='word_1_108' title='bbox 654 1501 722 1556; x_wconf 92' lang='lat' dir='ltr'><strong>de</strong></span> <span class='ocrx_word' id='word_1_109' title='bbox 767 1517 877 1572; x_wconf 85' lang='lat' dir='ltr'><strong>quo</strong></span> <span class='ocrx_word' id='word_1_110' title='bbox 921 1503 977 1556; x_wconf 92' lang='lat' dir='ltr'><strong>in</strong></span> <span class='ocrx_word' id='word_1_111' title='bbox 1021 1500 1256 1558; x_wconf 82' lang='lat' dir='ltr'><strong>Jeremia</strong></span> <span class='ocrx_word' id='word_1_112' title='bbox 1304 1505 1566 1574; x_wconf 89' lang='lat' dir='ltr'><strong>scriptum</strong></span> <span class='ocrx_word' id='word_1_113' title='bbox 1609 1514 1736 1560; x_wconf 86' lang='lat' dir='ltr'><strong>est:</strong></span> <span class='ocrx_word' id='word_1_114' title='bbox 1792 1504 1942 1561; x_wconf 91' lang='lat' dir='ltr'><strong>Sicut</strong></span> 
     </span>
    </p>
   </div>
   <div class='ocr_carea' id='block_1_14' title="bbox 347 1589 1940 1666">
    <p class='ocr_par' dir='ltr' id='par_1_14' title="bbox 347 1589 1940 1666">
     <span class='ocr_line' id='line_1_14' title="bbox 347 1589 1940 1666; baseline 0.004 -23"><span class='ocrx_word' id='word_1_115' title='bbox 347 1589 585 1645; x_wconf 82' lang='lat' dir='ltr'><strong>lumbare</strong></span> <span class='ocrx_word' id='word_1_116' title='bbox 606 1591 842 1647; x_wconf 78' lang='lat' dir='ltr'><strong>adhteret</strong></span> <span class='ocrx_word' id='word_1_117' title='bbox 866 1594 1098 1664; x_wconf 85' lang='lat' dir='ltr'><strong>corpori,</strong></span> <span class='ocrx_word' id='word_1_118' title='bbox 1123 1594 1201 1647; x_wconf 88' lang='lat' dir='ltr'><strong>sic</strong></span> <span class='ocrx_word' id='word_1_119' title='bbox 1222 1593 1480 1663; x_wconf 78' lang='lat' dir='ltr'><strong>appellavi</strong></span> <span class='ocrx_word' id='word_1_120' title='bbox 1504 1595 1756 1666; x_wconf 78' lang='lat' dir='ltr'><strong>populum</strong></span> <span class='ocrx_word' id='word_1_121' title='bbox 1783 1599 1940 1650; x_wconf 88' lang='lat' dir='ltr'><strong>istum</strong></span> 
     </span>
    </p>
   </div>
   <div class='ocr_carea' id='block_1_15' title="bbox 347 1679 1938 1756">
    <p class='ocr_par' dir='ltr' id='par_1_15' title="bbox 347 1679 1938 1756">
     <span class='ocr_line' id='line_1_15' title="bbox 347 1679 1938 1756; baseline 0.003 -21"><span class='ocrx_word' id='word_1_122' title='bbox 347 1685 418 1735; x_wconf 90' lang='lat' dir='ltr'><strong>ad</strong></span> <span class='ocrx_word' id='word_1_123' title='bbox 457 1699 556 1745; x_wconf 89' lang='lat' dir='ltr'><strong>me,</strong></span> <span class='ocrx_word' id='word_1_124' title='bbox 600 1682 727 1736; x_wconf 85' lang='lat' dir='ltr'><strong>dicit</strong></span> <span class='ocrx_word' id='word_1_125' title='bbox 759 1682 1021 1738; x_wconf 84' lang='lat' dir='ltr'><strong>Dominus</strong></span> <span class='ocrx_word' id='word_1_126' title='bbox 1051 1683 1189 1755; x_wconf 77' lang='lat' dir='ltr'><strong>(Jer.</strong></span> <span class='ocrx_word' id='word_1_127' title='bbox 1215 1685 1336 1755; x_wconf 88' lang='lat' dir='ltr'><strong>vn).</strong></span> <span class='ocrx_word' id='word_1_128' title='bbox 1381 1685 1666 1756; x_wconf 72' lang='lat' dir='ltr'><strong>Cingulum</strong></span> <span class='ocrx_word' id='word_1_129' title='bbox 1706 1679 1938 1751; x_wconf 84' lang='lat' dir='ltr'><strong>Christi,</strong></span> 
     </span>
    </p>
   </div>
   <div class='ocr_carea' id='block_1_16' title="bbox 340 1772 1939 1845">
    <p class='ocr_par' dir='ltr' id='par_1_16' title="bbox 340 1772 1939 1845">
     <span class='ocr_line' id='line_1_16' title="bbox 340 1772 1939 1845; baseline 0.003 -18"><span class='ocrx_word' id='word_1_130' title='bbox 340 1772 551 1842; x_wconf 88' lang='lat' dir='ltr'><strong>justitia</strong></span> <span class='ocrx_word' id='word_1_131' title='bbox 580 1774 696 1830; x_wconf 84' lang='lat' dir='ltr'><strong>sive</strong></span> <span class='ocrx_word' id='word_1_132' title='bbox 717 1773 850 1830; x_wconf 86' lang='lat' dir='ltr'><strong>ﬁdes</strong></span> <span class='ocrx_word' id='word_1_133' title='bbox 872 1774 1007 1843; x_wconf 81' lang='lat' dir='ltr'><strong>ejus.</strong></span> <span class='ocrx_word' id='word_1_134' title='bbox 1055 1774 1268 1829; x_wconf 78' lang='lat' dir='ltr'><strong>iiincin</strong></span> <span class='ocrx_word' id='word_1_135' title='bbox 1299 1774 1434 1829; x_wconf 88' lang='lat' dir='ltr'><strong>lsaia</strong></span> <span class='ocrx_word' id='word_1_136' title='bbox 1461 1776 1653 1845; x_wconf 89' lang='lat' dir='ltr'><strong>legitur</strong></span> <span class='ocrx_word' id='word_1_137' title='bbox 1678 1794 1690 1830; x_wconf 93' lang='lat'><strong>:</strong></span> <span class='ocrx_word' id='word_1_138' title='bbox 1718 1775 1939 1832; x_wconf 78' lang='lat' dir='ltr'><strong>Iustitia</strong></span> 
     </span>
    </p>
   </div>
   <div class='ocr_carea' id='block_1_17' title="bbox 2048 589 3620 659">
    <p class='ocr_par' dir='ltr' id='par_1_17' title="bbox 2048 589 3620 659">
     <span class='ocr_line' id='line_1_17' title="bbox 2048 589 3620 659; baseline 0.008 -20"><span class='ocrx_word' id='word_1_139' title='bbox 2048 600 2205 656; x_wconf 87' lang='lat' dir='ltr'><strong>gnus,</strong></span> <span class='ocrx_word' id='word_1_140' title='bbox 2246 595 2500 653; x_wconf 75' lang='lat' dir='ltr'><strong>mternus,</strong></span> <span class='ocrx_word' id='word_1_141' title='bbox 2527 590 2886 659; x_wconf 89' lang='lat' dir='ltr'><strong>omnipotens.</strong></span> <span class='ocrx_word' id='word_1_142' title='bbox 2929 589 3047 658; x_wconf 86' lang='lat' dir='ltr'><strong>Ipse</strong></span> <span class='ocrx_word' id='word_1_143' title='bbox 3083 591 3187 646; x_wconf 88' lang='lat' dir='ltr'><strong>sibi</strong></span> <span class='ocrx_word' id='word_1_144' title='bbox 3233 593 3433 659; x_wconf 74' lang='lat' dir='ltr'><strong>unitas,</strong></span> <span class='ocrx_word' id='word_1_145' title='bbox 3477 594 3620 651; x_wconf 87' lang='lat' dir='ltr'><strong>divi-</strong></span> 
     </span>
    </p>
   </div>
   <div class='ocr_carea' id='block_1_18' title="bbox 2048 680 3626 758">
    <p class='ocr_par' dir='ltr' id='par_1_18' title="bbox 2048 680 3626 758">
     <span class='ocr_line' id='line_1_18' title="bbox 2048 680 3626 758; baseline 0.006 -24"><span class='ocrx_word' id='word_1_146' title='bbox 2048 680 2210 744; x_wconf 83' lang='lat' dir='ltr'><strong>nitas,</strong></span> <span class='ocrx_word' id='word_1_147' title='bbox 2256 680 2587 750; x_wconf 77' lang='lat' dir='ltr'><strong>magnitudo,</strong></span> <span class='ocrx_word' id='word_1_148' title='bbox 2632 681 2868 747; x_wconf 85' lang='lat' dir='ltr'><strong>bonitas,</strong></span> <span class='ocrx_word' id='word_1_149' title='bbox 2913 682 3331 752; x_wconf 77' lang='lat' dir='ltr'><strong>omuipotentia,</strong></span> <span class='ocrx_word' id='word_1_150' title='bbox 3371 695 3430 741; x_wconf 89' lang='lat' dir='ltr'><strong>et</strong></span> <span class='ocrx_word' id='word_1_151' title='bbox 3467 687 3626 758; x_wconf 87' lang='lat' dir='ltr'><strong>quid-</strong></span> 
     </span>
    </p>
   </div>
   <div class='ocr_carea' id='block_1_19' title="bbox 2047 770 3624 840">
    <p class='ocr_par' dir='ltr' id='par_1_19' title="bbox 2047 770 3624 840">
     <span class='ocr_line' id='line_1_19' title="bbox 2047 770 3624 840; baseline 0.006 -18"><span class='ocrx_word' id='word_1_152' title='bbox 2047 771 2174 840; x_wconf 83' lang='lat' dir='ltr'><strong>quid</strong></span> <span class='ocrx_word' id='word_1_153' title='bbox 2220 771 2287 824; x_wconf 90' lang='lat' dir='ltr'><strong>ad</strong></span> <span class='ocrx_word' id='word_1_154' title='bbox 2335 785 2396 826; x_wconf 89' lang='lat' dir='ltr'><strong>se</strong></span> <span class='ocrx_word' id='word_1_155' title='bbox 2433 771 2862 827; x_wconf 84' lang='lat' dir='ltr'><strong>substantialiter</strong></span> <span class='ocrx_word' id='word_1_156' title='bbox 2899 770 3118 830; x_wconf 84' lang='lat' dir='ltr'><strong>dicitur.</strong></span> <span class='ocrx_word' id='word_1_157' title='bbox 3159 772 3278 829; x_wconf 80' lang='lat' dir='ltr'><strong>Non</strong></span> <span class='ocrx_word' id='word_1_158' title='bbox 3319 775 3391 830; x_wconf 90' lang='lat' dir='ltr'><strong>ita</strong></span> <span class='ocrx_word' id='word_1_159' title='bbox 3436 776 3494 831; x_wconf 86' lang='lat' dir='ltr'><strong>in</strong></span> <span class='ocrx_word' id='word_1_160' title='bbox 3537 790 3624 832; x_wconf 62' lang='grc' dir='ltr'><strong>η»</strong></span> 
     </span>
    </p>
   </div>
   <div class='ocr_carea' id='block_1_20' title="bbox 2046 861 3623 933">
    <p class='ocr_par' dir='ltr' id='par_1_20' title="bbox 2046 861 3623 933">
     <span class='ocr_line' id='line_1_20' title="bbox 2046 861 3623 933; baseline 0.006 -19"><span class='ocrx_word' id='word_1_161' title='bbox 2046 861 2223 915; x_wconf 87' lang='lat' dir='ltr'><strong>lativis</strong></span> <span class='ocrx_word' id='word_1_162' title='bbox 2266 862 2550 917; x_wconf 81' lang='lat' dir='ltr'><strong>vocabulis</strong></span> <span class='ocrx_word' id='word_1_163' title='bbox 2587 862 2996 933; x_wconf 84' lang='lat' dir='ltr'><strong>intelligendum</strong></span> <span class='ocrx_word' id='word_1_164' title='bbox 3035 873 3121 919; x_wconf 87' lang='lat' dir='ltr'><strong>est</strong></span> <span class='ocrx_word' id='word_1_165' title='bbox 3161 866 3246 921; x_wconf 76' lang='lat' dir='ltr'><strong>vel</strong></span> <span class='ocrx_word' id='word_1_166' title='bbox 3292 867 3623 932; x_wconf 82' lang='lat' dir='ltr'><strong>dicendum,</strong></span> 
     </span>
    </p>
   </div>
   <div class='ocr_carea' id='block_1_21' title="bbox 2045 952 3630 1023">
    <p class='ocr_par' dir='ltr' id='par_1_21' title="bbox 2045 952 3630 1023">
     <span class='ocr_line' id='line_1_21' title="bbox 2045 952 3630 1023; baseline 0.006 -19"><span class='ocrx_word' id='word_1_167' title='bbox 2045 952 2170 1022; x_wconf 85' lang='lat' dir='ltr'><strong>quia</strong></span> <span class='ocrx_word' id='word_1_168' title='bbox 2211 952 2317 1006; x_wconf 90' lang='lat' dir='ltr'><strong>dici</strong></span> <span class='ocrx_word' id='word_1_169' title='bbox 2361 967 2466 1007; x_wconf 87' lang='lat' dir='ltr'><strong>non</strong></span> <span class='ocrx_word' id='word_1_170' title='bbox 2505 960 2704 1023; x_wconf 89' lang='lat' dir='ltr'><strong>potest,</strong></span> <span class='ocrx_word' id='word_1_171' title='bbox 2747 953 2908 1008; x_wconf 86' lang='lat' dir='ltr'><strong>Pater</strong></span> <span class='ocrx_word' id='word_1_172' title='bbox 2948 954 3051 1009; x_wconf 90' lang='lat' dir='ltr'><strong>sibi</strong></span> <span class='ocrx_word' id='word_1_173' title='bbox 3092 953 3279 1020; x_wconf 84' lang='lat' dir='ltr'><strong>Pater,</strong></span> <span class='ocrx_word' id='word_1_174' title='bbox 3326 956 3410 1012; x_wconf 87' lang='lat' dir='ltr'><strong>vel</strong></span> <span class='ocrx_word' id='word_1_175' title='bbox 3458 955 3630 1013; x_wconf 78' lang='lat' dir='ltr'><strong>Filius</strong></span> 
     </span>
    </p>
   </div>
   <div class='ocr_carea' id='block_1_22' title="bbox 2045 1042 3630 1117">
    <p class='ocr_par' dir='ltr' id='par_1_22' title="bbox 2045 1042 3630 1117">
     <span class='ocr_line' id='line_1_22' title="bbox 2045 1042 3630 1117; baseline 0.004 -19"><span class='ocrx_word' id='word_1_176' title='bbox 2045 1043 2147 1099; x_wconf 86' lang='lat' dir='ltr'><strong>sibi</strong></span> <span class='ocrx_word' id='word_1_177' title='bbox 2188 1042 2377 1109; x_wconf 85' lang='lat' dir='ltr'><strong>Filius,</strong></span> <span class='ocrx_word' id='word_1_178' title='bbox 2423 1044 2506 1098; x_wconf 90' lang='lat' dir='ltr'><strong>vel</strong></span> <span class='ocrx_word' id='word_1_179' title='bbox 2547 1043 2780 1114; x_wconf 87' lang='lat' dir='ltr'><strong>Spiritus</strong></span> <span class='ocrx_word' id='word_1_180' title='bbox 2817 1052 3036 1100; x_wconf 89' lang='lat' dir='ltr'><strong>sanctus</strong></span> <span class='ocrx_word' id='word_1_181' title='bbox 3077 1045 3179 1101; x_wconf 89' lang='lat' dir='ltr'><strong>sibi</strong></span> <span class='ocrx_word' id='word_1_182' title='bbox 3224 1045 3459 1117; x_wconf 86' lang='lat' dir='ltr'><strong>Spiritus</strong></span> <span class='ocrx_word' id='word_1_183' title='bbox 3498 1063 3630 1104; x_wconf 75' lang='lat' dir='ltr'><strong>san-</strong></span> 
     </span>
    </p>
   </div>
   <div class='ocr_carea' id='block_1_23' title="bbox 2045 1135 3623 1208">
    <p class='ocr_par' dir='ltr' id='par_1_23' title="bbox 2045 1135 3623 1208">
     <span class='ocr_line' id='line_1_23' title="bbox 2045 1135 3623 1208; baseline 0.005 -20"><span class='ocrx_word' id='word_1_184' title='bbox 2045 1144 2163 1189; x_wconf 81' lang='lat' dir='ltr'><strong>ctus</strong></span> <span class='ocrx_word' id='word_1_185' title='bbox 2193 1154 2204 1188; x_wconf 91' lang='lat'><strong>:</strong></span> <span class='ocrx_word' id='word_1_186' title='bbox 2241 1136 2334 1190; x_wconf 88' lang='lat' dir='ltr'><strong>sed</strong></span> <span class='ocrx_word' id='word_1_187' title='bbox 2361 1137 2479 1190; x_wconf 64' lang='lat' dir='ltr'><strong>hare</strong></span> <span class='ocrx_word' id='word_1_188' title='bbox 2503 1136 2725 1191; x_wconf 87' lang='lat' dir='ltr'><strong>relativa</strong></span> <span class='ocrx_word' id='word_1_189' title='bbox 2751 1135 3010 1191; x_wconf 84' lang='lat' dir='ltr'><strong>vocabula</strong></span> <span class='ocrx_word' id='word_1_190' title='bbox 3044 1137 3111 1192; x_wconf 90' lang='lat' dir='ltr'><strong>ad</strong></span> <span class='ocrx_word' id='word_1_191' title='bbox 3149 1137 3310 1192; x_wconf 88' lang='lat' dir='ltr'><strong>aliam</strong></span> <span class='ocrx_word' id='word_1_192' title='bbox 3336 1153 3623 1208; x_wconf 80' lang='lat' dir='ltr'><strong>personam</strong></span> 
     </span>
    </p>
   </div>
   <div class='ocr_carea' id='block_1_24' title="bbox 2046 1224 3633 1302">
    <p class='ocr_par' dir='ltr' id='par_1_24' title="bbox 2046 1224 3633 1302">
     <span class='ocr_line' id='line_1_24' title="bbox 2046 1224 3633 1302; baseline 0.004 -21"><span class='ocrx_word' id='word_1_193' title='bbox 2046 1224 2372 1281; x_wconf 77' lang='lat' dir='ltr'><strong>referuntur.</strong></span> <span class='ocrx_word' id='word_1_194' title='bbox 2420 1226 2553 1281; x_wconf 87' lang='lat' dir='ltr'><strong>Nam</strong></span> <span class='ocrx_word' id='word_1_195' title='bbox 2597 1235 2653 1284; x_wconf 89' lang='lat' dir='ltr'><strong>et</strong></span> <span class='ocrx_word' id='word_1_196' title='bbox 2694 1228 2799 1282; x_wconf 88' lang='lat' dir='ltr'><strong>hoc</strong></span> <span class='ocrx_word' id='word_1_197' title='bbox 2839 1242 3035 1283; x_wconf 88' lang='lat' dir='ltr'><strong>nomen</strong></span> <span class='ocrx_word' id='word_1_198' title='bbox 3076 1229 3221 1299; x_wconf 87' lang='lat' dir='ltr'><strong>quod</strong></span> <span class='ocrx_word' id='word_1_199' title='bbox 3265 1229 3502 1302; x_wconf 85' lang='lat' dir='ltr'><strong>Spiritus</strong></span> <span class='ocrx_word' id='word_1_200' title='bbox 3541 1232 3633 1288; x_wconf 78' lang='lat' dir='ltr'><strong>di-</strong></span> 
     </span>
    </p>
   </div>
   <div class='ocr_carea' id='block_1_25' title="bbox 2045 1317 3634 1392">
    <p class='ocr_par' dir='ltr' id='par_1_25' title="bbox 2045 1317 3634 1392">
     <span class='ocr_line' id='line_1_25' title="bbox 2045 1317 3634 1392; baseline 0.008 -21"><span class='ocrx_word' id='word_1_201' title='bbox 2045 1317 2210 1383; x_wconf 87' lang='lat' dir='ltr'><strong>citur,</strong></span> <span class='ocrx_word' id='word_1_202' title='bbox 2255 1333 2362 1373; x_wconf 93' lang='lat' dir='ltr'><strong>non</strong></span> <span class='ocrx_word' id='word_1_203' title='bbox 2405 1333 2619 1388; x_wconf 86' lang='lat' dir='ltr'><strong>semper</strong></span> <span class='ocrx_word' id='word_1_204' title='bbox 2664 1320 2957 1375; x_wconf 88' lang='lat' dir='ltr'><strong>secundum</strong></span> <span class='ocrx_word' id='word_1_205' title='bbox 3005 1322 3058 1376; x_wconf 86' lang='lat' dir='ltr'><strong>id</strong></span> <span class='ocrx_word' id='word_1_206' title='bbox 3097 1323 3240 1392; x_wconf 83' lang='lat' dir='ltr'><strong>quod</strong></span> <span class='ocrx_word' id='word_1_207' title='bbox 3284 1323 3521 1386; x_wconf 83' lang='lat' dir='ltr'><strong>refertur</strong></span> <span class='ocrx_word' id='word_1_208' title='bbox 3561 1329 3634 1384; x_wconf 83' lang='lat' dir='ltr'><strong>ad</strong></span> 
     </span>
    </p>
   </div>
   <div class='ocr_carea' id='block_1_26' title="bbox 2045 1408 3638 1486">
    <p class='ocr_par' dir='ltr' id='par_1_26' title="bbox 2045 1408 3638 1486">
     <span class='ocr_line' id='line_1_26' title="bbox 2045 1408 3638 1486; baseline 0.011 -26"><span class='ocrx_word' id='word_1_209' title='bbox 2045 1408 2287 1478; x_wconf 90' lang='lat' dir='ltr'><strong>aliquid,</strong></span> <span class='ocrx_word' id='word_1_210' title='bbox 2348 1409 2443 1464; x_wconf 88' lang='lat' dir='ltr'><strong>sed</strong></span> <span class='ocrx_word' id='word_1_211' title='bbox 2481 1410 2775 1465; x_wconf 88' lang='lat' dir='ltr'><strong>secundum</strong></span> <span class='ocrx_word' id='word_1_212' title='bbox 2813 1412 2868 1467; x_wconf 91' lang='lat' dir='ltr'><strong>id</strong></span> <span class='ocrx_word' id='word_1_213' title='bbox 2909 1414 3050 1482; x_wconf 90' lang='lat' dir='ltr'><strong>quod</strong></span> <span class='ocrx_word' id='word_1_214' title='bbox 3101 1415 3338 1486; x_wconf 85' lang='lat' dir='ltr'><strong>aliquam</strong></span> <span class='ocrx_word' id='word_1_215' title='bbox 3380 1428 3638 1476; x_wconf 79' lang='lat' dir='ltr'><strong>naturam</strong></span> 
     </span>
    </p>
   </div>
   <div class='ocr_carea' id='block_1_27' title="bbox 2045 1500 3635 1579">
    <p class='ocr_par' dir='ltr' id='par_1_27' title="bbox 2045 1500 3635 1579">
     <span class='ocr_line' id='line_1_27' title="bbox 2045 1500 3635 1579; baseline 0.006 -23"><span class='ocrx_word' id='word_1_216' title='bbox 2045 1500 2346 1570; x_wconf 80' lang='lat' dir='ltr'><strong>signiﬁcat,</strong></span> <span class='ocrx_word' id='word_1_217' title='bbox 2395 1501 2728 1572; x_wconf 80' lang='lat' dir='ltr'><strong>intelligitur.</strong></span> <span class='ocrx_word' id='word_1_218' title='bbox 2778 1502 2967 1560; x_wconf 91' lang='lat' dir='ltr'><strong>Omnis</strong></span> <span class='ocrx_word' id='word_1_219' title='bbox 3006 1506 3152 1560; x_wconf 91' lang='lat' dir='ltr'><strong>enim</strong></span> <span class='ocrx_word' id='word_1_220' title='bbox 3190 1507 3508 1579; x_wconf 85' lang='lat' dir='ltr'><strong>incorporea</strong></span> <span class='ocrx_word' id='word_1_221' title='bbox 3535 1525 3635 1565; x_wconf 81' lang='lat' dir='ltr'><strong>na-</strong></span> 
     </span>
    </p>
   </div>
   <div class='ocr_carea' id='block_1_28' title="bbox 2045 1590 3640 1666">
    <p class='ocr_par' dir='ltr' id='par_1_28' title="bbox 2045 1590 3640 1666">
     <span class='ocr_line' id='line_1_28' title="bbox 2045 1590 3640 1666; baseline 0.008 -22"><span class='ocrx_word' id='word_1_222' title='bbox 2045 1598 2166 1644; x_wconf 82' lang='lat' dir='ltr'><strong>tura</strong></span> <span class='ocrx_word' id='word_1_223' title='bbox 2208 1590 2434 1660; x_wconf 88' lang='lat' dir='ltr'><strong>spiritus</strong></span> <span class='ocrx_word' id='word_1_224' title='bbox 2470 1591 2526 1646; x_wconf 89' lang='lat' dir='ltr'><strong>in</strong></span> <span class='ocrx_word' id='word_1_225' title='bbox 2564 1590 2861 1662; x_wconf 88' lang='lat' dir='ltr'><strong>Scripturis</strong></span> <span class='ocrx_word' id='word_1_226' title='bbox 2895 1595 3072 1649; x_wconf 90' lang='lat' dir='ltr'><strong>sacris</strong></span> <span class='ocrx_word' id='word_1_227' title='bbox 3102 1597 3422 1666; x_wconf 82' lang='lat' dir='ltr'><strong>appellatur.</strong></span> <span class='ocrx_word' id='word_1_228' title='bbox 3475 1597 3640 1656; x_wconf 73' lang='lat' dir='ltr'><strong>Unde</strong></span> 
     </span>
    </p>
   </div>
   <div class='ocr_carea' id='block_1_29' title="bbox 2046 1681 3634 1756">
    <p class='ocr_par' dir='ltr' id='par_1_29' title="bbox 2046 1681 3634 1756">
     <span class='ocr_line' id='line_1_29' title="bbox 2046 1681 3634 1756; baseline 0.008 -22"><span class='ocrx_word' id='word_1_229' title='bbox 2046 1695 2154 1734; x_wconf 89' lang='lat' dir='ltr'><strong>non</strong></span> <span class='ocrx_word' id='word_1_230' title='bbox 2194 1688 2403 1734; x_wconf 90' lang='lat' dir='ltr'><strong>tantum</strong></span> <span class='ocrx_word' id='word_1_231' title='bbox 2441 1681 2590 1736; x_wconf 88' lang='lat' dir='ltr'><strong>Patri</strong></span> <span class='ocrx_word' id='word_1_232' title='bbox 2634 1690 2693 1738; x_wconf 89' lang='lat' dir='ltr'><strong>et</strong></span> <span class='ocrx_word' id='word_1_233' title='bbox 2725 1681 2864 1738; x_wconf 89' lang='lat' dir='ltr'><strong>Filio</strong></span> <span class='ocrx_word' id='word_1_234' title='bbox 2909 1693 2964 1738; x_wconf 92' lang='lat' dir='ltr'><strong>et</strong></span> <span class='ocrx_word' id='word_1_235' title='bbox 3013 1683 3242 1755; x_wconf 89' lang='lat' dir='ltr'><strong>Spiritui</strong></span> <span class='ocrx_word' id='word_1_236' title='bbox 3283 1698 3498 1756; x_wconf 84' lang='lat' dir='ltr'><strong>sancto,</strong></span> <span class='ocrx_word' id='word_1_237' title='bbox 3536 1689 3634 1747; x_wconf 82' lang='lat' dir='ltr'><strong>sed</strong></span> 
     </span>
    </p>
   </div>
   <div class='ocr_carea' id='block_1_30' title="bbox 2043 1771 3640 1836">
    <p class='ocr_par' dir='ltr' id='par_1_30' title="bbox 2043 1771 3640 1836">
     <span class='ocr_line' id='line_1_30' title="bbox 2043 1771 3640 1836; baseline 0.007 -10"><span class='ocrx_word' id='word_1_238' title='bbox 2043 1771 2190 1826; x_wconf 89' lang='lat' dir='ltr'><strong>omni</strong></span> <span class='ocrx_word' id='word_1_239' title='bbox 2235 1771 2486 1826; x_wconf 87' lang='lat' dir='ltr'><strong>rationali</strong></span> <span class='ocrx_word' id='word_1_240' title='bbox 2528 1782 2796 1828; x_wconf 75' lang='lat' dir='ltr'><strong>creaturze</strong></span> <span class='ocrx_word' id='word_1_241' title='bbox 2836 1782 2893 1828; x_wconf 83' lang='lat' dir='ltr'><strong>et</strong></span> <span class='ocrx_word' id='word_1_242' title='bbox 2930 1775 3124 1831; x_wconf 74' lang='lat' dir='ltr'><strong>anima:</strong></span> <span class='ocrx_word' id='word_1_243' title='bbox 3166 1779 3269 1833; x_wconf 90' lang='lat' dir='ltr'><strong>hoc</strong></span> <span class='ocrx_word' id='word_1_244' title='bbox 3309 1781 3640 1836; x_wconf 80' lang='lat' dir='ltr'><strong>vocabulum</strong></span> 
     </span>
    </p>
   </div>
   <div class='ocr_carea' id='block_1_31' title="bbox 347 1861 3630 1942">
    <p class='ocr_par' dir='ltr' id='par_1_31' title="bbox 347 1861 3630 1942">
     <span class='ocr_line' id='line_1_31' title="bbox 347 1861 3630 1942; baseline 0.003 -24"><span class='ocrx_word' id='word_1_245' title='bbox 347 1865 615 1936; x_wconf 82' lang='lat' dir='ltr'><strong>cingulum</strong></span> <span class='ocrx_word' id='word_1_246' title='bbox 650 1866 946 1920; x_wconf 82' lang='lat' dir='ltr'><strong>lumborum</strong></span> <span class='ocrx_word' id='word_1_247' title='bbox 985 1867 1122 1937; x_wconf 82' lang='lat' dir='ltr'><strong>ejus,</strong></span> <span class='ocrx_word' id='word_1_248' title='bbox 1162 1876 1210 1920; x_wconf 91' lang='lat' dir='ltr'><strong>et</strong></span> <span class='ocrx_word' id='word_1_249' title='bbox 1248 1867 1380 1934; x_wconf 76' lang='lat' dir='ltr'><strong>ﬁdes</strong></span> <span class='ocrx_word' id='word_1_250' title='bbox 1415 1867 1725 1921; x_wconf 87' lang='lat' dir='ltr'><strong>cinctorium</strong></span> <span class='ocrx_word' id='word_1_251' title='bbox 1760 1885 1941 1922; x_wconf 85' lang='lat' dir='ltr'><strong>renum</strong></span> <span class='ocrx_word' id='word_1_252' title='bbox 1971 1861 2018 1918; x_wconf 92' lang='lat' dir='ltr'><strong>B</strong></span> <span class='ocrx_word' id='word_1_253' title='bbox 2046 1862 2311 1930; x_wconf 79' lang='lat' dir='ltr'><strong>congruit.</strong></span> <span class='ocrx_word' id='word_1_254' title='bbox 2361 1861 2596 1931; x_wconf 89' lang='lat' dir='ltr'><strong>Spiritus</strong></span> <span class='ocrx_word' id='word_1_255' title='bbox 2630 1873 2849 1919; x_wconf 88' lang='lat' dir='ltr'><strong>sanctus</strong></span> <span class='ocrx_word' id='word_1_256' title='bbox 2875 1866 2998 1920; x_wconf 88' lang='lat' dir='ltr'><strong>ideo</strong></span> <span class='ocrx_word' id='word_1_257' title='bbox 3021 1883 3128 1922; x_wconf 91' lang='lat' dir='ltr'><strong>non</strong></span> <span class='ocrx_word' id='word_1_258' title='bbox 3154 1868 3354 1924; x_wconf 88' lang='lat' dir='ltr'><strong>dicitur</strong></span> <span class='ocrx_word' id='word_1_259' title='bbox 3393 1872 3630 1942; x_wconf 89' lang='lat' dir='ltr'><strong>genitus,</strong></span> 
     </span>
    </p>
   </div>
   <div class='ocr_carea' id='block_1_32' title="bbox 346 1955 1943 2029">
    <p class='ocr_par' dir='ltr' id='par_1_32' title="bbox 346 1955 1943 2029">
     <span class='ocr_line' id='line_1_32' title="bbox 346 1955 1943 2029; baseline 0.004 -21"><span class='ocrx_word' id='word_1_260' title='bbox 346 1957 463 2023; x_wconf 84' lang='lat' dir='ltr'><strong>ejus</strong></span> <span class='ocrx_word' id='word_1_261' title='bbox 490 1955 625 2028; x_wconf 87' lang='lat' dir='ltr'><strong>(Isa.</strong></span> <span class='ocrx_word' id='word_1_262' title='bbox 654 1956 752 2027; x_wconf 62' lang='lat' dir='ltr'><strong>at).</strong></span> <span class='ocrx_word' id='word_1_263' title='bbox 800 1957 1178 2012; x_wconf 79' lang='lat' dir='ltr'><strong>Cal&#39;ceamenta</strong></span> <span class='ocrx_word' id='word_1_264' title='bbox 1217 1957 1448 2020; x_wconf 87' lang='lat' dir='ltr'><strong>Domini,</strong></span> <span class='ocrx_word' id='word_1_265' title='bbox 1498 1959 1814 2029; x_wconf 83' lang='lat' dir='ltr'><strong>mysterium</strong></span> <span class='ocrx_word' id='word_1_266' title='bbox 1862 1961 1943 2015; x_wconf 82' lang='lat' dir='ltr'><strong>in-</strong></span> 
     </span>
    </p>
   </div>
   <div class='ocr_carea' id='block_1_33' title="bbox 347 2046 1943 2119">
    <p class='ocr_par' dir='ltr' id='par_1_33' title="bbox 347 2046 1943 2119">
     <span class='ocr_line' id='line_1_33' title="bbox 347 2046 1943 2119; baseline 0.001 -19"><span class='ocrx_word' id='word_1_267' title='bbox 347 2047 711 2112; x_wconf 88' lang='lat' dir='ltr'><strong>carnationis,</strong></span> <span class='ocrx_word' id='word_1_268' title='bbox 749 2048 816 2102; x_wconf 89' lang='lat' dir='ltr'><strong>de</strong></span> <span class='ocrx_word' id='word_1_269' title='bbox 857 2063 968 2118; x_wconf 89' lang='lat' dir='ltr'><strong>quo</strong></span> <span class='ocrx_word' id='word_1_270' title='bbox 1005 2046 1241 2102; x_wconf 75' lang='lat' dir='ltr'><strong>Joannes</strong></span> <span class='ocrx_word' id='word_1_271' title='bbox 1280 2047 1520 2116; x_wconf 84' lang='lat' dir='ltr'><strong>Baptista</strong></span> <span class='ocrx_word' id='word_1_272' title='bbox 1562 2048 1616 2102; x_wconf 92' lang='lat' dir='ltr'><strong>in</strong></span> <span class='ocrx_word' id='word_1_273' title='bbox 1655 2048 1943 2119; x_wconf 78' lang='lat' dir='ltr'><strong>Evangelio</strong></span> 
     </span>
    </p>
   </div>
   <div class='ocr_carea' id='block_1_34' title="bbox 348 2137 1935 2208">
    <p class='ocr_par' dir='ltr' id='par_1_34' title="bbox 348 2137 1935 2208">
     <span class='ocr_line' id='line_1_34' title="bbox 348 2137 1935 2208; baseline -0.001 -16"><span class='ocrx_word' id='word_1_274' title='bbox 348 2140 426 2193; x_wconf 87' lang='lat' dir='ltr'><strong>ait</strong></span> <span class='ocrx_word' id='word_1_275' title='bbox 450 2156 462 2192; x_wconf 92' lang='lat'><strong>:</strong></span> <span class='ocrx_word' id='word_1_276' title='bbox 493 2138 660 2207; x_wconf 84' lang='lat' dir='ltr'><strong>Cujus</strong></span> <span class='ocrx_word' id='word_1_277' title='bbox 692 2155 795 2192; x_wconf 85' lang='lat' dir='ltr'><strong>non</strong></span> <span class='ocrx_word' id='word_1_278' title='bbox 821 2155 938 2191; x_wconf 84' lang='lat' dir='ltr'><strong>sum</strong></span> <span class='ocrx_word' id='word_1_279' title='bbox 967 2139 1157 2208; x_wconf 81' lang='lat' dir='ltr'><strong>dignus</strong></span> <span class='ocrx_word' id='word_1_280' title='bbox 1185 2138 1530 2208; x_wconf 79' lang='lat' dir='ltr'><strong>procumbens</strong></span> <span class='ocrx_word' id='word_1_281' title='bbox 1555 2137 1750 2192; x_wconf 78' lang='lat' dir='ltr'><strong>solvere</strong></span> <span class='ocrx_word' id='word_1_282' title='bbox 1779 2140 1935 2191; x_wconf 83' lang='lat' dir='ltr'><strong>corri-</strong></span> 
     </span>
    </p>
   </div>
   <div class='ocr_carea' id='block_1_35' title="bbox 348 2229 1313 2300">
    <p class='ocr_par' dir='ltr' id='par_1_35' title="bbox 348 2229 1313 2300">
     <span class='ocr_line' id='line_1_35' title="bbox 348 2229 1313 2300; baseline -0.001 -18"><span class='ocrx_word' id='word_1_283' title='bbox 348 2231 489 2298; x_wconf 83' lang='lat' dir='ltr'><strong>giam</strong></span> <span class='ocrx_word' id='word_1_284' title='bbox 517 2229 856 2283; x_wconf 81' lang='lat' dir='ltr'><strong>calceamenti</strong></span> <span class='ocrx_word' id='word_1_285' title='bbox 884 2230 998 2298; x_wconf 83' lang='lat' dir='ltr'><strong>ejus</strong></span> <span class='ocrx_word' id='word_1_286' title='bbox 1027 2229 1179 2300; x_wconf 91' lang='lat' dir='ltr'><strong>(Luc.</strong></span> <span class='ocrx_word' id='word_1_287' title='bbox 1210 2230 1313 2299; x_wconf 84' lang='lat' dir='ltr'><strong>nt).</strong></span> 
     </span>
    </p>
   </div>
   <div class='ocr_carea' id='block_1_36' title="bbox 967 2340 1320 2396">
    <p class='ocr_par' dir='ltr' id='par_1_36' title="bbox 967 2340 1320 2396">
     <span class='ocr_line' id='line_1_36' title="bbox 967 2340 1320 2396; baseline -0.008 0"><span class='ocrx_word' id='word_1_288' title='bbox 967 2340 1196 2396; x_wconf 80' lang='lat' dir='ltr'><strong>CAPUT</strong></span> <span class='ocrx_word' id='word_1_289' title='bbox 1236 2340 1320 2394; x_wconf 93' lang='grc' dir='ltr'><strong>ΙΙΙ.</strong></span> 
     </span>
    </p>
   </div>
   <div class='ocr_carea' id='block_1_37' title="bbox 865 2409 1418 2482">
    <p class='ocr_par' dir='ltr' id='par_1_37' title="bbox 865 2409 1418 2482">
     <span class='ocr_line' id='line_1_37' title="bbox 865 2409 1418 2482; baseline 0.002 -18"><span class='ocrx_word' id='word_1_290' title='bbox 865 2411 944 2465; x_wconf 89' lang='lat' dir='ltr'><strong>De</strong></span> <span class='ocrx_word' id='word_1_291' title='bbox 979 2409 1181 2482; x_wconf 88' lang='lat' dir='ltr'><strong>Spiritu</strong></span> <span class='ocrx_word' id='word_1_292' title='bbox 1217 2421 1418 2465; x_wconf 87' lang='lat' dir='ltr'><strong>sancto.</strong></span> 
     </span>
    </p>
   </div>
   <div class='ocr_carea' id='block_1_38' title="bbox 419 2501 1939 2574">
    <p class='ocr_par' dir='ltr' id='par_1_38' title="bbox 419 2501 1939 2574">
     <span class='ocr_line' id='line_1_38' title="bbox 419 2501 1939 2574; baseline 0.001 -18"><span class='ocrx_word' id='word_1_293' title='bbox 419 2502 662 2574; x_wconf 86' lang='lat' dir='ltr'><strong>Spiritus</strong></span> <span class='ocrx_word' id='word_1_294' title='bbox 700 2509 922 2556; x_wconf 89' lang='lat' dir='ltr'><strong>sanctus</strong></span> <span class='ocrx_word' id='word_1_295' title='bbox 963 2501 1083 2556; x_wconf 91' lang='lat' dir='ltr'><strong>ideo</strong></span> <span class='ocrx_word' id='word_1_296' title='bbox 1123 2501 1450 2570; x_wconf 71' lang='lat' dir='ltr'><strong>prazdicatur</strong></span> <span class='ocrx_word' id='word_1_297' title='bbox 1481 2502 1653 2566; x_wconf 88' lang='lat' dir='ltr'><strong>Deus,</strong></span> <span class='ocrx_word' id='word_1_298' title='bbox 1702 2504 1827 2573; x_wconf 87' lang='lat' dir='ltr'><strong>quia</strong></span> <span class='ocrx_word' id='word_1_299' title='bbox 1874 2519 1939 2558; x_wconf 81' lang='lat' dir='ltr'><strong>ex</strong></span> 
     </span>
    </p>
   </div>
   <div class='ocr_carea' id='block_1_39' title="bbox 345 2591 1937 2662">
    <p class='ocr_par' dir='ltr' id='par_1_39' title="bbox 345 2591 1937 2662">
     <span class='ocr_line' id='line_1_39' title="bbox 345 2591 1937 2662; baseline 0 -15"><span class='ocrx_word' id='word_1_300' title='bbox 345 2591 510 2648; x_wconf 83' lang='lat' dir='ltr'><strong>Patre</strong></span> <span class='ocrx_word' id='word_1_301' title='bbox 538 2591 785 2662; x_wconf 87' lang='lat' dir='ltr'><strong>Filioque</strong></span> <span class='ocrx_word' id='word_1_302' title='bbox 816 2591 1082 2661; x_wconf 82' lang='lat' dir='ltr'><strong>procedit,</strong></span> <span class='ocrx_word' id='word_1_303' title='bbox 1119 2601 1175 2648; x_wconf 89' lang='lat' dir='ltr'><strong>et</strong></span> <span class='ocrx_word' id='word_1_304' title='bbox 1203 2593 1561 2647; x_wconf 89' lang='lat' dir='ltr'><strong>substantiam</strong></span> <span class='ocrx_word' id='word_1_305' title='bbox 1591 2594 1708 2660; x_wconf 85' lang='lat' dir='ltr'><strong>ejus</strong></span> <span class='ocrx_word' id='word_1_306' title='bbox 1754 2595 1937 2649; x_wconf 85' lang='lat' dir='ltr'><strong>habet.</strong></span> 
     </span>
    </p>
   </div>
   <div class='ocr_carea' id='block_1_40' title="bbox 347 2681 1940 2753">
    <p class='ocr_par' dir='ltr' id='par_1_40' title="bbox 347 2681 1940 2753">
     <span class='ocr_line' id='line_1_40' title="bbox 347 2681 1940 2753; baseline 0.002 -18"><span class='ocrx_word' id='word_1_307' title='bbox 347 2681 534 2752; x_wconf 72' lang='lat' dir='ltr'><strong>Neque</strong></span> <span class='ocrx_word' id='word_1_308' title='bbox 564 2682 709 2736; x_wconf 87' lang='lat' dir='ltr'><strong>enim</strong></span> <span class='ocrx_word' id='word_1_309' title='bbox 738 2681 882 2736; x_wconf 84' lang='lat' dir='ltr'><strong>aliud</strong></span> <span class='ocrx_word' id='word_1_310' title='bbox 911 2682 980 2736; x_wconf 92' lang='lat' dir='ltr'><strong>de</strong></span> <span class='ocrx_word' id='word_1_311' title='bbox 1007 2681 1166 2737; x_wconf 85' lang='lat' dir='ltr'><strong>Patre</strong></span> <span class='ocrx_word' id='word_1_312' title='bbox 1197 2683 1492 2751; x_wconf 85' lang='lat' dir='ltr'><strong>procedere</strong></span> <span class='ocrx_word' id='word_1_313' title='bbox 1533 2686 1735 2753; x_wconf 88' lang='lat' dir='ltr'><strong>potuit,</strong></span> <span class='ocrx_word' id='word_1_314' title='bbox 1779 2700 1940 2753; x_wconf 88' lang='lat' dir='ltr'><strong>quam</strong></span> 
     </span>
    </p>
   </div>
   <div class='ocr_carea' id='block_1_41' title="bbox 345 2771 1942 2842">
    <p class='ocr_par' dir='ltr' id='par_1_41' title="bbox 345 2771 1942 2842">
     <span class='ocr_line' id='line_1_41' title="bbox 345 2771 1942 2842; baseline 0.002 -17"><span class='ocrx_word' id='word_1_315' title='bbox 345 2773 492 2842; x_wconf 85' lang='lat' dir='ltr'><strong>quod</strong></span> <span class='ocrx_word' id='word_1_316' title='bbox 521 2773 636 2841; x_wconf 91' lang='lat' dir='ltr'><strong>ipse</strong></span> <span class='ocrx_word' id='word_1_317' title='bbox 665 2780 750 2826; x_wconf 86' lang='lat' dir='ltr'><strong>est</strong></span> <span class='ocrx_word' id='word_1_318' title='bbox 781 2771 964 2826; x_wconf 88' lang='lat' dir='ltr'><strong>Pater.</strong></span> <span class='ocrx_word' id='word_1_319' title='bbox 1026 2772 1263 2841; x_wconf 85' lang='lat' dir='ltr'><strong>Spiritus</strong></span> <span class='ocrx_word' id='word_1_320' title='bbox 1303 2783 1525 2828; x_wconf 88' lang='lat' dir='ltr'><strong>sanctus</strong></span> <span class='ocrx_word' id='word_1_321' title='bbox 1554 2784 1734 2830; x_wconf 89' lang='lat' dir='ltr'><strong>autem</strong></span> <span class='ocrx_word' id='word_1_322' title='bbox 1764 2774 1942 2830; x_wconf 88' lang='lat' dir='ltr'><strong>dictus</strong></span> 
     </span>
    </p>
   </div>
   <div class='ocr_carea' id='block_1_42' title="bbox 347 2863 1945 2933">
    <p class='ocr_par' dir='ltr' id='par_1_42' title="bbox 347 2863 1945 2933">
     <span class='ocr_line' id='line_1_42' title="bbox 347 2863 1945 2933; baseline 0.003 -17"><span class='ocrx_word' id='word_1_323' title='bbox 347 2873 433 2917; x_wconf 75' lang='lat' dir='ltr'><strong>est</strong></span> <span class='ocrx_word' id='word_1_324' title='bbox 471 2863 768 2918; x_wconf 85' lang='lat' dir='ltr'><strong>secundum</strong></span> <span class='ocrx_word' id='word_1_325' title='bbox 815 2864 868 2917; x_wconf 91' lang='lat' dir='ltr'><strong>id</strong></span> <span class='ocrx_word' id='word_1_326' title='bbox 915 2865 1059 2932; x_wconf 90' lang='lat' dir='ltr'><strong>quod</strong></span> <span class='ocrx_word' id='word_1_327' title='bbox 1111 2865 1178 2918; x_wconf 91' lang='lat' dir='ltr'><strong>ad</strong></span> <span class='ocrx_word' id='word_1_328' title='bbox 1228 2865 1431 2933; x_wconf 86' lang='lat' dir='ltr'><strong>aliquid</strong></span> <span class='ocrx_word' id='word_1_329' title='bbox 1481 2864 1734 2919; x_wconf 80' lang='lat' dir='ltr'><strong>refertur.</strong></span> <span class='ocrx_word' id='word_1_330' title='bbox 1791 2865 1945 2920; x_wconf 90' lang='lat' dir='ltr'><strong>Sicut</strong></span> 
     </span>
    </p>
   </div>
   <div class='ocr_carea' id='block_1_43' title="bbox 347 2953 1940 3026">
    <p class='ocr_par' dir='ltr' id='par_1_43' title="bbox 347 2953 1940 3026">
     <span class='ocr_line' id='line_1_43' title="bbox 347 2953 1940 3026; baseline 0.001 -18"><span class='ocrx_word' id='word_1_331' title='bbox 347 2955 495 3008; x_wconf 86' lang='lat' dir='ltr'><strong>enim</strong></span> <span class='ocrx_word' id='word_1_332' title='bbox 528 2953 754 3008; x_wconf 80' lang='lat' dir='ltr'><strong>relative</strong></span> <span class='ocrx_word' id='word_1_333' title='bbox 781 2953 947 3008; x_wconf 85' lang='lat' dir='ltr'><strong>Pater</strong></span> <span class='ocrx_word' id='word_1_334' title='bbox 973 2963 1028 3009; x_wconf 91' lang='lat' dir='ltr'><strong>et</strong></span> <span class='ocrx_word' id='word_1_335' title='bbox 1060 2953 1228 3008; x_wconf 84' lang='lat' dir='ltr'><strong>Filius</strong></span> <span class='ocrx_word' id='word_1_336' title='bbox 1267 2955 1541 3020; x_wconf 90' lang='lat' dir='ltr'><strong>dicuntur,</strong></span> <span class='ocrx_word' id='word_1_337' title='bbox 1593 2957 1669 3010; x_wconf 92' lang='lat' dir='ltr'><strong>ita</strong></span> <span class='ocrx_word' id='word_1_338' title='bbox 1715 2963 1770 3010; x_wconf 92' lang='lat' dir='ltr'><strong>et</strong></span> <span class='ocrx_word' id='word_1_339' title='bbox 1817 2955 1940 3026; x_wconf 76' lang='lat' dir='ltr'><strong>Spi-</strong></span> 
     </span>
    </p>
   </div>
   <div class='ocr_carea' id='block_1_44' title="bbox 348 3043 1940 3116">
    <p class='ocr_par' dir='ltr' id='par_1_44' title="bbox 348 3043 1940 3116">
     <span class='ocr_line' id='line_1_44' title="bbox 348 3043 1940 3116; baseline -0.001 -17"><span class='ocrx_word' id='word_1_340' title='bbox 348 3047 488 3116; x_wconf 80' lang='lat' dir='ltr'><strong>ritus</strong></span> <span class='ocrx_word' id='word_1_341' title='bbox 517 3053 738 3098; x_wconf 85' lang='lat' dir='ltr'><strong>sanctus</strong></span> <span class='ocrx_word' id='word_1_342' title='bbox 770 3044 838 3098; x_wconf 84' lang='lat' dir='ltr'><strong>ad</strong></span> <span class='ocrx_word' id='word_1_343' title='bbox 868 3043 1085 3098; x_wconf 77' lang='lat' dir='ltr'><strong>Patrem</strong></span> <span class='ocrx_word' id='word_1_344' title='bbox 1117 3053 1170 3098; x_wconf 90' lang='lat' dir='ltr'><strong>et</strong></span> <span class='ocrx_word' id='word_1_345' title='bbox 1195 3043 1394 3097; x_wconf 84' lang='lat' dir='ltr'><strong>Filium</strong></span> <span class='ocrx_word' id='word_1_346' title='bbox 1426 3044 1824 3113; x_wconf 85' lang='lat' dir='ltr'><strong>quodammodo</strong></span> <span class='ocrx_word' id='word_1_347' title='bbox 1856 3060 1940 3098; x_wconf 89' lang='lat' dir='ltr'><strong>re-</strong></span> 
     </span>
    </p>
   </div>
   <div class='ocr_carea' id='block_1_45' title="bbox 349 3135 1937 3206">
    <p class='ocr_par' dir='ltr' id='par_1_45' title="bbox 349 3135 1937 3206">
     <span class='ocr_line' id='line_1_45' title="bbox 349 3135 1937 3206; baseline 0.001 -16"><span class='ocrx_word' id='word_1_348' title='bbox 349 3137 512 3191; x_wconf 89' lang='lat' dir='ltr'><strong>lative</strong></span> <span class='ocrx_word' id='word_1_349' title='bbox 536 3136 756 3202; x_wconf 83' lang='lat' dir='ltr'><strong>dicitur,</strong></span> <span class='ocrx_word' id='word_1_350' title='bbox 788 3138 914 3206; x_wconf 90' lang='lat' dir='ltr'><strong>quia</strong></span> <span class='ocrx_word' id='word_1_351' title='bbox 946 3136 1124 3191; x_wconf 87' lang='lat' dir='ltr'><strong>Patris</strong></span> <span class='ocrx_word' id='word_1_352' title='bbox 1162 3145 1218 3191; x_wconf 88' lang='lat' dir='ltr'><strong>et</strong></span> <span class='ocrx_word' id='word_1_353' title='bbox 1251 3135 1372 3191; x_wconf 78' lang='lat' dir='ltr'><strong>Filii</strong></span> <span class='ocrx_word' id='word_1_354' title='bbox 1403 3136 1640 3206; x_wconf 89' lang='lat' dir='ltr'><strong>Spiritus</strong></span> <span class='ocrx_word' id='word_1_355' title='bbox 1673 3147 1797 3193; x_wconf 89' lang='lat' dir='ltr'><strong>est:</strong></span> <span class='ocrx_word' id='word_1_356' title='bbox 1843 3139 1937 3192; x_wconf 89' lang='lat' dir='ltr'><strong>sed</strong></span> 
     </span>
    </p>
   </div>
   <div class='ocr_carea' id='block_1_46' title="bbox 2046 1953 3630 2026">
    <p class='ocr_par' dir='ltr' id='par_1_46' title="bbox 2046 1953 3630 2026">
     <span class='ocr_line' id='line_1_46' title="bbox 2046 1953 3630 2026; baseline 0.008 -20"><span class='ocrx_word' id='word_1_357' title='bbox 2046 1967 2114 2008; x_wconf 89' lang='lat' dir='ltr'><strong>ne</strong></span> <span class='ocrx_word' id='word_1_358' title='bbox 2157 1953 2262 2007; x_wconf 87' lang='lat' dir='ltr'><strong>duo</strong></span> <span class='ocrx_word' id='word_1_359' title='bbox 2310 1953 2362 2007; x_wconf 93' lang='lat' dir='ltr'><strong>in</strong></span> <span class='ocrx_word' id='word_1_360' title='bbox 2409 1953 2675 2009; x_wconf 86' lang='lat' dir='ltr'><strong>Trioitate</strong></span> <span class='ocrx_word' id='word_1_361' title='bbox 2720 1953 2814 2009; x_wconf 78' lang='lat' dir='ltr'><strong>[Ilii</strong></span> <span class='ocrx_word' id='word_1_362' title='bbox 2860 1956 3289 2026; x_wconf 79' lang='lat' dir='ltr'><strong>suSpicarentur.</strong></span> <span class='ocrx_word' id='word_1_363' title='bbox 3353 1959 3478 2016; x_wconf 90' lang='lat' dir='ltr'><strong>Ideo</strong></span> <span class='ocrx_word' id='word_1_364' title='bbox 3523 1977 3630 2018; x_wconf 89' lang='lat' dir='ltr'><strong>non</strong></span> 
     </span>
    </p>
   </div>
   <div class='ocr_carea' id='block_1_47' title="bbox 2043 2045 3640 2120">
    <p class='ocr_par' dir='ltr' id='par_1_47' title="bbox 2043 2045 3640 2120">
     <span class='ocr_line' id='line_1_47' title="bbox 2043 2045 3640 2120; baseline 0.006 -21"><span class='ocrx_word' id='word_1_365' title='bbox 2043 2045 2372 2115; x_wconf 65' lang='lat' dir='ltr'><strong>praedicatur</strong></span> <span class='ocrx_word' id='word_1_366' title='bbox 2397 2046 2686 2116; x_wconf 88' lang='lat' dir='ltr'><strong>ingenitus,</strong></span> <span class='ocrx_word' id='word_1_367' title='bbox 2717 2061 2783 2101; x_wconf 92' lang='lat' dir='ltr'><strong>ne</strong></span> <span class='ocrx_word' id='word_1_368' title='bbox 2809 2048 2918 2102; x_wconf 91' lang='lat' dir='ltr'><strong>duo</strong></span> <span class='ocrx_word' id='word_1_369' title='bbox 2943 2057 3130 2119; x_wconf 85' lang='lat' dir='ltr'><strong>patres</strong></span> <span class='ocrx_word' id='word_1_370' title='bbox 3150 2050 3203 2104; x_wconf 94' lang='lat' dir='ltr'><strong>in</strong></span> <span class='ocrx_word' id='word_1_371' title='bbox 3228 2052 3340 2120; x_wconf 87' lang='lat' dir='ltr'><strong>ipsa</strong></span> <span class='ocrx_word' id='word_1_372' title='bbox 3365 2052 3640 2109; x_wconf 73' lang='lat' dir='ltr'><strong>Trinitato</strong></span> 
     </span>
    </p>
   </div>
   <div class='ocr_carea' id='block_1_48' title="bbox 2044 2135 3640 2206">
    <p class='ocr_par' dir='ltr' id='par_1_48' title="bbox 2044 2135 3640 2206">
     <span class='ocr_line' id='line_1_48' title="bbox 2044 2135 3640 2206; baseline 0.006 -17"><span class='ocrx_word' id='word_1_373' title='bbox 2044 2135 2354 2190; x_wconf 87' lang='lat' dir='ltr'><strong>credantur.</strong></span> <span class='ocrx_word' id='word_1_374' title='bbox 2425 2135 2732 2191; x_wconf 84' lang='lat' dir='ltr'><strong>Procedens</strong></span> <span class='ocrx_word' id='word_1_375' title='bbox 2789 2146 2969 2191; x_wconf 89' lang='lat' dir='ltr'><strong>autem</strong></span> <span class='ocrx_word' id='word_1_376' title='bbox 3037 2139 3257 2206; x_wconf 83' lang='lat' dir='ltr'><strong>dicitur,</strong></span> <span class='ocrx_word' id='word_1_377' title='bbox 3324 2142 3640 2199; x_wconf 84' lang='lat' dir='ltr'><strong>testimonio</strong></span> 
     </span>
    </p>
   </div>
   <div class='ocr_carea' id='block_1_49' title="bbox 2045 2226 3636 2301">
    <p class='ocr_par' dir='ltr' id='par_1_49' title="bbox 2045 2226 3636 2301">
     <span class='ocr_line' id='line_1_49' title="bbox 2045 2226 3636 2301; baseline 0.007 -23"><span class='ocrx_word' id='word_1_378' title='bbox 2045 2226 2256 2281; x_wconf 87' lang='lat' dir='ltr'><strong>Domini</strong></span> <span class='ocrx_word' id='word_1_379' title='bbox 2305 2226 2586 2281; x_wconf 89' lang='lat' dir='ltr'><strong>dicentis:</strong></span> <span class='ocrx_word' id='word_1_380' title='bbox 2641 2226 2773 2281; x_wconf 86' lang='lat' dir='ltr'><strong>Cum</strong></span> <span class='ocrx_word' id='word_1_381' title='bbox 2823 2237 3000 2281; x_wconf 86' lang='lat' dir='ltr'><strong>autem</strong></span> <span class='ocrx_word' id='word_1_382' title='bbox 3055 2231 3248 2284; x_wconf 80' lang='lat' dir='ltr'><strong>venerit</strong></span> <span class='ocrx_word' id='word_1_383' title='bbox 3297 2234 3636 2301; x_wconf 54' lang='lat' dir='ltr'><strong>paraclitus‘,</strong></span> 
     </span>
    </p>
   </div>
   <div class='ocr_carea' id='block_1_50' title="bbox 2042 2319 3642 2393">
    <p class='ocr_par' dir='ltr' id='par_1_50' title="bbox 2042 2319 3642 2393">
     <span class='ocr_line' id='line_1_50' title="bbox 2042 2319 3642 2393; baseline 0.006 -21"><span class='ocrx_word' id='word_1_384' title='bbox 2042 2336 2192 2389; x_wconf 83' lang='lat' dir='ltr'><strong>quem</strong></span> <span class='ocrx_word' id='word_1_385' title='bbox 2236 2336 2329 2388; x_wconf 87' lang='lat' dir='ltr'><strong>ego</strong></span> <span class='ocrx_word' id='word_1_386' title='bbox 2367 2321 2574 2372; x_wconf 83' lang='lat' dir='ltr'><strong>mittam</strong></span> <span class='ocrx_word' id='word_1_387' title='bbox 2614 2320 2758 2372; x_wconf 81' lang='lat' dir='ltr'><strong>vobis</strong></span> <span class='ocrx_word' id='word_1_388' title='bbox 2797 2337 2829 2373; x_wconf 90' lang='lat' dir='ltr'><strong>a</strong></span> <span class='ocrx_word' id='word_1_389' title='bbox 2871 2319 3051 2384; x_wconf 87' lang='lat' dir='ltr'><strong>Patre,</strong></span> <span class='ocrx_word' id='word_1_390' title='bbox 3090 2321 3346 2391; x_wconf 88' lang='lat' dir='ltr'><strong>Spiritum</strong></span> <span class='ocrx_word' id='word_1_391' title='bbox 3374 2327 3642 2393; x_wconf 78' lang='lat' dir='ltr'><strong>veritatis,</strong></span> 
     </span>
    </p>
   </div>
   <div class='ocr_carea' id='block_1_51' title="bbox 2041 2409 3635 2488">
    <p class='ocr_par' dir='ltr' id='par_1_51' title="bbox 2041 2409 3635 2488">
     <span class='ocr_line' id='line_1_51' title="bbox 2041 2409 3635 2488; baseline 0.006 -26"><span class='ocrx_word' id='word_1_392' title='bbox 2041 2410 2132 2478; x_wconf 86' lang='lat' dir='ltr'><strong>qui</strong></span> <span class='ocrx_word' id='word_1_393' title='bbox 2174 2427 2206 2462; x_wconf 92' lang='lat' dir='ltr'><strong>a</strong></span> <span class='ocrx_word' id='word_1_394' title='bbox 2248 2409 2407 2463; x_wconf 89' lang='lat' dir='ltr'><strong>Patre</strong></span> <span class='ocrx_word' id='word_1_395' title='bbox 2442 2410 2693 2478; x_wconf 81' lang='lat' dir='ltr'><strong>procedit,</strong></span> <span class='ocrx_word' id='word_1_396' title='bbox 2738 2410 2826 2464; x_wconf 88' lang='lat' dir='ltr'><strong>ille</strong></span> <span class='ocrx_word' id='word_1_397' title='bbox 2869 2412 3222 2488; x_wconf 64' lang='lat' dir='ltr'><strong>testimonium</strong></span> <span class='ocrx_word' id='word_1_398' title='bbox 3252 2417 3538 2485; x_wconf 73' lang='lat' dir='ltr'><strong>perhibebit</strong></span> <span class='ocrx_word' id='word_1_399' title='bbox 3567 2418 3635 2472; x_wconf 82' lang='lat' dir='ltr'><strong>de</strong></span> 
     </span>
    </p>
   </div>
   <div class='ocr_carea' id='block_1_52' title="bbox 2043 2501 3637 2577">
    <p class='ocr_par' dir='ltr' id='par_1_52' title="bbox 2043 2501 3637 2577">
     <span class='ocr_line' id='line_1_52' title="bbox 2043 2501 3637 2577; baseline 0.006 -23"><span class='ocrx_word' id='word_1_400' title='bbox 2043 2519 2124 2556; x_wconf 89' lang='lat' dir='ltr'><strong>me</strong></span> <span class='ocrx_word' id='word_1_401' title='bbox 2150 2501 2332 2574; x_wconf 84' lang='lat' dir='ltr'><strong>(Joan.</strong></span> <span class='ocrx_word' id='word_1_402' title='bbox 2362 2501 2489 2570; x_wconf 82' lang='lat' dir='ltr'><strong>xv);</strong></span> <span class='ocrx_word' id='word_1_403' title='bbox 2536 2511 2592 2558; x_wconf 89' lang='lat' dir='ltr'><strong>et</strong></span> <span class='ocrx_word' id='word_1_404' title='bbox 2634 2517 2847 2556; x_wconf 88' lang='lat' dir='ltr'><strong>rursum</strong></span> <span class='ocrx_word' id='word_1_405' title='bbox 2876 2521 2888 2556; x_wconf 93' lang='lat'><strong>:</strong></span> <span class='ocrx_word' id='word_1_406' title='bbox 2928 2503 3050 2568; x_wconf 87' lang='lat' dir='ltr'><strong>Ille,</strong></span> <span class='ocrx_word' id='word_1_407' title='bbox 3072 2506 3272 2574; x_wconf 87' lang='lat' dir='ltr'><strong>inquit,</strong></span> <span class='ocrx_word' id='word_1_408' title='bbox 3297 2508 3637 2577; x_wconf 77' lang='lat' dir='ltr'><strong>clariﬁcabit,</strong></span> 
     </span>
    </p>
   </div>
   <div class='ocr_carea' id='block_1_53' title="bbox 2045 2595 3641 2665">
    <p class='ocr_par' dir='ltr' id='par_1_53' title="bbox 2045 2595 3641 2665">
     <span class='ocr_line' id='line_1_53' title="bbox 2045 2595 3641 2665; baseline 0.008 -19"><span class='ocrx_word' id='word_1_409' title='bbox 2045 2595 2167 2664; x_wconf 87' lang='lat' dir='ltr'><strong>quia</strong></span> <span class='ocrx_word' id='word_1_410' title='bbox 2209 2595 2274 2649; x_wconf 88' lang='lat' dir='ltr'><strong>de</strong></span> <span class='ocrx_word' id='word_1_411' title='bbox 2310 2611 2424 2648; x_wconf 91' lang='lat' dir='ltr'><strong>meo</strong></span> <span class='ocrx_word' id='word_1_412' title='bbox 2468 2596 2684 2665; x_wconf 88' lang='lat' dir='ltr'><strong>accipiet</strong></span> <span class='ocrx_word' id='word_1_413' title='bbox 2726 2609 2770 2650; x_wconf 78' lang='lat' dir='ltr'><strong>et</strong></span> <span class='ocrx_word' id='word_1_414' title='bbox 2813 2599 3145 2652; x_wconf 80' lang='lat' dir='ltr'><strong>annuntiabit</strong></span> <span class='ocrx_word' id='word_1_415' title='bbox 3186 2602 3347 2656; x_wconf 82' lang='lat' dir='ltr'><strong>vobis.</strong></span> <span class='ocrx_word' id='word_1_416' title='bbox 3395 2603 3493 2658; x_wconf 80' lang='lat' dir='ltr'><strong>Hic</strong></span> <span class='ocrx_word' id='word_1_417' title='bbox 3531 2621 3641 2658; x_wconf 73' lang='lat' dir='ltr'><strong>au-</strong></span> 
     </span>
    </p>
   </div>
   <div class='ocr_carea' id='block_1_54' title="bbox 2045 2688 3633 2766">
    <p class='ocr_par' dir='ltr' id='par_1_54' title="bbox 2045 2688 3633 2766">
     <span class='ocr_line' id='line_1_54' title="bbox 2045 2688 3633 2766; baseline 0.006 -24"><span class='ocrx_word' id='word_1_418' title='bbox 2045 2698 2154 2764; x_wconf 88' lang='lat' dir='ltr'><strong>tem</strong></span> <span class='ocrx_word' id='word_1_419' title='bbox 2208 2703 2310 2742; x_wconf 94' lang='lat' dir='ltr'><strong>non</strong></span> <span class='ocrx_word' id='word_1_420' title='bbox 2355 2688 2526 2742; x_wconf 91' lang='lat' dir='ltr'><strong>solum</strong></span> <span class='ocrx_word' id='word_1_421' title='bbox 2576 2697 2768 2742; x_wconf 88' lang='lat' dir='ltr'><strong>natura</strong></span> <span class='ocrx_word' id='word_1_422' title='bbox 2818 2691 3061 2759; x_wconf 86' lang='lat' dir='ltr'><strong>procedit</strong></span> <span class='ocrx_word' id='word_1_423' title='bbox 3091 2733 3106 2753; x_wconf 85' lang='lat'><strong>,</strong></span> <span class='ocrx_word' id='word_1_424' title='bbox 3167 2694 3262 2748; x_wconf 89' lang='lat' dir='ltr'><strong>sed</strong></span> <span class='ocrx_word' id='word_1_425' title='bbox 3308 2709 3523 2766; x_wconf 87' lang='lat' dir='ltr'><strong>semper</strong></span> <span class='ocrx_word' id='word_1_426' title='bbox 3563 2697 3633 2751; x_wconf 89' lang='lat' dir='ltr'><strong>ad</strong></span> 
     </span>
    </p>
   </div>
   <div class='ocr_carea' id='block_1_55' title="bbox 2044 2761 3630 2854">
    <p class='ocr_par' dir='ltr' id='par_1_55' title="bbox 2044 2761 3630 2854">
     <span class='ocr_line' id='line_1_55' title="bbox 2044 2761 3630 2854; baseline 0.008 -25"><span class='ocrx_word' id='word_1_427' title='bbox 2044 2761 2349 2848; x_wconf 77' lang='lat' dir='ltr'><strong>peragenda</strong></span> <span class='ocrx_word' id='word_1_428' title='bbox 2401 2792 2565 2846; x_wconf 88' lang='lat' dir='ltr'><strong>opera</strong></span> <span class='ocrx_word' id='word_1_429' title='bbox 2613 2777 2898 2832; x_wconf 89' lang='lat' dir='ltr'><strong>Trinitatis</strong></span> <span class='ocrx_word' id='word_1_430' title='bbox 2951 2779 3322 2838; x_wconf 83' lang='lat' dir='ltr'><strong>indesinenter</strong></span> <span class='ocrx_word' id='word_1_431' title='bbox 3367 2761 3630 2854; x_wconf 71' lang='lat' dir='ltr'><strong>procedit.</strong></span> 
     </span>
    </p>
   </div>
   <div class='ocr_carea' id='block_1_56' title="bbox 2047 2866 3642 2941">
    <p class='ocr_par' dir='ltr' id='par_1_56' title="bbox 2047 2866 3642 2941">
     <span class='ocr_line' id='line_1_56' title="bbox 2047 2866 3642 2941; baseline 0.005 -21"><span class='ocrx_word' id='word_1_432' title='bbox 2047 2866 2161 2922; x_wconf 80' lang='lat' dir='ltr'><strong>Hoc</strong></span> <span class='ocrx_word' id='word_1_433' title='bbox 2207 2867 2432 2922; x_wconf 85' lang='lat' dir='ltr'><strong>interest</strong></span> <span class='ocrx_word' id='word_1_434' title='bbox 2477 2867 2619 2921; x_wconf 88' lang='lat' dir='ltr'><strong>inter</strong></span> <span class='ocrx_word' id='word_1_435' title='bbox 2658 2876 2967 2923; x_wconf 92' lang='lat' dir='ltr'><strong>nascentem</strong></span> <span class='ocrx_word' id='word_1_436' title='bbox 3012 2868 3209 2924; x_wconf 85' lang='lat' dir='ltr'><strong>Filium</strong></span> <span class='ocrx_word' id='word_1_437' title='bbox 3248 2879 3304 2925; x_wconf 91' lang='lat' dir='ltr'><strong>et</strong></span> <span class='ocrx_word' id='word_1_438' title='bbox 3340 2873 3642 2941; x_wconf 83' lang='lat' dir='ltr'><strong>proceden-</strong></span> 
     </span>
    </p>
   </div>
   <div class='ocr_carea' id='block_1_57' title="bbox 2046 2957 3638 3028">
    <p class='ocr_par' dir='ltr' id='par_1_57' title="bbox 2046 2957 3638 3028">
     <span class='ocr_line' id='line_1_57' title="bbox 2046 2957 3638 3028; baseline 0.003 -15"><span class='ocrx_word' id='word_1_439' title='bbox 2046 2965 2152 3014; x_wconf 85' lang='lat' dir='ltr'><strong>tem</strong></span> <span class='ocrx_word' id='word_1_440' title='bbox 2187 2957 2448 3028; x_wconf 88' lang='lat' dir='ltr'><strong>Spiritum</strong></span> <span class='ocrx_word' id='word_1_441' title='bbox 2481 2967 2750 3022; x_wconf 89' lang='lat' dir='ltr'><strong>sanctum,</strong></span> <span class='ocrx_word' id='word_1_442' title='bbox 2778 2958 2920 3026; x_wconf 86' lang='lat' dir='ltr'><strong>quod</strong></span> <span class='ocrx_word' id='word_1_443' title='bbox 2945 2959 3112 3013; x_wconf 86' lang='lat' dir='ltr'><strong>Filius</strong></span> <span class='ocrx_word' id='word_1_444' title='bbox 3137 2975 3203 3027; x_wconf 60' lang='lat' dir='ltr'><strong>es</strong></span> <span class='ocrx_word' id='word_1_445' title='bbox 3231 2976 3341 3016; x_wconf 92' lang='lat' dir='ltr'><strong>uno</strong></span> <span class='ocrx_word' id='word_1_446' title='bbox 3368 2963 3638 3028; x_wconf 85' lang='lat' dir='ltr'><strong>nascitur,</strong></span> 
     </span>
    </p>
   </div>
   <div class='ocr_carea' id='block_1_58' title="bbox 2045 3047 3635 3118">
    <p class='ocr_par' dir='ltr' id='par_1_58' title="bbox 2045 3047 3635 3118">
     <span class='ocr_line' id='line_1_58' title="bbox 2045 3047 3635 3118; baseline 0.003 -15"><span class='ocrx_word' id='word_1_447' title='bbox 2045 3047 2280 3118; x_wconf 72' lang='lat' dir='ltr'><strong>Spiritus</strong></span> <span class='ocrx_word' id='word_1_448' title='bbox 2319 3056 2536 3102; x_wconf 87' lang='lat' dir='ltr'><strong>sanctus</strong></span> <span class='ocrx_word' id='word_1_449' title='bbox 2577 3063 2641 3102; x_wconf 87' lang='lat' dir='ltr'><strong>ex</strong></span> <span class='ocrx_word' id='word_1_450' title='bbox 2686 3055 2916 3117; x_wconf 89' lang='lat' dir='ltr'><strong>utroque</strong></span> <span class='ocrx_word' id='word_1_451' title='bbox 2944 3050 3206 3118; x_wconf 88' lang='lat' dir='ltr'><strong>procedit.</strong></span> <span class='ocrx_word' id='word_1_452' title='bbox 3255 3050 3322 3105; x_wconf 83' lang='lat' dir='ltr'><strong>Et</strong></span> <span class='ocrx_word' id='word_1_453' title='bbox 3353 3052 3474 3108; x_wconf 85' lang='lat' dir='ltr'><strong>ideo</strong></span> <span class='ocrx_word' id='word_1_454' title='bbox 3503 3053 3635 3109; x_wconf 90' lang='lat' dir='ltr'><strong>dicit</strong></span> 
     </span>
    </p>
   </div>
   <div class='ocr_carea' id='block_1_59' title="bbox 2045 3135 3641 3208">
    <p class='ocr_par' dir='ltr' id='par_1_59' title="bbox 2045 3135 3641 3208">
     <span class='ocr_line' id='line_1_59' title="bbox 2045 3135 3641 3208; baseline 0.002 -15"><span class='ocrx_word' id='word_1_455' title='bbox 2045 3137 2370 3207; x_wconf 78' lang='lat' dir='ltr'><strong>Apostolus:</strong></span> <span class='ocrx_word' id='word_1_456' title='bbox 2416 3135 2521 3202; x_wconf 81' lang='lat' dir='ltr'><strong>Qui</strong></span> <span class='ocrx_word' id='word_1_457' title='bbox 2562 3147 2735 3190; x_wconf 83' lang='lat' dir='ltr'><strong>autem</strong></span> <span class='ocrx_word' id='word_1_458' title='bbox 2774 3137 3032 3207; x_wconf 84' lang='lat' dir='ltr'><strong>Spiritum</strong></span> <span class='ocrx_word' id='word_1_459' title='bbox 3072 3137 3272 3194; x_wconf 83' lang='lat' dir='ltr'><strong>Christi</strong></span> <span class='ocrx_word' id='word_1_460' title='bbox 3313 3157 3417 3195; x_wconf 86' lang='lat' dir='ltr'><strong>non</strong></span> <span class='ocrx_word' id='word_1_461' title='bbox 3456 3141 3641 3208; x_wconf 73' lang='lat' dir='ltr'><strong>habet,</strong></span> 
     </span>
    </p>
   </div>
   <div class='ocr_carea' id='block_1_60' title="bbox 350 3204 3634 3300">
    <p class='ocr_par' dir='ltr' id='par_1_60' title="bbox 350 3204 3634 3300">
     <span class='ocr_line' id='line_1_60' title="bbox 350 3204 3634 3300; baseline 0.001 -17"><span class='ocrx_word' id='word_1_462' title='bbox 350 3232 465 3300; x_wconf 90' lang='lat' dir='ltr'><strong>ipsa</strong></span> <span class='ocrx_word' id='word_1_463' title='bbox 499 3229 693 3283; x_wconf 88' lang='lat' dir='ltr'><strong>relatio</strong></span> <span class='ocrx_word' id='word_1_464' title='bbox 721 3204 957 3298; x_wconf 77' lang='lat' dir='ltr'><strong>Spiritus</strong></span> <span class='ocrx_word' id='word_1_465' title='bbox 1004 3228 1178 3283; x_wconf 82' lang='lat' dir='ltr'><strong>sancti</strong></span> <span class='ocrx_word' id='word_1_466' title='bbox 1229 3243 1336 3283; x_wconf 93' lang='lat' dir='ltr'><strong>non</strong></span> <span class='ocrx_word' id='word_1_467' title='bbox 1389 3204 1460 3282; x_wconf 77' lang='lat' dir='ltr'><strong>ita</strong></span> <span class='ocrx_word' id='word_1_468' title='bbox 1510 3229 1942 3299; x_wconf 82' lang='lat' dir='ltr'><strong>reciprocatione</strong></span> <span class='ocrx_word' id='word_1_469' title='bbox 1970 3204 2015 3265; x_wconf 66' lang='grc' dir='ltr'>Ο</span> <span class='ocrx_word' id='word_1_470' title='bbox 2047 3204 2130 3281; x_wconf 78' lang='lat' dir='ltr'><strong>hic</strong></span> <span class='ocrx_word' id='word_1_471' title='bbox 2173 3243 2276 3280; x_wconf 89' lang='lat' dir='ltr'><strong>non</strong></span> <span class='ocrx_word' id='word_1_472' title='bbox 2315 3237 2390 3281; x_wconf 89' lang='lat' dir='ltr'><strong>est</strong></span> <span class='ocrx_word' id='word_1_473' title='bbox 2429 3226 2544 3296; x_wconf 87' lang='lat' dir='ltr'><strong>ejus</strong></span> <span class='ocrx_word' id='word_1_474' title='bbox 2576 3225 2749 3297; x_wconf 83' lang='lat' dir='ltr'><strong>(Rom.</strong></span> <span class='ocrx_word' id='word_1_475' title='bbox 2777 3204 2916 3298; x_wconf 73' lang='lat' dir='ltr'><strong>vin).</strong></span> <span class='ocrx_word' id='word_1_476' title='bbox 2980 3227 3115 3281; x_wconf 86' lang='lat' dir='ltr'><strong>Nam</strong></span> <span class='ocrx_word' id='word_1_477' title='bbox 3155 3229 3321 3284; x_wconf 90' lang='lat' dir='ltr'><strong>Pater</strong></span> <span class='ocrx_word' id='word_1_478' title='bbox 3356 3204 3634 3299; x_wconf 75' lang='lat' dir='ltr'><strong>nunquam</strong></span> 
     </span>
    </p>
   </div>
   <div class='ocr_carea' id='block_1_61' title="bbox 348 3317 1944 3390">
    <p class='ocr_par' dir='ltr' id='par_1_61' title="bbox 348 3317 1944 3390">
     <span class='ocr_line' id='line_1_61' title="bbox 348 3317 1944 3390; baseline -0.001 -16"><span class='ocrx_word' id='word_1_479' title='bbox 348 3319 594 3374; x_wconf 84' lang='lat' dir='ltr'><strong>converti</strong></span> <span class='ocrx_word' id='word_1_480' title='bbox 624 3321 851 3390; x_wconf 84' lang='lat' dir='ltr'><strong>poterit,</strong></span> <span class='ocrx_word' id='word_1_481' title='bbox 899 3321 1039 3375; x_wconf 89' lang='lat' dir='ltr'><strong>sicut</strong></span> <span class='ocrx_word' id='word_1_482' title='bbox 1085 3318 1248 3373; x_wconf 86' lang='lat' dir='ltr'><strong>Pater</strong></span> <span class='ocrx_word' id='word_1_483' title='bbox 1291 3327 1348 3372; x_wconf 81' lang='lat' dir='ltr'><strong>et</strong></span> <span class='ocrx_word' id='word_1_484' title='bbox 1388 3318 1575 3373; x_wconf 88' lang='lat' dir='ltr'><strong>Filius.</strong></span> <span class='ocrx_word' id='word_1_485' title='bbox 1619 3317 1753 3373; x_wconf 87' lang='lat' dir='ltr'><strong>Nam</strong></span> <span class='ocrx_word' id='word_1_486' title='bbox 1784 3319 1944 3374; x_wconf 90' lang='lat' dir='ltr'><strong>Pater</strong></span> 
     </span>
    </p>
   </div>
   <div class='ocr_carea' id='block_1_62' title="bbox 348 3410 1940 3484">
    <p class='ocr_par' dir='ltr' id='par_1_62' title="bbox 348 3410 1940 3484">
     <span class='ocr_line' id='line_1_62' title="bbox 348 3410 1940 3484; baseline 0.001 -20"><span class='ocrx_word' id='word_1_487' title='bbox 348 3411 472 3465; x_wconf 87' lang='lat' dir='ltr'><strong>Filii</strong></span> <span class='ocrx_word' id='word_1_488' title='bbox 505 3411 667 3466; x_wconf 90' lang='lat' dir='ltr'><strong>Pater</strong></span> <span class='ocrx_word' id='word_1_489' title='bbox 693 3412 918 3476; x_wconf 83' lang='lat' dir='ltr'><strong>dicitur,</strong></span> <span class='ocrx_word' id='word_1_490' title='bbox 959 3420 1015 3466; x_wconf 84' lang='lat' dir='ltr'><strong>et</strong></span> <span class='ocrx_word' id='word_1_491' title='bbox 1045 3410 1214 3465; x_wconf 86' lang='lat' dir='ltr'><strong>Filius</strong></span> <span class='ocrx_word' id='word_1_492' title='bbox 1251 3411 1428 3465; x_wconf 89' lang='lat' dir='ltr'><strong>Patris</strong></span> <span class='ocrx_word' id='word_1_493' title='bbox 1460 3410 1674 3484; x_wconf 84' lang='lat' dir='ltr'><strong>[Filius]</strong></span> <span class='ocrx_word' id='word_1_494' title='bbox 1708 3412 1940 3467; x_wconf 86' lang='lat' dir='ltr'><strong>dicitur:</strong></span> 
     </span>
    </p>
   </div>
   <div class='ocr_carea' id='block_1_63' title="bbox 353 3501 1941 3569">
    <p class='ocr_par' dir='ltr' id='par_1_63' title="bbox 353 3501 1941 3569">
     <span class='ocr_line' id='line_1_63' title="bbox 353 3501 1941 3569; baseline 0.002 -16"><span class='ocrx_word' id='word_1_495' title='bbox 353 3501 593 3569; x_wconf 85' lang='lat' dir='ltr'><strong>Spiritus</strong></span> <span class='ocrx_word' id='word_1_496' title='bbox 627 3511 847 3556; x_wconf 88' lang='lat' dir='ltr'><strong>sanctus</strong></span> <span class='ocrx_word' id='word_1_497' title='bbox 875 3517 1007 3555; x_wconf 85' lang='lat' dir='ltr'><strong>vero</strong></span> <span class='ocrx_word' id='word_1_498' title='bbox 1037 3501 1380 3555; x_wconf 83' lang='lat' dir='ltr'><strong>nniformiter</strong></span> <span class='ocrx_word' id='word_1_499' title='bbox 1407 3502 1605 3556; x_wconf 89' lang='lat' dir='ltr'><strong>dicitur</strong></span> <span class='ocrx_word' id='word_1_500' title='bbox 1632 3503 1699 3557; x_wconf 92' lang='lat' dir='ltr'><strong>ad</strong></span> <span class='ocrx_word' id='word_1_501' title='bbox 1727 3503 1941 3557; x_wconf 85' lang='lat' dir='ltr'><strong>Patrem</strong></span> 
     </span>
    </p>
   </div>
   <div class='ocr_carea' id='block_1_64' title="bbox 351 3589 1945 3661">
    <p class='ocr_par' dir='ltr' id='par_1_64' title="bbox 351 3589 1945 3661">
     <span class='ocr_line' id='line_1_64' title="bbox 351 3589 1945 3661; baseline 0.001 -17"><span class='ocrx_word' id='word_1_502' title='bbox 351 3599 410 3644; x_wconf 84' lang='lat' dir='ltr'><strong>et</strong></span> <span class='ocrx_word' id='word_1_503' title='bbox 435 3590 654 3655; x_wconf 83' lang='lat' dir='ltr'><strong>Filium,</strong></span> <span class='ocrx_word' id='word_1_504' title='bbox 683 3592 808 3661; x_wconf 85' lang='lat' dir='ltr'><strong>quia</strong></span> <span class='ocrx_word' id='word_1_505' title='bbox 838 3590 1014 3645; x_wconf 86' lang='lat' dir='ltr'><strong>l’atris</strong></span> <span class='ocrx_word' id='word_1_506' title='bbox 1043 3600 1097 3645; x_wconf 90' lang='lat' dir='ltr'><strong>et</strong></span> <span class='ocrx_word' id='word_1_507' title='bbox 1123 3589 1245 3644; x_wconf 86' lang='lat' dir='ltr'><strong>Filii</strong></span> <span class='ocrx_word' id='word_1_508' title='bbox 1277 3590 1516 3659; x_wconf 85' lang='lat' dir='ltr'><strong>Spiritus</strong></span> <span class='ocrx_word' id='word_1_509' title='bbox 1549 3601 1652 3648; x_wconf 88' lang='lat' dir='ltr'><strong>est.</strong></span> <span class='ocrx_word' id='word_1_510' title='bbox 1708 3593 1945 3646; x_wconf 86' lang='lat' dir='ltr'><strong>Dicimus</strong></span> 
     </span>
    </p>
   </div>
   <div class='ocr_carea' id='block_1_65' title="bbox 350 3679 1943 3751">
    <p class='ocr_par' dir='ltr' id='par_1_65' title="bbox 350 3679 1943 3751">
     <span class='ocr_line' id='line_1_65' title="bbox 350 3679 1943 3751; baseline -0.001 -15"><span class='ocrx_word' id='word_1_511' title='bbox 350 3683 500 3736; x_wconf 90' lang='lat' dir='ltr'><strong>enim</strong></span> <span class='ocrx_word' id='word_1_512' title='bbox 541 3682 803 3751; x_wconf 88' lang='lat' dir='ltr'><strong>Spiritum</strong></span> <span class='ocrx_word' id='word_1_513' title='bbox 844 3690 1113 3747; x_wconf 89' lang='lat' dir='ltr'><strong>sanctum,</strong></span> <span class='ocrx_word' id='word_1_514' title='bbox 1149 3679 1410 3748; x_wconf 91' lang='lat' dir='ltr'><strong>Spiritum</strong></span> <span class='ocrx_word' id='word_1_515' title='bbox 1454 3680 1652 3747; x_wconf 87' lang='lat' dir='ltr'><strong>Patris,</strong></span> <span class='ocrx_word' id='word_1_516' title='bbox 1701 3683 1793 3738; x_wconf 89' lang='lat' dir='ltr'><strong>sed</strong></span> <span class='ocrx_word' id='word_1_517' title='bbox 1840 3698 1943 3735; x_wconf 90' lang='lat' dir='ltr'><strong>non</strong></span> 
     </span>
    </p>
   </div>
   <div class='ocr_carea' id='block_1_66' title="bbox 351 3770 1946 3840">
    <p class='ocr_par' dir='ltr' id='par_1_66' title="bbox 351 3770 1946 3840">
     <span class='ocr_line' id='line_1_66' title="bbox 351 3770 1946 3840; baseline 0.001 -14"><span class='ocrx_word' id='word_1_518' title='bbox 351 3773 596 3826; x_wconf 80' lang='lat' dir='ltr'><strong>vicissim</strong></span> <span class='ocrx_word' id='word_1_519' title='bbox 637 3773 869 3826; x_wconf 92' lang='lat' dir='ltr'><strong>dicimus</strong></span> <span class='ocrx_word' id='word_1_520' title='bbox 908 3771 1122 3825; x_wconf 89' lang='lat' dir='ltr'><strong>Patrem</strong></span> <span class='ocrx_word' id='word_1_521' title='bbox 1169 3770 1405 3840; x_wconf 88' lang='lat' dir='ltr'><strong>Spiritus</strong></span> <span class='ocrx_word' id='word_1_522' title='bbox 1431 3773 1631 3839; x_wconf 91' lang='lat' dir='ltr'><strong>sancti,</strong></span> <span class='ocrx_word' id='word_1_523' title='bbox 1676 3787 1743 3826; x_wconf 90' lang='lat' dir='ltr'><strong>ne</strong></span> <span class='ocrx_word' id='word_1_524' title='bbox 1779 3773 1946 3827; x_wconf 88' lang='lat' dir='ltr'><strong>Filius</strong></span> 
     </span>
    </p>
   </div>
   <div class='ocr_carea' id='block_1_67' title="bbox 354 3861 1947 3935">
    <p class='ocr_par' dir='ltr' id='par_1_67' title="bbox 354 3861 1947 3935">
     <span class='ocr_line' id='line_1_67' title="bbox 354 3861 1947 3935; baseline -0.001 -19"><span class='ocrx_word' id='word_1_525' title='bbox 354 3862 475 3931; x_wconf 85' lang='lat' dir='ltr'><strong>ejus</strong></span> <span class='ocrx_word' id='word_1_526' title='bbox 501 3862 835 3935; x_wconf 85' lang='lat' dir='ltr'><strong>intelligatur</strong></span> <span class='ocrx_word' id='word_1_527' title='bbox 857 3861 1097 3932; x_wconf 89' lang='lat' dir='ltr'><strong>Spiritus</strong></span> <span class='ocrx_word' id='word_1_528' title='bbox 1121 3871 1361 3916; x_wconf 87' lang='lat' dir='ltr'><strong>sanctus.</strong></span> <span class='ocrx_word' id='word_1_529' title='bbox 1411 3862 1544 3916; x_wconf 80' lang='lat' dir='ltr'><strong>item</strong></span> <span class='ocrx_word' id='word_1_530' title='bbox 1571 3863 1802 3917; x_wconf 91' lang='lat' dir='ltr'><strong>dicimus</strong></span> <span class='ocrx_word' id='word_1_531' title='bbox 1827 3862 1947 3932; x_wconf 88' lang='lat' dir='ltr'><strong>Spi-</strong></span> 
     </span>
    </p>
   </div>
   <div class='ocr_carea' id='block_1_68' title="bbox 353 3952 1946 4023">
    <p class='ocr_par' dir='ltr' id='par_1_68' title="bbox 353 3952 1946 4023">
     <span class='ocr_line' id='line_1_68' title="bbox 353 3952 1946 4023; baseline 0 -15"><span class='ocrx_word' id='word_1_532' title='bbox 353 3956 520 4008; x_wconf 89' lang='lat' dir='ltr'><strong>ritutn</strong></span> <span class='ocrx_word' id='word_1_533' title='bbox 563 3961 849 4017; x_wconf 87' lang='lat' dir='ltr'><strong>sanctum,</strong></span> <span class='ocrx_word' id='word_1_534' title='bbox 899 3953 1160 4023; x_wconf 79' lang='lat' dir='ltr'><strong>Spiritqu</strong></span> <span class='ocrx_word' id='word_1_535' title='bbox 1213 3952 1372 4017; x_wconf 83' lang='lat' dir='ltr'><strong>Filii,</strong></span> <span class='ocrx_word' id='word_1_536' title='bbox 1421 3954 1514 4008; x_wconf 87' lang='lat' dir='ltr'><strong>sed</strong></span> <span class='ocrx_word' id='word_1_537' title='bbox 1564 3970 1668 4007; x_wconf 91' lang='lat' dir='ltr'><strong>non</strong></span> <span class='ocrx_word' id='word_1_538' title='bbox 1716 3955 1946 4008; x_wconf 86' lang='lat' dir='ltr'><strong>dicimus</strong></span> 
     </span>
    </p>
   </div>
   <div class='ocr_carea' id='block_1_69' title="bbox 352 4041 1949 4115">
    <p class='ocr_par' dir='ltr' id='par_1_69' title="bbox 352 4041 1949 4115">
     <span class='ocr_line' id='line_1_69' title="bbox 352 4041 1949 4115; baseline 0.001 -19"><span class='ocrx_word' id='word_1_539' title='bbox 352 4043 552 4097; x_wconf 91' lang='lat' dir='ltr'><strong>Filium</strong></span> <span class='ocrx_word' id='word_1_540' title='bbox 601 4042 836 4111; x_wconf 89' lang='lat' dir='ltr'><strong>Spiritus</strong></span> <span class='ocrx_word' id='word_1_541' title='bbox 877 4043 1090 4104; x_wconf 88' lang='lat' dir='ltr'><strong>sancti,</strong></span> <span class='ocrx_word' id='word_1_542' title='bbox 1144 4057 1210 4097; x_wconf 91' lang='lat' dir='ltr'><strong>ne</strong></span> <span class='ocrx_word' id='word_1_543' title='bbox 1251 4041 1412 4097; x_wconf 88' lang='lat' dir='ltr'><strong>Pater</strong></span> <span class='ocrx_word' id='word_1_544' title='bbox 1455 4046 1572 4114; x_wconf 86' lang='lat' dir='ltr'><strong>ejus</strong></span> <span class='ocrx_word' id='word_1_545' title='bbox 1619 4043 1949 4115; x_wconf 80' lang='lat' dir='ltr'><strong>intelligatur</strong></span> 
     </span>
    </p>
   </div>
   <div class='ocr_carea' id='block_1_70' title="bbox 355 4135 1945 4206">
    <p class='ocr_par' dir='ltr' id='par_1_70' title="bbox 355 4135 1945 4206">
     <span class='ocr_line' id='line_1_70' title="bbox 355 4135 1945 4206; baseline -0.001 -16"><span class='ocrx_word' id='word_1_546' title='bbox 355 4137 594 4205; x_wconf 90' lang='lat' dir='ltr'><strong>Spiritus</strong></span> <span class='ocrx_word' id='word_1_547' title='bbox 637 4145 877 4192; x_wconf 88' lang='lat' dir='ltr'><strong>sanctus.</strong></span> <span class='ocrx_word' id='word_1_548' title='bbox 936 4136 1146 4190; x_wconf 90' lang='lat' dir='ltr'><strong>Dicitur</strong></span> <span class='ocrx_word' id='word_1_549' title='bbox 1182 4145 1238 4190; x_wconf 91' lang='lat' dir='ltr'><strong>et</strong></span> <span class='ocrx_word' id='word_1_550' title='bbox 1281 4136 1420 4190; x_wconf 91' lang='lat' dir='ltr'><strong>idem</strong></span> <span class='ocrx_word' id='word_1_551' title='bbox 1467 4135 1705 4206; x_wconf 88' lang='lat' dir='ltr'><strong>Spiritus</strong></span> <span class='ocrx_word' id='word_1_552' title='bbox 1749 4137 1945 4190; x_wconf 90' lang='lat' dir='ltr'><strong>donum</strong></span> 
     </span>
    </p>
   </div>
   <div class='ocr_carea' id='block_1_71' title="bbox 355 4225 1949 4297">
    <p class='ocr_par' dir='ltr' id='par_1_71' title="bbox 355 4225 1949 4297">
     <span class='ocr_line' id='line_1_71' title="bbox 355 4225 1949 4297; baseline 0 -17"><span class='ocrx_word' id='word_1_553' title='bbox 355 4227 492 4297; x_wconf 73' lang='lat' dir='ltr'><strong>Dei,</strong></span> <span class='ocrx_word' id='word_1_554' title='bbox 542 4228 668 4295; x_wconf 86' lang='lat' dir='ltr'><strong>quia</strong></span> <span class='ocrx_word' id='word_1_555' title='bbox 713 4227 857 4282; x_wconf 89' lang='lat' dir='ltr'><strong>Deus</strong></span> <span class='ocrx_word' id='word_1_556' title='bbox 911 4227 1144 4281; x_wconf 85' lang='lat' dir='ltr'><strong>donator</strong></span> <span class='ocrx_word' id='word_1_557' title='bbox 1192 4226 1316 4279; x_wconf 89' lang='lat' dir='ltr'><strong>doni</strong></span> <span class='ocrx_word' id='word_1_558' title='bbox 1361 4226 1444 4280; x_wconf 89' lang='lat' dir='ltr'><strong>sui</strong></span> <span class='ocrx_word' id='word_1_559' title='bbox 1487 4234 1590 4281; x_wconf 91' lang='lat' dir='ltr'><strong>est.</strong></span> <span class='ocrx_word' id='word_1_560' title='bbox 1653 4225 1708 4278; x_wconf 93' lang='lat' dir='ltr'><strong>In</strong></span> <span class='ocrx_word' id='word_1_561' title='bbox 1755 4227 1949 4295; x_wconf 88' lang='lat' dir='ltr'><strong>quibus</strong></span> 
     </span>
    </p>
   </div>
   <div class='ocr_carea' id='block_1_72' title="bbox 357 4315 1949 4385">
    <p class='ocr_par' dir='ltr' id='par_1_72' title="bbox 357 4315 1949 4385">
     <span class='ocr_line' id='line_1_72' title="bbox 357 4315 1949 4385; baseline 0.002 -16"><span class='ocrx_word' id='word_1_562' title='bbox 357 4317 669 4370; x_wconf 85' lang='lat' dir='ltr'><strong>nominibus</strong></span> <span class='ocrx_word' id='word_1_563' title='bbox 727 4315 1069 4371; x_wconf 79' lang='lat' dir='ltr'><strong>circumferri</strong></span> <span class='ocrx_word' id='word_1_564' title='bbox 1133 4324 1311 4385; x_wconf 87' lang='lat' dir='ltr'><strong>potest</strong></span> <span class='ocrx_word' id='word_1_565' title='bbox 1368 4316 1606 4370; x_wconf 83' lang='lat' dir='ltr'><strong>vicissim</strong></span> <span class='ocrx_word' id='word_1_566' title='bbox 1674 4315 1949 4372; x_wconf 89' lang='lat' dir='ltr'><strong>relationis</strong></span> 
     </span>
    </p>
   </div>
   <div class='ocr_carea' id='block_1_73' title="bbox 357 4406 1949 4476">
    <p class='ocr_par' dir='ltr' id='par_1_73' title="bbox 357 4406 1949 4476">
     <span class='ocr_line' id='line_1_73' title="bbox 357 4406 1949 4476; baseline 0.001 -17"><span class='ocrx_word' id='word_1_567' title='bbox 357 4406 569 4476; x_wconf 84' lang='lat' dir='ltr'><strong>regula,</strong></span> <span class='ocrx_word' id='word_1_568' title='bbox 597 4416 658 4462; x_wconf 90' lang='lat' dir='ltr'><strong>ut</strong></span> <span class='ocrx_word' id='word_1_569' title='bbox 703 4408 782 4462; x_wconf 90' lang='lat' dir='ltr'><strong>sic</strong></span> <span class='ocrx_word' id='word_1_570' title='bbox 827 4407 1039 4461; x_wconf 89' lang='lat' dir='ltr'><strong>dicatur</strong></span> <span class='ocrx_word' id='word_1_571' title='bbox 1080 4407 1310 4461; x_wconf 88' lang='lat' dir='ltr'><strong>donator</strong></span> <span class='ocrx_word' id='word_1_572' title='bbox 1353 4407 1478 4462; x_wconf 91' lang='lat' dir='ltr'><strong>doni</strong></span> <span class='ocrx_word' id='word_1_573' title='bbox 1517 4415 1573 4461; x_wconf 89' lang='lat' dir='ltr'><strong>et</strong></span> <span class='ocrx_word' id='word_1_574' title='bbox 1608 4408 1809 4462; x_wconf 90' lang='lat' dir='ltr'><strong>donum</strong></span> <span class='ocrx_word' id='word_1_575' title='bbox 1855 4408 1949 4462; x_wconf 88' lang='lat' dir='ltr'><strong>do-</strong></span> 
     </span>
    </p>
   </div>
   <div class='ocr_carea' id='block_1_74' title="bbox 355 4499 1945 4568">
    <p class='ocr_par' dir='ltr' id='par_1_74' title="bbox 355 4499 1945 4568">
     <span class='ocr_line' id='line_1_74' title="bbox 355 4499 1945 4568; baseline -0.001 -13"><span class='ocrx_word' id='word_1_576' title='bbox 355 4502 600 4565; x_wconf 86' lang='lat' dir='ltr'><strong>natoris;</strong></span> <span class='ocrx_word' id='word_1_577' title='bbox 648 4500 776 4568; x_wconf 85' lang='lat' dir='ltr'><strong>quia</strong></span> <span class='ocrx_word' id='word_1_578' title='bbox 819 4501 873 4553; x_wconf 92' lang='lat' dir='ltr'><strong>in</strong></span> <span class='ocrx_word' id='word_1_579' title='bbox 913 4499 998 4553; x_wconf 88' lang='lat' dir='ltr'><strong>his</strong></span> <span class='ocrx_word' id='word_1_580' title='bbox 1033 4499 1309 4553; x_wconf 86' lang='lat' dir='ltr'><strong>vocabulis</strong></span> <span class='ocrx_word' id='word_1_581' title='bbox 1352 4499 1527 4568; x_wconf 89' lang='lat' dir='ltr'><strong>potuit</strong></span> <span class='ocrx_word' id='word_1_582' title='bbox 1569 4499 1797 4553; x_wconf 86' lang='lat' dir='ltr'><strong>inveniri</strong></span> <span class='ocrx_word' id='word_1_583' title='bbox 1838 4501 1945 4554; x_wconf 90' lang='lat' dir='ltr'><strong>usi-</strong></span> 
     </span>
    </p>
   </div>
   <div class='ocr_carea' id='block_1_75' title="bbox 2047 3314 3640 3387">
    <p class='ocr_par' dir='ltr' id='par_1_75' title="bbox 2047 3314 3640 3387">
     <span class='ocr_line' id='line_1_75' title="bbox 2047 3314 3640 3387; baseline 0.004 -17"><span class='ocrx_word' id='word_1_584' title='bbox 2047 3317 2244 3387; x_wconf 85' lang='lat' dir='ltr'><strong>legitur</strong></span> <span class='ocrx_word' id='word_1_585' title='bbox 2287 3316 2508 3379; x_wconf 85' lang='lat' dir='ltr'><strong>missus,</strong></span> <span class='ocrx_word' id='word_1_586' title='bbox 2554 3314 2793 3385; x_wconf 89' lang='lat' dir='ltr'><strong>Spiritus</strong></span> <span class='ocrx_word' id='word_1_587' title='bbox 2835 3332 2966 3371; x_wconf 89' lang='lat' dir='ltr'><strong>vero</strong></span> <span class='ocrx_word' id='word_1_588' title='bbox 3008 3318 3237 3383; x_wconf 90' lang='lat' dir='ltr'><strong>missus;</strong></span> <span class='ocrx_word' id='word_1_589' title='bbox 3285 3327 3344 3373; x_wconf 90' lang='lat' dir='ltr'><strong>ut</strong></span> <span class='ocrx_word' id='word_1_590' title='bbox 3381 3329 3464 3374; x_wconf 89' lang='lat' dir='ltr'><strong>est</strong></span> <span class='ocrx_word' id='word_1_591' title='bbox 3505 3319 3640 3376; x_wconf 75' lang='lat' dir='ltr'><strong>illud</strong></span> 
     </span>
    </p>
   </div>
   <div class='ocr_carea' id='block_1_76' title="bbox 2049 3406 3628 3478">
    <p class='ocr_par' dir='ltr' id='par_1_76' title="bbox 2049 3406 3628 3478">
     <span class='ocr_line' id='line_1_76' title="bbox 2049 3406 3628 3478; baseline 0.002 -14"><span class='ocrx_word' id='word_1_592' title='bbox 2049 3409 2428 3464; x_wconf 88' lang='lat' dir='ltr'><strong>Dominicum:</strong></span> <span class='ocrx_word' id='word_1_593' title='bbox 2477 3406 2806 3472; x_wconf 84' lang='lat' dir='ltr'><strong>Paraclitus,</strong></span> <span class='ocrx_word' id='word_1_594' title='bbox 2853 3408 3066 3477; x_wconf 89' lang='lat' dir='ltr'><strong>inquit,</strong></span> <span class='ocrx_word' id='word_1_595' title='bbox 3112 3408 3344 3478; x_wconf 84' lang='lat' dir='ltr'><strong>Spiritus</strong></span> <span class='ocrx_word' id='word_1_596' title='bbox 3383 3423 3628 3476; x_wconf 70' lang='lat' dir='ltr'><strong>sanctus,</strong></span> 
     </span>
    </p>
   </div>
   <div class='ocr_carea' id='block_1_77' title="bbox 2046 3495 3635 3569">
    <p class='ocr_par' dir='ltr' id='par_1_77' title="bbox 2046 3495 3635 3569">
     <span class='ocr_line' id='line_1_77' title="bbox 2046 3495 3635 3569; baseline 0.004 -17"><span class='ocrx_word' id='word_1_597' title='bbox 2046 3516 2197 3569; x_wconf 88' lang='lat' dir='ltr'><strong>quem</strong></span> <span class='ocrx_word' id='word_1_598' title='bbox 2237 3499 2398 3551; x_wconf 86' lang='lat' dir='ltr'><strong>mittet</strong></span> <span class='ocrx_word' id='word_1_599' title='bbox 2445 3495 2607 3551; x_wconf 85' lang='lat' dir='ltr'><strong>Pater</strong></span> <span class='ocrx_word' id='word_1_600' title='bbox 2643 3498 2697 3551; x_wconf 89' lang='lat' dir='ltr'><strong>in</strong></span> <span class='ocrx_word' id='word_1_601' title='bbox 2743 3499 2952 3552; x_wconf 86' lang='lat' dir='ltr'><strong>nomine</strong></span> <span class='ocrx_word' id='word_1_602' title='bbox 2995 3515 3129 3563; x_wconf 91' lang='lat' dir='ltr'><strong>meo,</strong></span> <span class='ocrx_word' id='word_1_603' title='bbox 3175 3499 3262 3554; x_wconf 91' lang='lat' dir='ltr'><strong>ille</strong></span> <span class='ocrx_word' id='word_1_604' title='bbox 3305 3518 3394 3555; x_wconf 82' lang='lat' dir='ltr'><strong>vos</strong></span> <span class='ocrx_word' id='word_1_605' title='bbox 3433 3503 3635 3558; x_wconf 82' lang='lat' dir='ltr'><strong>docebit</strong></span> 
     </span>
    </p>
   </div>
   <div class='ocr_carea' id='block_1_78' title="bbox 2047 3588 3638 3663">
    <p class='ocr_par' dir='ltr' id='par_1_78' title="bbox 2047 3588 3638 3663">
     <span class='ocr_line' id='line_1_78' title="bbox 2047 3588 3638 3663; baseline 0.003 -18"><span class='ocrx_word' id='word_1_606' title='bbox 2047 3591 2222 3646; x_wconf 87' lang='lat' dir='ltr'><strong>omnia</strong></span> <span class='ocrx_word' id='word_1_607' title='bbox 2244 3599 2290 3642; x_wconf 90' lang='lat' dir='ltr'><strong>et</strong></span> <span class='ocrx_word' id='word_1_608' title='bbox 2317 3599 2552 3657; x_wconf 84' lang='lat' dir='ltr'><strong>suggeret</strong></span> <span class='ocrx_word' id='word_1_609' title='bbox 2576 3588 2714 3642; x_wconf 87' lang='lat' dir='ltr'><strong>vobis</strong></span> <span class='ocrx_word' id='word_1_610' title='bbox 2739 3589 2914 3643; x_wconf 87' lang='lat' dir='ltr'><strong>omnia</strong></span> <span class='ocrx_word' id='word_1_611' title='bbox 2939 3589 3121 3660; x_wconf 76' lang='lat' dir='ltr'><strong>(Joan.</strong></span> <span class='ocrx_word' id='word_1_612' title='bbox 3148 3590 3284 3663; x_wconf 74' lang='lat' dir='ltr'><strong>xw).</strong></span> <span class='ocrx_word' id='word_1_613' title='bbox 3334 3590 3638 3650; x_wconf 83' lang='lat' dir='ltr'><strong>Paraclitus</strong></span> 
     </span>
    </p>
   </div>
   <div class='ocr_carea' id='block_1_79' title="bbox 2048 3680 3634 3750">
    <p class='ocr_par' dir='ltr' id='par_1_79' title="bbox 2048 3680 3634 3750">
     <span class='ocr_line' id='line_1_79' title="bbox 2048 3680 3634 3750; baseline 0.003 -14"><span class='ocrx_word' id='word_1_614' title='bbox 2048 3683 2191 3736; x_wconf 87' lang='lat' dir='ltr'><strong>enim</strong></span> <span class='ocrx_word' id='word_1_615' title='bbox 2217 3680 2421 3744; x_wconf 75' lang='lat' dir='ltr'><strong>Crtece,</strong></span> <span class='ocrx_word' id='word_1_616' title='bbox 2447 3680 2636 3736; x_wconf 87' lang='lat' dir='ltr'><strong>Latine</strong></span> <span class='ocrx_word' id='word_1_617' title='bbox 2677 3681 3065 3750; x_wconf 78' lang='lat' dir='ltr'><strong>interpretatur</strong></span> <span class='ocrx_word' id='word_1_618' title='bbox 3089 3682 3419 3748; x_wconf 88' lang='lat' dir='ltr'><strong>consolator,</strong></span> <span class='ocrx_word' id='word_1_619' title='bbox 3447 3700 3476 3738; x_wconf 93' lang='lat' dir='ltr'><strong>a</strong></span> <span class='ocrx_word' id='word_1_620' title='bbox 3504 3699 3634 3740; x_wconf 84' lang='lat' dir='ltr'><strong>con-</strong></span> 
     </span>
    </p>
   </div>
   <div class='ocr_carea' id='block_1_80' title="bbox 2049 3772 3638 3846">
    <p class='ocr_par' dir='ltr' id='par_1_80' title="bbox 2049 3772 3638 3846">
     <span class='ocr_line' id='line_1_80' title="bbox 2049 3772 3638 3846; baseline 0.003 -18"><span class='ocrx_word' id='word_1_621' title='bbox 2049 3773 2341 3838; x_wconf 90' lang='lat' dir='ltr'><strong>solatione;</strong></span> <span class='ocrx_word' id='word_1_622' title='bbox 2386 3772 2666 3842; x_wconf 90' lang='lat' dir='ltr'><strong>paraclisis</strong></span> <span class='ocrx_word' id='word_1_623' title='bbox 2705 3773 2848 3826; x_wconf 81' lang='lat' dir='ltr'><strong>enim</strong></span> <span class='ocrx_word' id='word_1_624' title='bbox 2891 3774 3190 3830; x_wconf 89' lang='lat' dir='ltr'><strong>consolatio</strong></span> <span class='ocrx_word' id='word_1_625' title='bbox 3223 3775 3638 3846; x_wconf 87' lang='lat' dir='ltr'><strong>Interpretatur.</strong></span> 
     </span>
    </p>
   </div>
   <div class='ocr_carea' id='block_1_81' title="bbox 2049 3863 3636 3936">
    <p class='ocr_par' dir='ltr' id='par_1_81' title="bbox 2049 3863 3636 3936">
     <span class='ocr_line' id='line_1_81' title="bbox 2049 3863 3636 3936; baseline 0.004 -19"><span class='ocrx_word' id='word_1_626' title='bbox 2049 3863 2299 3918; x_wconf 87' lang='lat' dir='ltr'><strong>Christus</strong></span> <span class='ocrx_word' id='word_1_627' title='bbox 2340 3864 2485 3918; x_wconf 90' lang='lat' dir='ltr'><strong>enim</strong></span> <span class='ocrx_word' id='word_1_628' title='bbox 2532 3878 2653 3917; x_wconf 92' lang='lat' dir='ltr'><strong>eum</strong></span> <span class='ocrx_word' id='word_1_629' title='bbox 2703 3863 3012 3931; x_wconf 87' lang='lat' dir='ltr'><strong>lugentibus</strong></span> <span class='ocrx_word' id='word_1_630' title='bbox 3053 3865 3222 3930; x_wconf 89' lang='lat' dir='ltr'><strong>misit,</strong></span> <span class='ocrx_word' id='word_1_631' title='bbox 3249 3874 3534 3936; x_wconf 90' lang='lat' dir='ltr'><strong>postquam</strong></span> <span class='ocrx_word' id='word_1_632' title='bbox 3563 3867 3636 3923; x_wconf 88' lang='lat' dir='ltr'><strong>ab</strong></span> 
     </span>
    </p>
   </div>
   <div class='ocr_carea' id='block_1_82' title="bbox 2050 3952 3638 4022">
    <p class='ocr_par' dir='ltr' id='par_1_82' title="bbox 2050 3952 3638 4022">
     <span class='ocr_line' id='line_1_82' title="bbox 2050 3952 3638 4022; baseline 0.001 -12"><span class='ocrx_word' id='word_1_633' title='bbox 2050 3969 2236 4010; x_wconf 89' lang='lat' dir='ltr'><strong>eorum</strong></span> <span class='ocrx_word' id='word_1_634' title='bbox 2279 3953 2450 4007; x_wconf 90' lang='lat' dir='ltr'><strong>oculis</strong></span> <span class='ocrx_word' id='word_1_635' title='bbox 2493 3953 2606 4022; x_wconf 90' lang='lat' dir='ltr'><strong>ipse</strong></span> <span class='ocrx_word' id='word_1_636' title='bbox 2653 3953 2706 4005; x_wconf 90' lang='lat' dir='ltr'><strong>in</strong></span> <span class='ocrx_word' id='word_1_637' title='bbox 2753 3952 2951 4006; x_wconf 77' lang='lat' dir='ltr'><strong>cmlum</strong></span> <span class='ocrx_word' id='word_1_638' title='bbox 3001 3954 3264 4008; x_wconf 87' lang='lat' dir='ltr'><strong>ascendit.</strong></span> <span class='ocrx_word' id='word_1_639' title='bbox 3315 3953 3638 4011; x_wconf 85' lang='lat' dir='ltr'><strong>Consolator</strong></span> 
     </span>
    </p>
   </div>
   <div class='ocr_carea' id='block_1_83' title="bbox 2050 4042 3632 4114">
    <p class='ocr_par' dir='ltr' id='par_1_83' title="bbox 2050 4042 3632 4114">
     <span class='ocr_line' id='line_1_83' title="bbox 2050 4042 3632 4114; baseline 0.003 -18"><span class='ocrx_word' id='word_1_640' title='bbox 2050 4046 2192 4099; x_wconf 87' lang='lat' dir='ltr'><strong>enim</strong></span> <span class='ocrx_word' id='word_1_641' title='bbox 2243 4043 2488 4096; x_wconf 82' lang='lat' dir='ltr'><strong>tristibus</strong></span> <span class='ocrx_word' id='word_1_642' title='bbox 2533 4043 2802 4106; x_wconf 88' lang='lat' dir='ltr'><strong>mittitur,</strong></span> <span class='ocrx_word' id='word_1_643' title='bbox 2863 4042 3160 4097; x_wconf 88' lang='lat' dir='ltr'><strong>secundum</strong></span> <span class='ocrx_word' id='word_1_644' title='bbox 3203 4043 3348 4098; x_wconf 83' lang='lat' dir='ltr'><strong>illam</strong></span> <span class='ocrx_word' id='word_1_645' title='bbox 3391 4044 3632 4114; x_wconf 78' lang='lat' dir='ltr'><strong>ejusdem</strong></span> 
     </span>
    </p>
   </div>
   <div class='ocr_carea' id='block_1_84' title="bbox 2052 4130 3637 4204">
    <p class='ocr_par' dir='ltr' id='par_1_84' title="bbox 2052 4130 3637 4204">
     <span class='ocr_line' id='line_1_84' title="bbox 2052 4130 3637 4204; baseline 0.001 -18"><span class='ocrx_word' id='word_1_646' title='bbox 2052 4133 2262 4188; x_wconf 87' lang='lat' dir='ltr'><strong>Domini</strong></span> <span class='ocrx_word' id='word_1_647' title='bbox 2303 4132 2668 4186; x_wconf 86' lang='lat' dir='ltr'><strong>sententiam:</strong></span> <span class='ocrx_word' id='word_1_648' title='bbox 2721 4130 2869 4185; x_wconf 86' lang='lat' dir='ltr'><strong>Beati</strong></span> <span class='ocrx_word' id='word_1_649' title='bbox 2914 4131 3188 4202; x_wconf 86' lang='lat' dir='ltr'><strong>lugentes,</strong></span> <span class='ocrx_word' id='word_1_650' title='bbox 3241 4135 3490 4204; x_wconf 88' lang='lat' dir='ltr'><strong>quoniam</strong></span> <span class='ocrx_word' id='word_1_651' title='bbox 3534 4136 3637 4204; x_wconf 86' lang='lat' dir='ltr'><strong>ipsi</strong></span> 
     </span>
    </p>
   </div>
   <div class='ocr_carea' id='block_1_85' title="bbox 2052 4219 3636 4291">
    <p class='ocr_par' dir='ltr' id='par_1_85' title="bbox 2052 4219 3636 4291">
     <span class='ocr_line' id='line_1_85' title="bbox 2052 4219 3636 4291; baseline 0.001 -16"><span class='ocrx_word' id='word_1_652' title='bbox 2052 4221 2459 4280; x_wconf 81' lang='lat' dir='ltr'><strong>consolabuntur</strong></span> <span class='ocrx_word' id='word_1_653' title='bbox 2502 4219 2714 4290; x_wconf 77' lang='lat' dir='ltr'><strong>(Matth.</strong></span> <span class='ocrx_word' id='word_1_654' title='bbox 2758 4219 2836 4291; x_wconf 92' lang='lat' dir='ltr'><strong>v).</strong></span> <span class='ocrx_word' id='word_1_655' title='bbox 2897 4219 3019 4289; x_wconf 89' lang='lat' dir='ltr'><strong>Ipse</strong></span> <span class='ocrx_word' id='word_1_656' title='bbox 3056 4221 3222 4276; x_wconf 89' lang='lat' dir='ltr'><strong>etiam</strong></span> <span class='ocrx_word' id='word_1_657' title='bbox 3267 4222 3438 4276; x_wconf 91' lang='lat' dir='ltr'><strong>dicit:</strong></span> <span class='ocrx_word' id='word_1_658' title='bbox 3487 4222 3636 4278; x_wconf 84' lang='lat' dir='ltr'><strong>Tunc</strong></span> 
     </span>
    </p>
   </div>
   <div class='ocr_carea' id='block_1_86' title="bbox 2052 4310 3639 4383">
    <p class='ocr_par' dir='ltr' id='par_1_86' title="bbox 2052 4310 3639 4383">
     <span class='ocr_line' id='line_1_86' title="bbox 2052 4310 3639 4383; baseline 0.004 -19"><span class='ocrx_word' id='word_1_659' title='bbox 2052 4313 2294 4381; x_wconf 85' lang='lat' dir='ltr'><strong>lngebunt</strong></span> <span class='ocrx_word' id='word_1_660' title='bbox 2320 4311 2417 4379; x_wconf 80' lang='lat' dir='ltr'><strong>ﬁlii</strong></span> <span class='ocrx_word' id='word_1_661' title='bbox 2442 4310 2640 4379; x_wconf 89' lang='lat' dir='ltr'><strong>sponsi,</strong></span> <span class='ocrx_word' id='word_1_662' title='bbox 2676 4327 2794 4364; x_wconf 87' lang='lat' dir='ltr'><strong>cum</strong></span> <span class='ocrx_word' id='word_1_663' title='bbox 2815 4311 2878 4363; x_wconf 90' lang='lat' dir='ltr'><strong>ab</strong></span> <span class='ocrx_word' id='word_1_664' title='bbox 2901 4311 2977 4364; x_wconf 87' lang='lat' dir='ltr'><strong>eis</strong></span> <span class='ocrx_word' id='word_1_665' title='bbox 3003 4310 3211 4365; x_wconf 89' lang='lat' dir='ltr'><strong>ablatus</strong></span> <span class='ocrx_word' id='word_1_666' title='bbox 3233 4312 3390 4378; x_wconf 82' lang='lat' dir='ltr'><strong>fuerit</strong></span> <span class='ocrx_word' id='word_1_667' title='bbox 3413 4313 3639 4383; x_wconf 67' lang='lat' dir='ltr'><strong>spodsu</strong></span> 
     </span>
    </p>
   </div>
   <div class='ocr_carea' id='block_1_87' title="bbox 2054 4401 3636 4473">
    <p class='ocr_par' dir='ltr' id='par_1_87' title="bbox 2054 4401 3636 4473">
     <span class='ocr_line' id='line_1_87' title="bbox 2054 4401 3636 4473; baseline 0.003 -17"><span class='ocrx_word' id='word_1_668' title='bbox 2054 4403 2266 4469; x_wconf 74' lang='lat' dir='ltr'><strong>(Matth.</strong></span> <span class='ocrx_word' id='word_1_669' title='bbox 2298 4403 2396 4473; x_wconf 80' lang='grc' dir='ltr'><strong>ιχ).</strong></span> <span class='ocrx_word' id='word_1_670' title='bbox 2443 4401 2574 4456; x_wconf 89' lang='lat' dir='ltr'><strong>Item</strong></span> <span class='ocrx_word' id='word_1_671' title='bbox 2616 4401 2931 4470; x_wconf 91' lang='lat' dir='ltr'><strong>paraclitus,</strong></span> <span class='ocrx_word' id='word_1_672' title='bbox 2973 4417 3072 4472; x_wconf 91' lang='lat' dir='ltr'><strong>pro</strong></span> <span class='ocrx_word' id='word_1_673' title='bbox 3110 4417 3175 4458; x_wconf 92' lang='lat' dir='ltr'><strong>eo</strong></span> <span class='ocrx_word' id='word_1_674' title='bbox 3208 4401 3351 4472; x_wconf 92' lang='lat' dir='ltr'><strong>quod</strong></span> <span class='ocrx_word' id='word_1_675' title='bbox 3389 4404 3636 4460; x_wconf 82' lang='lat' dir='ltr'><strong>consola-</strong></span> 
     </span>
    </p>
   </div>
   <div class='ocr_carea' id='block_1_88' title="bbox 2054 4477 3633 4562">
    <p class='ocr_par' dir='ltr' id='par_1_88' title="bbox 2054 4477 3633 4562">
     <span class='ocr_line' id='line_1_88' title="bbox 2054 4477 3633 4562; baseline 0.001 -15"><span class='ocrx_word' id='word_1_676' title='bbox 2054 4495 2250 4548; x_wconf 88' lang='lat' dir='ltr'><strong>tionem</strong></span> <span class='ocrx_word' id='word_1_677' title='bbox 2277 4499 2497 4562; x_wconf 66' lang='lat' dir='ltr'><strong>praastat</strong></span> <span class='ocrx_word' id='word_1_678' title='bbox 2521 4492 2714 4545; x_wconf 89' lang='lat' dir='ltr'><strong>animis</strong></span> <span class='ocrx_word' id='word_1_679' title='bbox 2743 4492 2834 4559; x_wconf 91' lang='lat' dir='ltr'><strong>qui</strong></span> <span class='ocrx_word' id='word_1_680' title='bbox 2868 4477 3120 4561; x_wconf 84' lang='lat' dir='ltr'><strong>gaudium</strong></span> <span class='ocrx_word' id='word_1_681' title='bbox 3145 4494 3442 4562; x_wconf 87' lang='lat' dir='ltr'><strong>temporale</strong></span> <span class='ocrx_word' id='word_1_682' title='bbox 3468 4496 3633 4551; x_wconf 82' lang='lat' dir='ltr'><strong>amit-</strong></span> 
     </span>
    </p>
   </div>
   <div class='ocr_carea' id='block_1_89' title="bbox 358 4557 3632 4657">
    <p class='ocr_par' dir='ltr' id='par_1_89' title="bbox 358 4557 3632 4657">
     <span class='ocr_line' id='line_1_89' title="bbox 358 4557 3632 4657; baseline -0.002 -12"><span class='ocrx_word' id='word_1_683' title='bbox 358 4601 474 4646; x_wconf 90' lang='lat' dir='ltr'><strong>tata</strong></span> <span class='ocrx_word' id='word_1_684' title='bbox 524 4557 1005 4657; x_wconf 52' lang='lat' dir='ltr'><strong>huic-categorias,</strong></span> <span class='ocrx_word' id='word_1_685' title='bbox 1047 4601 1167 4655; x_wconf 63' lang='lat' dir='ltr'><strong>quae</strong></span> <span class='ocrx_word' id='word_1_686' title='bbox 1213 4557 1412 4641; x_wconf 74' lang='lat' dir='ltr'><strong>dicitur</strong></span> <span class='ocrx_word' id='word_1_687' title='bbox 1456 4589 1521 4639; x_wconf 91' lang='lat' dir='ltr'><strong>ad</strong></span> <span class='ocrx_word' id='word_1_688' title='bbox 1565 4587 1797 4657; x_wconf 88' lang='lat' dir='ltr'><strong>aliquid,</strong></span> <span class='ocrx_word' id='word_1_689' title='bbox 1841 4588 1947 4641; x_wconf 88' lang='lat' dir='ltr'><strong>cir-</strong></span> <span class='ocrx_word' id='word_1_690' title='bbox 1977 4557 2195 4637; x_wconf 64' lang='lat' dir='ltr'><strong>1)tunt.</strong></span> <span class='ocrx_word' id='word_1_691' title='bbox 2238 4557 2342 4636; x_wconf 77' lang='lat' dir='ltr'><strong>Alii</strong></span> <span class='ocrx_word' id='word_1_692' title='bbox 2382 4580 2704 4649; x_wconf 89' lang='lat' dir='ltr'><strong>paraclitum</strong></span> <span class='ocrx_word' id='word_1_693' title='bbox 2743 4557 2930 4634; x_wconf 64' lang='lat' dir='ltr'><strong>Latine</strong></span> <span class='ocrx_word' id='word_1_694' title='bbox 2971 4557 3359 4637; x_wconf 42' lang='lat' dir='ltr'><strong>oratorem-vel</strong></span> <span class='ocrx_word' id='word_1_695' title='bbox 3396 4585 3632 4639; x_wconf 89' lang='lat' dir='ltr'><strong>advoca-</strong></span> 
     </span>
    </p>
   </div>
   <div class='ocr_carea' id='block_1_90' title="bbox 361 4677 1952 4754">
    <p class='ocr_par' dir='ltr' id='par_1_90' title="bbox 361 4677 1952 4754">
     <span class='ocr_line' id='line_1_90' title="bbox 361 4677 1952 4754; baseline -0.003 -20"><span class='ocrx_word' id='word_1_696' title='bbox 361 4680 639 4735; x_wconf 87' lang='lat' dir='ltr'><strong>cmnlatio.</strong></span> <span class='ocrx_word' id='word_1_697' title='bbox 713 4679 852 4754; x_wconf 54' lang='lat' dir='ltr'><strong>Ergo</strong></span> <span class='ocrx_word' id='word_1_698' title='bbox 907 4678 1010 4732; x_wconf 88' lang='lat' dir='ltr'><strong>hoc</strong></span> <span class='ocrx_word' id='word_1_699' title='bbox 1061 4678 1260 4730; x_wconf 89' lang='lat' dir='ltr'><strong>donum</strong></span> <span class='ocrx_word' id='word_1_700' title='bbox 1305 4677 1439 4741; x_wconf 90' lang='lat' dir='ltr'><strong>Dei,</strong></span> <span class='ocrx_word' id='word_1_701' title='bbox 1490 4677 1544 4730; x_wconf 91' lang='lat' dir='ltr'><strong>id</strong></span> <span class='ocrx_word' id='word_1_702' title='bbox 1591 4687 1673 4732; x_wconf 90' lang='lat' dir='ltr'><strong>est</strong></span> <span class='ocrx_word' id='word_1_703' title='bbox 1718 4677 1952 4746; x_wconf 91' lang='lat' dir='ltr'><strong>Spiritus</strong></span> 
     </span>
    </p>
   </div>
   <div class='ocr_carea' id='block_1_91' title="bbox 361 4767 1947 4838">
    <p class='ocr_par' dir='ltr' id='par_1_91' title="bbox 361 4767 1947 4838">
     <span class='ocr_line' id='line_1_91' title="bbox 361 4767 1947 4838; baseline -0.002 -14"><span class='ocrx_word' id='word_1_704' title='bbox 361 4781 607 4831; x_wconf 85' lang='lat' dir='ltr'><strong>sanctus,</strong></span> <span class='ocrx_word' id='word_1_705' title='bbox 652 4769 744 4838; x_wconf 90' lang='lat' dir='ltr'><strong>qui</strong></span> <span class='ocrx_word' id='word_1_706' title='bbox 786 4769 851 4822; x_wconf 90' lang='lat' dir='ltr'><strong>de</strong></span> <span class='ocrx_word' id='word_1_707' title='bbox 888 4768 1052 4822; x_wconf 89' lang='lat' dir='ltr'><strong>Patre</strong></span> <span class='ocrx_word' id='word_1_708' title='bbox 1100 4776 1156 4822; x_wconf 89' lang='lat' dir='ltr'><strong>et</strong></span> <span class='ocrx_word' id='word_1_709' title='bbox 1197 4767 1334 4821; x_wconf 89' lang='lat' dir='ltr'><strong>Filio</strong></span> <span class='ocrx_word' id='word_1_710' title='bbox 1369 4767 1648 4837; x_wconf 64' lang='lat' dir='ltr'><strong>aequaliter</strong></span> <span class='ocrx_word' id='word_1_711' title='bbox 1687 4770 1947 4836; x_wconf 86' lang='lat' dir='ltr'><strong>procedit,</strong></span> 
     </span>
    </p>
   </div>
   <div class='ocr_carea' id='block_1_92' title="bbox 361 4855 1946 4928">
    <p class='ocr_par' dir='ltr' id='par_1_92' title="bbox 361 4855 1946 4928">
     <span class='ocr_line' id='line_1_92' title="bbox 361 4855 1946 4928; baseline -0.002 -12"><span class='ocrx_word' id='word_1_712' title='bbox 361 4860 651 4916; x_wconf 74' lang='lat' dir='ltr'><strong>ineﬂabilis</strong></span> <span class='ocrx_word' id='word_1_713' title='bbox 696 4860 938 4928; x_wconf 61' lang='lat' dir='ltr'><strong>quasdam</strong></span> <span class='ocrx_word' id='word_1_714' title='bbox 987 4858 1165 4912; x_wconf 91' lang='lat' dir='ltr'><strong>Patris</strong></span> <span class='ocrx_word' id='word_1_715' title='bbox 1205 4855 1436 4926; x_wconf 83' lang='lat' dir='ltr'><strong>Filiique</strong></span> <span class='ocrx_word' id='word_1_716' title='bbox 1477 4859 1787 4912; x_wconf 90' lang='lat' dir='ltr'><strong>communio</strong></span> <span class='ocrx_word' id='word_1_717' title='bbox 1827 4868 1946 4913; x_wconf 88' lang='lat' dir='ltr'><strong>est:</strong></span> 
     </span>
    </p>
   </div>
   <div class='ocr_carea' id='block_1_93' title="bbox 363 4944 1952 5016">
    <p class='ocr_par' dir='ltr' id='par_1_93' title="bbox 363 4944 1952 5016">
     <span class='ocr_line' id='line_1_93' title="bbox 363 4944 1952 5016; baseline -0.003 -12"><span class='ocrx_word' id='word_1_718' title='bbox 363 4959 420 5004; x_wconf 92' lang='lat' dir='ltr'><strong>et</strong></span> <span class='ocrx_word' id='word_1_719' title='bbox 462 4950 582 5002; x_wconf 89' lang='lat' dir='ltr'><strong>ideo</strong></span> <span class='ocrx_word' id='word_1_720' title='bbox 627 4947 862 5002; x_wconf 83' lang='lat' dir='ltr'><strong>fortasse</strong></span> <span class='ocrx_word' id='word_1_721' title='bbox 899 4948 980 5001; x_wconf 89' lang='lat' dir='ltr'><strong>sic</strong></span> <span class='ocrx_word' id='word_1_722' title='bbox 1021 4946 1340 5016; x_wconf 91' lang='lat' dir='ltr'><strong>appellatur,</strong></span> <span class='ocrx_word' id='word_1_723' title='bbox 1369 4946 1494 5013; x_wconf 89' lang='lat' dir='ltr'><strong>quia</strong></span> <span class='ocrx_word' id='word_1_724' title='bbox 1533 4944 1680 4998; x_wconf 91' lang='lat' dir='ltr'><strong>Patri</strong></span> <span class='ocrx_word' id='word_1_725' title='bbox 1724 4954 1778 4999; x_wconf 89' lang='lat' dir='ltr'><strong>et</strong></span> <span class='ocrx_word' id='word_1_726' title='bbox 1816 4945 1952 5000; x_wconf 87' lang='lat' dir='ltr'><strong>Filio</strong></span> 
     </span>
    </p>
   </div>
   <div class='ocr_carea' id='block_1_94' title="bbox 361 5035 1952 5110">
    <p class='ocr_par' dir='ltr' id='par_1_94' title="bbox 361 5035 1952 5110">
     <span class='ocr_line' id='line_1_94' title="bbox 361 5035 1952 5110; baseline -0.003 -17"><span class='ocrx_word' id='word_1_727' title='bbox 361 5050 544 5110; x_wconf 87' lang='lat' dir='ltr'><strong>potest</strong></span> <span class='ocrx_word' id='word_1_728' title='bbox 587 5039 776 5094; x_wconf 89' lang='lat' dir='ltr'><strong>eadem</strong></span> <span class='ocrx_word' id='word_1_729' title='bbox 824 5037 1109 5107; x_wconf 87' lang='lat' dir='ltr'><strong>appellatio</strong></span> <span class='ocrx_word' id='word_1_730' title='bbox 1153 5037 1462 5089; x_wconf 90' lang='lat' dir='ltr'><strong>convenire.</strong></span> <span class='ocrx_word' id='word_1_731' title='bbox 1516 5035 1650 5088; x_wconf 87' lang='lat' dir='ltr'><strong>Nam</strong></span> <span class='ocrx_word' id='word_1_732' title='bbox 1697 5038 1796 5089; x_wconf 85' lang='lat' dir='ltr'><strong>IIOC</strong></span> <span class='ocrx_word' id='word_1_733' title='bbox 1840 5037 1952 5104; x_wconf 89' lang='lat' dir='ltr'><strong>ipse</strong></span> 
     </span>
    </p>
   </div>
   <div class='ocr_carea' id='block_1_95' title="bbox 367 5125 1948 5200">
    <p class='ocr_par' dir='ltr' id='par_1_95' title="bbox 367 5125 1948 5200">
     <span class='ocr_line' id='line_1_95' title="bbox 367 5125 1948 5200; baseline -0.004 -16"><span class='ocrx_word' id='word_1_734' title='bbox 367 5131 584 5200; x_wconf 87' lang='lat' dir='ltr'><strong>proprie</strong></span> <span class='ocrx_word' id='word_1_735' title='bbox 635 5129 873 5189; x_wconf 88' lang='lat' dir='ltr'><strong>dicitur,</strong></span> <span class='ocrx_word' id='word_1_736' title='bbox 938 5127 1081 5194; x_wconf 92' lang='lat' dir='ltr'><strong>quod</strong></span> <span class='ocrx_word' id='word_1_737' title='bbox 1134 5125 1208 5178; x_wconf 92' lang='lat' dir='ltr'><strong>illi</strong></span> <span class='ocrx_word' id='word_1_738' title='bbox 1253 5125 1614 5179; x_wconf 86' lang='lat' dir='ltr'><strong>communiter</strong></span> <span class='ocrx_word' id='word_1_739' title='bbox 1656 5127 1948 5179; x_wconf 88' lang='lat' dir='ltr'><strong>dicuntur:</strong></span> 
     </span>
    </p>
   </div>
   <div class='ocr_carea' id='block_1_96' title="bbox 2055 4671 3632 4742">
    <p class='ocr_par' dir='ltr' id='par_1_96' title="bbox 2055 4671 3632 4742">
     <span class='ocr_line' id='line_1_96' title="bbox 2055 4671 3632 4742; baseline 0.003 -15"><span class='ocrx_word' id='word_1_740' title='bbox 2055 4683 2166 4728; x_wconf 86' lang='lat' dir='ltr'><strong>tum</strong></span> <span class='ocrx_word' id='word_1_741' title='bbox 2195 4675 2640 4742; x_wconf 88' lang='lat' dir='ltr'><strong>interpretantur.</strong></span> <span class='ocrx_word' id='word_1_742' title='bbox 2667 4671 2784 4741; x_wconf 89' lang='lat' dir='ltr'><strong>Ipse</strong></span> <span class='ocrx_word' id='word_1_743' title='bbox 2803 4673 2944 4725; x_wconf 89' lang='lat' dir='ltr'><strong>enim</strong></span> <span class='ocrx_word' id='word_1_744' title='bbox 2969 4671 3204 4740; x_wconf 91' lang='lat' dir='ltr'><strong>Spiritus</strong></span> <span class='ocrx_word' id='word_1_745' title='bbox 3228 4683 3446 4730; x_wconf 90' lang='lat' dir='ltr'><strong>sanctus</strong></span> <span class='ocrx_word' id='word_1_746' title='bbox 3466 4677 3632 4731; x_wconf 86' lang='lat' dir='ltr'><strong>dicit:</strong></span> 
     </span>
    </p>
   </div>
   <div class='ocr_carea' id='block_1_97' title="bbox 2055 4761 3640 4834">
    <p class='ocr_par' dir='ltr' id='par_1_97' title="bbox 2055 4761 3640 4834">
     <span class='ocr_line' id='line_1_97' title="bbox 2055 4761 3640 4834; baseline 0.002 -16"><span class='ocrx_word' id='word_1_747' title='bbox 2055 4764 2170 4834; x_wconf 90' lang='lat' dir='ltr'><strong>Ipse</strong></span> <span class='ocrx_word' id='word_1_748' title='bbox 2200 4764 2396 4829; x_wconf 84' lang='lat' dir='ltr'><strong>docet;</strong></span> <span class='ocrx_word' id='word_1_749' title='bbox 2449 4777 2546 4831; x_wconf 90' lang='lat' dir='ltr'><strong>per</strong></span> <span class='ocrx_word' id='word_1_750' title='bbox 2575 4763 2748 4831; x_wconf 87' lang='lat' dir='ltr'><strong>ipsum</strong></span> <span class='ocrx_word' id='word_1_751' title='bbox 2789 4761 2951 4816; x_wconf 89' lang='lat' dir='ltr'><strong>datur</strong></span> <span class='ocrx_word' id='word_1_752' title='bbox 2978 4778 3157 4819; x_wconf 87' lang='lat' dir='ltr'><strong>sermo</strong></span> <span class='ocrx_word' id='word_1_753' title='bbox 3198 4765 3476 4833; x_wconf 71' lang='lat' dir='ltr'><strong>sapientia:</strong></span> <span class='ocrx_word' id='word_1_754' title='bbox 3499 4783 3533 4831; x_wconf 86' lang='lat'><strong>;-</strong></span> <span class='ocrx_word' id='word_1_755' title='bbox 3565 4767 3640 4822; x_wconf 89' lang='lat' dir='ltr'><strong>ab</strong></span> 
     </span>
    </p>
   </div>
   <div class='ocr_carea' id='block_1_98' title="bbox 2054 4853 3635 4927">
    <p class='ocr_par' dir='ltr' id='par_1_98' title="bbox 2054 4853 3635 4927">
     <span class='ocr_line' id='line_1_98' title="bbox 2054 4853 3635 4927; baseline 0.002 -18"><span class='ocrx_word' id='word_1_756' title='bbox 2054 4856 2170 4925; x_wconf 90' lang='lat' dir='ltr'><strong>ipso</strong></span> <span class='ocrx_word' id='word_1_757' title='bbox 2216 4863 2401 4909; x_wconf 91' lang='lat' dir='ltr'><strong>sancta</strong></span> <span class='ocrx_word' id='word_1_758' title='bbox 2435 4853 2712 4921; x_wconf 89' lang='lat' dir='ltr'><strong>Scriptura</strong></span> <span class='ocrx_word' id='word_1_759' title='bbox 2758 4853 3018 4921; x_wconf 84' lang='lat' dir='ltr'><strong>inspirata</strong></span> <span class='ocrx_word' id='word_1_760' title='bbox 3067 4863 3190 4909; x_wconf 89' lang='lat' dir='ltr'><strong>est..</strong></span> <span class='ocrx_word' id='word_1_761' title='bbox 3230 4855 3354 4911; x_wconf 90' lang='lat' dir='ltr'><strong>Ideo</strong></span> <span class='ocrx_word' id='word_1_762' title='bbox 3403 4856 3635 4927; x_wconf 87' lang='lat' dir='ltr'><strong>Spiritus</strong></span> 
     </span>
    </p>
   </div>
   <div class='ocr_carea' id='block_1_99' title="bbox 2056 4942 3638 5015">
    <p class='ocr_par' dir='ltr' id='par_1_99' title="bbox 2056 4942 3638 5015">
     <span class='ocr_line' id='line_1_99' title="bbox 2056 4942 3638 5015; baseline 0.001 -16"><span class='ocrx_word' id='word_1_763' title='bbox 2056 4953 2271 4999; x_wconf 88' lang='lat' dir='ltr'><strong>sanctus</strong></span> <span class='ocrx_word' id='word_1_764' title='bbox 2314 4942 2644 5013; x_wconf 77' lang='lat' dir='ltr'><strong>septiformis</strong></span> <span class='ocrx_word' id='word_1_765' title='bbox 2685 4951 3047 5011; x_wconf 81' lang='lat' dir='ltr'><strong>nuncupatur,</strong></span> <span class='ocrx_word' id='word_1_766' title='bbox 3095 4952 3315 5014; x_wconf 85' lang='lat' dir='ltr'><strong>propter</strong></span> <span class='ocrx_word' id='word_1_767' title='bbox 3343 4945 3480 4999; x_wconf 88' lang='lat' dir='ltr'><strong>dona</strong></span> <span class='ocrx_word' id='word_1_768' title='bbox 3513 4961 3638 5015; x_wconf 57' lang='lat' dir='ltr'><strong>qua</strong></span> 
     </span>
    </p>
   </div>
   <div class='ocr_carea' id='block_1_100' title="bbox 2051 5031 3632 5104">
    <p class='ocr_par' dir='ltr' id='par_1_100' title="bbox 2051 5031 3632 5104">
     <span class='ocr_line' id='line_1_100' title="bbox 2051 5031 3632 5104; baseline 0.001 -16"><span class='ocrx_word' id='word_1_769' title='bbox 2051 5036 2117 5089; x_wconf 89' lang='lat' dir='ltr'><strong>de</strong></span> <span class='ocrx_word' id='word_1_770' title='bbox 2154 5035 2452 5088; x_wconf 88' lang='lat' dir='ltr'><strong>divinitatis</strong></span> <span class='ocrx_word' id='word_1_771' title='bbox 2491 5031 2608 5098; x_wconf 90' lang='lat' dir='ltr'><strong>ejus</strong></span> <span class='ocrx_word' id='word_1_772' title='bbox 2650 5031 2982 5099; x_wconf 91' lang='lat' dir='ltr'><strong>plenitudine</strong></span> <span class='ocrx_word' id='word_1_773' title='bbox 3011 5031 3376 5100; x_wconf 89' lang='lat' dir='ltr'><strong>particulatim</strong></span> <span class='ocrx_word' id='word_1_774' title='bbox 3407 5035 3632 5104; x_wconf 89' lang='lat' dir='ltr'><strong>quique,</strong></span> 
     </span>
    </p>
   </div>
   <div class='ocr_carea' id='block_1_101' title="bbox 2052 5121 3634 5193">
    <p class='ocr_par' dir='ltr' id='par_1_101' title="bbox 2052 5121 3634 5193">
     <span class='ocr_line' id='line_1_101' title="bbox 2052 5121 3634 5193; baseline 0.002 -15"><span class='ocrx_word' id='word_1_775' title='bbox 2052 5134 2111 5180; x_wconf 77' lang='lat' dir='ltr'><strong>ut</strong></span> <span class='ocrx_word' id='word_1_776' title='bbox 2154 5125 2298 5193; x_wconf 84' lang='lat' dir='ltr'><strong>digni</strong></span> <span class='ocrx_word' id='word_1_777' title='bbox 2349 5133 2510 5186; x_wconf 90' lang='lat' dir='ltr'><strong>sunt,</strong></span> <span class='ocrx_word' id='word_1_778' title='bbox 2566 5121 2822 5188; x_wconf 86' lang='lat' dir='ltr'><strong>consequi</strong></span> <span class='ocrx_word' id='word_1_779' title='bbox 2871 5131 3266 5190; x_wconf 86' lang='lat' dir='ltr'><strong>promerentur.</strong></span> <span class='ocrx_word' id='word_1_780' title='bbox 3323 5122 3440 5193; x_wconf 90' lang='lat' dir='ltr'><strong>Ipse</strong></span> <span class='ocrx_word' id='word_1_781' title='bbox 3488 5126 3634 5181; x_wconf 73' lang='lat' dir='ltr'><strong>enim</strong></span> 
     </span>
    </p>
   </div>
   <div class='ocr_carea' id='block_1_102' title="bbox 366 5212 3636 5290">
    <p class='ocr_par' dir='ltr' id='par_1_102' title="bbox 366 5212 3636 5290">
     <span class='ocr_line' id='line_1_102' title="bbox 366 5212 3636 5290; baseline -0.001 -16"><span class='ocrx_word' id='word_1_782' title='bbox 366 5224 492 5290; x_wconf 89' lang='lat' dir='ltr'><strong>quia</strong></span> <span class='ocrx_word' id='word_1_783' title='bbox 535 5231 589 5274; x_wconf 87' lang='lat' dir='ltr'><strong>et</strong></span> <span class='ocrx_word' id='word_1_784' title='bbox 636 5220 796 5273; x_wconf 77' lang='lat' dir='ltr'><strong>Pater</strong></span> <span class='ocrx_word' id='word_1_785' title='bbox 834 5217 1070 5288; x_wconf 90' lang='lat' dir='ltr'><strong>Spiritus</strong></span> <span class='ocrx_word' id='word_1_786' title='bbox 1112 5225 1169 5269; x_wconf 88' lang='lat' dir='ltr'><strong>et</strong></span> <span class='ocrx_word' id='word_1_787' title='bbox 1216 5215 1386 5269; x_wconf 84' lang='lat' dir='ltr'><strong>Filius</strong></span> <span class='ocrx_word' id='word_1_788' title='bbox 1435 5216 1686 5284; x_wconf 89' lang='lat' dir='ltr'><strong>Spiritus,</strong></span> <span class='ocrx_word' id='word_1_789' title='bbox 1715 5225 1768 5269; x_wconf 87' lang='lat' dir='ltr'><strong>et</strong></span> <span class='ocrx_word' id='word_1_790' title='bbox 1795 5216 1955 5270; x_wconf 88' lang='lat' dir='ltr'><strong>Pater</strong></span> <span class='ocrx_word' id='word_1_791' title='bbox 2051 5219 2272 5285; x_wconf 90' lang='lat' dir='ltr'><strong>spiritus</strong></span> <span class='ocrx_word' id='word_1_792' title='bbox 2301 5216 2581 5283; x_wconf 66' lang='lat' dir='ltr'><strong>sapientia:</strong></span> <span class='ocrx_word' id='word_1_793' title='bbox 2609 5221 2663 5266; x_wconf 90' lang='lat' dir='ltr'><strong>et</strong></span> <span class='ocrx_word' id='word_1_794' title='bbox 2692 5212 3032 5277; x_wconf 87' lang='lat' dir='ltr'><strong>intellectus,</strong></span> <span class='ocrx_word' id='word_1_795' title='bbox 3071 5213 3297 5282; x_wconf 89' lang='lat' dir='ltr'><strong>spiritus</strong></span> <span class='ocrx_word' id='word_1_796' title='bbox 3335 5217 3542 5271; x_wconf 89' lang='lat' dir='ltr'><strong>consilii</strong></span> <span class='ocrx_word' id='word_1_797' title='bbox 3578 5225 3636 5272; x_wconf 82' lang='lat' dir='ltr'><strong>et</strong></span> 
     </span>
    </p>
   </div>
   <div class='ocr_carea' id='block_1_103' title="bbox 367 5303 3632 5377">
    <p class='ocr_par' dir='ltr' id='par_1_103' title="bbox 367 5303 3632 5377">
     <span class='ocr_line' id='line_1_103' title="bbox 367 5303 3632 5377; baseline -0.002 -9"><span class='ocrx_word' id='word_1_798' title='bbox 367 5322 627 5373; x_wconf 89' lang='lat' dir='ltr'><strong>sanctus,</strong></span> <span class='ocrx_word' id='word_1_799' title='bbox 674 5321 730 5364; x_wconf 89' lang='lat' dir='ltr'><strong>et</strong></span> <span class='ocrx_word' id='word_1_800' title='bbox 773 5311 941 5364; x_wconf 84' lang='lat' dir='ltr'><strong>Filius</strong></span> <span class='ocrx_word' id='word_1_801' title='bbox 984 5318 1205 5362; x_wconf 84' lang='lat' dir='ltr'><strong>sanctus</strong></span> <span class='ocrx_word' id='word_1_802' title='bbox 1252 5318 1397 5362; x_wconf 83' lang='lat' dir='ltr'><strong>recte</strong></span> <span class='ocrx_word' id='word_1_803' title='bbox 1440 5307 1655 5360; x_wconf 89' lang='lat' dir='ltr'><strong>dicitur.</strong></span> <span class='ocrx_word' id='word_1_804' title='bbox 1714 5309 1852 5377; x_wconf 77' lang='lat' dir='ltr'><strong>Ergo</strong></span> <span class='ocrx_word' id='word_1_805' title='bbox 1898 5317 1956 5360; x_wconf 91' lang='lat' dir='ltr'><strong>ut</strong></span> <span class='ocrx_word' id='word_1_806' title='bbox 2053 5307 2402 5368; x_wconf 79' lang='lat' dir='ltr'><strong>fortitudinis,</strong></span> <span class='ocrx_word' id='word_1_807' title='bbox 2433 5306 2655 5372; x_wconf 90' lang='lat' dir='ltr'><strong>spiritus</strong></span> <span class='ocrx_word' id='word_1_808' title='bbox 2683 5303 2922 5357; x_wconf 73' lang='lat' dir='ltr'><strong>scientia:</strong></span> <span class='ocrx_word' id='word_1_809' title='bbox 2952 5311 3005 5357; x_wconf 90' lang='lat' dir='ltr'><strong>et</strong></span> <span class='ocrx_word' id='word_1_810' title='bbox 3029 5305 3269 5372; x_wconf 88' lang='lat' dir='ltr'><strong>pietatis,</strong></span> <span class='ocrx_word' id='word_1_811' title='bbox 3306 5306 3531 5375; x_wconf 90' lang='lat' dir='ltr'><strong>spiritus</strong></span> <span class='ocrx_word' id='word_1_812' title='bbox 3561 5306 3632 5360; x_wconf 90' lang='lat' dir='ltr'><strong>ti-</strong></span> 
     </span>
    </p>
   </div>
   <div class='ocr_carea' id='block_1_104' title="bbox 367 5397 1949 5467">
    <p class='ocr_par' dir='ltr' id='par_1_104' title="bbox 367 5397 1949 5467">
     <span class='ocr_line' id='line_1_104' title="bbox 367 5397 1949 5467; baseline -0.006 -9"><span class='ocrx_word' id='word_1_813' title='bbox 367 5403 680 5458; x_wconf 88' lang='lat' dir='ltr'><strong>nominibus</strong></span> <span class='ocrx_word' id='word_1_814' title='bbox 715 5399 957 5466; x_wconf 83' lang='lat' dir='ltr'><strong>junctis,</strong></span> <span class='ocrx_word' id='word_1_815' title='bbox 1008 5415 1129 5467; x_wconf 54' lang='lat' dir='ltr'><strong>quat:</strong></span> <span class='ocrx_word' id='word_1_816' title='bbox 1171 5398 1460 5467; x_wconf 84' lang='lat' dir='ltr'><strong>separatim</strong></span> <span class='ocrx_word' id='word_1_817' title='bbox 1504 5397 1782 5465; x_wconf 86' lang='lat' dir='ltr'><strong>utriusque</strong></span> <span class='ocrx_word' id='word_1_818' title='bbox 1831 5413 1949 5465; x_wconf 85' lang='lat' dir='ltr'><strong>per-</strong></span> 
     </span>
    </p>
   </div>
   <div class='ocr_carea' id='block_1_105' title="bbox 370 5485 1950 5555">
    <p class='ocr_par' dir='ltr' id='par_1_105' title="bbox 370 5485 1950 5555">
     <span class='ocr_line' id='line_1_105' title="bbox 370 5485 1950 5555; baseline -0.007 -7"><span class='ocrx_word' id='word_1_819' title='bbox 370 5509 516 5550; x_wconf 69' lang='lat' dir='ltr'><strong>sonze</strong></span> <span class='ocrx_word' id='word_1_820' title='bbox 557 5491 914 5550; x_wconf 82' lang='lat' dir='ltr'><strong>conveniunt,</strong></span> <span class='ocrx_word' id='word_1_821' title='bbox 945 5488 1226 5555; x_wconf 89' lang='lat' dir='ltr'><strong>utriusque</strong></span> <span class='ocrx_word' id='word_1_822' title='bbox 1267 5485 1576 5540; x_wconf 88' lang='lat' dir='ltr'><strong>communio</strong></span> <span class='ocrx_word' id='word_1_823' title='bbox 1622 5487 1834 5554; x_wconf 85' lang='lat' dir='ltr'><strong>proprie</strong></span> <span class='ocrx_word' id='word_1_824' title='bbox 1880 5486 1950 5538; x_wconf 83' lang='lat' dir='ltr'><strong>si-</strong></span> 
     </span>
    </p>
   </div>
   <div class='ocr_carea' id='block_1_106' title="bbox 370 5578 1950 5656">
    <p class='ocr_par' dir='ltr' id='par_1_106' title="bbox 370 5578 1950 5656">
     <span class='ocr_line' id='line_1_106' title="bbox 370 5578 1950 5656; baseline -0.005 -18"><span class='ocrx_word' id='word_1_825' title='bbox 370 5587 673 5656; x_wconf 76' lang='lat' dir='ltr'><strong>gnificetur,</strong></span> <span class='ocrx_word' id='word_1_826' title='bbox 701 5589 928 5636; x_wconf 85' lang='lat' dir='ltr'><strong>vocatur</strong></span> <span class='ocrx_word' id='word_1_827' title='bbox 953 5581 1188 5648; x_wconf 86' lang='lat' dir='ltr'><strong>Spiritus</strong></span> <span class='ocrx_word' id='word_1_828' title='bbox 1234 5589 1489 5632; x_wconf 88' lang='lat' dir='ltr'><strong>sanctus:</strong></span> <span class='ocrx_word' id='word_1_829' title='bbox 1535 5578 1658 5645; x_wconf 92' lang='lat' dir='ltr'><strong>quia</strong></span> <span class='ocrx_word' id='word_1_830' title='bbox 1684 5586 1767 5632; x_wconf 90' lang='lat' dir='ltr'><strong>est</strong></span> <span class='ocrx_word' id='word_1_831' title='bbox 1794 5579 1950 5632; x_wconf 91' lang='lat' dir='ltr'><strong>tertia</strong></span> 
     </span>
    </p>
   </div>
   <div class='ocr_carea' id='block_1_107' title="bbox 371 5668 1952 5738">
    <p class='ocr_par' dir='ltr' id='par_1_107' title="bbox 371 5668 1952 5738">
     <span class='ocr_line' id='line_1_107' title="bbox 371 5668 1952 5738; baseline -0.006 -7"><span class='ocrx_word' id='word_1_832' title='bbox 371 5681 426 5731; x_wconf 91' lang='lat' dir='ltr'><strong>in</strong></span> <span class='ocrx_word' id='word_1_833' title='bbox 466 5684 651 5732; x_wconf 88' lang='lat' dir='ltr'><strong>sancta</strong></span> <span class='ocrx_word' id='word_1_834' title='bbox 694 5673 961 5726; x_wconf 85' lang='lat' dir='ltr'><strong>Trinitate</strong></span> <span class='ocrx_word' id='word_1_835' title='bbox 1011 5684 1242 5738; x_wconf 85' lang='lat' dir='ltr'><strong>persona</strong></span> <span class='ocrx_word' id='word_1_836' title='bbox 1271 5709 1285 5732; x_wconf 92' lang='lat'><strong>,</strong></span> <span class='ocrx_word' id='word_1_837' title='bbox 1353 5668 1500 5721; x_wconf 91' lang='lat' dir='ltr'><strong>Patri</strong></span> <span class='ocrx_word' id='word_1_838' title='bbox 1563 5677 1619 5721; x_wconf 80' lang='lat' dir='ltr'><strong>et</strong></span> <span class='ocrx_word' id='word_1_839' title='bbox 1674 5668 1808 5722; x_wconf 87' lang='lat' dir='ltr'><strong>Filio</strong></span> <span class='ocrx_word' id='word_1_840' title='bbox 1856 5683 1952 5737; x_wconf 90' lang='lat' dir='ltr'><strong>per</strong></span> 
     </span>
    </p>
   </div>
   <div class='ocr_carea' id='block_1_108' title="bbox 371 5762 1948 5834">
    <p class='ocr_par' dir='ltr' id='par_1_108' title="bbox 371 5762 1948 5834">
     <span class='ocr_line' id='line_1_108' title="bbox 371 5762 1948 5834; baseline -0.001 -17"><span class='ocrx_word' id='word_1_841' title='bbox 371 5769 550 5820; x_wconf 84' lang='lat' dir='ltr'><strong>omnia</strong></span> <span class='ocrx_word' id='word_1_842' title='bbox 589 5764 834 5834; x_wconf 78' lang='lat' dir='ltr'><strong>:rqnalis,</strong></span> <span class='ocrx_word' id='word_1_843' title='bbox 879 5780 983 5834; x_wconf 87' lang='lat' dir='ltr'><strong>qua</strong></span> <span class='ocrx_word' id='word_1_844' title='bbox 1028 5774 1326 5818; x_wconf 75' lang='lat' dir='ltr'><strong>coaeternus</strong></span> <span class='ocrx_word' id='word_1_845' title='bbox 1367 5770 1420 5817; x_wconf 84' lang='lat' dir='ltr'><strong>ct</strong></span> <span class='ocrx_word' id='word_1_846' title='bbox 1455 5762 1948 5817; x_wconf 82' lang='lat' dir='ltr'><strong>ronsuhstantialis.</strong></span> 
     </span>
    </p>
   </div>
   <div class='ocr_carea' id='block_1_109' title="bbox 2058 5390 3634 5462">
    <p class='ocr_par' dir='ltr' id='par_1_109' title="bbox 2058 5390 3634 5462">
     <span class='ocr_line' id='line_1_109' title="bbox 2058 5390 3634 5462; baseline 0 -13"><span class='ocrx_word' id='word_1_847' title='bbox 2058 5396 2223 5449; x_wconf 91' lang='lat' dir='ltr'><strong>moris</strong></span> <span class='ocrx_word' id='word_1_848' title='bbox 2253 5394 2460 5449; x_wconf 90' lang='lat' dir='ltr'><strong>Domini</strong></span> <span class='ocrx_word' id='word_1_849' title='bbox 2493 5393 2688 5446; x_wconf 90' lang='lat' dir='ltr'><strong>dicitur</strong></span> <span class='ocrx_word' id='word_1_850' title='bbox 2714 5390 2846 5461; x_wconf 88' lang='lat' dir='ltr'><strong>(lsa.</strong></span> <span class='ocrx_word' id='word_1_851' title='bbox 2876 5394 2974 5462; x_wconf 72' lang='grc' dir='ltr'><strong>χι).</strong></span> <span class='ocrx_word' id='word_1_852' title='bbox 3012 5391 3244 5462; x_wconf 90' lang='lat' dir='ltr'><strong>Spiritus</strong></span> <span class='ocrx_word' id='word_1_853' title='bbox 3273 5402 3454 5448; x_wconf 85' lang='lat' dir='ltr'><strong>autem</strong></span> <span class='ocrx_word' id='word_1_854' title='bbox 3484 5394 3634 5462; x_wconf 63' lang='lat' dir='ltr'><strong>prin:-</strong></span> 
     </span>
    </p>
   </div>
   <div class='ocr_carea' id='block_1_110' title="bbox 2058 5481 3635 5556">
    <p class='ocr_par' dir='ltr' id='par_1_110' title="bbox 2058 5481 3635 5556">
     <span class='ocr_line' id='line_1_110' title="bbox 2058 5481 3635 5556; baseline -0.001 -15"><span class='ocrx_word' id='word_1_855' title='bbox 2058 5487 2242 5556; x_wconf 86' lang='lat' dir='ltr'><strong>cipalis</strong></span> <span class='ocrx_word' id='word_1_856' title='bbox 2277 5487 2329 5539; x_wconf 92' lang='lat' dir='ltr'><strong>in</strong></span> <span class='ocrx_word' id='word_1_857' title='bbox 2364 5484 2570 5554; x_wconf 89' lang='lat' dir='ltr'><strong>psalmo</strong></span> <span class='ocrx_word' id='word_1_858' title='bbox 2608 5482 3055 5552; x_wconf 82' lang='lat' dir='ltr'><strong>quinquagesimo</strong></span> <span class='ocrx_word' id='word_1_859' title='bbox 3093 5481 3307 5552; x_wconf 89' lang='lat' dir='ltr'><strong>legitur.</strong></span> <span class='ocrx_word' id='word_1_860' title='bbox 3361 5481 3459 5537; x_wconf 88' lang='lat' dir='ltr'><strong>Ubi</strong></span> <span class='ocrx_word' id='word_1_861' title='bbox 3502 5485 3635 5553; x_wconf 72' lang='lat' dir='ltr'><strong>quia</strong></span> 
     </span>
    </p>
   </div>
   <div class='ocr_carea' id='block_1_111' title="bbox 2059 5570 3631 5645">
    <p class='ocr_par' dir='ltr' id='par_1_111' title="bbox 2059 5570 3631 5645">
     <span class='ocr_line' id='line_1_111' title="bbox 2059 5570 3631 5645; baseline -0.003 -12"><span class='ocrx_word' id='word_1_862' title='bbox 2059 5579 2217 5633; x_wconf 88' lang='lat' dir='ltr'><strong>tertio</strong></span> <span class='ocrx_word' id='word_1_863' title='bbox 2258 5575 2470 5645; x_wconf 84' lang='lat' dir='ltr'><strong>spiritus</strong></span> <span class='ocrx_word' id='word_1_864' title='bbox 2515 5572 2798 5642; x_wconf 87' lang='lat' dir='ltr'><strong>repetitur,</strong></span> <span class='ocrx_word' id='word_1_865' title='bbox 2851 5571 3090 5627; x_wconf 88' lang='lat' dir='ltr'><strong>nonnulli</strong></span> <span class='ocrx_word' id='word_1_866' title='bbox 3120 5570 3438 5628; x_wconf 87' lang='lat' dir='ltr'><strong>Trinitatem</strong></span> <span class='ocrx_word' id='word_1_867' title='bbox 3468 5574 3631 5628; x_wconf 87' lang='lat' dir='ltr'><strong>intel-</strong></span> 
     </span>
    </p>
   </div>
   <div class='ocr_carea' id='block_1_112' title="bbox 2059 5664 3630 5736">
    <p class='ocr_par' dir='ltr' id='par_1_112' title="bbox 2059 5664 3630 5736">
     <span class='ocr_line' id='line_1_112' title="bbox 2059 5664 3630 5736; baseline -0.004 -11"><span class='ocrx_word' id='word_1_868' title='bbox 2059 5675 2323 5735; x_wconf 71' lang='lat' dir='ltr'><strong>lexerunt,</strong></span> <span class='ocrx_word' id='word_1_869' title='bbox 2356 5670 2474 5723; x_wconf 89' lang='lat' dir='ltr'><strong>ideo</strong></span> <span class='ocrx_word' id='word_1_870' title='bbox 2510 5667 2635 5735; x_wconf 89' lang='lat' dir='ltr'><strong>quia</strong></span> <span class='ocrx_word' id='word_1_871' title='bbox 2673 5667 2933 5736; x_wconf 90' lang='lat' dir='ltr'><strong>scriptum</strong></span> <span class='ocrx_word' id='word_1_872' title='bbox 2961 5673 3088 5720; x_wconf 89' lang='lat' dir='ltr'><strong>est:</strong></span> <span class='ocrx_word' id='word_1_873' title='bbox 3126 5664 3268 5718; x_wconf 85' lang='lat' dir='ltr'><strong>Deus</strong></span> <span class='ocrx_word' id='word_1_874' title='bbox 3297 5664 3524 5734; x_wconf 83' lang='lat' dir='ltr'><strong>Spiritus</strong></span> <span class='ocrx_word' id='word_1_875' title='bbox 3553 5675 3630 5720; x_wconf 86' lang='lat' dir='ltr'><strong>est</strong></span> 
     </span>
    </p>
   </div>
   <div class='ocr_carea' id='block_1_113' title="bbox 2061 5755 3628 5824">
    <p class='ocr_par' dir='ltr' id='par_1_113' title="bbox 2061 5755 3628 5824">
     <span class='ocr_line' id='line_1_113' title="bbox 2061 5755 3628 5824; baseline -0.003 -12"><span class='ocrx_word' id='word_1_876' title='bbox 2061 5762 2238 5823; x_wconf 77' lang='lat' dir='ltr'><strong>(1mm.</strong></span> <span class='ocrx_word' id='word_1_877' title='bbox 2273 5761 2364 5822; x_wconf 81' lang='lat' dir='ltr'><strong>tv).</strong></span> <span class='ocrx_word' id='word_1_878' title='bbox 2398 5757 2548 5824; x_wconf 86' lang='lat' dir='ltr'><strong>Quod</strong></span> <span class='ocrx_word' id='word_1_879' title='bbox 2577 5755 2722 5812; x_wconf 74' lang='lat' dir='ltr'><strong>enim,</strong></span> <span class='ocrx_word' id='word_1_880' title='bbox 2752 5770 2854 5808; x_wconf 93' lang='lat' dir='ltr'><strong>non</strong></span> <span class='ocrx_word' id='word_1_881' title='bbox 2883 5763 2965 5808; x_wconf 78' lang='lat' dir='ltr'><strong>est.</strong></span> <span class='ocrx_word' id='word_1_882' title='bbox 2986 5769 3198 5824; x_wconf 83' lang='lat' dir='ltr'><strong>corpus,</strong></span> <span class='ocrx_word' id='word_1_883' title='bbox 3229 5763 3277 5808; x_wconf 83' lang='lat' dir='ltr'><strong>et</strong></span> <span class='ocrx_word' id='word_1_884' title='bbox 3313 5763 3490 5807; x_wconf 75' lang='lat' dir='ltr'><strong>tamen</strong></span> <span class='ocrx_word' id='word_1_885' title='bbox 3521 5763 3628 5818; x_wconf 78' lang='lat' dir='ltr'><strong>est,</strong></span> 
     </span>
    </p>
   </div>
  </div>
