3896 6354
227 389 292 446 25
1209 386 1296 442 DE
1336 385 1683 443 UNIVERSO
1721 385 1896 442 LIBRI
1938 385 2101 442 XXII.
2140 418 2210 428 —
2246 386 2374 441 LIB.
2415 387 2456 443 I.
3413 388 3482 443 26

227 504 428 557 videtur
478 507 698 555 restare
749 505 807 554 ut
858 498 1079 570 spiritus
1128 500 1218 554 sit.
1293 501 1604 572 Intelligunt
1648 502 1792 556 enim
1819 508 1866 567 Α
1896 511 1955 555 ιιι
1979 501 2165 572 quanti
2198 502 2264 556 ad
2293 517 2436 566 eum,
2466 502 2657 571 quanti
2688 501 2754 556 ad
2784 502 2988 557 crinem
3017 503 3272 572 purpurei
3301 505 3482 572 splen-

230 593 299 647 ibi
329 588 564 644 nonnulli
595 589 916 644 Trinitatem
950 590 1240 657 signiﬁcari
1269 611 1282 645 :
1327 592 1378 646 in
1410 591 1612 661 Spiritu
1644 593 1793 662 prin-

228 680 376 750 cipali
419 679 642 734 Patrem
664 719 681 747 ,
730 681 782 735 in
826 680 1030 751 Spiritu
1061 691 1214 736 recto
1241 681 1436 736 Filium
1457 724 1471 748 ,
1509 684 1560 736 in
1594 682 1796 752 Spiritu

229 778 406 827 sancto
432 769 700 840 Spiritum
727 781 986 826 sanctum.
1042 771 1277 842 Spiritus
1304 781 1523 828 sanctus
1554 773 1674 828 ideo
1699 773 1795 826 do-

228 879 349 919 num
366 862 462 917 Dei
489 863 710 928 dicitur,
744 877 808 917 eo
838 863 982 932 quod
1013 863 1189 917 datur.
1231 862 1276 916 A
1309 863 1487 917 dando
1519 863 1662 918 enim
1699 864 1794 916 do-

227 969 350 1010 num
379 963 464 1010 est
493 962 880 1024 nuncupatum.
933 954 1283 1010 Notissimum
1320 963 1403 1008 est
1438 955 1580 1009 enim
1610 953 1794 1008 Domi-

227 1059 347 1098 num
367 1042 552 1100 Jesum
574 1043 874 1109 Christum,
894 1060 1015 1099 cum
1046 1054 1169 1115 post
1196 1047 1317 1116 ejus
1345 1045 1794 1100 resurrectionem

228 1149 257 1187 a
303 1133 529 1190 mortuis
577 1134 822 1190 ascendit
871 1135 926 1189 in
978 1135 1174 1191 ctelum
1202 1175 1217 1200 ,
1271 1135 1485 1190 dedisse
1533 1133 1792 1204 Spiritum

225 1232 506 1278 sanctum:
551 1239 660 1292 quo
705 1225 987 1280 credentes
1026 1226 1271 1296 impleti,
1325 1226 1522 1296 linguis
1553 1225 1793 1280 omnium

225 1315 455 1383 gentium
484 1315 865 1385 loquebantur.
923 1316 981 1370 In
1021 1324 1229 1371 tantum
1261 1319 1459 1372 donum
1500 1317 1594 1372 Dei
1626 1327 1709 1371 est
1739 1318 1791 1371 in

223 1413 475 1474 quantum
505 1405 667 1460 datur
690 1407 770 1462 eis
793 1407 883 1476 qui
909 1422 1006 1476 per
1027 1422 1149 1462 cum
1175 1407 1402 1478 diligunt
1425 1406 1614 1461 Deum.
1642 1408 1793 1477 Apud

225 1510 278 1549 se
295 1503 471 1550 autem
488 1495 632 1551 Deus
653 1505 755 1562 est,
771 1499 912 1566 apud
934 1512 1034 1551 nos
1057 1497 1257 1551 donum
1283 1505 1387 1561 est,
1407 1497 1500 1551 sed
1518 1497 1795 1566 sempiter-

225 1602 288 1642 ne
315 1587 549 1658 Spiritus
580 1598 800 1643 sanctus
829 1589 1030 1643 donum
1059 1596 1142 1643 est
1164 1627 1180 1652 ,
1210 1587 1543 1642 distribuens
1571 1586 1794 1656 singulis

221 1689 371 1751 prout
395 1682 532 1747 vult,
561 1683 858 1752 gratiarum
888 1685 1026 1738 dona
1051 1682 1098 1754 (Ι
1123 1682 1244 1738 Cor.
1270 1683 1391 1755 xu).
1429 1682 1565 1736 Nam
1591 1691 1648 1737 et
1671 1696 1794 1751 pr0«

219 1772 424 1840 plietis,
468 1775 670 1843 quibus
695 1775 843 1839 vult,
893 1775 1167 1845 impartit;
1216 1784 1273 1830 et
1307 1785 1560 1844 peccata,
1598 1774 1794 1844 quibus

1898 595 2043 650 doris
2073 595 2413 665 aspexerint,
2453 596 2616 650 tantis
2644 596 2817 651 visum
2857 612 2967 651 sua:
2996 597 3132 651 lucis
3163 596 3477 665 impertiat,

1897 687 2062 741 tantis
2087 685 2405 755 mysterium
2434 686 2516 739 sui
2535 686 2790 741 muneris
2823 687 3044 751 tribuat,
3074 696 3130 742 et
3156 688 3267 757 ipse
3295 688 3348 742 in
3377 704 3478 743 sua

1897 775 2244 830 nihilominus
2282 775 2588 844 integritate
2623 783 2958 845 permaneat.
2998 775 3236 846 Spiritus
3255 787 3478 833 sanctus

1895 865 2112 919 nomine
2136 879 2288 932 aquae
2318 863 2615 933 appellatur
2642 865 2695 918 in
2732 865 3055 935 Evangelio,
3101 865 3328 920 Domino
3359 866 3411 920 cl
3431 887 3474 907 --

1897 963 2076 1009 mante
2097 963 2150 1008 et
2171 954 2381 1008 dicente
2407 972 2419 1007 :
2451 953 2508 1008 Si
2531 956 2646 1024 quis
2673 957 2808 1020 sitit,
2826 957 2996 1010 ueniat
3023 956 3093 1010 ad
3119 973 3219 1022 me,
3241 967 3289 1010 et
3311 957 3472 1009 bibat.

1898 1045 2002 1111 Qui
2029 1046 2189 1100 credit
2218 1047 2273 1100 in
2300 1063 2408 1112 me,
2445 1049 2668 1116 flumina
2696 1065 2846 1118 aqua:
2871 1050 2996 1102 viva:
3021 1050 3184 1118 ﬂuent
3214 1049 3278 1102 de
3306 1059 3477 1103 ventre

1896 1136 2008 1204 ejus
2047 1135 2228 1208 (Joan.
2254 1136 2376 1207 vn).
2432 1138 2772 1209 Evangelista
2816 1147 2996 1193 autem
3045 1140 3296 1208 exposuit
3333 1140 3475 1194 unde

1897 1225 2136 1303 diceret;
2193 1235 2414 1282 secutus
2459 1229 2604 1282 enim
2653 1229 2769 1283 ait:
2821 1228 2940 1283 Hoc
2982 1229 3120 1283 enim
3164 1231 3365 1283 dicebat
3411 1231 3476 1282 de

1897 1312 2094 1382 Spiritu
2117 1333 2269 1384 quem
2296 1319 2558 1388 accepturi
2585 1329 2733 1373 erant
2762 1320 3024 1374 credentes
3050 1321 3106 1374 in
3129 1321 3473 1391 eum(lbid.).

1898 1401 2004 1457 Sed
2028 1403 2170 1458 aliud
2193 1414 2276 1460 est
2300 1423 2436 1476 aqua
2465 1410 2810 1474 sacramenti,
2834 1411 2979 1465 aliud
3003 1427 3143 1480 aqua
3167 1413 3476 1482 qnazsigni-

1897 1492 2023 1548 ﬁcat
2058 1493 2319 1564 Spiritum
2356 1498 2468 1552 Dei.
2520 1499 2674 1567 Aqua
2709 1501 2856 1554 enim
2894 1504 3219 1555 sacramenti
3248 1503 3477 1557 visibilis

1895 1594 2007 1650 est,
2037 1600 2176 1655 aqua
2205 1584 2440 1656 Spiritus
2468 1589 2753 1645 invisibilis
2781 1599 2884 1646 est.
2926 1591 3039 1646 Ista
3063 1591 3231 1646 abluit
3255 1608 3474 1662 corpus,

1894 1683 1952 1728 et
1995 1675 2265 1746 significat
2312 1679 2452 1746 quod
2501 1678 2562 1732 ﬁt
2609 1679 2662 1732 in
2710 1680 2928 1734 anima:
2973 1695 3069 1751 per
3108 1681 3256 1734 illum
3296 1692 3476 1735 autent

1897 1764 2158 1834 Spiritum
2179 1777 2425 1822 sanctum
2451 1768 2566 1837 ipsa
2586 1769 2767 1824 anima
2792 1771 3084 1824 mundatur
3105 1780 3158 1826 et
3178 1772 3474 1842 saginatur.

218 1864 346 1928 vult,
372 1864 598 1922 dimittit
622 1883 635 1920 ε
671 1881 794 1920 nam
823 1875 1046 1936 peccata
1077 1873 1263 1921 nostra
1290 1865 1407 1920 sine
1437 1864 1640 1933 Spiritu
1669 1879 1794 1917 san-
1823 1856 1867 1916 Β
1897 1853 2132 1924 Spiritus
2160 1865 2382 1913 sanctus
2409 1858 2530 1912 ideo
2556 1860 2744 1914 unctio
2766 1860 2984 1925 dicitur,
3005 1859 3212 1915 Joanne
3235 1861 3477 1929 apostolo

217 1962 302 2008 cto
344 1969 450 2008 non
495 1954 787 2010 donantur.
842 1953 1078 2024 Spiritus
1120 1959 1342 2009 sanctus
1387 1954 1511 2008 inde
1548 1952 1790 2008 cliaritas

216 2044 426 2113 proprie
459 2053 840 2113 nuncupatur:
876 2046 960 2097 vel
989 2045 1113 2113 quia
1142 2045 1461 2099 naturaliter
1489 2060 1582 2100 eos
1611 2061 1640 2099 a
1669 2047 1790 2116 (ιιιὶ-

215 2130 310 2185 bus
345 2133 632 2200 procedit,
682 2133 962 2205 coniungit
994 2142 1050 2190 et
1091 2151 1151 2190 se
1190 2150 1355 2189 unum
1394 2151 1517 2190 cum
1554 2136 1634 2190 eis
1671 2151 1790 2191 esse

216 2223 476 2288 ostendit;
518 2221 608 2276 vel
635 2224 759 2292 quia
789 2223 843 2276 in
878 2224 1035 2279 nobis
1065 2225 1118 2280 id
1146 2226 1290 2296 agit,
1333 2235 1391 2279 ut
1434 2227 1487 2280 in
1527 2227 1638 2282 Deo
1677 2241 1791 2280 ma-

216 2327 452 2379 neamus,
480 2323 539 2370 et
567 2314 681 2383 ipse
706 2317 759 2369 in
790 2315 962 2371 nobis.
1001 2315 1153 2372 Unde
1183 2327 1239 2371 et
1266 2318 1320 2372 in
1350 2319 1506 2373 donis
1533 2318 1629 2372 Dei
1658 2318 1789 2371 nihil

217 2404 378 2472 majus
401 2413 486 2460 est
511 2407 803 2480 charitate,
834 2417 890 2462 et
918 2407 1122 2460 nullum
1151 2417 1234 2463 est
1264 2407 1437 2476 majus
1464 2408 1662 2463 donum
1694 2409 1788 2464 Dei

217 2508 366 2563 quam
394 2495 634 2565 Spiritus
663 2505 903 2551 sanctus.
938 2495 1056 2566 Ipse
1080 2507 1164 2552 est
1190 2507 1246 2551 et
1275 2499 1445 2567 gratia
1474 2516 1486 2550 :
1520 2513 1640 2567 quae
1663 2499 1790 2568 quia

216 2600 314 2640 non
343 2601 443 2657 pro
473 2587 688 2642 meritis
712 2589 941 2654 nostris,
985 2590 1077 2643 sed
1105 2588 1380 2644 voluntate
1410 2589 1588 2643 divina
1624 2589 1792 2660 gratis

216 2674 380 2741 datur,
432 2677 560 2736 inde
607 2679 782 2748 gratia
825 2688 1189 2750 nuncupatur.
1243 2679 1393 2735 Sicut
1443 2683 1661 2736 unicum
1694 2683 1788 2737 Dei

217 2764 440 2821 Verbum
480 2768 705 2837 proprie
740 2783 999 2824 vocamus
1037 2768 1256 2824 nemine
1297 2771 1573 2840 sapientia:
1598 2811 1613 2838 ,
1665 2787 1791 2826 cum

215 2855 278 2910 sit
302 2855 481 2922 Pater,
510 2867 568 2913 et
595 2857 783 2923 Filius,
813 2868 869 2914 et
891 2859 1126 2930 Spiritus
1155 2870 1379 2916 sanctus
1409 2863 1790 2917 universaliter

215 2945 505 3014 sapientia:
547 2947 624 3001 ita
661 2947 896 3018 Spiritus
935 2959 1156 3004 sanctus
1200 2952 1415 3020 proprie
1446 2962 1789 3023 nuncupatur

213 3036 463 3092 vocabulo
491 3036 806 3102 cbaritatis,
840 3053 963 3093 cum
994 3040 1064 3094 sit
1094 3038 1258 3094 Pater
1286 3048 1341 3094 et
1367 3040 1535 3096 Filius
1566 3043 1784 3096 univer-

211 3125 388 3181 saliter
413 3128 680 3184 charitas.
735 3129 969 3199 Spiritus
999 3138 1221 3186 sanctus
1250 3131 1449 3200 digitus
1493 3132 1585 3186 Dei
1638 3148 1783 3200 esse,

213 3215 264 3269 in
288 3216 436 3271 libris
458 3218 739 3289 Evangelii
767 3196 1106 3288 apertissime
1125 3196 1451 3276 declaratur.
1484 3221 1617 3278 Cum
1639 3196 1784 3277 enim
1813 3196 1858 3259 C

214 3321 342 3363 unus
367 3310 698 3379 evangelista
737 3309 998 3364 dixisset:
1044 3310 1113 3363 In
1149 3311 1316 3382 digito
1346 3312 1443 3367 Dei
1480 3314 1633 3382 ejicio
1671 3314 1786 3367 dce-

212 3400 378 3452 mia
393 3399 550 3469 (Luc.
567 3399 672 3472 xx),
708 3400 845 3454 alius
877 3401 979 3455 hoc
1009 3399 1150 3456 idem
1178 3401 1254 3456 ita
1283 3404 1419 3457 dixit
1444 3421 1458 3456 :
1486 3403 1552 3456 In
1583 3403 1788 3473 Spiritu

211 3484 304 3542 Dei
336 3489 491 3558 ejicio
526 3490 791 3544 damonia
822 3489 1037 3560 (Matth.
1067 3490 1188 3561 xu).
1234 3491 1386 3548 Unde
1415 3503 1469 3548 et
1498 3494 1663 3563 digito
1691 3493 1786 3548 Dei

209 3580 404 3650 scripta
431 3580 520 3636 lex
549 3590 656 3646 est,
687 3581 809 3636 data
839 3583 927 3637 die
954 3582 1396 3652 quinquagesima
1425 3584 1494 3636 ab
1516 3585 1786 3641 occisione

211 3672 366 3740 agni:
399 3680 456 3726 et
494 3673 584 3728 die
627 3673 1072 3743 quinquagesima
1107 3675 1252 3727 venit
1294 3672 1528 3743 Spiritus
1568 3684 1788 3731 sanctus

215 3775 240 3814 ι
268 3762 515 3830 passione
558 3762 773 3816 Domini
811 3763 984 3816 nostri
1010 3761 1134 3817 Jesu
1164 3761 1387 3818 Christi.
1439 3763 1564 3819 Ideo
1604 3773 1784 3820 autem

204 3851 401 3921 digitus
435 3852 534 3906 Dei
575 3851 798 3917 dicitur,
852 3863 910 3906 ut
960 3851 1075 3920 eius
1121 3854 1431 3923 operatoria
1463 3855 1634 3910 virtus
1663 3871 1784 3910 cum

199 3939 362 3999 .Patre
384 3953 439 3999 et
463 3943 604 3999 Filio
633 3944 986 4015 signiﬁcetur.
1024 3944 1176 4000 Unde
1203 3955 1258 3999 et
1282 3945 1480 4001 Paulus
1507 3947 1583 4001 ait
1608 3964 1620 4000 :
1659 3947 1787 4000 Ηαιε

200 4043 373 4087 autem
403 4036 584 4087 omnia
613 4044 859 4104 operatur
888 4051 1023 4088 unus
1065 4045 1219 4105 atque
1249 4036 1385 4088 idem
1417 4036 1667 4104 Spiritus,
1699 4038 1784 4089 di-

209 4124 374 4179 videns
403 4123 630 4194 singulis
669 4134 823 4193 prout
863 4125 970 4178 vult
1003 4125 1054 4197 (Ι
1084 4123 1207 4179 Cor.
1241 4126 1363 4197 xu).
1419 4125 1573 4181 Sicut
1607 4137 1784 4183 autem

210 4228 299 4283 per
323 4217 656 4286 baptismum
700 4217 752 4269 in
795 4215 1010 4271 Christo
1040 4217 1302 4272 morimur
1331 4228 1384 4272 et
1425 4221 1784 4286 renascimur,

211 4305 278 4359 ita
304 4305 510 4377 Spiritu
542 4307 841 4377 signamur,
883 4305 973 4375 qui
1003 4315 1086 4360 est
1113 4306 1313 4377 digitus
1338 4307 1435 4361 Dei
1465 4317 1518 4362 et
1547 4309 1787 4378 spiritale

213 4396 559 4466 signaculum.
620 4395 855 4464 Spiritus
901 4404 1122 4450 sanctus
1169 4395 1372 4451 idcirco
1421 4397 1473 4450 in
1522 4398 1785 4454 columba:

211 4491 376 4556 specie
405 4490 624 4544 venisse
654 4488 930 4551 scribitur,
980 4497 1038 4541 ut
1084 4495 1276 4541 natura
1324 4486 1440 4556 eius
1486 4503 1584 4558 per
1628 4506 1781 4544 avem

211 4580 568 4650 simplicitatis
598 4587 652 4634 et
677 4580 996 4634 innocentia:
1023 4579 1346 4634 declaretur.
1394 4579 1547 4636 Unde
1582 4590 1637 4635 et
1677 4582 1784 4636 Do-

213 4674 376 4730 minus
419 4694 433 4728 :
491 4673 715 4739 Estote,
769 4674 979 4742 inquit,
1032 4673 1290 4744 simplices
1339 4676 1473 4728 sicut
1533 4673 1784 4728 columba:

213 4764 414 4832 (Matth.
460 4763 544 4836 ι).
603 4763 729 4819 Hmc
764 4765 906 4817 enim
945 4764 1058 4818 avis
1105 4763 1458 4832 corporaliter
1502 4764 1616 4833 ipso
1662 4762 1784 4817 felle

213 4865 385 4921 caret,
453 4855 665 4910 habens
713 4841 921 4908 tantum
982 4854 1348 4908 innocentiam
1410 4862 1464 4908 et
1519 4868 1782 4907 amorem.

212 4947 435 5017 Spiritus
478 4956 705 5002 sanctus
742 4947 864 5000 inde
902 4946 1117 5001 nomine
1168 4947 1306 5015 ignis
1352 4946 1651 5015 appellatur
1685 4960 1784 5015 pro

210 5054 267 5093 eo
314 5041 459 5111 quod
518 5041 572 5095 in
626 5038 986 5109 apostolorum
1034 5038 1259 5092 Actibus
1323 5053 1420 5106 per
1463 5038 1782 5092 divisionem

209 5133 507 5204 linguarum
558 5142 620 5188 ut
666 5133 804 5203 ignis
852 5133 1136 5202 apparuit:
1173 5133 1263 5201 qui
1311 5142 1358 5185 et
1402 5131 1589 5186 insedit
1629 5147 1784 5201 super

210 5239 622 5295 unumquemque
651 5239 830 5275 eorum
861 5222 998 5292 (Act.
1030 5223 1112 5292 ιι).
1169 5222 1465 5290 Propterea
1495 5231 1672 5276 autem
1704 5223 1783 5276 di-

209 5328 479 5370 versarum
537 5311 842 5384 linguarum
895 5314 1122 5384 gratiam
1177 5313 1436 5381 apostolis
1489 5315 1671 5376 dedit,
1725 5323 1784 5366 ut

212 5401 374 5460 idonei
421 5403 772 5460 efﬁcerentur
815 5403 1046 5457 ﬁdelium
1091 5403 1393 5458 eruditione
1438 5402 1776 5471 p0pulornm.

213 5493 353 5561 Quod
394 5511 527 5551 vero
574 5509 738 5564 supra
790 5493 1027 5562 singulos
1077 5493 1280 5547 sedisse
1332 5501 1679 5552 memoratur,
1729 5490 1780 5544 id

213 5600 375 5641 causa:
409 5596 495 5640 est
535 5595 594 5639 ut
635 5584 963 5653 intelligatur
987 5599 1082 5652 per
1109 5576 1289 5651 plures
1317 5599 1420 5637 non
1451 5583 1613 5637 fuisse
1641 5581 1778 5636 divi-

214 5691 318 5738 sus,
344 5677 436 5731 sed
461 5675 728 5729 mansisse
757 5675 807 5727 in
834 5673 1054 5742 singulis
1082 5682 1246 5736 totus,
1271 5673 1410 5726 sicut
1434 5673 1543 5727 fere
1572 5673 1781 5741 ignibus

219 5781 326 5820 mos
348 5776 447 5823 est.
501 5765 651 5819 Hanc
680 5764 824 5818 enim
855 5764 1014 5819 liabet
1049 5770 1296 5817 naturain
1335 5763 1470 5833 ignis
1502 5777 1777 5826 accensus,

1810 4541 1863 4600 D

1892 1959 2126 2006 testante
2156 1951 2208 2021 (Ι
2234 1952 2396 2006 Joan.
2422 1953 2520 2020 u);
2555 1954 2680 2022 quia
2711 1955 2852 2009 sicut
2878 1955 3056 2010 oleum
3088 1955 3319 2010 naturali
3347 1970 3478 2024 pon-

1891 2041 2020 2094 dere
2042 2041 2377 2110 superfcrtur
2401 2044 2546 2096 omni
2572 2044 2800 2112 liquore,
2824 2046 2896 2100 ita
2922 2047 2974 2100 in
2999 2046 3264 2116 principio
3287 2061 3476 2115 supcr-

1893 2131 2166 2187 ferebatur
2183 2132 2415 2203 Spiritus
2431 2143 2653 2189 sanctus
2666 2137 2838 2204 aquis.
2855 2137 3007 2191 Unde
3018 2146 3074 2191 et
3090 2136 3346 2191 Dominus
3357 2137 3477 2190 oleo

1892 2223 2286 2286 exsultationis,
2337 2225 2439 2278 hoc
2481 2233 2565 2279 est
2606 2224 2811 2294 Spiritu
2849 2236 3063 2291 sancto,
3090 2226 3285 2294 legitur
3311 2224 3484 2280 fuisse

1891 2324 2106 2370 unctus.
2142 2315 2208 2370 Et
2233 2315 2469 2371 Joannes
2494 2319 2768 2386 apostolus
2798 2318 3060 2387 Spiritum
3092 2326 3340 2372 sanctum
3371 2334 3473 2370 un—

1892 2407 2124 2460 ctionem
2157 2415 2333 2470 vocat,
2367 2407 2549 2462 dicens
2577 2405 2767 2477 (lbid.)
2793 2427 2806 2459 :
2846 2406 2912 2459 Et
2939 2424 3025 2460 vos
3052 2408 3348 2460 unctionem
3380 2405 3473 2475 [Et

1893 2492 2118 2565 unctio],
2142 2510 2297 2563 quam
2325 2495 2596 2564 accepistis
2626 2495 2691 2548 ab
2711 2511 2794 2560 eo,
2814 2506 3112 2564 permaneat
3141 2495 3195 2546 in
3222 2495 3384 2547 vobis.
3408 2493 3475 2547 Et

1893 2600 2097 2637 necesse
2131 2601 2234 2638 non
2265 2583 2466 2638 habetis
2511 2595 2567 2638 ut
2614 2585 2806 2656 aliquis
2834 2586 3015 2639 docent
3056 2601 3168 2648 ros,
3211 2585 3300 2637 sed
3341 2584 3473 2636 sicut

1892 2675 2067 2728 unctio
2093 2674 2208 2744 ejus
2235 2675 2379 2728 docet
2404 2692 2493 2730 vos
2518 2676 2581 2729 de
2608 2677 2749 2730 omni
2774 2693 2847 2731 re.
2885 2677 3002 2746 Ipse
3026 2684 3110 2732 est
3133 2676 3278 2731 cnim
3303 2675 3479 2744 Spiri-

1891 2773 1982 2822 tus
2007 2778 2232 2824 sanetus
2254 2770 2436 2824 unctio
2464 2769 2781 2824 invisibilis-

2510 2878 2737 2935 CAPUT
2778 2879 2864 2933 IV.

2378 2949 2454 3004 De
2490 2951 2672 3004 eadem
2711 2949 2970 3003 Trinitate

1961 3035 2199 3093 Trinitas
2220 3039 2487 3109 appellata
2511 3039 2653 3108 quod
2676 3038 2770 3092 ﬁat
2793 3047 2965 3093 totum
2988 3052 3152 3091 unum
3173 3053 3236 3091 ex
3259 3037 3475 3105 quibus-

1891 3127 2013 3181 dam
2040 3129 2232 3194 tribus,
2254 3129 2408 3198 quasi
2435 3129 2651 3183 trinitas
2678 3146 2690 3180 :
2725 3137 2783 3182 ut
2811 3127 3092 3190 memoria,
3123 3127 3473 3197 intelligentia

1890 3233 1946 3279 ct
1968 3223 2249 3288 voluntas,
2297 3224 2350 3277 in
2392 3223 2588 3293 quibus
2623 3238 2775 3278 mens
2811 3223 2973 3276 habet
3003 3222 3056 3275 in
3091 3237 3149 3276 se
3183 3222 3470 3289 quamdam

1892 3313 2178 3384 imaginem
2219 3313 2416 3367 divina:
2458 3314 2760 3367 Trinitatis.
2823 3312 2956 3366 Nam
3003 3313 3129 3366 dum
3177 3313 3279 3366 tria
3325 3312 3474 3376 sint,

1889 3419 2053 3458 unum
2086 3412 2246 3468 sunt;
2282 3404 2407 3474 quia
2435 3412 2490 3458 et
2518 3403 2727 3473 singula
2755 3404 2808 3459 in
2837 3419 2896 3459 se
2923 3411 3177 3470 manent,
3213 3411 3267 3458 et
3291 3404 3476 3459 omnia

1891 3495 1943 3549 in
1971 3495 2240 3549 omnibus.

1960 3585 2146 3639 Omnis
2170 3586 2349 3654 itaque
2372 3585 2651 3655 Scriptura
2674 3583 2886 3640 Veteris
2906 3598 2970 3637 ac
2990 3582 3122 3636 Novi
3143 3580 3479 3637 Testamenti

1889 3673 2143 3727 divinitus
2175 3674 2467 3743 inspirata,
2510 3676 2553 3728 si
2585 3674 2847 3729 catliolice
2875 3671 3213 3740 intelligitur,
3252 3671 3352 3726 hoe
3383 3671 3466 3724 in-

1890 3765 2067 3818 sinuat
2097 3765 2240 3833 quod
2273 3765 2455 3830 Pater,
2504 3773 2557 3817 et
2600 3764 2794 3830 Filius,
2842 3773 2898 3818 et
2945 3761 3180 3833 Spiritus
3225 3772 3470 3826 sanctus,

1888 3869 2029 3908 unus
2053 3854 2122 3907 sit
2154 3853 2314 3918 Deus,
2347 3854 2695 3923 ejusdemque
2723 3852 3059 3915 substantiae,
3092 3852 3358 3920 uniusque
3385 3868 3475 3906 es-

1889 3945 2075 3998 sentia:
2117 3954 2282 4013 atque
2325 3944 2701 4012 inseparabilis
2740 3943 3099 3998 indivinitatis
3127 3942 3471 4014 [divinitatis]

1887 4035 2092 4089 unitate
2119 4051 2132 4088 :
2161 4034 2389 4104 ideoque
2416 4049 2521 4089 non
2549 4043 2671 4088 sunt
2702 4043 2815 4089 tres
2842 4035 2935 4098 dii,
2962 4035 3055 4089 sed
3082 4049 3220 4087 unus
3245 4051 3258 4087 τ
3289 4033 3472 4096 Pater,

1887 4134 1942 4179 et
1966 4123 2153 4188 Filius,
2178 4135 2233 4178 et
2256 4123 2492 4193 Spiritus
2521 4131 2740 4178 sanctus
2765 4142 2779 4176 :
2812 4124 3064 4192 quamvis
3089 4122 3250 4176 Pater
3273 4122 3468 4175 Filium

1888 4219 2151 4290 genuerit,
2181 4227 2235 4271 et
2263 4219 2384 4273 ldeo
2414 4217 2582 4272 Filius
2614 4233 2722 4271 non
2752 4216 2821 4270 sit
2845 4216 2934 4284 qui
2963 4214 3127 4268 Pater
3151 4223 3253 4277 est,
3281 4213 3476 4266 Filius-

1887 4325 1991 4378 que
2021 4324 2052 4361 a
2081 4308 2242 4362 Patre
2292 4308 2363 4362 sit
2408 4307 2621 4378 genitus
2645 4346 2659 4371 ,
2701 4316 2757 4361 et
2797 4307 2916 4361 ideo
2940 4305 3103 4360 Pater
3136 4321 3240 4358 non
3277 4305 3346 4358 sit
3381 4304 3472 4372 qui

1887 4401 2052 4455 Filius
2073 4408 2155 4454 est
2179 4417 2194 4453 :
2226 4399 2462 4469 Spiritus
2489 4409 2709 4454 sanctus
2733 4415 2830 4455 nec
2851 4400 3016 4453 Pater
3041 4399 3127 4460 sit,
3158 4415 3256 4454 nec
3283 4398 3472 4460 Filius,

1888 4493 1980 4546 sed
2017 4500 2220 4546 tantum
2256 4492 2430 4546 Patris
2479 4500 2533 4546 et
2580 4491 2700 4544 Filii
2733 4490 2968 4559 Spiritus
2993 4531 3008 4554 ,
3062 4490 3206 4544 Patri
3248 4499 3302 4544 et
3335 4490 3473 4544 Filio

1889 4583 2048 4637 etiam
2078 4583 2190 4652 ipse
2218 4585 2505 4653 comqualis
2534 4595 2589 4637 et
2619 4585 2684 4638 ad
2713 4583 2997 4638 Trinitatis
3038 4584 3315 4652 pertinens
3346 4586 3468 4638 uni-

1888 4685 2073 4729 tatem.
2107 4675 2173 4728 Et
2195 4675 2306 4729 haec
2329 4674 2567 4728 Trinitas
2596 4690 2732 4728 unus
2757 4684 2834 4728 est
2865 4675 3023 4737 Deus,
3045 4690 3111 4727 ex
3137 4689 3243 4742 quo
3266 4676 3471 4736 omnia,

1887 4778 1985 4832 per
2010 4779 2167 4833 quem
2196 4764 2374 4819 omnia
2395 4805 2408 4825 ,
2439 4772 2494 4817 et
2541 4764 2593 4816 in
2628 4779 2734 4832 quo
2763 4765 2975 4826 omnia,
3007 4764 3167 4817 beato
3195 4764 3361 4818 Paulo
3389 4776 3471 4818 at-

1887 4867 2156 4924 testante,
2199 4859 2288 4912 ubi
2331 4858 2444 4912 ait:
2480 4856 2754 4922 Quomodo
2784 4854 3095 4927 [Quoniam]
3140 4871 3206 4907 ea:
3241 4855 3373 4922 ipso,
3417 4866 3469 4908 et

1886 4967 1976 5019 per
1995 4949 2184 5019 ipsum,
2208 4959 2254 5000 et
2281 4949 2333 5000 in
2359 4950 2468 5017 ipso
2491 4957 2610 4999 sunt
2638 4949 2813 4998 omnia
2837 4959 2854 4996 :
2879 4945 2977 5012 ipsi
3004 4944 3172 5013 gloria
3195 4944 3250 4997 in
3273 4945 3468 5016 sa’culn

1884 5038 2215 5093 sn'culorum.
2246 5037 2408 5091 Amen
2457 5036 2628 5102 (Rom.
2654 5035 2752 5104 xl).
2778 5035 2944 5105 Igitur
2964 5033 3269 5088 ﬁrmissime
3293 5034 3468 5087 credi-

1887 5146 2024 5193 mus,
2053 5129 2293 5193 Patrem,
2321 5137 2375 5181 et
2395 5126 2610 5189 Filium,
2635 5134 2688 5179 et
2715 5125 2976 5194 Spiritum
3005 5131 3274 5186 sanctum,
3301 5138 3464 5174 nnmu

1884 5233 2002 5273 esse
2032 5218 2348 5271 naturaliter
2378 5217 2542 5270 Deum
2569 5234 2582 5268 :
2627 5231 2801 5284 neque
2835 5224 3014 5268 tamen
3047 5214 3218 5281 ipsum
3251 5211 3463 5266 Patrem

1884 5326 2002 5365 esse
2029 5310 2118 5379 qui
2151 5309 2320 5362 Filius
2347 5318 2447 5371 est,
2480 5323 2577 5362 nec
2606 5306 2801 5359 Filium
2836 5306 3008 5374 ipsum
3041 5318 3164 5358 esse
3188 5303 3277 5371 qui
3306 5302 3467 5355 Pater

1883 5411 1983 5461 est,
2013 5415 2111 5453 nec
2143 5399 2402 5468 Spiritum
2433 5405 2678 5451 sanctum
2714 5396 2884 5462 ipsum
2916 5408 3037 5448 esse
3065 5393 3154 5462 qui
3187 5391 3348 5446 Pater
3371 5399 3466 5446 aut

1884 5490 2051 5543 Filius
2077 5497 2177 5542 est.
2221 5488 2334 5544 Una
2365 5496 2450 5541 cst
2479 5487 2620 5540 enim
2652 5485 2855 5549 Patris,
2886 5493 2941 5539 et
2972 5483 3111 5544 Filii,
3146 5491 3200 5535 ct
3229 5481 3463 5550 Spiritus

1884 5582 2051 5637 sancti
2079 5582 2350 5636 essentia:
2386 5582 2436 5634 in
2475 5594 2578 5648 qua
2630 5594 2733 5631 non
2780 5585 2863 5630 cst
2893 5575 3268 5637 aliudPater,
3317 5571 3459 5626 aliud

1884 5673 2067 5736 Filius,
2107 5672 2250 5725 aliud
2279 5671 2512 5740 Spiritus
2543 5678 2762 5722 sanctus
2788 5685 2800 5718 τ
2834 5665 3080 5735 quamvis
3108 5661 3459 5733 personaliter

1884 5764 1948 5817 sit
1981 5761 2116 5816 alitis
2147 5762 2325 5825 Pater,
2372 5760 2505 5814 alius
2543 5759 2732 5820 Filius,
2778 5757 2912 5810 alius
2943 5755 3175 5826 Spiritus
3217 5758 3452 5806 sanctus.
