  <div class='ocr_page' id='page_1' title='image "/cluster/home/n/w/nwhite01/storage/ocr_20150623/111/uva.x000827067/021.png"; bbox 0 0 3896 6340; ppageno 0'>
   <div class='ocr_carea' id='block_1_1' title="bbox 408 342 1999 412">
    <p class='ocr_par' dir='ltr' id='par_1_1' title="bbox 408 343 1999 404">
     <span class='ocr_line' id='line_1_1' title="bbox 408 343 1999 404; baseline -0.001 -5"><span class='ocrx_word' id='word_1_1' title='bbox 408 346 477 400; x_wconf 72' lang='lat'><strong><em>‘27</em></strong></span> <span class='ocrx_word' id='word_1_2' title='bbox 1054 349 1112 402; x_wconf 84' lang='grc' dir='ltr'><strong><em>Β.</em></strong></span> <span class='ocrx_word' id='word_1_3' title='bbox 1159 348 1411 404; x_wconf 76' lang='grc' dir='ltr'>ιιΑΒΑΝι</span> <span class='ocrx_word' id='word_1_4' title='bbox 1452 343 1671 403; x_wconf 75' lang='grc' dir='ltr'><strong><em>ΜἉυΙὶι</em></strong></span> <span class='ocrx_word' id='word_1_5' title='bbox 1711 344 1999 400; x_wconf 79' lang='lat' dir='ltr'><strong><em>ARCillEP</em></strong></span> 
     </span>
    </p>
   </div>
   <div class='ocr_carea' id='block_1_2' title="bbox 2103 342 3670 412">
    <p class='ocr_par' dir='ltr' id='par_1_2' title="bbox 2103 342 3670 412">
     <span class='ocr_line' id='line_1_2' title="bbox 2103 342 3670 412; baseline 0.008 -15"><span class='ocrx_word' id='word_1_6' title='bbox 2103 342 2379 401; x_wconf 73' lang='lat' dir='ltr'><strong><em>lOGUNT.</em></strong></span> <span class='ocrx_word' id='word_1_7' title='bbox 2422 343 2701 402; x_wconf 76' lang='lat' dir='ltr'><strong><em>OPERUM</em></strong></span> <span class='ocrx_word' id='word_1_8' title='bbox 2742 346 2922 403; x_wconf 80' lang='lat' dir='ltr'><strong><em>PARS</em></strong></span> <span class='ocrx_word' id='word_1_9' title='bbox 2962 349 3023 403; x_wconf 89' lang='lat' dir='ltr'><strong><em>ll.</em></strong></span> <span class='ocrx_word' id='word_1_10' title='bbox 3599 350 3670 412; x_wconf 68' lang='lat'><strong><em>98</em></strong></span> 
     </span>
    </p>
   </div>
   <div class='ocr_carea' id='block_1_3' title="bbox 409 436 2127 532">
    <p class='ocr_par' dir='ltr' id='par_1_3' title="bbox 409 436 2127 532">
     <span class='ocr_line' id='line_1_3' title="bbox 409 436 2127 532; baseline -0.003 -16"><span class='ocrx_word' id='word_1_11' title='bbox 409 463 564 531; x_wconf 85' lang='lat' dir='ltr'><strong>Quod</strong></span> <span class='ocrx_word' id='word_1_12' title='bbox 591 462 745 517; x_wconf 92' lang='lat' dir='ltr'><strong><em>nobis</em></strong></span> <span class='ocrx_word' id='word_1_13' title='bbox 768 462 1002 517; x_wconf 77' lang='lat' dir='ltr'><strong><em>maxime</em></strong></span> <span class='ocrx_word' id='word_1_14' title='bbox 1027 463 1080 516; x_wconf 92' lang='lat' dir='ltr'><strong><em>in</em></strong></span> <span class='ocrx_word' id='word_1_15' title='bbox 1113 464 1228 532; x_wconf 90' lang='lat' dir='ltr'><strong><em>ipso</em></strong></span> <span class='ocrx_word' id='word_1_16' title='bbox 1254 469 1565 517; x_wconf 81' lang='lat' dir='ltr'><strong><em>sanctarum</em></strong></span> <span class='ocrx_word' id='word_1_17' title='bbox 1594 460 1993 528; x_wconf 88' lang='lat' dir='ltr'><strong><em>Seripturarum</em></strong></span> <span class='ocrx_word' id='word_1_18' title='bbox 2023 461 2073 519; x_wconf 83' lang='grc' dir='ltr'><strong>Α</strong></span> <span class='ocrx_word' id='word_1_19' title='bbox 2108 436 2127 445; x_wconf 61' lang='grc'><em>’</em></span> 
     </span>
    </p>
   </div>
   <div class='ocr_carea' id='block_1_4' title="bbox 414 548 1994 616">
    <p class='ocr_par' dir='ltr' id='par_1_4' title="bbox 414 548 1994 616">
     <span class='ocr_line' id='line_1_4' title="bbox 414 548 1994 616; baseline -0.005 -9"><span class='ocrx_word' id='word_1_20' title='bbox 414 554 818 609; x_wconf 74' lang='lat' dir='ltr'><strong><em>demonstratur</em></strong></span> <span class='ocrx_word' id='word_1_21' title='bbox 848 552 1023 616; x_wconf 90' lang='lat' dir='ltr'><strong><em>initio,</em></strong></span> <span class='ocrx_word' id='word_1_22' title='bbox 1072 553 1161 607; x_wconf 88' lang='lat' dir='ltr'><strong><em>ubi</em></strong></span> <span class='ocrx_word' id='word_1_23' title='bbox 1204 554 1348 607; x_wconf 87' lang='lat' dir='ltr'><strong><em>Deus</em></strong></span> <span class='ocrx_word' id='word_1_24' title='bbox 1386 552 1552 607; x_wconf 85' lang='lat' dir='ltr'><strong><em>dicit;</em></strong></span> <span class='ocrx_word' id='word_1_25' title='bbox 1588 549 1870 603; x_wconf 73' lang='lat' dir='ltr'><strong><em>Faciamus</em></strong></span> <span class='ocrx_word' id='word_1_26' title='bbox 1900 548 1994 600; x_wconf 85' lang='lat' dir='ltr'><strong><em>ho-</em></strong></span> 
     </span>
    </p>
   </div>
   <div class='ocr_carea' id='block_1_5' title="bbox 414 638 1989 712">
    <p class='ocr_par' dir='ltr' id='par_1_5' title="bbox 414 638 1989 712">
     <span class='ocr_line' id='line_1_5' title="bbox 414 638 1989 712; baseline -0.003 -15"><span class='ocrx_word' id='word_1_27' title='bbox 414 645 605 697; x_wconf 83' lang='lat' dir='ltr'><strong><em>minem</em></strong></span> <span class='ocrx_word' id='word_1_28' title='bbox 628 642 695 695; x_wconf 88' lang='lat' dir='ltr'><strong><em>ad</em></strong></span> <span class='ocrx_word' id='word_1_29' title='bbox 719 643 999 712; x_wconf 74' lang='lat' dir='ltr'><strong><em>imaginem</em></strong></span> <span class='ocrx_word' id='word_1_30' title='bbox 1024 652 1072 696; x_wconf 77' lang='lat' dir='ltr'><strong><em>et</em></strong></span> <span class='ocrx_word' id='word_1_31' title='bbox 1092 643 1493 696; x_wconf 73' lang='lat' dir='ltr'><strong><em>similitudinem</em></strong></span> <span class='ocrx_word' id='word_1_32' title='bbox 1511 652 1740 694; x_wconf 82' lang='lat' dir='ltr'><strong><em>nostram</em></strong></span> <span class='ocrx_word' id='word_1_33' title='bbox 1758 638 1912 711; x_wconf 83' lang='lat' dir='ltr'><strong><em>(Gen.</em></strong></span> <span class='ocrx_word' id='word_1_34' title='bbox 1928 639 1989 709; x_wconf 87' lang='grc' dir='ltr'><strong><em>ι).</em></strong></span> 
     </span>
    </p>
   </div>
   <div class='ocr_carea' id='block_1_6' title="bbox 414 730 1993 801">
    <p class='ocr_par' dir='ltr' id='par_1_6' title="bbox 414 730 1993 801">
     <span class='ocr_line' id='line_1_6' title="bbox 414 730 1993 801; baseline -0.002 -17"><span class='ocrx_word' id='word_1_35' title='bbox 414 730 548 785; x_wconf 88' lang='lat' dir='ltr'><strong><em>Cum</em></strong></span> <span class='ocrx_word' id='word_1_36' title='bbox 579 730 721 785; x_wconf 90' lang='lat' dir='ltr'><strong><em>enim</em></strong></span> <span class='ocrx_word' id='word_1_37' title='bbox 762 730 1019 801; x_wconf 75' lang='lat' dir='ltr'><strong><em>singulari</em></strong></span> <span class='ocrx_word' id='word_1_38' title='bbox 1061 746 1286 787; x_wconf 88' lang='lat' dir='ltr'><strong><em>numero</em></strong></span> <span class='ocrx_word' id='word_1_39' title='bbox 1314 730 1452 784; x_wconf 75' lang='lat' dir='ltr'><strong><em>dixit</em></strong></span> <span class='ocrx_word' id='word_1_40' title='bbox 1486 730 1782 799; x_wconf 85' lang='lat' dir='ltr'><strong><em>imaginem,</em></strong></span> <span class='ocrx_word' id='word_1_41' title='bbox 1814 737 1993 781; x_wconf 89' lang='lat' dir='ltr'><strong><em>osten-</em></strong></span> 
     </span>
    </p>
   </div>
   <div class='ocr_carea' id='block_1_7' title="bbox 414 819 1993 888">
    <p class='ocr_par' dir='ltr' id='par_1_7' title="bbox 414 819 1993 888">
     <span class='ocr_line' id='line_1_7' title="bbox 414 819 1993 888; baseline 0 -15"><span class='ocrx_word' id='word_1_42' title='bbox 414 819 495 873; x_wconf 93' lang='lat' dir='ltr'><strong><em>dit</em></strong></span> <span class='ocrx_word' id='word_1_43' title='bbox 537 834 700 875; x_wconf 87' lang='lat' dir='ltr'><strong><em>unam</em></strong></span> <span class='ocrx_word' id='word_1_44' title='bbox 745 828 997 875; x_wconf 88' lang='lat' dir='ltr'><strong><em>naturam</em></strong></span> <span class='ocrx_word' id='word_1_45' title='bbox 1030 835 1149 874; x_wconf 90' lang='lat' dir='ltr'><strong><em>esse</em></strong></span> <span class='ocrx_word' id='word_1_46' title='bbox 1187 821 1254 875; x_wconf 90' lang='lat' dir='ltr'><strong><em>ad</em></strong></span> <span class='ocrx_word' id='word_1_47' title='bbox 1298 820 1451 888; x_wconf 83' lang='lat' dir='ltr'><strong>cujus</strong></span> <span class='ocrx_word' id='word_1_48' title='bbox 1496 820 1785 887; x_wconf 73' lang='lat' dir='ltr'><strong><em>imaginem</em></strong></span> <span class='ocrx_word' id='word_1_49' title='bbox 1833 819 1993 873; x_wconf 90' lang='lat' dir='ltr'><strong><em>homo</em></strong></span> 
     </span>
    </p>
   </div>
   <div class='ocr_carea' id='block_1_8' title="bbox 417 911 1996 983">
    <p class='ocr_par' dir='ltr' id='par_1_8' title="bbox 417 911 1996 983">
     <span class='ocr_line' id='line_1_8' title="bbox 417 911 1996 983; baseline 0.001 -19"><span class='ocrx_word' id='word_1_50' title='bbox 417 911 611 977; x_wconf 69' lang='lat' dir='ltr'><strong><em>(iebat;</em></strong></span> <span class='ocrx_word' id='word_1_51' title='bbox 655 928 775 967; x_wconf 92' lang='lat' dir='ltr'><strong><em>cum</em></strong></span> <span class='ocrx_word' id='word_1_52' title='bbox 800 928 927 966; x_wconf 89' lang='lat' dir='ltr'><strong><em>vero</em></strong></span> <span class='ocrx_word' id='word_1_53' title='bbox 955 913 1088 968; x_wconf 92' lang='lat' dir='ltr'><strong><em>dicit</em></strong></span> <span class='ocrx_word' id='word_1_54' title='bbox 1133 913 1413 983; x_wconf 82' lang='lat' dir='ltr'><strong><em>pluraliter</em></strong></span> <span class='ocrx_word' id='word_1_55' title='bbox 1443 924 1676 967; x_wconf 85' lang='lat' dir='ltr'><strong><em>nostram</em></strong></span> <span class='ocrx_word' id='word_1_56' title='bbox 1703 952 1717 975; x_wconf 91' lang='lat'><strong><em>,</em></strong></span> <span class='ocrx_word' id='word_1_57' title='bbox 1760 913 1996 967; x_wconf 84' lang='lat' dir='ltr'><strong><em>ostendit</em></strong></span> 
     </span>
    </p>
   </div>
   <div class='ocr_carea' id='block_1_9' title="bbox 417 1002 1995 1075">
    <p class='ocr_par' dir='ltr' id='par_1_9' title="bbox 417 1002 1995 1075">
     <span class='ocr_line' id='line_1_9' title="bbox 417 1002 1995 1075; baseline -0.001 -18"><span class='ocrx_word' id='word_1_58' title='bbox 417 1004 611 1068; x_wconf 88' lang='lat' dir='ltr'><strong><em>Deum,</em></strong></span> <span class='ocrx_word' id='word_1_59' title='bbox 658 1004 725 1057; x_wconf 87' lang='lat' dir='ltr'><strong><em>ad</em></strong></span> <span class='ocrx_word' id='word_1_60' title='bbox 764 1002 917 1071; x_wconf 87' lang='lat' dir='ltr'><strong>cujus</strong></span> <span class='ocrx_word' id='word_1_61' title='bbox 956 1004 1244 1075; x_wconf 77' lang='lat' dir='ltr'><strong><em>imaginem</em></strong></span> <span class='ocrx_word' id='word_1_62' title='bbox 1273 1006 1434 1059; x_wconf 89' lang='lat' dir='ltr'><strong><em>homo</em></strong></span> <span class='ocrx_word' id='word_1_63' title='bbox 1464 1004 1653 1068; x_wconf 79' lang='lat' dir='ltr'><strong><em>ﬁebat,</em></strong></span> <span class='ocrx_word' id='word_1_64' title='bbox 1695 1018 1801 1058; x_wconf 90' lang='lat' dir='ltr'><strong><em>non</em></strong></span> <span class='ocrx_word' id='word_1_65' title='bbox 1831 1018 1995 1057; x_wconf 88' lang='lat' dir='ltr'><strong><em>unam</em></strong></span> 
     </span>
    </p>
   </div>
   <div class='ocr_carea' id='block_1_10' title="bbox 413 1090 2009 1161">
    <p class='ocr_par' dir='ltr' id='par_1_10' title="bbox 413 1090 2009 1161">
     <span class='ocr_line' id='line_1_10' title="bbox 413 1090 2009 1161; baseline 0 -16"><span class='ocrx_word' id='word_1_66' title='bbox 413 1104 535 1146; x_wconf 89' lang='lat' dir='ltr'><strong><em>esse</em></strong></span> <span class='ocrx_word' id='word_1_67' title='bbox 562 1106 869 1161; x_wconf 80' lang='lat' dir='ltr'><strong><em>personam.</em></strong></span> <span class='ocrx_word' id='word_1_68' title='bbox 918 1090 975 1146; x_wconf 91' lang='lat' dir='ltr'><strong><em>Si</em></strong></span> <span class='ocrx_word' id='word_1_69' title='bbox 1005 1093 1147 1146; x_wconf 91' lang='lat' dir='ltr'><strong><em>enim</em></strong></span> <span class='ocrx_word' id='word_1_70' title='bbox 1186 1092 1274 1147; x_wconf 89' lang='lat' dir='ltr'><strong><em>illa</em></strong></span> <span class='ocrx_word' id='word_1_71' title='bbox 1300 1108 1409 1147; x_wconf 82' lang='lat' dir='ltr'><strong><em>una</em></strong></span> <span class='ocrx_word' id='word_1_72' title='bbox 1439 1093 1671 1147; x_wconf 83' lang='lat' dir='ltr'><strong><em>essentia</em></strong></span> <span class='ocrx_word' id='word_1_73' title='bbox 1706 1091 1906 1157; x_wconf 87' lang='lat' dir='ltr'><strong><em>Patris,</em></strong></span> <span class='ocrx_word' id='word_1_74' title='bbox 1942 1099 2009 1146; x_wconf 78' lang='lat' dir='ltr'><strong><em>et.</em></strong></span> 
     </span>
    </p>
   </div>
   <div class='ocr_carea' id='block_1_11' title="bbox 414 1181 1998 1257">
    <p class='ocr_par' dir='ltr' id='par_1_11' title="bbox 414 1181 1998 1257">
     <span class='ocr_line' id='line_1_11' title="bbox 414 1181 1998 1257; baseline 0.003 -20"><span class='ocrx_word' id='word_1_75' title='bbox 414 1182 563 1249; x_wconf 80' lang='lat' dir='ltr'><strong><em>Filii,</em></strong></span> <span class='ocrx_word' id='word_1_76' title='bbox 588 1191 644 1239; x_wconf 89' lang='lat' dir='ltr'><strong><em>et</em></strong></span> <span class='ocrx_word' id='word_1_77' title='bbox 668 1181 902 1252; x_wconf 87' lang='lat' dir='ltr'><strong><em>Spiritus</em></strong></span> <span class='ocrx_word' id='word_1_78' title='bbox 930 1186 1103 1239; x_wconf 87' lang='lat' dir='ltr'><strong><em>sancti</em></strong></span> <span class='ocrx_word' id='word_1_79' title='bbox 1133 1202 1238 1240; x_wconf 88' lang='lat' dir='ltr'><strong><em>una</em></strong></span> <span class='ocrx_word' id='word_1_80' title='bbox 1265 1196 1407 1242; x_wconf 88' lang='lat' dir='ltr'><strong><em>esset</em></strong></span> <span class='ocrx_word' id='word_1_81' title='bbox 1436 1202 1688 1257; x_wconf 86' lang='lat' dir='ltr'><strong><em>persona,</em></strong></span> <span class='ocrx_word' id='word_1_82' title='bbox 1722 1204 1827 1242; x_wconf 91' lang='lat' dir='ltr'><strong><em>non</em></strong></span> <span class='ocrx_word' id='word_1_83' title='bbox 1856 1188 1998 1242; x_wconf 85' lang='lat' dir='ltr'><strong><em>dice-</em></strong></span> 
     </span>
    </p>
   </div>
   <div class='ocr_carea' id='block_1_12' title="bbox 414 1273 1995 1343">
    <p class='ocr_par' dir='ltr' id='par_1_12' title="bbox 414 1273 1995 1343">
     <span class='ocr_line' id='line_1_12' title="bbox 414 1273 1995 1343; baseline 0.001 -17"><span class='ocrx_word' id='word_1_84' title='bbox 414 1282 586 1336; x_wconf 82' lang='lat' dir='ltr'><strong><em>retur,</em></strong></span> <span class='ocrx_word' id='word_1_85' title='bbox 603 1274 671 1328; x_wconf 85' lang='lat' dir='ltr'><strong><em>ad</em></strong></span> <span class='ocrx_word' id='word_1_86' title='bbox 693 1273 970 1342; x_wconf 75' lang='lat' dir='ltr'><strong><em>imaginem</em></strong></span> <span class='ocrx_word' id='word_1_87' title='bbox 995 1284 1248 1339; x_wconf 86' lang='lat' dir='ltr'><strong><em>nostram,</em></strong></span> <span class='ocrx_word' id='word_1_88' title='bbox 1269 1275 1387 1339; x_wconf 88' lang='lat' dir='ltr'><strong><em>sed,</em></strong></span> <span class='ocrx_word' id='word_1_89' title='bbox 1406 1276 1475 1328; x_wconf 90' lang='lat' dir='ltr'><strong><em>ad</em></strong></span> <span class='ocrx_word' id='word_1_90' title='bbox 1496 1276 1773 1343; x_wconf 82' lang='lat' dir='ltr'><strong><em>imaginem</em></strong></span> <span class='ocrx_word' id='word_1_91' title='bbox 1797 1291 1995 1339; x_wconf 88' lang='lat' dir='ltr'><strong><em>meam;</em></strong></span> 
     </span>
    </p>
   </div>
   <div class='ocr_carea' id='block_1_13' title="bbox 416 1362 1998 1434">
    <p class='ocr_par' dir='ltr' id='par_1_13' title="bbox 416 1362 1998 1434">
     <span class='ocr_line' id='line_1_13' title="bbox 416 1362 1998 1434; baseline 0.003 -19"><span class='ocrx_word' id='word_1_92' title='bbox 416 1377 515 1417; x_wconf 86' lang='lat' dir='ltr'><strong><em>nec</em></strong></span> <span class='ocrx_word' id='word_1_93' title='bbox 540 1362 790 1425; x_wconf 80' lang='lat' dir='ltr'><strong><em>dixisset,</em></strong></span> <span class='ocrx_word' id='word_1_94' title='bbox 823 1364 1105 1431; x_wconf 72' lang='lat' dir='ltr'><strong><em>faciamus,</em></strong></span> <span class='ocrx_word' id='word_1_95' title='bbox 1136 1365 1255 1429; x_wconf 87' lang='lat' dir='ltr'><strong><em>sed,</em></strong></span> <span class='ocrx_word' id='word_1_96' title='bbox 1285 1366 1503 1434; x_wconf 75' lang='lat' dir='ltr'><strong><em>faciant.</em></strong></span> <span class='ocrx_word' id='word_1_97' title='bbox 1543 1364 1599 1418; x_wconf 91' lang='lat' dir='ltr'><strong><em>Si</em></strong></span> <span class='ocrx_word' id='word_1_98' title='bbox 1633 1379 1763 1419; x_wconf 91' lang='lat' dir='ltr'><strong><em>vero</em></strong></span> <span class='ocrx_word' id='word_1_99' title='bbox 1801 1364 1854 1418; x_wconf 92' lang='lat' dir='ltr'><strong><em>in</em></strong></span> <span class='ocrx_word' id='word_1_100' title='bbox 1894 1365 1998 1420; x_wconf 91' lang='lat' dir='ltr'><strong><em>illis</em></strong></span> 
     </span>
    </p>
   </div>
   <div class='ocr_carea' id='block_1_14' title="bbox 415 1456 1999 1528">
    <p class='ocr_par' dir='ltr' id='par_1_14' title="bbox 415 1456 1999 1528">
     <span class='ocr_line' id='line_1_14' title="bbox 415 1456 1999 1528; baseline 0.001 -20"><span class='ocrx_word' id='word_1_101' title='bbox 415 1456 589 1512; x_wconf 87' lang='lat' dir='ltr'><strong><em>tribus</em></strong></span> <span class='ocrx_word' id='word_1_102' title='bbox 618 1458 862 1525; x_wconf 85' lang='lat' dir='ltr'><strong><em>personis</em></strong></span> <span class='ocrx_word' id='word_1_103' title='bbox 892 1466 1005 1512; x_wconf 85' lang='lat' dir='ltr'><strong><em>tres</em></strong></span> <span class='ocrx_word' id='word_1_104' title='bbox 1023 1464 1207 1512; x_wconf 86' lang='lat' dir='ltr'><strong><em>essent</em></strong></span> <span class='ocrx_word' id='word_1_105' title='bbox 1231 1458 1589 1528; x_wconf 75' lang='lat' dir='ltr'><strong><em>intelligendzr.</em></strong></span> <span class='ocrx_word' id='word_1_106' title='bbox 1610 1457 1694 1510; x_wconf 89' lang='lat' dir='ltr'><strong><em>vel</em></strong></span> <span class='ocrx_word' id='word_1_107' title='bbox 1719 1456 1999 1511; x_wconf 66' lang='lat' dir='ltr'><strong><em>credenda:</em></strong></span> 
     </span>
    </p>
   </div>
   <div class='ocr_carea' id='block_1_15' title="bbox 415 1547 1996 1617">
    <p class='ocr_par' dir='ltr' id='par_1_15' title="bbox 415 1547 1996 1617">
     <span class='ocr_line' id='line_1_15' title="bbox 415 1547 1996 1617; baseline 0 -17"><span class='ocrx_word' id='word_1_108' title='bbox 415 1548 753 1612; x_wconf 71' lang='lat' dir='ltr'><strong><em>substantiae,</em></strong></span> <span class='ocrx_word' id='word_1_109' title='bbox 771 1565 875 1603; x_wconf 91' lang='lat' dir='ltr'><strong><em>non</em></strong></span> <span class='ocrx_word' id='word_1_110' title='bbox 900 1548 1278 1613; x_wconf 87' lang='lat' dir='ltr'><strong><em>diceretur,ad</em></strong></span> <span class='ocrx_word' id='word_1_111' title='bbox 1300 1549 1578 1617; x_wconf 85' lang='lat' dir='ltr'><strong><em>imaginem</em></strong></span> <span class='ocrx_word' id='word_1_112' title='bbox 1608 1557 1855 1606; x_wconf 83' lang='lat' dir='ltr'><strong><em>nostram,</em></strong></span> <span class='ocrx_word' id='word_1_113' title='bbox 1882 1547 1996 1612; x_wconf 88' lang='lat' dir='ltr'><strong><em>sed,</em></strong></span> 
     </span>
    </p>
   </div>
   <div class='ocr_carea' id='block_1_16' title="bbox 414 1638 1999 1708">
    <p class='ocr_par' dir='ltr' id='par_1_16' title="bbox 414 1638 1999 1708">
     <span class='ocr_line' id='line_1_16' title="bbox 414 1638 1999 1708; baseline 0 -17"><span class='ocrx_word' id='word_1_114' title='bbox 414 1639 487 1691; x_wconf 89' lang='lat' dir='ltr'><strong><em>ad</em></strong></span> <span class='ocrx_word' id='word_1_115' title='bbox 515 1640 767 1708; x_wconf 76' lang='lat' dir='ltr'><strong><em>imagines</em></strong></span> <span class='ocrx_word' id='word_1_116' title='bbox 805 1650 1031 1695; x_wconf 87' lang='lat' dir='ltr'><strong><em>nostras.</em></strong></span> <span class='ocrx_word' id='word_1_117' title='bbox 1091 1638 1197 1694; x_wconf 90' lang='lat' dir='ltr'><strong><em>Sed</em></strong></span> <span class='ocrx_word' id='word_1_118' title='bbox 1224 1640 1290 1693; x_wconf 88' lang='lat' dir='ltr'><strong><em>ad</em></strong></span> <span class='ocrx_word' id='word_1_119' title='bbox 1315 1653 1478 1695; x_wconf 90' lang='lat' dir='ltr'><strong><em>unam</em></strong></span> <span class='ocrx_word' id='word_1_120' title='bbox 1518 1638 1803 1708; x_wconf 81' lang='lat' dir='ltr'><strong><em>imaginem</em></strong></span> <span class='ocrx_word' id='word_1_121' title='bbox 1840 1638 1999 1691; x_wconf 89' lang='lat' dir='ltr'><strong><em>unius</em></strong></span> 
     </span>
    </p>
   </div>
   <div class='ocr_carea' id='block_1_17' title="bbox 415 1727 2000 1795">
    <p class='ocr_par' dir='ltr' id='par_1_17' title="bbox 415 1727 2000 1795">
     <span class='ocr_line' id='line_1_17' title="bbox 415 1727 2000 1795; baseline -0.001 -13"><span class='ocrx_word' id='word_1_122' title='bbox 415 1728 511 1784; x_wconf 89' lang='lat' dir='ltr'><strong><em>Dei</em></strong></span> <span class='ocrx_word' id='word_1_123' title='bbox 545 1729 706 1784; x_wconf 91' lang='lat' dir='ltr'><strong><em>homo</em></strong></span> <span class='ocrx_word' id='word_1_124' title='bbox 752 1728 926 1784; x_wconf 88' lang='lat' dir='ltr'><strong><em>factus</em></strong></span> <span class='ocrx_word' id='word_1_125' title='bbox 960 1730 1178 1795; x_wconf 88' lang='lat' dir='ltr'><strong><em>dicitur,</em></strong></span> <span class='ocrx_word' id='word_1_126' title='bbox 1230 1737 1290 1783; x_wconf 85' lang='lat' dir='ltr'><strong><em>ut</em></strong></span> <span class='ocrx_word' id='word_1_127' title='bbox 1336 1744 1443 1783; x_wconf 89' lang='lat' dir='ltr'><strong><em>una</em></strong></span> <span class='ocrx_word' id='word_1_128' title='bbox 1486 1738 1688 1783; x_wconf 84' lang='lat' dir='ltr'><strong><em>sancta:</em></strong></span> <span class='ocrx_word' id='word_1_129' title='bbox 1716 1727 2000 1781; x_wconf 85' lang='lat' dir='ltr'><strong><em>Trinitatis</em></strong></span> 
     </span>
    </p>
   </div>
   <div class='ocr_carea' id='block_1_18' title="bbox 2678 462 3080 519">
    <p class='ocr_par' dir='ltr' id='par_1_18' title="bbox 2678 462 3080 519">
     <span class='ocr_line' id='line_1_18' title="bbox 2678 462 3080 519; baseline 0.002 -1"><span class='ocrx_word' id='word_1_130' title='bbox 2678 462 2945 519; x_wconf 85' lang='lat' dir='ltr'><strong>CAPUT</strong></span> <span class='ocrx_word' id='word_1_131' title='bbox 3015 464 3080 519; x_wconf 83' lang='lat' dir='ltr'><strong><em>V.</em></strong></span> 
     </span>
    </p>
   </div>
   <div class='ocr_carea' id='block_1_19' title="bbox 2727 554 3051 625">
    <p class='ocr_par' dir='ltr' id='par_1_19' title="bbox 2727 554 3051 625">
     <span class='ocr_line' id='line_1_19' title="bbox 2727 554 3051 625; baseline 0.003 -16"><span class='ocrx_word' id='word_1_132' title='bbox 2727 554 2804 609; x_wconf 86' lang='lat' dir='ltr'><strong><em>De</em></strong></span> <span class='ocrx_word' id='word_1_133' title='bbox 2832 555 3051 625; x_wconf 83' lang='lat' dir='ltr'><strong><em>angelis.</em></strong></span> 
     </span>
    </p>
   </div>
   <div class='ocr_carea' id='block_1_20' title="bbox 2164 644 3669 716">
    <p class='ocr_par' dir='ltr' id='par_1_20' title="bbox 2164 644 3669 716">
     <span class='ocr_line' id='line_1_20' title="bbox 2164 644 3669 716; baseline 0.005 -17"><span class='ocrx_word' id='word_1_134' title='bbox 2164 645 2353 716; x_wconf 83' lang='lat' dir='ltr'><strong><em>Angeli</em></strong></span> <span class='ocrx_word' id='word_1_135' title='bbox 2379 644 2565 700; x_wconf 67' lang='lat' dir='ltr'><strong><em>Graece</em></strong></span> <span class='ocrx_word' id='word_1_136' title='bbox 2592 653 2874 709; x_wconf 82' lang='lat' dir='ltr'><strong><em>vocantur,</em></strong></span> <span class='ocrx_word' id='word_1_137' title='bbox 2904 644 3166 702; x_wconf 85' lang='lat' dir='ltr'><strong><em>Hebraiee</em></strong></span> <span class='ocrx_word' id='word_1_138' title='bbox 3195 648 3448 716; x_wconf 76' lang='lat' dir='ltr'><strong><em>malaotli,</em></strong></span> <span class='ocrx_word' id='word_1_139' title='bbox 3478 649 3669 708; x_wconf 83' lang='lat' dir='ltr'><strong><em>Latine</em></strong></span> 
     </span>
    </p>
   </div>
   <div class='ocr_carea' id='block_1_21' title="bbox 2094 733 3671 807">
    <p class='ocr_par' dir='ltr' id='par_1_21' title="bbox 2094 733 3671 807">
     <span class='ocr_line' id='line_1_21' title="bbox 2094 733 3671 807; baseline 0.004 -19"><span class='ocrx_word' id='word_1_140' title='bbox 2094 749 2223 788; x_wconf 88' lang='lat' dir='ltr'><strong><em>vero</em></strong></span> <span class='ocrx_word' id='word_1_141' title='bbox 2263 733 2433 786; x_wconf 77' lang='lat' dir='ltr'><strong><em>nuntii</em></strong></span> <span class='ocrx_word' id='word_1_142' title='bbox 2472 733 2926 803; x_wconf 83' lang='lat' dir='ltr'><strong><em>interpretantur,</em></strong></span> <span class='ocrx_word' id='word_1_143' title='bbox 2967 735 3034 790; x_wconf 90' lang='lat' dir='ltr'><strong><em>ab</em></strong></span> <span class='ocrx_word' id='word_1_144' title='bbox 3064 750 3130 790; x_wconf 91' lang='lat' dir='ltr'><strong><em>eo</em></strong></span> <span class='ocrx_word' id='word_1_145' title='bbox 3159 737 3302 807; x_wconf 85' lang='lat' dir='ltr'><strong><em>quod</em></strong></span> <span class='ocrx_word' id='word_1_146' title='bbox 3338 737 3549 794; x_wconf 86' lang='lat' dir='ltr'><strong><em>Domini</em></strong></span> <span class='ocrx_word' id='word_1_147' title='bbox 3574 753 3671 794; x_wconf 86' lang='lat' dir='ltr'><strong><em>vo-</em></strong></span> 
     </span>
    </p>
   </div>
   <div class='ocr_carea' id='block_1_22' title="bbox 2095 822 3669 895">
    <p class='ocr_par' dir='ltr' id='par_1_22' title="bbox 2095 822 3669 895">
     <span class='ocr_line' id='line_1_22' title="bbox 2095 822 3669 895; baseline 0.005 -19"><span class='ocrx_word' id='word_1_148' title='bbox 2095 824 2351 878; x_wconf 90' lang='lat' dir='ltr'><strong><em>luntatem</em></strong></span> <span class='ocrx_word' id='word_1_149' title='bbox 2382 822 2591 893; x_wconf 89' lang='lat' dir='ltr'><strong><em>populis</em></strong></span> <span class='ocrx_word' id='word_1_150' title='bbox 2627 825 2893 878; x_wconf 85' lang='lat' dir='ltr'><strong><em>nuntient.</em></strong></span> <span class='ocrx_word' id='word_1_151' title='bbox 2936 825 3263 895; x_wconf 81' lang='lat' dir='ltr'><strong><em>Angelorum</em></strong></span> <span class='ocrx_word' id='word_1_152' title='bbox 3298 836 3476 883; x_wconf 89' lang='lat' dir='ltr'><strong><em>autem</em></strong></span> <span class='ocrx_word' id='word_1_153' title='bbox 3505 842 3669 884; x_wconf 84' lang='lat' dir='ltr'><strong><em>voca-</em></strong></span> 
     </span>
    </p>
   </div>
   <div class='ocr_carea' id='block_1_23' title="bbox 2095 910 3669 985">
    <p class='ocr_par' dir='ltr' id='par_1_23' title="bbox 2095 910 3669 985">
     <span class='ocr_line' id='line_1_23' title="bbox 2095 910 3669 985; baseline 0.003 -19"><span class='ocrx_word' id='word_1_154' title='bbox 2095 912 2277 966; x_wconf 82' lang='lat' dir='ltr'><strong><em>bulum</em></strong></span> <span class='ocrx_word' id='word_1_155' title='bbox 2306 910 2465 967; x_wconf 81' lang='lat' dir='ltr'><strong><em>oilicii</em></strong></span> <span class='ocrx_word' id='word_1_156' title='bbox 2499 926 2693 967; x_wconf 86' lang='lat' dir='ltr'><strong><em>nomen</em></strong></span> <span class='ocrx_word' id='word_1_157' title='bbox 2722 920 2840 978; x_wconf 90' lang='lat' dir='ltr'><strong><em>est,</em></strong></span> <span class='ocrx_word' id='word_1_158' title='bbox 2870 928 2975 966; x_wconf 89' lang='lat' dir='ltr'><strong><em>non</em></strong></span> <span class='ocrx_word' id='word_1_159' title='bbox 3012 921 3237 968; x_wconf 71' lang='lat' dir='ltr'><strong><em>naturae.</em></strong></span> <span class='ocrx_word' id='word_1_160' title='bbox 3278 913 3502 985; x_wconf 87' lang='lat' dir='ltr'><strong><em>Semper</em></strong></span> <span class='ocrx_word' id='word_1_161' title='bbox 3526 916 3669 971; x_wconf 90' lang='lat' dir='ltr'><strong><em>enim</em></strong></span> 
     </span>
    </p>
   </div>
   <div class='ocr_carea' id='block_1_24' title="bbox 2096 1003 3669 1079">
    <p class='ocr_par' dir='ltr' id='par_1_24' title="bbox 2096 1003 3669 1079">
     <span class='ocr_line' id='line_1_24' title="bbox 2096 1003 3669 1079; baseline 0.002 -21"><span class='ocrx_word' id='word_1_162' title='bbox 2096 1013 2224 1058; x_wconf 91' lang='lat' dir='ltr'><strong><em>sunt</em></strong></span> <span class='ocrx_word' id='word_1_163' title='bbox 2246 1004 2501 1074; x_wconf 60' lang='lat' dir='ltr'><strong><em>spiritu,</em></strong></span> <span class='ocrx_word' id='word_1_164' title='bbox 2544 1003 2639 1058; x_wconf 86' lang='lat' dir='ltr'><strong><em>sed</em></strong></span> <span class='ocrx_word' id='word_1_165' title='bbox 2672 1018 2795 1058; x_wconf 91' lang='lat' dir='ltr'><strong><em>cum</em></strong></span> <span class='ocrx_word' id='word_1_166' title='bbox 2835 1004 3144 1071; x_wconf 91' lang='lat' dir='ltr'><strong><em>mittuntur,</em></strong></span> <span class='ocrx_word' id='word_1_167' title='bbox 3170 1016 3438 1061; x_wconf 56' lang='lat' dir='ltr'><strong><em>vocantur</em></strong></span> <span class='ocrx_word' id='word_1_168' title='bbox 3475 1008 3669 1079; x_wconf 87' lang='lat' dir='ltr'><strong><em>angeli.</em></strong></span> 
     </span>
    </p>
   </div>
   <div class='ocr_carea' id='block_1_25' title="bbox 2096 1094 3673 1165">
    <p class='ocr_par' dir='ltr' id='par_1_25' title="bbox 2096 1094 3673 1165">
     <span class='ocr_line' id='line_1_25' title="bbox 2096 1094 3673 1165; baseline 0 -15"><span class='ocrx_word' id='word_1_169' title='bbox 2096 1096 2301 1163; x_wconf 83' lang='lat' dir='ltr'><strong><em>Quibus</em></strong></span> <span class='ocrx_word' id='word_1_170' title='bbox 2336 1095 2454 1149; x_wconf 89' lang='lat' dir='ltr'><strong><em>ideo</em></strong></span> <span class='ocrx_word' id='word_1_171' title='bbox 2485 1094 2747 1163; x_wconf 90' lang='lat' dir='ltr'><strong><em>pictorum</em></strong></span> <span class='ocrx_word' id='word_1_172' title='bbox 2787 1094 3003 1150; x_wconf 89' lang='lat' dir='ltr'><strong><em>licentia</em></strong></span> <span class='ocrx_word' id='word_1_173' title='bbox 3028 1110 3234 1165; x_wconf 88' lang='lat' dir='ltr'><strong><em>pennas</em></strong></span> <span class='ocrx_word' id='word_1_174' title='bbox 3261 1095 3408 1161; x_wconf 81' lang='lat' dir='ltr'><strong><em>facit,</em></strong></span> <span class='ocrx_word' id='word_1_175' title='bbox 3439 1103 3499 1150; x_wconf 93' lang='lat' dir='ltr'><strong><em>ut</em></strong></span> <span class='ocrx_word' id='word_1_176' title='bbox 3524 1096 3673 1153; x_wconf 82' lang='lat' dir='ltr'><strong><em>cele-</em></strong></span> 
     </span>
    </p>
   </div>
   <div class='ocr_carea' id='block_1_26' title="bbox 2099 1184 3674 1255">
    <p class='ocr_par' dir='ltr' id='par_1_26' title="bbox 2099 1184 3674 1255">
     <span class='ocr_line' id='line_1_26' title="bbox 2099 1184 3674 1255; baseline -0.001 -15"><span class='ocrx_word' id='word_1_177' title='bbox 2099 1202 2211 1241; x_wconf 92' lang='lat' dir='ltr'><strong><em>rem</em></strong></span> <span class='ocrx_word' id='word_1_178' title='bbox 2254 1201 2443 1240; x_wconf 87' lang='lat' dir='ltr'><strong><em>eorum</em></strong></span> <span class='ocrx_word' id='word_1_179' title='bbox 2480 1185 2531 1237; x_wconf 91' lang='lat' dir='ltr'><strong><em>in</em></strong></span> <span class='ocrx_word' id='word_1_180' title='bbox 2573 1192 2767 1239; x_wconf 91' lang='lat' dir='ltr'><strong><em>cuncta</em></strong></span> <span class='ocrx_word' id='word_1_181' title='bbox 2811 1184 3116 1239; x_wconf 86' lang='lat' dir='ltr'><strong><em>discursum</em></strong></span> <span class='ocrx_word' id='word_1_182' title='bbox 3155 1184 3459 1255; x_wconf 78' lang='lat' dir='ltr'><strong><em>signiﬁcent</em></strong></span> <span class='ocrx_word' id='word_1_183' title='bbox 3490 1202 3503 1239; x_wconf 91' lang='lat'>:</span> <span class='ocrx_word' id='word_1_184' title='bbox 3534 1186 3674 1241; x_wconf 88' lang='lat' dir='ltr'><strong><em>sicut</em></strong></span> 
     </span>
    </p>
   </div>
   <div class='ocr_carea' id='block_1_27' title="bbox 2095 1273 3677 1344">
    <p class='ocr_par' dir='ltr' id='par_1_27' title="bbox 2095 1273 3677 1344">
     <span class='ocr_line' id='line_1_27' title="bbox 2095 1273 3677 1344; baseline -0.001 -13"><span class='ocrx_word' id='word_1_185' title='bbox 2095 1275 2317 1343; x_wconf 69' lang='lat' dir='ltr'><strong><em>etjuxta</em></strong></span> <span class='ocrx_word' id='word_1_186' title='bbox 2342 1273 2548 1328; x_wconf 83' lang='lat' dir='ltr'><strong><em>fabulas</em></strong></span> <span class='ocrx_word' id='word_1_187' title='bbox 2572 1283 2851 1342; x_wconf 87' lang='lat' dir='ltr'><strong><em>poetarum</em></strong></span> <span class='ocrx_word' id='word_1_188' title='bbox 2877 1276 3017 1328; x_wconf 89' lang='lat' dir='ltr'><strong><em>venti</em></strong></span> <span class='ocrx_word' id='word_1_189' title='bbox 3041 1290 3243 1344; x_wconf 88' lang='lat' dir='ltr'><strong><em>pennas</em></strong></span> <span class='ocrx_word' id='word_1_190' title='bbox 3265 1274 3465 1331; x_wconf 87' lang='lat' dir='ltr'><strong><em>habere</em></strong></span> <span class='ocrx_word' id='word_1_191' title='bbox 3489 1276 3677 1331; x_wconf 89' lang='lat' dir='ltr'><strong><em>dicun-</em></strong></span> 
     </span>
    </p>
   </div>
   <div class='ocr_carea' id='block_1_28' title="bbox 2101 1363 3680 1434">
    <p class='ocr_par' dir='ltr' id='par_1_28' title="bbox 2101 1363 3680 1434">
     <span class='ocr_line' id='line_1_28' title="bbox 2101 1363 3680 1434; baseline -0.001 -14"><span class='ocrx_word' id='word_1_192' title='bbox 2101 1376 2208 1429; x_wconf 92' lang='lat' dir='ltr'><strong><em>tur,</em></strong></span> <span class='ocrx_word' id='word_1_193' title='bbox 2243 1363 2827 1434; x_wconf 82' lang='lat' dir='ltr'><strong><em>propter&#39;velocitatem</em></strong></span> <span class='ocrx_word' id='word_1_194' title='bbox 2858 1364 3081 1419; x_wconf 89' lang='lat' dir='ltr'><strong><em>scilicet.</em></strong></span> <span class='ocrx_word' id='word_1_195' title='bbox 3108 1363 3259 1421; x_wconf 85' lang='lat' dir='ltr'><strong><em>Unde</em></strong></span> <span class='ocrx_word' id='word_1_196' title='bbox 3280 1372 3506 1421; x_wconf 86' lang='lat' dir='ltr'><strong><em>etsacra</em></strong></span> <span class='ocrx_word' id='word_1_197' title='bbox 3527 1364 3680 1419; x_wconf 32' lang='lat' dir='ltr'><strong><em>Sea-is</em></strong></span> 
     </span>
    </p>
   </div>
   <div class='ocr_carea' id='block_1_29' title="bbox 2097 1451 3676 1525">
    <p class='ocr_par' dir='ltr' id='par_1_29' title="bbox 2097 1451 3676 1525">
     <span class='ocr_line' id='line_1_29' title="bbox 2097 1451 3676 1525; baseline -0.001 -17"><span class='ocrx_word' id='word_1_198' title='bbox 2097 1465 2252 1523; x_wconf 89' lang='lat' dir='ltr'><strong><em>ptura</em></strong></span> <span class='ocrx_word' id='word_1_199' title='bbox 2296 1453 2423 1507; x_wconf 88' lang='lat' dir='ltr'><strong><em>dicit</em></strong></span> <span class='ocrx_word' id='word_1_200' title='bbox 2472 1470 2485 1506; x_wconf 90' lang='lat'><strong>:</strong></span> <span class='ocrx_word' id='word_1_201' title='bbox 2543 1451 2647 1517; x_wconf 85' lang='lat' dir='ltr'><strong><em>Qui</em></strong></span> <span class='ocrx_word' id='word_1_202' title='bbox 2690 1452 2923 1507; x_wconf 75' lang='lat' dir='ltr'><strong><em>ambulat</em></strong></span> <span class='ocrx_word' id='word_1_203' title='bbox 2968 1470 3123 1524; x_wconf 87' lang='lat' dir='ltr'><strong><em>super</em></strong></span> <span class='ocrx_word' id='word_1_204' title='bbox 3164 1470 3361 1525; x_wconf 74' lang='lat' dir='ltr'><strong><em>pennas</em></strong></span> <span class='ocrx_word' id='word_1_205' title='bbox 3404 1463 3676 1507; x_wconf 79' lang='lat' dir='ltr'><strong><em>ventorum</em></strong></span> 
     </span>
    </p>
   </div>
   <div class='ocr_carea' id='block_1_30' title="bbox 2100 1542 3676 1617">
    <p class='ocr_par' dir='ltr' id='par_1_30' title="bbox 2100 1542 3676 1617">
     <span class='ocr_line' id='line_1_30' title="bbox 2100 1542 3676 1617; baseline 0 -19"><span class='ocrx_word' id='word_1_206' title='bbox 2100 1545 2281 1617; x_wconf 84' lang='lat' dir='ltr'><strong><em>(Psal.</em></strong></span> <span class='ocrx_word' id='word_1_207' title='bbox 2316 1543 2461 1611; x_wconf 81' lang='lat' dir='ltr'><strong><em>cui).</em></strong></span> <span class='ocrx_word' id='word_1_208' title='bbox 2492 1542 2693 1597; x_wconf 86' lang='lat' dir='ltr'><strong><em>Novem</em></strong></span> <span class='ocrx_word' id='word_1_209' title='bbox 2735 1552 2914 1598; x_wconf 90' lang='lat' dir='ltr'><strong><em>autem</em></strong></span> <span class='ocrx_word' id='word_1_210' title='bbox 2953 1559 3075 1599; x_wconf 91' lang='lat' dir='ltr'><strong><em>esse</em></strong></span> <span class='ocrx_word' id='word_1_211' title='bbox 3114 1545 3331 1599; x_wconf 89' lang='lat' dir='ltr'><strong><em>ordines</em></strong></span> <span class='ocrx_word' id='word_1_212' title='bbox 3365 1545 3676 1616; x_wconf 72' lang='lat' dir='ltr'><strong><em>angelorum</em></strong></span> 
     </span>
    </p>
   </div>
   <div class='ocr_carea' id='block_1_31' title="bbox 2098 1637 3677 1706">
    <p class='ocr_par' dir='ltr' id='par_1_31' title="bbox 2098 1637 3677 1706">
     <span class='ocr_line' id='line_1_31' title="bbox 2098 1637 3677 1706; baseline 0.001 -16"><span class='ocrx_word' id='word_1_213' title='bbox 2098 1651 2268 1693; x_wconf 65' lang='lat' dir='ltr'><strong><em>sacrae</em></strong></span> <span class='ocrx_word' id='word_1_214' title='bbox 2307 1638 2600 1706; x_wconf 73' lang='lat' dir='ltr'><strong><em>Scriptum</em></strong></span> <span class='ocrx_word' id='word_1_215' title='bbox 2638 1644 2939 1702; x_wconf 88' lang='lat' dir='ltr'><strong><em>testantur,</em></strong></span> <span class='ocrx_word' id='word_1_216' title='bbox 2965 1638 3019 1692; x_wconf 91' lang='lat' dir='ltr'><strong><em>id</em></strong></span> <span class='ocrx_word' id='word_1_217' title='bbox 3046 1646 3161 1702; x_wconf 89' lang='lat' dir='ltr'><strong><em>est,</em></strong></span> <span class='ocrx_word' id='word_1_218' title='bbox 3199 1637 3411 1706; x_wconf 79' lang='lat' dir='ltr'><strong><em>angeli,</em></strong></span> <span class='ocrx_word' id='word_1_219' title='bbox 3445 1639 3677 1692; x_wconf 88' lang='lat' dir='ltr'><strong><em>archan-</em></strong></span> 
     </span>
    </p>
   </div>
   <div class='ocr_carea' id='block_1_32' title="bbox 2099 1728 3667 1799">
    <p class='ocr_par' dir='ltr' id='par_1_32' title="bbox 2099 1728 3667 1799">
     <span class='ocr_line' id='line_1_32' title="bbox 2099 1728 3667 1799; baseline 0.001 -19"><span class='ocrx_word' id='word_1_220' title='bbox 2099 1728 2222 1799; x_wconf 91' lang='lat' dir='ltr'><strong><em>geli,</em></strong></span> <span class='ocrx_word' id='word_1_221' title='bbox 2252 1728 2453 1792; x_wconf 86' lang='lat' dir='ltr'><strong><em>throni,</em></strong></span> <span class='ocrx_word' id='word_1_222' title='bbox 2474 1728 2885 1792; x_wconf 84' lang='lat' dir='ltr'><strong><em>dominationes,</em></strong></span> <span class='ocrx_word' id='word_1_223' title='bbox 2910 1728 3158 1793; x_wconf 81' lang='lat' dir='ltr'><strong><em>virtutes,</em></strong></span> <span class='ocrx_word' id='word_1_224' title='bbox 3180 1736 3497 1797; x_wconf 85' lang='lat' dir='ltr'><strong><em>potestates,</em></strong></span> <span class='ocrx_word' id='word_1_225' title='bbox 3526 1728 3667 1796; x_wconf 84' lang='lat' dir='ltr'><strong><em>prin-</em></strong></span> 
     </span>
    </p>
   </div>
   <div class='ocr_carea' id='block_1_33' title="bbox 413 1800 3678 1889">
    <p class='ocr_par' dir='ltr' id='par_1_33' title="bbox 413 1800 3678 1889">
     <span class='ocr_line' id='line_1_33' title="bbox 413 1800 3678 1889; baseline -0.001 -12"><span class='ocrx_word' id='word_1_226' title='bbox 413 1822 777 1877; x_wconf 78' lang='lat' dir='ltr'><strong><em>essentialiter</em></strong></span> <span class='ocrx_word' id='word_1_227' title='bbox 798 1823 1053 1878; x_wconf 84' lang='lat' dir='ltr'><strong><em>divinitas</em></strong></span> <span class='ocrx_word' id='word_1_228' title='bbox 1084 1823 1378 1878; x_wconf 82' lang='lat' dir='ltr'><strong><em>intimetur;</em></strong></span> <span class='ocrx_word' id='word_1_229' title='bbox 1421 1822 1569 1875; x_wconf 89' lang='lat' dir='ltr'><strong><em>Hanc</em></strong></span> <span class='ocrx_word' id='word_1_230' title='bbox 1594 1836 1808 1889; x_wconf 90' lang='lat' dir='ltr'><strong><em>quoque</em></strong></span> <span class='ocrx_word' id='word_1_231' title='bbox 1838 1821 1995 1874; x_wconf 91' lang='lat' dir='ltr'><strong><em>trini-</em></strong></span> <span class='ocrx_word' id='word_1_232' title='bbox 2027 1800 2071 1857; x_wconf 75' lang='grc' dir='ltr'><strong>Β</strong></span> <span class='ocrx_word' id='word_1_233' title='bbox 2100 1820 2341 1887; x_wconf 89' lang='lat' dir='ltr'><strong><em>&#39;cipatus,</em></strong></span> <span class='ocrx_word' id='word_1_234' title='bbox 2380 1819 2641 1872; x_wconf 89' lang='lat' dir='ltr'><strong><em>cherubin</em></strong></span> <span class='ocrx_word' id='word_1_235' title='bbox 2676 1825 2730 1872; x_wconf 83' lang='lat' dir='ltr'><strong><em>et</em></strong></span> <span class='ocrx_word' id='word_1_236' title='bbox 2769 1819 3057 1887; x_wconf 89' lang='lat' dir='ltr'><strong><em>seraphim.</em></strong></span> <span class='ocrx_word' id='word_1_237' title='bbox 3103 1818 3341 1885; x_wconf 87' lang='lat' dir='ltr'><strong><em>Quorum</em></strong></span> <span class='ocrx_word' id='word_1_238' title='bbox 3379 1818 3678 1873; x_wconf 82' lang='lat' dir='ltr'><strong><em>olllciorum</em></strong></span> 
     </span>
    </p>
   </div>
   <div class='ocr_carea' id='block_1_34' title="bbox 416 1911 2013 1981">
    <p class='ocr_par' dir='ltr' id='par_1_34' title="bbox 416 1911 2013 1981">
     <span class='ocr_line' id='line_1_34' title="bbox 416 1911 2013 1981; baseline -0.001 -16"><span class='ocrx_word' id='word_1_239' title='bbox 416 1920 583 1965; x_wconf 89' lang='lat' dir='ltr'><strong><em>tatem</em></strong></span> <span class='ocrx_word' id='word_1_240' title='bbox 613 1927 963 1980; x_wconf 87' lang='lat' dir='ltr'><strong><em>personarum</em></strong></span> <span class='ocrx_word' id='word_1_241' title='bbox 995 1921 1155 1981; x_wconf 81' lang='lat' dir='ltr'><strong><em>atque</em></strong></span> <span class='ocrx_word' id='word_1_242' title='bbox 1183 1912 1445 1965; x_wconf 88' lang='lat' dir='ltr'><strong><em>unitatem</em></strong></span> <span class='ocrx_word' id='word_1_243' title='bbox 1484 1921 1695 1967; x_wconf 66' lang='lat' dir='ltr'><strong><em>naturae</em></strong></span> <span class='ocrx_word' id='word_1_244' title='bbox 1734 1911 2013 1980; x_wconf 58' lang='lat' dir='ltr'><strong><em>propheta</em></strong></span> 
     </span>
    </p>
   </div>
   <div class='ocr_carea' id='block_1_35' title="bbox 416 1999 1995 2064">
    <p class='ocr_par' dir='ltr' id='par_1_35' title="bbox 416 1999 1995 2064">
     <span class='ocr_line' id='line_1_35' title="bbox 416 1999 1995 2064; baseline -0.003 -8"><span class='ocrx_word' id='word_1_245' title='bbox 416 2000 586 2056; x_wconf 70' lang='lat' dir='ltr'><strong><em>Isaias</em></strong></span> <span class='ocrx_word' id='word_1_246' title='bbox 616 1999 905 2055; x_wconf 84' lang='lat' dir='ltr'><strong><em>revelatam</em></strong></span> <span class='ocrx_word' id='word_1_247' title='bbox 937 2002 1038 2055; x_wconf 89' lang='lat' dir='ltr'><strong><em>sibi</em></strong></span> <span class='ocrx_word' id='word_1_248' title='bbox 1080 2015 1186 2055; x_wconf 90' lang='lat' dir='ltr'><strong><em>non</em></strong></span> <span class='ocrx_word' id='word_1_249' title='bbox 1228 2001 1431 2064; x_wconf 83' lang='lat' dir='ltr'><strong><em>tacuit,</em></strong></span> <span class='ocrx_word' id='word_1_250' title='bbox 1482 2015 1605 2054; x_wconf 90' lang='lat' dir='ltr'><strong><em>cum</em></strong></span> <span class='ocrx_word' id='word_1_251' title='bbox 1642 2016 1701 2054; x_wconf 90' lang='lat' dir='ltr'><strong><em>se</em></strong></span> <span class='ocrx_word' id='word_1_252' title='bbox 1732 2001 1864 2053; x_wconf 86' lang='lat' dir='ltr'><strong><em>dicit</em></strong></span> <span class='ocrx_word' id='word_1_253' title='bbox 1896 2015 1995 2053; x_wconf 86' lang='lat' dir='ltr'><strong><em>au-</em></strong></span> 
     </span>
    </p>
   </div>
   <div class='ocr_carea' id='block_1_36' title="bbox 417 2090 1996 2160">
    <p class='ocr_par' dir='ltr' id='par_1_36' title="bbox 417 2090 1996 2160">
     <span class='ocr_line' id='line_1_36' title="bbox 417 2090 1996 2160; baseline -0.001 -16"><span class='ocrx_word' id='word_1_254' title='bbox 417 2091 563 2146; x_wconf 83' lang='lat' dir='ltr'><strong><em>disse</em></strong></span> <span class='ocrx_word' id='word_1_255' title='bbox 592 2092 845 2160; x_wconf 83' lang='lat' dir='ltr'><strong><em>seraphin</em></strong></span> <span class='ocrx_word' id='word_1_256' title='bbox 877 2092 1167 2145; x_wconf 81' lang='lat' dir='ltr'><strong><em>clamantia</em></strong></span> <span class='ocrx_word' id='word_1_257' title='bbox 1194 2108 1209 2144; x_wconf 82' lang='lat'><strong>:</strong></span> <span class='ocrx_word' id='word_1_258' title='bbox 1243 2090 1489 2151; x_wconf 77' lang='lat' dir='ltr'><strong><em>Sanctus,</em></strong></span> <span class='ocrx_word' id='word_1_259' title='bbox 1524 2101 1755 2153; x_wconf 84' lang='lat' dir='ltr'><strong><em>sanctus,</em></strong></span> <span class='ocrx_word' id='word_1_260' title='bbox 1786 2100 1996 2143; x_wconf 86' lang='lat' dir='ltr'><strong><em>sanctus</em></strong></span> 
     </span>
    </p>
   </div>
   <div class='ocr_carea' id='block_1_37' title="bbox 419 2178 1997 2247">
    <p class='ocr_par' dir='ltr' id='par_1_37' title="bbox 419 2178 1997 2247">
     <span class='ocr_line' id='line_1_37' title="bbox 419 2178 1997 2247; baseline -0.001 -14"><span class='ocrx_word' id='word_1_261' title='bbox 419 2180 673 2233; x_wconf 84' lang='lat' dir='ltr'><strong><em>Dominus</em></strong></span> <span class='ocrx_word' id='word_1_262' title='bbox 706 2180 845 2233; x_wconf 76' lang='lat' dir='ltr'><strong><em>Deus</em></strong></span> <span class='ocrx_word' id='word_1_263' title='bbox 886 2180 1100 2232; x_wconf 86' lang='lat' dir='ltr'><strong><em>sabaotli</em></strong></span> <span class='ocrx_word' id='word_1_264' title='bbox 1136 2178 1268 2247; x_wconf 85' lang='lat' dir='ltr'><strong><em>(lsa.</em></strong></span> <span class='ocrx_word' id='word_1_265' title='bbox 1298 2178 1396 2247; x_wconf 79' lang='lat' dir='ltr'><strong><em>VI).</em></strong></span> <span class='ocrx_word' id='word_1_266' title='bbox 1456 2178 1554 2231; x_wconf 86' lang='lat' dir='ltr'><strong><em>Ubi</em></strong></span> <span class='ocrx_word' id='word_1_267' title='bbox 1602 2193 1823 2245; x_wconf 83' lang='lat' dir='ltr'><strong><em>prorsus</em></strong></span> <span class='ocrx_word' id='word_1_268' title='bbox 1853 2180 1903 2230; x_wconf 91' lang='lat' dir='ltr'><strong><em>in</em></strong></span> <span class='ocrx_word' id='word_1_269' title='bbox 1933 2193 1997 2231; x_wconf 91' lang='lat' dir='ltr'><strong><em>eo</em></strong></span> 
     </span>
    </p>
   </div>
   <div class='ocr_carea' id='block_1_38' title="bbox 418 2264 1993 2336">
    <p class='ocr_par' dir='ltr' id='par_1_38' title="bbox 418 2264 1993 2336">
     <span class='ocr_line' id='line_1_38' title="bbox 418 2264 1993 2336; baseline -0.003 -15"><span class='ocrx_word' id='word_1_270' title='bbox 418 2268 563 2336; x_wconf 86' lang='lat' dir='ltr'><strong><em>quod</em></strong></span> <span class='ocrx_word' id='word_1_271' title='bbox 590 2267 785 2321; x_wconf 92' lang='lat' dir='ltr'><strong><em>dicitur</em></strong></span> <span class='ocrx_word' id='word_1_272' title='bbox 813 2266 991 2330; x_wconf 84' lang='lat' dir='ltr'><strong><em>tertio,</em></strong></span> <span class='ocrx_word' id='word_1_273' title='bbox 1011 2275 1243 2327; x_wconf 82' lang='lat' dir='ltr'><strong><em>sanctus,</em></strong></span> <span class='ocrx_word' id='word_1_274' title='bbox 1265 2279 1621 2333; x_wconf 82' lang='lat' dir='ltr'><strong><em>personarum</em></strong></span> <span class='ocrx_word' id='word_1_275' title='bbox 1647 2264 1993 2329; x_wconf 89' lang='lat' dir='ltr'><strong><em>Trinitatem;</em></strong></span> 
     </span>
    </p>
   </div>
   <div class='ocr_carea' id='block_1_39' title="bbox 423 2357 1999 2426">
    <p class='ocr_par' dir='ltr' id='par_1_39' title="bbox 423 2357 1999 2426">
     <span class='ocr_line' id='line_1_39' title="bbox 423 2357 1999 2426; baseline -0.001 -14"><span class='ocrx_word' id='word_1_276' title='bbox 423 2359 478 2413; x_wconf 85' lang='lat' dir='ltr'><strong><em>in</em></strong></span> <span class='ocrx_word' id='word_1_277' title='bbox 518 2373 582 2412; x_wconf 92' lang='lat' dir='ltr'><strong><em>eo</em></strong></span> <span class='ocrx_word' id='word_1_278' title='bbox 611 2372 741 2413; x_wconf 81' lang='lat' dir='ltr'><strong><em>vero</em></strong></span> <span class='ocrx_word' id='word_1_279' title='bbox 778 2359 920 2426; x_wconf 89' lang='lat' dir='ltr'><strong><em>quod</em></strong></span> <span class='ocrx_word' id='word_1_280' title='bbox 958 2358 1125 2413; x_wconf 87' lang='lat' dir='ltr'><strong><em>semel</em></strong></span> <span class='ocrx_word' id='word_1_281' title='bbox 1167 2358 1385 2422; x_wconf 91' lang='lat' dir='ltr'><strong><em>dicitur,</em></strong></span> <span class='ocrx_word' id='word_1_282' title='bbox 1440 2358 1693 2411; x_wconf 78' lang='lat' dir='ltr'><strong><em>Dominus</em></strong></span> <span class='ocrx_word' id='word_1_283' title='bbox 1736 2357 1875 2411; x_wconf 84' lang='lat' dir='ltr'><strong><em>Deus</em></strong></span> <span class='ocrx_word' id='word_1_284' title='bbox 1913 2374 1999 2411; x_wconf 80' lang='lat' dir='ltr'><strong><em>sa-</em></strong></span> 
     </span>
    </p>
   </div>
   <div class='ocr_carea' id='block_1_40' title="bbox 422 2445 2000 2516">
    <p class='ocr_par' dir='ltr' id='par_1_40' title="bbox 422 2445 2000 2516">
     <span class='ocr_line' id='line_1_40' title="bbox 422 2445 2000 2516; baseline 0 -15"><span class='ocrx_word' id='word_1_285' title='bbox 422 2447 610 2511; x_wconf 83' lang='lat' dir='ltr'><strong><em>baotlt,</em></strong></span> <span class='ocrx_word' id='word_1_286' title='bbox 642 2448 834 2501; x_wconf 76' lang='lat' dir='ltr'><strong><em>divina:</em></strong></span> <span class='ocrx_word' id='word_1_287' title='bbox 862 2457 1073 2501; x_wconf 61' lang='lat' dir='ltr'><strong><em>naturae</em></strong></span> <span class='ocrx_word' id='word_1_288' title='bbox 1100 2448 1475 2516; x_wconf 83' lang='lat' dir='ltr'><strong><em>cognoscimus</em></strong></span> <span class='ocrx_word' id='word_1_289' title='bbox 1504 2448 1784 2500; x_wconf 89' lang='lat' dir='ltr'><strong><em>unitatem.</em></strong></span> <span class='ocrx_word' id='word_1_290' title='bbox 1835 2445 2000 2501; x_wconf 89' lang='lat' dir='ltr'><strong><em>Plane</em></strong></span> 
     </span>
    </p>
   </div>
   <div class='ocr_carea' id='block_1_41' title="bbox 422 2536 1995 2605">
    <p class='ocr_par' dir='ltr' id='par_1_41' title="bbox 422 2536 1995 2605">
     <span class='ocr_line' id='line_1_41' title="bbox 422 2536 1995 2605; baseline -0.001 -15"><span class='ocrx_word' id='word_1_291' title='bbox 422 2538 624 2605; x_wconf 86' lang='lat' dir='ltr'><strong><em>absque</em></strong></span> <span class='ocrx_word' id='word_1_292' title='bbox 665 2537 811 2590; x_wconf 91' lang='lat' dir='ltr'><strong><em>omni</em></strong></span> <span class='ocrx_word' id='word_1_293' title='bbox 854 2537 1189 2591; x_wconf 82' lang='lat' dir='ltr'><strong><em>dubitatione</em></strong></span> <span class='ocrx_word' id='word_1_294' title='bbox 1221 2536 1548 2591; x_wconf 86' lang='lat' dir='ltr'><strong><em>credendum</em></strong></span> <span class='ocrx_word' id='word_1_295' title='bbox 1580 2544 1694 2599; x_wconf 89' lang='lat' dir='ltr'><strong><em>est,</em></strong></span> <span class='ocrx_word' id='word_1_296' title='bbox 1743 2536 1957 2589; x_wconf 89' lang='lat' dir='ltr'><strong><em>Patrem</em></strong></span> <span class='ocrx_word' id='word_1_297' title='bbox 1981 2576 1995 2599; x_wconf 96' lang='lat'><strong><em>,</em></strong></span> 
     </span>
    </p>
   </div>
   <div class='ocr_carea' id='block_1_42' title="bbox 421 2626 1998 2696">
    <p class='ocr_par' dir='ltr' id='par_1_42' title="bbox 421 2626 1998 2696">
     <span class='ocr_line' id='line_1_42' title="bbox 421 2626 1998 2696; baseline -0.001 -15"><span class='ocrx_word' id='word_1_298' title='bbox 421 2635 477 2681; x_wconf 92' lang='lat' dir='ltr'><strong><em>et</em></strong></span> <span class='ocrx_word' id='word_1_299' title='bbox 502 2627 728 2693; x_wconf 86' lang='lat' dir='ltr'><strong><em>Filium,</em></strong></span> <span class='ocrx_word' id='word_1_300' title='bbox 773 2636 827 2680; x_wconf 90' lang='lat' dir='ltr'><strong><em>et</em></strong></span> <span class='ocrx_word' id='word_1_301' title='bbox 869 2626 1130 2696; x_wconf 85' lang='lat' dir='ltr'><strong><em>Spiritum</em></strong></span> <span class='ocrx_word' id='word_1_302' title='bbox 1167 2637 1443 2690; x_wconf 86' lang='lat' dir='ltr'><strong><em>sanctum,</em></strong></span> <span class='ocrx_word' id='word_1_303' title='bbox 1489 2642 1653 2678; x_wconf 93' lang='lat' dir='ltr'><strong><em>unum</em></strong></span> <span class='ocrx_word' id='word_1_304' title='bbox 1681 2640 1801 2680; x_wconf 91' lang='lat' dir='ltr'><strong><em>esse</em></strong></span> <span class='ocrx_word' id='word_1_305' title='bbox 1832 2626 1998 2680; x_wconf 86' lang='lat' dir='ltr'><strong><em>Deum</em></strong></span> 
     </span>
    </p>
   </div>
   <div class='ocr_carea' id='block_1_43' title="bbox 419 2716 1995 2787">
    <p class='ocr_par' dir='ltr' id='par_1_43' title="bbox 419 2716 1995 2787">
     <span class='ocr_line' id='line_1_43' title="bbox 419 2716 1995 2787; baseline -0.001 -15"><span class='ocrx_word' id='word_1_306' title='bbox 419 2716 636 2772; x_wconf 86' lang='lat' dir='ltr'><strong><em>Patrem</em></strong></span> <span class='ocrx_word' id='word_1_307' title='bbox 668 2718 1111 2787; x_wconf 88' lang='lat' dir='ltr'><strong><em>omnipotentem,</em></strong></span> <span class='ocrx_word' id='word_1_308' title='bbox 1143 2723 1428 2781; x_wconf 62' lang='lat' dir='ltr'><strong><em>aeternum,</em></strong></span> <span class='ocrx_word' id='word_1_309' title='bbox 1466 2716 1955 2771; x_wconf 88' lang='lat' dir='ltr'><strong><em>incommutabilem</em></strong></span> <span class='ocrx_word' id='word_1_310' title='bbox 1981 2735 1995 2771; x_wconf 87' lang='lat'><strong>:</strong></span> 
     </span>
    </p>
   </div>
   <div class='ocr_carea' id='block_1_44' title="bbox 423 2809 1994 2879">
    <p class='ocr_par' dir='ltr' id='par_1_44' title="bbox 423 2809 1994 2879">
     <span class='ocr_line' id='line_1_44' title="bbox 423 2809 1994 2879; baseline -0.001 -15"><span class='ocrx_word' id='word_1_311' title='bbox 423 2818 479 2864; x_wconf 93' lang='lat' dir='ltr'><strong><em>et</em></strong></span> <span class='ocrx_word' id='word_1_312' title='bbox 511 2810 704 2879; x_wconf 86' lang='lat' dir='ltr'><strong><em>singuli</em></strong></span> <span class='ocrx_word' id='word_1_313' title='bbox 738 2810 930 2863; x_wconf 87' lang='lat' dir='ltr'><strong><em>borum</em></strong></span> <span class='ocrx_word' id='word_1_314' title='bbox 962 2809 1123 2873; x_wconf 90' lang='lat' dir='ltr'><strong><em>Deus,</em></strong></span> <span class='ocrx_word' id='word_1_315' title='bbox 1153 2816 1207 2862; x_wconf 90' lang='lat' dir='ltr'><strong><em>et</em></strong></span> <span class='ocrx_word' id='word_1_316' title='bbox 1236 2809 1395 2864; x_wconf 91' lang='lat' dir='ltr'><strong><em>simul</em></strong></span> <span class='ocrx_word' id='word_1_317' title='bbox 1432 2822 1620 2861; x_wconf 84' lang='lat' dir='ltr'><strong><em>omnes</em></strong></span> <span class='ocrx_word' id='word_1_318' title='bbox 1652 2823 1788 2862; x_wconf 90' lang='lat' dir='ltr'><strong><em>unus</em></strong></span> <span class='ocrx_word' id='word_1_319' title='bbox 1820 2810 1994 2862; x_wconf 89' lang='lat' dir='ltr'><strong><em>Deus:</em></strong></span> 
     </span>
    </p>
   </div>
   <div class='ocr_carea' id='block_1_45' title="bbox 423 2897 1999 2967">
    <p class='ocr_par' dir='ltr' id='par_1_45' title="bbox 423 2897 1999 2967">
     <span class='ocr_line' id='line_1_45' title="bbox 423 2897 1999 2967; baseline -0.001 -14"><span class='ocrx_word' id='word_1_320' title='bbox 423 2908 479 2953; x_wconf 90' lang='lat' dir='ltr'><strong><em>et</em></strong></span> <span class='ocrx_word' id='word_1_321' title='bbox 524 2897 749 2967; x_wconf 87' lang='lat' dir='ltr'><strong><em>singulis</em></strong></span> <span class='ocrx_word' id='word_1_322' title='bbox 795 2897 1023 2966; x_wconf 89' lang='lat' dir='ltr'><strong><em>quisque</em></strong></span> <span class='ocrx_word' id='word_1_323' title='bbox 1074 2899 1263 2952; x_wconf 91' lang='lat' dir='ltr'><strong><em>horum</em></strong></span> <span class='ocrx_word' id='word_1_324' title='bbox 1293 2938 1307 2962; x_wconf 92' lang='lat'><strong><em>,</em></strong></span> <span class='ocrx_word' id='word_1_325' title='bbox 1360 2898 1516 2967; x_wconf 89' lang='lat' dir='ltr'><strong><em>plena</em></strong></span> <span class='ocrx_word' id='word_1_326' title='bbox 1566 2906 1621 2950; x_wconf 91' lang='lat' dir='ltr'><strong><em>et</em></strong></span> <span class='ocrx_word' id='word_1_327' title='bbox 1669 2897 1905 2965; x_wconf 86' lang='lat' dir='ltr'><strong><em>perfecta</em></strong></span> <span class='ocrx_word' id='word_1_328' title='bbox 1946 2906 1999 2952; x_wconf 88' lang='lat' dir='ltr'><strong><em>et</em></strong></span> 
     </span>
    </p>
   </div>
   <div class='ocr_carea' id='block_1_46' title="bbox 414 2987 1994 3050">
    <p class='ocr_par' dir='ltr' id='par_1_46' title="bbox 414 2987 1994 3050">
     <span class='ocr_line' id='line_1_46' title="bbox 414 2987 1994 3050; baseline -0.001 -9"><span class='ocrx_word' id='word_1_329' title='bbox 414 2996 626 3041; x_wconf 61' lang='lat' dir='ltr'><strong><em>aeterna</em></strong></span> <span class='ocrx_word' id='word_1_330' title='bbox 655 2988 953 3043; x_wconf 89' lang='lat' dir='ltr'><strong><em>substantia</em></strong></span> <span class='ocrx_word' id='word_1_331' title='bbox 978 3005 991 3040; x_wconf 89' lang='lat'><strong>:</strong></span> <span class='ocrx_word' id='word_1_332' title='bbox 1024 2996 1079 3041; x_wconf 89' lang='lat' dir='ltr'><strong><em>et</em></strong></span> <span class='ocrx_word' id='word_1_333' title='bbox 1102 2987 1260 3041; x_wconf 91' lang='lat' dir='ltr'><strong><em>simul</em></strong></span> <span class='ocrx_word' id='word_1_334' title='bbox 1288 3001 1496 3050; x_wconf 91' lang='lat' dir='ltr'><strong><em>omnes,</em></strong></span> <span class='ocrx_word' id='word_1_335' title='bbox 1522 3002 1627 3039; x_wconf 92' lang='lat' dir='ltr'><strong><em>una</em></strong></span> <span class='ocrx_word' id='word_1_336' title='bbox 1656 2988 1953 3041; x_wconf 85' lang='lat' dir='ltr'><strong><em>substantia</em></strong></span> <span class='ocrx_word' id='word_1_337' title='bbox 1982 3005 1994 3039; x_wconf 90' lang='lat'><strong>:</strong></span> 
     </span>
    </p>
   </div>
   <div class='ocr_carea' id='block_1_47' title="bbox 426 3076 1997 3145">
    <p class='ocr_par' dir='ltr' id='par_1_47' title="bbox 426 3076 1997 3145">
     <span class='ocr_line' id='line_1_47' title="bbox 426 3076 1997 3145; baseline -0.001 -15"><span class='ocrx_word' id='word_1_338' title='bbox 426 3078 551 3145; x_wconf 83' lang='lat' dir='ltr'><strong><em>quia</em></strong></span> <span class='ocrx_word' id='word_1_339' title='bbox 600 3076 859 3145; x_wconf 87' lang='lat' dir='ltr'><strong><em>quidquid</em></strong></span> <span class='ocrx_word' id='word_1_340' title='bbox 902 3085 985 3131; x_wconf 91' lang='lat' dir='ltr'><strong><em>est</em></strong></span> <span class='ocrx_word' id='word_1_341' title='bbox 1031 3076 1208 3139; x_wconf 89' lang='lat' dir='ltr'><strong><em>Pater,</em></strong></span> <span class='ocrx_word' id='word_1_342' title='bbox 1251 3090 1359 3145; x_wconf 93' lang='lat' dir='ltr'><strong><em>quo</em></strong></span> <span class='ocrx_word' id='word_1_343' title='bbox 1395 3076 1537 3129; x_wconf 90' lang='lat' dir='ltr'><strong><em>Deus</em></strong></span> <span class='ocrx_word' id='word_1_344' title='bbox 1569 3078 1685 3140; x_wconf 85' lang='lat' dir='ltr'><strong><em>est‘,</em></strong></span> <span class='ocrx_word' id='word_1_345' title='bbox 1731 3091 1837 3144; x_wconf 91' lang='lat' dir='ltr'><strong><em>quo</em></strong></span> <span class='ocrx_word' id='word_1_346' title='bbox 1872 3077 1997 3131; x_wconf 90' lang='lat' dir='ltr'><strong><em>sub-</em></strong></span> 
     </span>
    </p>
   </div>
   <div class='ocr_carea' id='block_1_48' title="bbox 2095 1908 3675 1979">
    <p class='ocr_par' dir='ltr' id='par_1_48' title="bbox 2095 1908 3675 1979">
     <span class='ocr_line' id='line_1_48' title="bbox 2095 1908 3675 1979; baseline -0.001 -16"><span class='ocrx_word' id='word_1_347' title='bbox 2095 1909 2353 1965; x_wconf 87' lang='lat' dir='ltr'><strong><em>vocabula</em></strong></span> <span class='ocrx_word' id='word_1_348' title='bbox 2395 1924 2493 1963; x_wconf 90' lang='lat' dir='ltr'><strong><em>cur</em></strong></span> <span class='ocrx_word' id='word_1_349' title='bbox 2530 1909 2604 1964; x_wconf 90' lang='lat' dir='ltr'><strong><em>ita</em></strong></span> <span class='ocrx_word' id='word_1_350' title='bbox 2640 1909 2747 1965; x_wconf 90' lang='lat' dir='ltr'><strong><em>sint</em></strong></span> <span class='ocrx_word' id='word_1_351' title='bbox 2784 1908 2959 1973; x_wconf 88' lang='lat' dir='ltr'><strong><em>dicta,</em></strong></span> <span class='ocrx_word' id='word_1_352' title='bbox 2990 1908 3392 1979; x_wconf 88' lang='lat' dir='ltr'><strong><em>interpretando</em></strong></span> <span class='ocrx_word' id='word_1_353' title='bbox 3429 1909 3675 1977; x_wconf 72' lang='lat' dir='ltr'><strong><em>exsequi-</em></strong></span> 
     </span>
    </p>
   </div>
   <div class='ocr_carea' id='block_1_49' title="bbox 2097 1999 3682 2068">
    <p class='ocr_par' dir='ltr' id='par_1_49' title="bbox 2097 1999 3682 2068">
     <span class='ocr_line' id='line_1_49' title="bbox 2097 1999 3682 2068; baseline -0.001 -15"><span class='ocrx_word' id='word_1_354' title='bbox 2097 2015 2237 2053; x_wconf 91' lang='lat' dir='ltr'><strong><em>mur.</em></strong></span> <span class='ocrx_word' id='word_1_355' title='bbox 2266 1999 2448 2068; x_wconf 86' lang='lat' dir='ltr'><strong><em>Angeli</em></strong></span> <span class='ocrx_word' id='word_1_356' title='bbox 2478 2007 2740 2053; x_wconf 73' lang='lat' dir='ltr'><strong><em>vocantur</em></strong></span> <span class='ocrx_word' id='word_1_357' title='bbox 2779 2008 2998 2067; x_wconf 88' lang='lat' dir='ltr'><strong><em>propter</em></strong></span> <span class='ocrx_word' id='word_1_358' title='bbox 3029 2001 3171 2067; x_wconf 92' lang='lat' dir='ltr'><strong><em>quod</em></strong></span> <span class='ocrx_word' id='word_1_359' title='bbox 3198 2000 3264 2054; x_wconf 90' lang='lat' dir='ltr'><strong><em>de</em></strong></span> <span class='ocrx_word' id='word_1_360' title='bbox 3299 1999 3453 2055; x_wconf 66' lang='lat' dir='ltr'><strong><em>caelis</em></strong></span> <span class='ocrx_word' id='word_1_361' title='bbox 3482 1999 3547 2053; x_wconf 89' lang='lat' dir='ltr'><strong><em>ad</em></strong></span> <span class='ocrx_word' id='word_1_362' title='bbox 3577 2014 3682 2052; x_wconf 87' lang='lat' dir='ltr'><strong><em>an-</em></strong></span> 
     </span>
    </p>
   </div>
   <div class='ocr_carea' id='block_1_50' title="bbox 2098 2088 3679 2158">
    <p class='ocr_par' dir='ltr' id='par_1_50' title="bbox 2098 2088 3679 2158">
     <span class='ocr_line' id='line_1_50' title="bbox 2098 2088 3679 2158; baseline 0 -16"><span class='ocrx_word' id='word_1_363' title='bbox 2098 2089 2452 2142; x_wconf 91' lang='lat' dir='ltr'><strong><em>nuntiandum</em></strong></span> <span class='ocrx_word' id='word_1_364' title='bbox 2512 2088 2821 2142; x_wconf 88' lang='lat' dir='ltr'><strong><em>hominibus</em></strong></span> <span class='ocrx_word' id='word_1_365' title='bbox 2878 2088 3184 2143; x_wconf 87' lang='lat' dir='ltr'><strong><em>mittuntur.</em></strong></span> <span class='ocrx_word' id='word_1_366' title='bbox 3242 2088 3477 2158; x_wconf 77' lang='lat' dir='ltr'><strong><em>Angelus</em></strong></span> <span class='ocrx_word' id='word_1_367' title='bbox 3531 2090 3679 2143; x_wconf 87' lang='lat' dir='ltr'><strong><em>enim</em></strong></span> 
     </span>
    </p>
   </div>
   <div class='ocr_carea' id='block_1_51' title="bbox 2097 2177 3682 2249">
    <p class='ocr_par' dir='ltr' id='par_1_51' title="bbox 2097 2177 3682 2249">
     <span class='ocr_line' id='line_1_51' title="bbox 2097 2177 3682 2249; baseline 0.001 -16"><span class='ocrx_word' id='word_1_368' title='bbox 2097 2177 2315 2243; x_wconf 59' lang='lat' dir='ltr'><strong><em>Graece,</em></strong></span> <span class='ocrx_word' id='word_1_369' title='bbox 2362 2177 2551 2231; x_wconf 90' lang='lat' dir='ltr'><strong><em>Latine</em></strong></span> <span class='ocrx_word' id='word_1_370' title='bbox 2599 2178 2821 2233; x_wconf 87' lang='lat' dir='ltr'><strong><em>nuntius</em></strong></span> <span class='ocrx_word' id='word_1_371' title='bbox 2863 2178 3076 2232; x_wconf 85' lang='lat' dir='ltr'><strong><em>dicitur.</em></strong></span> <span class='ocrx_word' id='word_1_372' title='bbox 3132 2178 3447 2249; x_wconf 78' lang='lat' dir='ltr'><strong><em>Archangeli</em></strong></span> <span class='ocrx_word' id='word_1_373' title='bbox 3490 2179 3682 2235; x_wconf 72' lang='lat' dir='ltr'><strong><em>Grieca</em></strong></span> 
     </span>
    </p>
   </div>
   <div class='ocr_carea' id='block_1_52' title="bbox 2098 2267 3679 2340">
    <p class='ocr_par' dir='ltr' id='par_1_52' title="bbox 2098 2267 3679 2340">
     <span class='ocr_line' id='line_1_52' title="bbox 2098 2267 3679 2340; baseline 0.003 -19"><span class='ocrx_word' id='word_1_374' title='bbox 2098 2267 2277 2337; x_wconf 88' lang='lat' dir='ltr'><strong><em>lingua</em></strong></span> <span class='ocrx_word' id='word_1_375' title='bbox 2308 2270 2503 2322; x_wconf 90' lang='lat' dir='ltr'><strong><em>summi</em></strong></span> <span class='ocrx_word' id='word_1_376' title='bbox 2533 2270 2702 2323; x_wconf 84' lang='lat' dir='ltr'><strong><em>nuntii</em></strong></span> <span class='ocrx_word' id='word_1_377' title='bbox 2732 2271 3174 2337; x_wconf 89' lang='lat' dir='ltr'><strong><em>interpretantur.</em></strong></span> <span class='ocrx_word' id='word_1_378' title='bbox 3202 2268 3305 2335; x_wconf 86' lang='lat' dir='ltr'><strong><em>Qui</em></strong></span> <span class='ocrx_word' id='word_1_379' title='bbox 3330 2271 3473 2323; x_wconf 88' lang='lat' dir='ltr'><strong><em>enim</em></strong></span> <span class='ocrx_word' id='word_1_380' title='bbox 3510 2286 3679 2340; x_wconf 81' lang='lat' dir='ltr'><strong><em>parva</em></strong></span> 
     </span>
    </p>
   </div>
   <div class='ocr_carea' id='block_1_53' title="bbox 2098 2358 3684 2431">
    <p class='ocr_par' dir='ltr' id='par_1_53' title="bbox 2098 2358 3684 2431">
     <span class='ocr_line' id='line_1_53' title="bbox 2098 2358 3684 2431; baseline 0.003 -21"><span class='ocrx_word' id='word_1_381' title='bbox 2098 2358 2183 2411; x_wconf 82' lang='lat' dir='ltr'><strong><em>vel</em></strong></span> <span class='ocrx_word' id='word_1_382' title='bbox 2230 2359 2448 2412; x_wconf 90' lang='lat' dir='ltr'><strong><em>minima</em></strong></span> <span class='ocrx_word' id='word_1_383' title='bbox 2497 2360 2814 2412; x_wconf 88' lang='lat' dir='ltr'><strong><em>annuntiant</em></strong></span> <span class='ocrx_word' id='word_1_384' title='bbox 2842 2398 2857 2423; x_wconf 94' lang='lat'><strong><em>,</em></strong></span> <span class='ocrx_word' id='word_1_385' title='bbox 2897 2358 3104 2428; x_wconf 88' lang='lat' dir='ltr'><strong><em>angeli;</em></strong></span> <span class='ocrx_word' id='word_1_386' title='bbox 3149 2360 3240 2431; x_wconf 84' lang='lat' dir='ltr'><strong><em>qui</em></strong></span> <span class='ocrx_word' id='word_1_387' title='bbox 3276 2374 3405 2414; x_wconf 88' lang='lat' dir='ltr'><strong><em>vero</em></strong></span> <span class='ocrx_word' id='word_1_388' title='bbox 3447 2375 3684 2426; x_wconf 86' lang='lat' dir='ltr'><strong><em>summa,</em></strong></span> 
     </span>
    </p>
   </div>
   <div class='ocr_carea' id='block_1_54' title="bbox 2099 2447 3683 2520">
    <p class='ocr_par' dir='ltr' id='par_1_54' title="bbox 2099 2447 3683 2520">
     <span class='ocr_line' id='line_1_54' title="bbox 2099 2447 3683 2520; baseline 0.003 -19"><span class='ocrx_word' id='word_1_389' title='bbox 2099 2447 2411 2516; x_wconf 85' lang='lat' dir='ltr'><strong><em>archangeli</em></strong></span> <span class='ocrx_word' id='word_1_390' title='bbox 2444 2456 2841 2515; x_wconf 86' lang='lat' dir='ltr'><strong><em>nuncupantur.</em></strong></span> <span class='ocrx_word' id='word_1_391' title='bbox 2884 2447 3209 2517; x_wconf 88' lang='lat' dir='ltr'><strong><em>Archangeli</em></strong></span> <span class='ocrx_word' id='word_1_392' title='bbox 3256 2448 3383 2503; x_wconf 89' lang='lat' dir='ltr'><strong><em>dicti</em></strong></span> <span class='ocrx_word' id='word_1_393' title='bbox 3430 2464 3494 2503; x_wconf 88' lang='lat' dir='ltr'><strong><em>eo</em></strong></span> <span class='ocrx_word' id='word_1_394' title='bbox 3539 2452 3683 2520; x_wconf 90' lang='lat' dir='ltr'><strong><em>quod</em></strong></span> 
     </span>
    </p>
   </div>
   <div class='ocr_carea' id='block_1_55' title="bbox 2098 2535 3684 2606">
    <p class='ocr_par' dir='ltr' id='par_1_55' title="bbox 2098 2535 3684 2606">
     <span class='ocr_line' id='line_1_55' title="bbox 2098 2535 3684 2606; baseline 0.005 -19"><span class='ocrx_word' id='word_1_395' title='bbox 2098 2536 2386 2605; x_wconf 83' lang='lat' dir='ltr'><strong><em>primatum</em></strong></span> <span class='ocrx_word' id='word_1_396' title='bbox 2417 2543 2636 2589; x_wconf 90' lang='lat' dir='ltr'><strong><em>teneant</em></strong></span> <span class='ocrx_word' id='word_1_397' title='bbox 2660 2535 2800 2588; x_wconf 89' lang='lat' dir='ltr'><strong><em>inter</em></strong></span> <span class='ocrx_word' id='word_1_398' title='bbox 2821 2536 3068 2606; x_wconf 87' lang='lat' dir='ltr'><strong><em>angelos;</em></strong></span> <span class='ocrx_word' id='word_1_399' title='bbox 3096 2537 3289 2591; x_wconf 90' lang='lat' dir='ltr'><strong><em>arcbos</em></strong></span> <span class='ocrx_word' id='word_1_400' title='bbox 3308 2538 3452 2592; x_wconf 88' lang='lat' dir='ltr'><strong><em>enim</em></strong></span> <span class='ocrx_word' id='word_1_401' title='bbox 3473 2537 3684 2603; x_wconf 63' lang='lat' dir='ltr'><strong><em>Graece.</em></strong></span> 
     </span>
    </p>
   </div>
   <div class='ocr_carea' id='block_1_56' title="bbox 2100 2626 3685 2695">
    <p class='ocr_par' dir='ltr' id='par_1_56' title="bbox 2100 2626 3685 2695">
     <span class='ocr_line' id='line_1_56' title="bbox 2100 2626 3685 2695; baseline 0.004 -17"><span class='ocrx_word' id='word_1_402' title='bbox 2100 2626 2288 2679; x_wconf 87' lang='lat' dir='ltr'><strong><em>Latine</em></strong></span> <span class='ocrx_word' id='word_1_403' title='bbox 2325 2627 2572 2695; x_wconf 88' lang='lat' dir='ltr'><strong><em>princeps</em></strong></span> <span class='ocrx_word' id='word_1_404' title='bbox 2615 2626 3019 2695; x_wconf 87' lang='lat' dir='ltr'><strong><em>interpretatur.</em></strong></span> <span class='ocrx_word' id='word_1_405' title='bbox 3063 2626 3201 2680; x_wconf 90' lang='lat' dir='ltr'><strong><em>Sunt</em></strong></span> <span class='ocrx_word' id='word_1_406' title='bbox 3245 2628 3385 2682; x_wconf 91' lang='lat' dir='ltr'><strong><em>enim</em></strong></span> <span class='ocrx_word' id='word_1_407' title='bbox 3426 2636 3480 2682; x_wconf 90' lang='lat' dir='ltr'><strong><em>et</em></strong></span> <span class='ocrx_word' id='word_1_408' title='bbox 3518 2630 3685 2685; x_wconf 85' lang='lat' dir='ltr'><strong><em>duces</em></strong></span> 
     </span>
    </p>
   </div>
   <div class='ocr_carea' id='block_1_57' title="bbox 2098 2717 3686 2790">
    <p class='ocr_par' dir='ltr' id='par_1_57' title="bbox 2098 2717 3686 2790">
     <span class='ocr_line' id='line_1_57' title="bbox 2098 2717 3686 2790; baseline 0.004 -20"><span class='ocrx_word' id='word_1_409' title='bbox 2098 2717 2388 2786; x_wconf 86' lang='lat' dir='ltr'><strong><em>principes,</em></strong></span> <span class='ocrx_word' id='word_1_410' title='bbox 2422 2718 2521 2771; x_wconf 92' lang='lat' dir='ltr'><strong><em>sub</em></strong></span> <span class='ocrx_word' id='word_1_411' title='bbox 2547 2732 2774 2787; x_wconf 89' lang='lat' dir='ltr'><strong><em>quorum</em></strong></span> <span class='ocrx_word' id='word_1_412' title='bbox 2814 2718 3003 2771; x_wconf 81' lang='lat' dir='ltr'><strong><em>ordine</em></strong></span> <span class='ocrx_word' id='word_1_413' title='bbox 3042 2718 3330 2787; x_wconf 90' lang='lat' dir='ltr'><strong><em>unicuique</em></strong></span> <span class='ocrx_word' id='word_1_414' title='bbox 3368 2719 3686 2790; x_wconf 87' lang='lat' dir='ltr'><strong><em>angelorum</em></strong></span> 
     </span>
    </p>
   </div>
   <div class='ocr_carea' id='block_1_58' title="bbox 2100 2807 3687 2881">
    <p class='ocr_par' dir='ltr' id='par_1_58' title="bbox 2100 2807 3687 2881">
     <span class='ocr_line' id='line_1_58' title="bbox 2100 2807 3687 2881; baseline 0.001 -17"><span class='ocrx_word' id='word_1_415' title='bbox 2100 2807 2269 2864; x_wconf 81' lang='lat' dir='ltr'><strong><em>ollicia</em></strong></span> <span class='ocrx_word' id='word_1_416' title='bbox 2313 2809 2564 2877; x_wconf 90' lang='lat' dir='ltr'><strong><em>deputata</em></strong></span> <span class='ocrx_word' id='word_1_417' title='bbox 2612 2818 2757 2862; x_wconf 90' lang='lat' dir='ltr'><strong><em>sunt.</em></strong></span> <span class='ocrx_word' id='word_1_418' title='bbox 2810 2807 2941 2861; x_wconf 86' lang='lat' dir='ltr'><strong><em>Nam</em></strong></span> <span class='ocrx_word' id='word_1_419' title='bbox 2973 2810 3105 2878; x_wconf 84' lang='lat' dir='ltr'><strong><em>quia</em></strong></span> <span class='ocrx_word' id='word_1_420' title='bbox 3137 2811 3439 2880; x_wconf 81' lang='lat' dir='ltr'><strong><em>archangeli</em></strong></span> <span class='ocrx_word' id='word_1_421' title='bbox 3479 2812 3687 2881; x_wconf 83' lang='lat' dir='ltr'><strong><em>angelis</em></strong></span> 
     </span>
    </p>
   </div>
   <div class='ocr_carea' id='block_1_59' title="bbox 2100 2896 3685 2968">
    <p class='ocr_par' dir='ltr' id='par_1_59' title="bbox 2100 2896 3685 2968">
     <span class='ocr_line' id='line_1_59' title="bbox 2100 2896 3685 2968; baseline 0.003 -16"><span class='ocrx_word' id='word_1_422' title='bbox 2100 2906 2367 2967; x_wconf 59' lang='lat' dir='ltr'><strong><em>praesunt,</em></strong></span> <span class='ocrx_word' id='word_1_423' title='bbox 2406 2896 2696 2952; x_wconf 86' lang='lat' dir='ltr'><strong><em>Zacharias</em></strong></span> <span class='ocrx_word' id='word_1_424' title='bbox 2738 2899 2997 2968; x_wconf 82' lang='lat' dir='ltr'><strong><em>propheta</em></strong></span> <span class='ocrx_word' id='word_1_425' title='bbox 3029 2907 3259 2954; x_wconf 87' lang='lat' dir='ltr'><strong><em>testatur</em></strong></span> <span class='ocrx_word' id='word_1_426' title='bbox 3288 2902 3471 2957; x_wconf 89' lang='lat' dir='ltr'><strong><em>dicens</em></strong></span> <span class='ocrx_word' id='word_1_427' title='bbox 3498 2920 3509 2954; x_wconf 93' lang='lat'><strong>:</strong></span> <span class='ocrx_word' id='word_1_428' title='bbox 3538 2901 3685 2956; x_wconf 85' lang='lat' dir='ltr'><strong><em>Ecce</em></strong></span> 
     </span>
    </p>
   </div>
   <div class='ocr_carea' id='block_1_60' title="bbox 2100 2986 3688 3060">
    <p class='ocr_par' dir='ltr' id='par_1_60' title="bbox 2100 2986 3688 3060">
     <span class='ocr_line' id='line_1_60' title="bbox 2100 2986 3688 3060; baseline 0.004 -21"><span class='ocrx_word' id='word_1_429' title='bbox 2100 2986 2314 3057; x_wconf 84' lang='lat' dir='ltr'><strong><em>angelus</em></strong></span> <span class='ocrx_word' id='word_1_430' title='bbox 2332 3027 2350 3051; x_wconf 87' lang='lat'><strong><em>,</em></strong></span> <span class='ocrx_word' id='word_1_431' title='bbox 2377 2987 2464 3057; x_wconf 87' lang='lat' dir='ltr'><strong><em>qui</em></strong></span> <span class='ocrx_word' id='word_1_432' title='bbox 2492 2986 2798 3057; x_wconf 81' lang='lat' dir='ltr'><strong><em>loquebatur</em></strong></span> <span class='ocrx_word' id='word_1_433' title='bbox 2820 2989 2875 3041; x_wconf 90' lang='lat' dir='ltr'><strong><em>in</em></strong></span> <span class='ocrx_word' id='word_1_434' title='bbox 2902 3005 2981 3043; x_wconf 90' lang='lat' dir='ltr'><strong><em>me</em></strong></span> <span class='ocrx_word' id='word_1_435' title='bbox 2998 3030 3013 3053; x_wconf 94' lang='lat'><strong><em>,</em></strong></span> <span class='ocrx_word' id='word_1_436' title='bbox 3042 2990 3400 3060; x_wconf 86' lang='lat' dir='ltr'><strong><em>egrediebatur</em></strong></span> <span class='ocrx_word' id='word_1_437' title='bbox 3426 3008 3444 3044; x_wconf 88' lang='lat'><strong><em>:</em></strong></span> <span class='ocrx_word' id='word_1_438' title='bbox 3470 3001 3518 3045; x_wconf 83' lang='lat' dir='ltr'><strong><em>et</em></strong></span> <span class='ocrx_word' id='word_1_439' title='bbox 3544 2990 3688 3045; x_wconf 85' lang='lat' dir='ltr'><strong><em>alius</em></strong></span> 
     </span>
    </p>
   </div>
   <div class='ocr_carea' id='block_1_61' title="bbox 2103 3075 3687 3150">
    <p class='ocr_par' dir='ltr' id='par_1_61' title="bbox 2103 3075 3687 3150">
     <span class='ocr_line' id='line_1_61' title="bbox 2103 3075 3687 3150; baseline 0.004 -23"><span class='ocrx_word' id='word_1_440' title='bbox 2103 3075 2318 3145; x_wconf 87' lang='lat' dir='ltr'><strong><em>angelus</em></strong></span> <span class='ocrx_word' id='word_1_441' title='bbox 2357 3076 2714 3147; x_wconf 82' lang='lat' dir='ltr'><strong><em>egrediebatur</em></strong></span> <span class='ocrx_word' id='word_1_442' title='bbox 2753 3078 2807 3130; x_wconf 89' lang='lat' dir='ltr'><strong><em>in</em></strong></span> <span class='ocrx_word' id='word_1_443' title='bbox 2846 3094 3117 3133; x_wconf 81' lang='lat' dir='ltr'><strong><em>occursum</em></strong></span> <span class='ocrx_word' id='word_1_444' title='bbox 3159 3079 3275 3150; x_wconf 86' lang='lat' dir='ltr'><strong><em>ejus</em></strong></span> <span class='ocrx_word' id='word_1_445' title='bbox 3299 3119 3315 3144; x_wconf 94' lang='lat'><strong><em>,</em></strong></span> <span class='ocrx_word' id='word_1_446' title='bbox 3352 3091 3399 3134; x_wconf 87' lang='lat' dir='ltr'><strong><em>et</em></strong></span> <span class='ocrx_word' id='word_1_447' title='bbox 3442 3080 3573 3134; x_wconf 77' lang='lat' dir='ltr'><strong><em>dixit</em></strong></span> <span class='ocrx_word' id='word_1_448' title='bbox 3613 3082 3687 3148; x_wconf 69' lang='lat' dir='ltr'><strong><em>ad</em></strong></span> 
     </span>
    </p>
   </div>
   <div class='ocr_carea' id='block_1_62' title="bbox 423 3141 3689 3236">
    <p class='ocr_par' dir='ltr' id='par_1_62' title="bbox 423 3141 3689 3236">
     <span class='ocr_line' id='line_1_62' title="bbox 423 3141 3689 3236; baseline 0 -14"><span class='ocrx_word' id='word_1_449' title='bbox 423 3141 632 3223; x_wconf 73' lang='lat' dir='ltr'><strong><em>stantia</em></strong></span> <span class='ocrx_word' id='word_1_450' title='bbox 654 3141 769 3231; x_wconf 65' lang='lat' dir='ltr'><strong><em>est,</em></strong></span> <span class='ocrx_word' id='word_1_451' title='bbox 809 3182 917 3235; x_wconf 94' lang='lat' dir='ltr'><strong><em>quo</em></strong></span> <span class='ocrx_word' id='word_1_452' title='bbox 942 3167 1218 3221; x_wconf 72' lang='lat' dir='ltr'><strong><em>:eternitas</em></strong></span> <span class='ocrx_word' id='word_1_453' title='bbox 1244 3141 1354 3229; x_wconf 76' lang='lat' dir='ltr'><strong><em>est,</em></strong></span> <span class='ocrx_word' id='word_1_454' title='bbox 1402 3167 1503 3221; x_wconf 89' lang='lat' dir='ltr'><strong><em>hoc</em></strong></span> <span class='ocrx_word' id='word_1_455' title='bbox 1534 3164 1723 3231; x_wconf 85' lang='lat' dir='ltr'><strong><em>Filius,</em></strong></span> <span class='ocrx_word' id='word_1_456' title='bbox 1750 3141 1856 3219; x_wconf 86' lang='lat' dir='ltr'><strong><em>hoc</em></strong></span> <span class='ocrx_word' id='word_1_457' title='bbox 1883 3164 2003 3234; x_wconf 90' lang='lat' dir='ltr'><strong><em>Spi-</em></strong></span> <span class='ocrx_word' id='word_1_458' title='bbox 2029 3141 2073 3203; x_wconf 61' lang='grc' dir='ltr'><strong><em>(ἶ</em></strong></span> <span class='ocrx_word' id='word_1_459' title='bbox 2105 3141 2222 3217; x_wconf 75' lang='lat' dir='ltr'><strong><em>eunt</em></strong></span> <span class='ocrx_word' id='word_1_460' title='bbox 2247 3179 2264 3217; x_wconf 92' lang='lat'><strong><em>:</em></strong></span> <span class='ocrx_word' id='word_1_461' title='bbox 2294 3141 2476 3230; x_wconf 76' lang='lat' dir='ltr'><strong><em>Curre,</em></strong></span> <span class='ocrx_word' id='word_1_462' title='bbox 2509 3165 2715 3233; x_wconf 85' lang='lat' dir='ltr'><strong><em>loquare</em></strong></span> <span class='ocrx_word' id='word_1_463' title='bbox 2747 3166 2815 3219; x_wconf 86' lang='lat' dir='ltr'><strong><em>ad</em></strong></span> <span class='ocrx_word' id='word_1_464' title='bbox 2838 3184 3055 3236; x_wconf 85' lang='lat' dir='ltr'><strong><em>puerum</em></strong></span> <span class='ocrx_word' id='word_1_465' title='bbox 3086 3141 3262 3233; x_wconf 44' lang='lat' dir='ltr'><strong><em>istu&#39;m,</em></strong></span> <span class='ocrx_word' id='word_1_466' title='bbox 3294 3141 3469 3224; x_wconf 82' lang='lat' dir='ltr'><strong><em>dicens</em></strong></span> <span class='ocrx_word' id='word_1_467' title='bbox 3502 3182 3520 3220; x_wconf 92' lang='lat'><strong><em>:</em></strong></span> <span class='ocrx_word' id='word_1_468' title='bbox 3550 3141 3689 3223; x_wconf 59' lang='lat' dir='ltr'><strong><em>Abi-</em></strong></span> 
     </span>
    </p>
   </div>
   <div class='ocr_carea' id='block_1_63' title="bbox 425 3256 2004 3324">
    <p class='ocr_par' dir='ltr' id='par_1_63' title="bbox 425 3256 2004 3324">
     <span class='ocr_line' id='line_1_63' title="bbox 425 3256 2004 3324; baseline -0.001 -12"><span class='ocrx_word' id='word_1_469' title='bbox 425 3260 563 3313; x_wconf 91' lang='lat' dir='ltr'><strong><em>ritus</em></strong></span> <span class='ocrx_word' id='word_1_470' title='bbox 612 3267 829 3312; x_wconf 91' lang='lat' dir='ltr'><strong><em>sanctus</em></strong></span> <span class='ocrx_word' id='word_1_471' title='bbox 875 3266 977 3311; x_wconf 88' lang='lat' dir='ltr'><strong><em>est.</em></strong></span> <span class='ocrx_word' id='word_1_472' title='bbox 1032 3256 1107 3310; x_wconf 85' lang='lat' dir='ltr'><strong><em>lia</em></strong></span> <span class='ocrx_word' id='word_1_473' title='bbox 1152 3258 1315 3310; x_wconf 89' lang='lat' dir='ltr'><strong><em>etiam</em></strong></span> <span class='ocrx_word' id='word_1_474' title='bbox 1358 3265 1415 3311; x_wconf 91' lang='lat' dir='ltr'><strong><em>et</em></strong></span> <span class='ocrx_word' id='word_1_475' title='bbox 1457 3256 1653 3320; x_wconf 88' lang='lat' dir='ltr'><strong><em>Filius,</em></strong></span> <span class='ocrx_word' id='word_1_476' title='bbox 1691 3271 1757 3310; x_wconf 92' lang='lat' dir='ltr'><strong><em>eo</em></strong></span> <span class='ocrx_word' id='word_1_477' title='bbox 1786 3272 1891 3324; x_wconf 90' lang='lat' dir='ltr'><strong><em>quo</em></strong></span> <span class='ocrx_word' id='word_1_478' title='bbox 1920 3265 2004 3310; x_wconf 88' lang='lat' dir='ltr'><strong><em>est</em></strong></span> 
     </span>
    </p>
   </div>
   <div class='ocr_carea' id='block_1_64' title="bbox 425 3348 2003 3418">
    <p class='ocr_par' dir='ltr' id='par_1_64' title="bbox 425 3348 2003 3418">
     <span class='ocr_line' id='line_1_64' title="bbox 425 3348 2003 3418; baseline -0.001 -15"><span class='ocrx_word' id='word_1_479' title='bbox 425 3350 590 3413; x_wconf 90' lang='lat' dir='ltr'><strong><em>Deus,</em></strong></span> <span class='ocrx_word' id='word_1_480' title='bbox 619 3364 724 3418; x_wconf 93' lang='lat' dir='ltr'><strong><em>quo</em></strong></span> <span class='ocrx_word' id='word_1_481' title='bbox 754 3349 1050 3403; x_wconf 88' lang='lat' dir='ltr'><strong><em>substantia</em></strong></span> <span class='ocrx_word' id='word_1_482' title='bbox 1092 3358 1207 3412; x_wconf 90' lang='lat' dir='ltr'><strong><em>est,</em></strong></span> <span class='ocrx_word' id='word_1_483' title='bbox 1263 3363 1371 3417; x_wconf 93' lang='lat' dir='ltr'><strong><em>quo</em></strong></span> <span class='ocrx_word' id='word_1_484' title='bbox 1416 3348 1689 3401; x_wconf 70' lang='lat' dir='ltr'><strong><em>mternitas</em></strong></span> <span class='ocrx_word' id='word_1_485' title='bbox 1728 3356 1851 3412; x_wconf 87' lang='lat' dir='ltr'><strong><em>est,</em></strong></span> <span class='ocrx_word' id='word_1_486' title='bbox 1901 3348 2003 3401; x_wconf 92' lang='lat' dir='ltr'><strong><em>hoc</em></strong></span> 
     </span>
    </p>
   </div>
   <div class='ocr_carea' id='block_1_65' title="bbox 426 3437 2003 3501">
    <p class='ocr_par' dir='ltr' id='par_1_65' title="bbox 426 3437 2003 3501">
     <span class='ocr_line' id='line_1_65' title="bbox 426 3437 2003 3501; baseline -0.001 -10"><span class='ocrx_word' id='word_1_487' title='bbox 426 3438 588 3493; x_wconf 89' lang='lat' dir='ltr'><strong><em>Pater</em></strong></span> <span class='ocrx_word' id='word_1_488' title='bbox 615 3448 699 3492; x_wconf 93' lang='lat' dir='ltr'><strong><em>est</em></strong></span> <span class='ocrx_word' id='word_1_489' title='bbox 738 3447 792 3491; x_wconf 91' lang='lat' dir='ltr'><strong><em>et</em></strong></span> <span class='ocrx_word' id='word_1_490' title='bbox 830 3438 1018 3492; x_wconf 85' lang='lat' dir='ltr'><strong><em>Filius.</em></strong></span> <span class='ocrx_word' id='word_1_491' title='bbox 1085 3438 1198 3492; x_wconf 88' lang='lat' dir='ltr'><strong><em>Una</em></strong></span> <span class='ocrx_word' id='word_1_492' title='bbox 1248 3439 1301 3491; x_wconf 90' lang='lat' dir='ltr'><strong><em>in</em></strong></span> <span class='ocrx_word' id='word_1_493' title='bbox 1355 3438 1525 3490; x_wconf 90' lang='lat' dir='ltr'><strong><em>tribus</em></strong></span> <span class='ocrx_word' id='word_1_494' title='bbox 1557 3437 1845 3501; x_wconf 87' lang='lat' dir='ltr'><strong><em>divinitas,</em></strong></span> <span class='ocrx_word' id='word_1_495' title='bbox 1896 3451 2003 3490; x_wconf 88' lang='lat' dir='ltr'><strong><em>una</em></strong></span> 
     </span>
    </p>
   </div>
   <div class='ocr_carea' id='block_1_66' title="bbox 425 3522 2004 3596">
    <p class='ocr_par' dir='ltr' id='par_1_66' title="bbox 425 3522 2004 3596">
     <span class='ocr_line' id='line_1_66' title="bbox 425 3522 2004 3596; baseline -0.002 -14"><span class='ocrx_word' id='word_1_496' title='bbox 425 3528 657 3582; x_wconf 87' lang='lat' dir='ltr'><strong><em>essentia</em></strong></span> <span class='ocrx_word' id='word_1_497' title='bbox 684 3568 698 3590; x_wconf 88' lang='lat'><strong><em>,</em></strong></span> <span class='ocrx_word' id='word_1_498' title='bbox 748 3542 853 3579; x_wconf 91' lang='lat' dir='ltr'><strong><em>una</em></strong></span> <span class='ocrx_word' id='word_1_499' title='bbox 898 3526 1308 3596; x_wconf 88' lang='lat' dir='ltr'><strong><em>omnipotentia.</em></strong></span> <span class='ocrx_word' id='word_1_500' title='bbox 1369 3527 1436 3581; x_wconf 83' lang='lat' dir='ltr'><strong><em>Et</em></strong></span> <span class='ocrx_word' id='word_1_501' title='bbox 1466 3528 1722 3595; x_wconf 89' lang='lat' dir='ltr'><strong><em>quidquid</em></strong></span> <span class='ocrx_word' id='word_1_502' title='bbox 1753 3522 2004 3581; x_wconf 81' lang='lat' dir='ltr'><strong><em>substan-</em></strong></span> 
     </span>
    </p>
   </div>
   <div class='ocr_carea' id='block_1_67' title="bbox 427 3614 2005 3683">
    <p class='ocr_par' dir='ltr' id='par_1_67' title="bbox 427 3614 2005 3683">
     <span class='ocr_line' id='line_1_67' title="bbox 427 3614 2005 3683; baseline -0.002 -12"><span class='ocrx_word' id='word_1_503' title='bbox 427 3617 630 3671; x_wconf 88' lang='lat' dir='ltr'><strong><em>tialiter</em></strong></span> <span class='ocrx_word' id='word_1_504' title='bbox 662 3616 726 3669; x_wconf 93' lang='lat' dir='ltr'><strong><em>de</em></strong></span> <span class='ocrx_word' id='word_1_505' title='bbox 752 3614 860 3669; x_wconf 91' lang='lat' dir='ltr'><strong><em>Deo</em></strong></span> <span class='ocrx_word' id='word_1_506' title='bbox 891 3615 993 3668; x_wconf 90' lang='lat' dir='ltr'><strong><em>diei</em></strong></span> <span class='ocrx_word' id='word_1_507' title='bbox 1026 3624 1223 3683; x_wconf 87' lang='lat' dir='ltr'><strong><em>potest,</em></strong></span> <span class='ocrx_word' id='word_1_508' title='bbox 1254 3618 1297 3669; x_wconf 91' lang='lat' dir='ltr'><strong><em>si</em></strong></span> <span class='ocrx_word' id='word_1_509' title='bbox 1331 3614 1469 3669; x_wconf 86' lang='lat' dir='ltr'><strong><em>forte</em></strong></span> <span class='ocrx_word' id='word_1_510' title='bbox 1498 3617 1562 3668; x_wconf 89' lang='lat' dir='ltr'><strong><em>de</em></strong></span> <span class='ocrx_word' id='word_1_511' title='bbox 1594 3616 1754 3670; x_wconf 84' lang='lat' dir='ltr'><strong><em>Patre</em></strong></span> <span class='ocrx_word' id='word_1_512' title='bbox 1784 3615 1897 3670; x_wconf 89' lang='lat' dir='ltr'><strong><em>solo</em></strong></span> <span class='ocrx_word' id='word_1_513' title='bbox 1925 3616 2005 3668; x_wconf 90' lang='lat' dir='ltr'><strong><em>in-</em></strong></span> 
     </span>
    </p>
   </div>
   <div class='ocr_carea' id='block_1_68' title="bbox 430 3702 2001 3775">
    <p class='ocr_par' dir='ltr' id='par_1_68' title="bbox 430 3702 2001 3775">
     <span class='ocr_line' id='line_1_68' title="bbox 430 3702 2001 3775; baseline -0.002 -15"><span class='ocrx_word' id='word_1_514' title='bbox 430 3713 731 3775; x_wconf 87' lang='lat' dir='ltr'><strong><em>terrogatus</em></strong></span> <span class='ocrx_word' id='word_1_515' title='bbox 756 3702 942 3767; x_wconf 87' lang='lat' dir='ltr'><strong><em>fueris,</em></strong></span> <span class='ocrx_word' id='word_1_516' title='bbox 966 3705 1093 3773; x_wconf 92' lang='lat' dir='ltr'><strong><em>quid</em></strong></span> <span class='ocrx_word' id='word_1_517' title='bbox 1122 3706 1194 3758; x_wconf 89' lang='lat' dir='ltr'><strong><em>sit</em></strong></span> <span class='ocrx_word' id='word_1_518' title='bbox 1220 3705 1397 3770; x_wconf 89' lang='lat' dir='ltr'><strong><em>Pater,</em></strong></span> <span class='ocrx_word' id='word_1_519' title='bbox 1426 3707 1707 3774; x_wconf 91' lang='lat' dir='ltr'><strong><em>responde,</em></strong></span> <span class='ocrx_word' id='word_1_520' title='bbox 1735 3706 1875 3760; x_wconf 91' lang='lat' dir='ltr'><strong><em>Deus</em></strong></span> <span class='ocrx_word' id='word_1_521' title='bbox 1900 3714 2001 3760; x_wconf 91' lang='lat' dir='ltr'><strong><em>est.</em></strong></span> 
     </span>
    </p>
   </div>
   <div class='ocr_carea' id='block_1_69' title="bbox 428 3795 2005 3867">
    <p class='ocr_par' dir='ltr' id='par_1_69' title="bbox 428 3795 2005 3867">
     <span class='ocr_line' id='line_1_69' title="bbox 428 3795 2005 3867; baseline 0.001 -17"><span class='ocrx_word' id='word_1_522' title='bbox 428 3798 797 3866; x_wconf 84' lang='lat' dir='ltr'><strong><em>Interrogatus</em></strong></span> <span class='ocrx_word' id='word_1_523' title='bbox 831 3796 895 3849; x_wconf 90' lang='lat' dir='ltr'><strong><em>de</em></strong></span> <span class='ocrx_word' id='word_1_524' title='bbox 930 3795 1085 3857; x_wconf 82' lang='lat' dir='ltr'><strong><em>Filio,</em></strong></span> <span class='ocrx_word' id='word_1_525' title='bbox 1122 3796 1407 3862; x_wconf 84' lang='lat' dir='ltr'><strong><em>responde,</em></strong></span> <span class='ocrx_word' id='word_1_526' title='bbox 1440 3797 1599 3850; x_wconf 92' lang='lat' dir='ltr'><strong><em>Deus.</em></strong></span> <span class='ocrx_word' id='word_1_527' title='bbox 1638 3795 2005 3867; x_wconf 87' lang='lat' dir='ltr'><strong><em>Interrogatus</em></strong></span> 
     </span>
    </p>
   </div>
   <div class='ocr_carea' id='block_1_70' title="bbox 427 3884 2005 3956">
    <p class='ocr_par' dir='ltr' id='par_1_70' title="bbox 427 3884 2005 3956">
     <span class='ocr_line' id='line_1_70' title="bbox 427 3884 2005 3956; baseline 0.003 -17"><span class='ocrx_word' id='word_1_528' title='bbox 427 3886 493 3939; x_wconf 91' lang='lat' dir='ltr'><strong><em>de</em></strong></span> <span class='ocrx_word' id='word_1_529' title='bbox 524 3884 727 3952; x_wconf 91' lang='lat' dir='ltr'><strong><em>Spiritu</em></strong></span> <span class='ocrx_word' id='word_1_530' title='bbox 770 3894 983 3947; x_wconf 86' lang='lat' dir='ltr'><strong><em>saneto,</em></strong></span> <span class='ocrx_word' id='word_1_531' title='bbox 1016 3885 1299 3951; x_wconf 89' lang='lat' dir='ltr'><strong><em>responde,</em></strong></span> <span class='ocrx_word' id='word_1_532' title='bbox 1336 3885 1495 3940; x_wconf 90' lang='lat' dir='ltr'><strong><em>Deus.</em></strong></span> <span class='ocrx_word' id='word_1_533' title='bbox 1545 3884 1602 3939; x_wconf 91' lang='lat' dir='ltr'><strong><em>Si</em></strong></span> <span class='ocrx_word' id='word_1_534' title='bbox 1642 3887 2005 3956; x_wconf 85' lang='lat' dir='ltr'><strong><em>interrogatus</em></strong></span> 
     </span>
    </p>
   </div>
   <div class='ocr_carea' id='block_1_71' title="bbox 427 3973 2002 4044">
    <p class='ocr_par' dir='ltr' id='par_1_71' title="bbox 427 3973 2002 4044">
     <span class='ocr_line' id='line_1_71' title="bbox 427 3973 2002 4044; baseline 0.002 -16"><span class='ocrx_word' id='word_1_535' title='bbox 427 3974 594 4029; x_wconf 85' lang='lat' dir='ltr'><strong><em>fueris</em></strong></span> <span class='ocrx_word' id='word_1_536' title='bbox 623 3973 781 4026; x_wconf 89' lang='lat' dir='ltr'><strong><em>simul</em></strong></span> <span class='ocrx_word' id='word_1_537' title='bbox 810 3974 875 4027; x_wconf 91' lang='lat' dir='ltr'><strong><em>de</em></strong></span> <span class='ocrx_word' id='word_1_538' title='bbox 902 3973 1079 4036; x_wconf 85' lang='lat' dir='ltr'><strong><em>Patre,</em></strong></span> <span class='ocrx_word' id='word_1_539' title='bbox 1100 3983 1153 4027; x_wconf 90' lang='lat' dir='ltr'><strong><em>et</em></strong></span> <span class='ocrx_word' id='word_1_540' title='bbox 1181 3974 1335 4039; x_wconf 88' lang='lat' dir='ltr'><strong><em>Filio,</em></strong></span> <span class='ocrx_word' id='word_1_541' title='bbox 1361 3984 1415 4028; x_wconf 92' lang='lat' dir='ltr'><strong><em>et</em></strong></span> <span class='ocrx_word' id='word_1_542' title='bbox 1438 3974 1640 4044; x_wconf 87' lang='lat' dir='ltr'><strong><em>Spiritu</em></strong></span> <span class='ocrx_word' id='word_1_543' title='bbox 1666 3986 1871 4037; x_wconf 86' lang='lat' dir='ltr'><strong><em>sancto,</em></strong></span> <span class='ocrx_word' id='word_1_544' title='bbox 1898 3993 2002 4031; x_wconf 89' lang='lat' dir='ltr'><strong><em>non</em></strong></span> 
     </span>
    </p>
   </div>
   <div class='ocr_carea' id='block_1_72' title="bbox 429 4064 2001 4133">
    <p class='ocr_par' dir='ltr' id='par_1_72' title="bbox 429 4064 2001 4133">
     <span class='ocr_line' id='line_1_72' title="bbox 429 4064 2001 4133; baseline -0.001 -12"><span class='ocrx_word' id='word_1_545' title='bbox 429 4068 581 4130; x_wconf 87' lang='lat' dir='ltr'><strong><em>deos,</em></strong></span> <span class='ocrx_word' id='word_1_546' title='bbox 609 4065 702 4119; x_wconf 87' lang='lat' dir='ltr'><strong><em>sed</em></strong></span> <span class='ocrx_word' id='word_1_547' title='bbox 733 4064 902 4118; x_wconf 93' lang='lat' dir='ltr'><strong><em>Deum</em></strong></span> <span class='ocrx_word' id='word_1_548' title='bbox 934 4065 1193 4133; x_wconf 80' lang='lat' dir='ltr'><strong><em>responde</em></strong></span> <span class='ocrx_word' id='word_1_549' title='bbox 1224 4081 1411 4129; x_wconf 90' lang='lat' dir='ltr'><strong><em>unum,</em></strong></span> <span class='ocrx_word' id='word_1_550' title='bbox 1444 4065 1885 4133; x_wconf 89' lang='lat' dir='ltr'><strong><em>omnipotentem,</em></strong></span> <span class='ocrx_word' id='word_1_551' title='bbox 1919 4068 2001 4121; x_wconf 93' lang='lat' dir='ltr'><strong><em>in-</em></strong></span> 
     </span>
    </p>
   </div>
   <div class='ocr_carea' id='block_1_73' title="bbox 429 4154 2004 4223">
    <p class='ocr_par' dir='ltr' id='par_1_73' title="bbox 429 4154 2004 4223">
     <span class='ocr_line' id='line_1_73' title="bbox 429 4154 2004 4223; baseline 0 -12"><span class='ocrx_word' id='word_1_552' title='bbox 429 4154 885 4211; x_wconf 87' lang='lat' dir='ltr'><strong><em>commutabilem.</em></strong></span> <span class='ocrx_word' id='word_1_553' title='bbox 922 4154 1210 4208; x_wconf 89' lang='lat' dir='ltr'><strong><em>Sciendnm</em></strong></span> <span class='ocrx_word' id='word_1_554' title='bbox 1242 4164 1325 4209; x_wconf 91' lang='lat' dir='ltr'><strong><em>est</em></strong></span> <span class='ocrx_word' id='word_1_555' title='bbox 1355 4156 1497 4223; x_wconf 91' lang='lat' dir='ltr'><strong><em>quod</em></strong></span> <span class='ocrx_word' id='word_1_556' title='bbox 1527 4156 1779 4223; x_wconf 59' lang='lat' dir='ltr'><strong><em>quaedam</em></strong></span> <span class='ocrx_word' id='word_1_557' title='bbox 1800 4157 1865 4210; x_wconf 91' lang='lat' dir='ltr'><strong><em>de</em></strong></span> <span class='ocrx_word' id='word_1_558' title='bbox 1896 4158 2004 4211; x_wconf 90' lang='lat' dir='ltr'><strong><em>Deo</em></strong></span> 
     </span>
    </p>
   </div>
   <div class='ocr_carea' id='block_1_74' title="bbox 430 4246 2005 4317">
    <p class='ocr_par' dir='ltr' id='par_1_74' title="bbox 430 4246 2005 4317">
     <span class='ocr_line' id='line_1_74' title="bbox 430 4246 2005 4317; baseline 0 -14"><span class='ocrx_word' id='word_1_559' title='bbox 430 4247 860 4303; x_wconf 89' lang='lat' dir='ltr'><strong><em>substantialiter</em></strong></span> <span class='ocrx_word' id='word_1_560' title='bbox 887 4246 1161 4310; x_wconf 88' lang='lat' dir='ltr'><strong><em>dicuntur,</em></strong></span> <span class='ocrx_word' id='word_1_561' title='bbox 1192 4257 1250 4299; x_wconf 90' lang='lat' dir='ltr'><strong><em>ut</em></strong></span> <span class='ocrx_word' id='word_1_562' title='bbox 1281 4255 1386 4310; x_wconf 88' lang='lat' dir='ltr'><strong><em>est,</em></strong></span> <span class='ocrx_word' id='word_1_563' title='bbox 1420 4246 1577 4308; x_wconf 87' lang='lat' dir='ltr'><strong><em>Deus,</em></strong></span> <span class='ocrx_word' id='word_1_564' title='bbox 1614 4263 1857 4317; x_wconf 88' lang='lat' dir='ltr'><strong><em>magnus,</em></strong></span> <span class='ocrx_word' id='word_1_565' title='bbox 1890 4265 2005 4303; x_wconf 91' lang='lat' dir='ltr'><strong><em>om-</em></strong></span> 
     </span>
    </p>
   </div>
   <div class='ocr_carea' id='block_1_75' title="bbox 430 4336 2006 4407">
    <p class='ocr_par' dir='ltr' id='par_1_75' title="bbox 430 4336 2006 4407">
     <span class='ocr_line' id='line_1_75' title="bbox 430 4336 2006 4407; baseline 0.002 -16"><span class='ocrx_word' id='word_1_566' title='bbox 430 4337 683 4407; x_wconf 87' lang='lat' dir='ltr'><strong><em>nipotens</em></strong></span> <span class='ocrx_word' id='word_1_567' title='bbox 711 4354 723 4389; x_wconf 92' lang='lat'>:</span> <span class='ocrx_word' id='word_1_568' title='bbox 756 4346 810 4390; x_wconf 90' lang='lat' dir='ltr'><strong><em>et</em></strong></span> <span class='ocrx_word' id='word_1_569' title='bbox 836 4336 1095 4404; x_wconf 90' lang='lat' dir='ltr'><strong><em>quidquid</em></strong></span> <span class='ocrx_word' id='word_1_570' title='bbox 1124 4336 1187 4389; x_wconf 89' lang='lat' dir='ltr'><strong><em>ad</em></strong></span> <span class='ocrx_word' id='word_1_571' title='bbox 1219 4352 1276 4389; x_wconf 90' lang='lat' dir='ltr'><strong><em>se</em></strong></span> <span class='ocrx_word' id='word_1_572' title='bbox 1303 4336 1519 4401; x_wconf 91' lang='lat' dir='ltr'><strong><em>dicitur,</em></strong></span> <span class='ocrx_word' id='word_1_573' title='bbox 1550 4338 1602 4390; x_wconf 91' lang='lat' dir='ltr'><strong><em>id</em></strong></span> <span class='ocrx_word' id='word_1_574' title='bbox 1629 4346 1731 4401; x_wconf 85' lang='lat' dir='ltr'><strong><em>est,</em></strong></span> <span class='ocrx_word' id='word_1_575' title='bbox 1761 4340 2006 4394; x_wconf 79' lang='lat' dir='ltr'><strong><em>substan-</em></strong></span> 
     </span>
    </p>
   </div>
   <div class='ocr_carea' id='block_1_76' title="bbox 431 4425 2000 4501">
    <p class='ocr_par' dir='ltr' id='par_1_76' title="bbox 431 4425 2000 4501">
     <span class='ocr_line' id='line_1_76' title="bbox 431 4425 2000 4501; baseline 0.001 -20"><span class='ocrx_word' id='word_1_576' title='bbox 431 4428 561 4481; x_wconf 88' lang='lat' dir='ltr'><strong><em>tiam</em></strong></span> <span class='ocrx_word' id='word_1_577' title='bbox 605 4425 905 4479; x_wconf 84' lang='lat' dir='ltr'><strong><em>divinitatis</em></strong></span> <span class='ocrx_word' id='word_1_578' title='bbox 941 4426 1285 4495; x_wconf 87' lang='lat' dir='ltr'><strong><em>signilicans:</em></strong></span> <span class='ocrx_word' id='word_1_579' title='bbox 1331 4427 1573 4495; x_wconf 69' lang='lat' dir='ltr'><strong><em>quaedam</em></strong></span> <span class='ocrx_word' id='word_1_580' title='bbox 1614 4427 1797 4497; x_wconf 88' lang='lat' dir='ltr'><strong><em>itaque</em></strong></span> <span class='ocrx_word' id='word_1_581' title='bbox 1829 4428 2000 4501; x_wconf 86' lang='lat' dir='ltr'><strong><em>[vero]</em></strong></span> 
     </span>
    </p>
   </div>
   <div class='ocr_carea' id='block_1_77' title="bbox 431 4513 2000 4583">
    <p class='ocr_par' dir='ltr' id='par_1_77' title="bbox 431 4513 2000 4583">
     <span class='ocr_line' id='line_1_77' title="bbox 431 4513 2000 4583; baseline 0.004 -15"><span class='ocrx_word' id='word_1_582' title='bbox 431 4515 650 4568; x_wconf 85' lang='lat' dir='ltr'><strong><em>relative</em></strong></span> <span class='ocrx_word' id='word_1_583' title='bbox 687 4514 975 4569; x_wconf 89' lang='lat' dir='ltr'><strong><em>dicuntur:</em></strong></span> <span class='ocrx_word' id='word_1_584' title='bbox 1026 4524 1085 4566; x_wconf 90' lang='lat' dir='ltr'><strong><em>ut</em></strong></span> <span class='ocrx_word' id='word_1_585' title='bbox 1121 4513 1284 4568; x_wconf 86' lang='lat' dir='ltr'><strong><em>Pater</em></strong></span> <span class='ocrx_word' id='word_1_586' title='bbox 1324 4514 1392 4567; x_wconf 89' lang='lat' dir='ltr'><strong><em>ad</em></strong></span> <span class='ocrx_word' id='word_1_587' title='bbox 1438 4514 1668 4583; x_wconf 88' lang='lat' dir='ltr'><strong><em>Filium,</em></strong></span> <span class='ocrx_word' id='word_1_588' title='bbox 1720 4517 1886 4573; x_wconf 80' lang='lat' dir='ltr'><strong><em>Filius</em></strong></span> <span class='ocrx_word' id='word_1_589' title='bbox 1934 4520 2000 4573; x_wconf 88' lang='lat' dir='ltr'><strong><em>ad</em></strong></span> 
     </span>
    </p>
   </div>
   <div class='ocr_carea' id='block_1_78' title="bbox 430 4606 2002 4675">
    <p class='ocr_par' dir='ltr' id='par_1_78' title="bbox 430 4606 2002 4675">
     <span class='ocr_line' id='line_1_78' title="bbox 430 4606 2002 4675; baseline 0.003 -13"><span class='ocrx_word' id='word_1_590' title='bbox 430 4609 677 4672; x_wconf 86' lang='lat' dir='ltr'><strong><em>Patrem,</em></strong></span> <span class='ocrx_word' id='word_1_591' title='bbox 722 4616 775 4662; x_wconf 90' lang='lat' dir='ltr'><strong><em>et</em></strong></span> <span class='ocrx_word' id='word_1_592' title='bbox 815 4606 1045 4675; x_wconf 82' lang='lat' dir='ltr'><strong><em>Spiritus</em></strong></span> <span class='ocrx_word' id='word_1_593' title='bbox 1085 4617 1301 4661; x_wconf 87' lang='lat' dir='ltr'><strong><em>sanctus</em></strong></span> <span class='ocrx_word' id='word_1_594' title='bbox 1333 4608 1553 4661; x_wconf 82' lang='lat' dir='ltr'><strong><em>relative</em></strong></span> <span class='ocrx_word' id='word_1_595' title='bbox 1590 4610 1657 4662; x_wconf 87' lang='lat' dir='ltr'><strong><em>ad</em></strong></span> <span class='ocrx_word' id='word_1_596' title='bbox 1695 4610 1909 4665; x_wconf 88' lang='lat' dir='ltr'><strong><em>Patrem</em></strong></span> <span class='ocrx_word' id='word_1_597' title='bbox 1949 4622 2002 4666; x_wconf 90' lang='lat' dir='ltr'><strong><em>et</em></strong></span> 
     </span>
    </p>
   </div>
   <div class='ocr_carea' id='block_1_79' title="bbox 426 4696 2003 4765">
    <p class='ocr_par' dir='ltr' id='par_1_79' title="bbox 426 4696 2003 4765">
     <span class='ocr_line' id='line_1_79' title="bbox 426 4696 2003 4765; baseline 0.001 -13"><span class='ocrx_word' id='word_1_598' title='bbox 426 4696 660 4761; x_wconf 87' lang='lat' dir='ltr'><strong><em>Filium;</em></strong></span> <span class='ocrx_word' id='word_1_599' title='bbox 712 4698 779 4750; x_wconf 89' lang='lat' dir='ltr'><strong><em>ad</em></strong></span> <span class='ocrx_word' id='word_1_600' title='bbox 818 4712 875 4750; x_wconf 91' lang='lat' dir='ltr'><strong><em>se</em></strong></span> <span class='ocrx_word' id='word_1_601' title='bbox 912 4707 1091 4751; x_wconf 87' lang='lat' dir='ltr'><strong><em>autem</em></strong></span> <span class='ocrx_word' id='word_1_602' title='bbox 1135 4698 1247 4751; x_wconf 88' lang='lat' dir='ltr'><strong><em>sive</em></strong></span> <span class='ocrx_word' id='word_1_603' title='bbox 1280 4699 1459 4762; x_wconf 85' lang='lat' dir='ltr'><strong><em>Pater,</em></strong></span> <span class='ocrx_word' id='word_1_604' title='bbox 1503 4699 1615 4753; x_wconf 90' lang='lat' dir='ltr'><strong><em>sive</em></strong></span> <span class='ocrx_word' id='word_1_605' title='bbox 1657 4700 1842 4765; x_wconf 86' lang='lat' dir='ltr'><strong><em>Filius,</em></strong></span> <span class='ocrx_word' id='word_1_606' title='bbox 1889 4702 2003 4755; x_wconf 64' lang='lat' dir='ltr'><strong><em>sive</em></strong></span> 
     </span>
    </p>
   </div>
   <div class='ocr_carea' id='block_1_80' title="bbox 431 4787 2002 4857">
    <p class='ocr_par' dir='ltr' id='par_1_80' title="bbox 431 4787 2002 4857">
     <span class='ocr_line' id='line_1_80' title="bbox 431 4787 2002 4857; baseline 0.002 -15"><span class='ocrx_word' id='word_1_607' title='bbox 431 4788 667 4857; x_wconf 88' lang='lat' dir='ltr'><strong><em>Spiritus</em></strong></span> <span class='ocrx_word' id='word_1_608' title='bbox 718 4797 974 4853; x_wconf 89' lang='lat' dir='ltr'><strong><em>sanctus,</em></strong></span> <span class='ocrx_word' id='word_1_609' title='bbox 1024 4787 1163 4840; x_wconf 80' lang='lat' dir='ltr'><strong><em>Deus</em></strong></span> <span class='ocrx_word' id='word_1_610' title='bbox 1211 4789 1427 4842; x_wconf 89' lang='lat' dir='ltr'><strong><em>dicitur.</em></strong></span> <span class='ocrx_word' id='word_1_611' title='bbox 1493 4787 1676 4857; x_wconf 84' lang='lat' dir='ltr'><strong><em>Itaque</em></strong></span> <span class='ocrx_word' id='word_1_612' title='bbox 1731 4792 1893 4844; x_wconf 90' lang='lat' dir='ltr'><strong><em>Pater</em></strong></span> <span class='ocrx_word' id='word_1_613' title='bbox 1938 4806 2002 4845; x_wconf 90' lang='lat' dir='ltr'><strong><em>eo</em></strong></span> 
     </span>
    </p>
   </div>
   <div class='ocr_carea' id='block_1_81' title="bbox 430 4882 2000 4953">
    <p class='ocr_par' dir='ltr' id='par_1_81' title="bbox 430 4882 2000 4953">
     <span class='ocr_line' id='line_1_81' title="bbox 430 4882 2000 4953; baseline -0.001 -16"><span class='ocrx_word' id='word_1_614' title='bbox 430 4898 536 4951; x_wconf 86' lang='lat' dir='ltr'><strong><em>quo</em></strong></span> <span class='ocrx_word' id='word_1_615' title='bbox 566 4891 648 4936; x_wconf 89' lang='lat' dir='ltr'><strong><em>est</em></strong></span> <span class='ocrx_word' id='word_1_616' title='bbox 678 4883 835 4945; x_wconf 90' lang='lat' dir='ltr'><strong><em>Deus,</em></strong></span> <span class='ocrx_word' id='word_1_617' title='bbox 867 4882 967 4935; x_wconf 91' lang='lat' dir='ltr'><strong><em>hoc</em></strong></span> <span class='ocrx_word' id='word_1_618' title='bbox 995 4882 1108 4951; x_wconf 88' lang='lat' dir='ltr'><strong><em>ipso</em></strong></span> <span class='ocrx_word' id='word_1_619' title='bbox 1140 4882 1433 4935; x_wconf 75' lang='lat' dir='ltr'><strong><em>substantia</em></strong></span> <span class='ocrx_word' id='word_1_620' title='bbox 1462 4890 1543 4936; x_wconf 85' lang='lat' dir='ltr'><strong><em>est</em></strong></span> <span class='ocrx_word' id='word_1_621' title='bbox 1569 4901 1580 4934; x_wconf 94' lang='lat'>:</span> <span class='ocrx_word' id='word_1_622' title='bbox 1611 4883 1734 4951; x_wconf 89' lang='lat' dir='ltr'><strong><em>quia</em></strong></span> <span class='ocrx_word' id='word_1_623' title='bbox 1763 4884 2000 4953; x_wconf 89' lang='lat' dir='ltr'><strong><em>ejusdem</em></strong></span> 
     </span>
    </p>
   </div>
   <div class='ocr_carea' id='block_1_82' title="bbox 430 4974 1998 5042">
    <p class='ocr_par' dir='ltr' id='par_1_82' title="bbox 430 4974 1998 5042">
     <span class='ocr_line' id='line_1_82' title="bbox 430 4974 1998 5042; baseline -0.001 -14"><span class='ocrx_word' id='word_1_624' title='bbox 430 4976 743 5028; x_wconf 63' lang='lat' dir='ltr'><strong><em>substantia“:</em></strong></span> <span class='ocrx_word' id='word_1_625' title='bbox 793 4974 999 5037; x_wconf 81' lang='lat' dir='ltr'><strong><em>Filius,</em></strong></span> <span class='ocrx_word' id='word_1_626' title='bbox 1058 4974 1243 5042; x_wconf 88' lang='lat' dir='ltr'><strong><em>procul</em></strong></span> <span class='ocrx_word' id='word_1_627' title='bbox 1293 4975 1453 5028; x_wconf 89' lang='lat' dir='ltr'><strong><em>dubio</em></strong></span> <span class='ocrx_word' id='word_1_628' title='bbox 1507 4982 1561 5027; x_wconf 92' lang='lat' dir='ltr'><strong><em>et</em></strong></span> <span class='ocrx_word' id='word_1_629' title='bbox 1606 4974 1772 5028; x_wconf 87' lang='lat' dir='ltr'><strong><em>Filius</em></strong></span> <span class='ocrx_word' id='word_1_630' title='bbox 1818 4975 1998 5039; x_wconf 90' lang='lat' dir='ltr'><strong><em>Deus,</em></strong></span> 
     </span>
    </p>
   </div>
   <div class='ocr_carea' id='block_1_83' title="bbox 430 5064 2002 5132">
    <p class='ocr_par' dir='ltr' id='par_1_83' title="bbox 430 5064 2002 5132">
     <span class='ocr_line' id='line_1_83' title="bbox 430 5064 2002 5132; baseline 0.001 -14"><span class='ocrx_word' id='word_1_631' title='bbox 430 5074 483 5119; x_wconf 89' lang='lat' dir='ltr'><strong><em>ct</em></strong></span> <span class='ocrx_word' id='word_1_632' title='bbox 527 5064 758 5132; x_wconf 89' lang='lat' dir='ltr'><strong><em>Spiritus</em></strong></span> <span class='ocrx_word' id='word_1_633' title='bbox 804 5074 1020 5118; x_wconf 86' lang='lat' dir='ltr'><strong><em>sanctus</em></strong></span> <span class='ocrx_word' id='word_1_634' title='bbox 1067 5065 1229 5117; x_wconf 82' lang='lat' dir='ltr'><strong><em>Deus.</em></strong></span> <span class='ocrx_word' id='word_1_635' title='bbox 1282 5065 1351 5117; x_wconf 86' lang='lat' dir='ltr'><strong><em>At</em></strong></span> <span class='ocrx_word' id='word_1_636' title='bbox 1390 5080 1520 5119; x_wconf 88' lang='lat' dir='ltr'><strong><em>vero</em></strong></span> <span class='ocrx_word' id='word_1_637' title='bbox 1566 5066 1733 5118; x_wconf 90' lang='lat' dir='ltr'><strong><em>Deus.</em></strong></span> <span class='ocrx_word' id='word_1_638' title='bbox 1787 5080 1851 5119; x_wconf 89' lang='lat' dir='ltr'><strong><em>eo</em></strong></span> <span class='ocrx_word' id='word_1_639' title='bbox 1896 5080 2002 5132; x_wconf 91' lang='lat' dir='ltr'><strong><em>quo</em></strong></span> 
     </span>
    </p>
   </div>
   <div class='ocr_carea' id='block_1_84' title="bbox 434 5154 2003 5219">
    <p class='ocr_par' dir='ltr' id='par_1_84' title="bbox 434 5154 2003 5219">
     <span class='ocr_line' id='line_1_84' title="bbox 434 5154 2003 5219; baseline 0.001 -12"><span class='ocrx_word' id='word_1_640' title='bbox 434 5154 593 5207; x_wconf 86' lang='lat' dir='ltr'><strong><em>Pater</em></strong></span> <span class='ocrx_word' id='word_1_641' title='bbox 628 5162 731 5215; x_wconf 89' lang='lat' dir='ltr'><strong><em>est,</em></strong></span> <span class='ocrx_word' id='word_1_642' title='bbox 776 5154 999 5206; x_wconf 83' lang='lat' dir='ltr'><strong><em>relative</em></strong></span> <span class='ocrx_word' id='word_1_643' title='bbox 1036 5154 1251 5217; x_wconf 87' lang='lat' dir='ltr'><strong><em>dicitur,</em></strong></span> <span class='ocrx_word' id='word_1_644' title='bbox 1280 5156 1403 5219; x_wconf 88' lang='lat' dir='ltr'><strong><em>quia</em></strong></span> <span class='ocrx_word' id='word_1_645' title='bbox 1433 5168 1537 5206; x_wconf 94' lang='lat' dir='ltr'><strong><em>non</em></strong></span> <span class='ocrx_word' id='word_1_646' title='bbox 1566 5155 1877 5209; x_wconf 68' lang='lat' dir='ltr'><strong><em>substantia:</em></strong></span> <span class='ocrx_word' id='word_1_647' title='bbox 1908 5170 2003 5208; x_wconf 95' lang='lat' dir='ltr'><strong><em>no-</em></strong></span> 
     </span>
    </p>
   </div>
   <div class='ocr_carea' id='block_1_85' title="bbox 434 5241 2003 5306">
    <p class='ocr_par' dir='ltr' id='par_1_85' title="bbox 434 5241 2003 5306">
     <span class='ocr_line' id='line_1_85' title="bbox 434 5241 2003 5306; baseline -0.001 -9"><span class='ocrx_word' id='word_1_648' title='bbox 434 5260 555 5297; x_wconf 78' lang='lat' dir='ltr'><strong><em>men</em></strong></span> <span class='ocrx_word' id='word_1_649' title='bbox 588 5254 701 5306; x_wconf 84' lang='lat' dir='ltr'><strong><em>est,</em></strong></span> <span class='ocrx_word' id='word_1_650' title='bbox 742 5244 834 5296; x_wconf 87' lang='lat' dir='ltr'><strong><em>sed</em></strong></span> <span class='ocrx_word' id='word_1_651' title='bbox 873 5242 1104 5296; x_wconf 82' lang='lat' dir='ltr'><strong><em>refertur</em></strong></span> <span class='ocrx_word' id='word_1_652' title='bbox 1132 5242 1198 5295; x_wconf 89' lang='lat' dir='ltr'><strong><em>ad</em></strong></span> <span class='ocrx_word' id='word_1_653' title='bbox 1237 5242 1451 5295; x_wconf 83' lang='lat' dir='ltr'><strong><em>Filium.</em></strong></span> <span class='ocrx_word' id='word_1_654' title='bbox 1501 5241 1614 5295; x_wconf 85' lang='lat' dir='ltr'><strong><em>Non</em></strong></span> <span class='ocrx_word' id='word_1_655' title='bbox 1659 5244 1734 5297; x_wconf 90' lang='lat' dir='ltr'><strong><em>sic</em></strong></span> <span class='ocrx_word' id='word_1_656' title='bbox 1776 5244 2003 5297; x_wconf 91' lang='lat' dir='ltr'><strong><em>dicimus</em></strong></span> 
     </span>
    </p>
   </div>
   <div class='ocr_carea' id='block_1_86' title="bbox 436 5330 2000 5398">
    <p class='ocr_par' dir='ltr' id='par_1_86' title="bbox 436 5330 2000 5398">
     <span class='ocr_line' id='line_1_86' title="bbox 436 5330 2000 5398; baseline -0.001 -14"><span class='ocrx_word' id='word_1_657' title='bbox 436 5332 629 5385; x_wconf 76' lang='lat' dir='ltr'><strong><em>Filium</em></strong></span> <span class='ocrx_word' id='word_1_658' title='bbox 685 5332 898 5383; x_wconf 83' lang='lat' dir='ltr'><strong><em>Patrem</em></strong></span> <span class='ocrx_word' id='word_1_659' title='bbox 958 5344 1121 5393; x_wconf 85' lang='lat' dir='ltr'><strong><em>esse,</em></strong></span> <span class='ocrx_word' id='word_1_660' title='bbox 1182 5331 1450 5398; x_wconf 87' lang='lat' dir='ltr'><strong><em>quomodo</em></strong></span> <span class='ocrx_word' id='word_1_661' title='bbox 1516 5330 1741 5385; x_wconf 91' lang='lat' dir='ltr'><strong><em>dicimus</em></strong></span> <span class='ocrx_word' id='word_1_662' title='bbox 1808 5330 2000 5384; x_wconf 88' lang='lat' dir='ltr'><strong><em>Filium</em></strong></span> 
     </span>
    </p>
   </div>
   <div class='ocr_carea' id='block_1_87' title="bbox 438 5418 2001 5482">
    <p class='ocr_par' dir='ltr' id='par_1_87' title="bbox 438 5418 2001 5482">
     <span class='ocr_line' id='line_1_87' title="bbox 438 5418 2001 5482; baseline 0 -9"><span class='ocrx_word' id='word_1_663' title='bbox 438 5422 602 5474; x_wconf 88' lang='lat' dir='ltr'><strong><em>Deum</em></strong></span> <span class='ocrx_word' id='word_1_664' title='bbox 645 5436 804 5473; x_wconf 83' lang='lat' dir='ltr'><strong><em>esse:</em></strong></span> <span class='ocrx_word' id='word_1_665' title='bbox 846 5435 947 5473; x_wconf 89' lang='lat' dir='ltr'><strong><em>nec</em></strong></span> <span class='ocrx_word' id='word_1_666' title='bbox 989 5420 1061 5471; x_wconf 87' lang='lat' dir='ltr'><strong><em>ita</em></strong></span> <span class='ocrx_word' id='word_1_667' title='bbox 1103 5418 1331 5471; x_wconf 87' lang='lat' dir='ltr'><strong><em>dicimus</em></strong></span> <span class='ocrx_word' id='word_1_668' title='bbox 1375 5420 1588 5472; x_wconf 86' lang='lat' dir='ltr'><strong><em>Patrem</em></strong></span> <span class='ocrx_word' id='word_1_669' title='bbox 1628 5419 1820 5473; x_wconf 86' lang='lat' dir='ltr'><strong><em>Filium</em></strong></span> <span class='ocrx_word' id='word_1_670' title='bbox 1860 5435 2001 5482; x_wconf 90' lang='lat' dir='ltr'><strong><em>esse,</em></strong></span> 
     </span>
    </p>
   </div>
   <div class='ocr_carea' id='block_1_88' title="bbox 436 5509 2005 5577">
    <p class='ocr_par' dir='ltr' id='par_1_88' title="bbox 436 5509 2005 5577">
     <span class='ocr_line' id='line_1_88' title="bbox 436 5509 2005 5577; baseline -0.001 -14"><span class='ocrx_word' id='word_1_671' title='bbox 436 5512 576 5563; x_wconf 90' lang='lat' dir='ltr'><strong><em>sicut</em></strong></span> <span class='ocrx_word' id='word_1_672' title='bbox 606 5512 831 5563; x_wconf 74' lang='lat' dir='ltr'><strong><em>dicimus</em></strong></span> <span class='ocrx_word' id='word_1_673' title='bbox 869 5511 1031 5563; x_wconf 89' lang='lat' dir='ltr'><strong><em>Deum</em></strong></span> <span class='ocrx_word' id='word_1_674' title='bbox 1062 5523 1214 5573; x_wconf 86' lang='lat' dir='ltr'><strong><em>esse;</em></strong></span> <span class='ocrx_word' id='word_1_675' title='bbox 1258 5510 1381 5577; x_wconf 86' lang='lat' dir='ltr'><strong><em>quia</em></strong></span> <span class='ocrx_word' id='word_1_676' title='bbox 1412 5509 1551 5563; x_wconf 79' lang='lat' dir='ltr'><strong><em>Deus</em></strong></span> <span class='ocrx_word' id='word_1_677' title='bbox 1581 5510 2005 5563; x_wconf 88' lang='lat' dir='ltr'><strong><em>substantialiter</em></strong></span> 
     </span>
    </p>
   </div>
   <div class='ocr_carea' id='block_1_89' title="bbox 438 5600 2003 5669">
    <p class='ocr_par' dir='ltr' id='par_1_89' title="bbox 438 5600 2003 5669">
     <span class='ocr_line' id='line_1_89' title="bbox 438 5600 2003 5669; baseline 0.002 -17"><span class='ocrx_word' id='word_1_678' title='bbox 438 5602 655 5660; x_wconf 87' lang='lat' dir='ltr'><strong><em>dicitur,</em></strong></span> <span class='ocrx_word' id='word_1_679' title='bbox 691 5600 863 5662; x_wconf 83' lang='lat' dir='ltr'><strong><em>l’ater,</em></strong></span> <span class='ocrx_word' id='word_1_680' title='bbox 897 5610 951 5655; x_wconf 83' lang='lat' dir='ltr'><strong><em>ct</em></strong></span> <span class='ocrx_word' id='word_1_681' title='bbox 977 5600 1159 5663; x_wconf 78' lang='lat' dir='ltr'><strong><em>Filius,</em></strong></span> <span class='ocrx_word' id='word_1_682' title='bbox 1195 5608 1247 5655; x_wconf 88' lang='lat' dir='ltr'><strong><em>et</em></strong></span> <span class='ocrx_word' id='word_1_683' title='bbox 1278 5600 1511 5669; x_wconf 85' lang='lat' dir='ltr'><strong><em>Spiritus</em></strong></span> <span class='ocrx_word' id='word_1_684' title='bbox 1540 5610 1757 5655; x_wconf 78' lang='lat' dir='ltr'><strong><em>sanctus</em></strong></span> <span class='ocrx_word' id='word_1_685' title='bbox 1785 5601 2003 5656; x_wconf 76' lang='lat' dir='ltr'><strong><em>relative</em></strong></span> 
     </span>
    </p>
   </div>
   <div class='ocr_carea' id='block_1_90' title="bbox 441 5692 705 5744">
    <p class='ocr_par' dir='ltr' id='par_1_90' title="bbox 441 5692 705 5744">
     <span class='ocr_line' id='line_1_90' title="bbox 441 5692 705 5744; baseline -0.008 0"><span class='ocrx_word' id='word_1_686' title='bbox 441 5692 705 5744; x_wconf 79' lang='lat' dir='ltr'><strong><em>dicuntur.</em></strong></span> 
     </span>
    </p>
   </div>
   <div class='ocr_carea' id='block_1_91' title="bbox 2104 3254 3686 3329">
    <p class='ocr_par' dir='ltr' id='par_1_91' title="bbox 2104 3254 3686 3329">
     <span class='ocr_line' id='line_1_91' title="bbox 2104 3254 3686 3329; baseline 0.004 -23"><span class='ocrx_word' id='word_1_687' title='bbox 2104 3270 2202 3323; x_wconf 89' lang='lat' dir='ltr'><strong><em>que</em></strong></span> <span class='ocrx_word' id='word_1_688' title='bbox 2231 3271 2379 3307; x_wconf 89' lang='lat' dir='ltr'><strong><em>muro</em></strong></span> <span class='ocrx_word' id='word_1_689' title='bbox 2424 3255 2743 3308; x_wconf 82' lang='lat' dir='ltr'><strong><em>habitabitur</em></strong></span> <span class='ocrx_word' id='word_1_690' title='bbox 2780 3254 3074 3310; x_wconf 82' lang='lat' dir='ltr'><strong><em>Jerusalem</em></strong></span> <span class='ocrx_word' id='word_1_691' title='bbox 3115 3257 3299 3328; x_wconf 87' lang='lat' dir='ltr'><strong><em>(Zaclt.</em></strong></span> <span class='ocrx_word' id='word_1_692' title='bbox 3336 3259 3417 3329; x_wconf 84' lang='grc' dir='ltr'>ιι).</span> <span class='ocrx_word' id='word_1_693' title='bbox 3451 3258 3509 3314; x_wconf 91' lang='lat' dir='ltr'><strong><em>Si</em></strong></span> <span class='ocrx_word' id='word_1_694' title='bbox 3538 3260 3686 3313; x_wconf 86' lang='lat' dir='ltr'><strong><em>enim</em></strong></span> 
     </span>
    </p>
   </div>
   <div class='ocr_carea' id='block_1_92' title="bbox 2108 3343 3687 3418">
    <p class='ocr_par' dir='ltr' id='par_1_92' title="bbox 2108 3343 3687 3418">
     <span class='ocr_line' id='line_1_92' title="bbox 2108 3343 3687 3418; baseline 0.004 -20"><span class='ocrx_word' id='word_1_695' title='bbox 2108 3344 2160 3398; x_wconf 92' lang='lat' dir='ltr'><strong><em>in</em></strong></span> <span class='ocrx_word' id='word_1_696' title='bbox 2190 3344 2320 3413; x_wconf 89' lang='lat' dir='ltr'><strong><em>ipsis</em></strong></span> <span class='ocrx_word' id='word_1_697' title='bbox 2347 3343 2537 3399; x_wconf 78' lang='lat' dir='ltr'><strong><em>olliciis</em></strong></span> <span class='ocrx_word' id='word_1_698' title='bbox 2565 3344 2875 3415; x_wconf 89' lang='lat' dir='ltr'><strong><em>angelorum</em></strong></span> <span class='ocrx_word' id='word_1_699' title='bbox 2907 3361 3245 3415; x_wconf 84' lang='lat' dir='ltr'><strong><em>nequaquam</em></strong></span> <span class='ocrx_word' id='word_1_700' title='bbox 3273 3356 3567 3418; x_wconf 86' lang='lat' dir='ltr'><strong><em>potestates</em></strong></span> <span class='ocrx_word' id='word_1_701' title='bbox 3592 3365 3687 3403; x_wconf 55' lang='lat' dir='ltr'><strong><em>su-</em></strong></span> 
     </span>
    </p>
   </div>
   <div class='ocr_carea' id='block_1_93' title="bbox 2105 3432 3686 3508">
    <p class='ocr_par' dir='ltr' id='par_1_93' title="bbox 2105 3432 3686 3508">
     <span class='ocr_line' id='line_1_93' title="bbox 2105 3432 3686 3508; baseline 0.004 -20"><span class='ocrx_word' id='word_1_702' title='bbox 2105 3434 2349 3503; x_wconf 87' lang='lat' dir='ltr'><strong><em>periores</em></strong></span> <span class='ocrx_word' id='word_1_703' title='bbox 2374 3432 2655 3488; x_wconf 87' lang='lat' dir='ltr'><strong><em>inferiores</em></strong></span> <span class='ocrx_word' id='word_1_704' title='bbox 2674 3434 3035 3503; x_wconf 89' lang='lat' dir='ltr'><strong><em>disponerent,</em></strong></span> <span class='ocrx_word' id='word_1_705' title='bbox 3061 3436 3207 3493; x_wconf 91' lang='lat' dir='ltr'><strong><em>nullo</em></strong></span> <span class='ocrx_word' id='word_1_706' title='bbox 3234 3438 3391 3493; x_wconf 89' lang='lat' dir='ltr'><strong><em>modo</em></strong></span> <span class='ocrx_word' id='word_1_707' title='bbox 3414 3440 3516 3493; x_wconf 92' lang='lat' dir='ltr'><strong><em>hoc</em></strong></span> <span class='ocrx_word' id='word_1_708' title='bbox 3538 3441 3686 3508; x_wconf 89' lang='lat' dir='ltr'><strong><em>quod</em></strong></span> 
     </span>
    </p>
   </div>
   <div class='ocr_carea' id='block_1_94' title="bbox 2107 3524 3681 3598">
    <p class='ocr_par' dir='ltr' id='par_1_94' title="bbox 2107 3524 3681 3598">
     <span class='ocr_line' id='line_1_94' title="bbox 2107 3524 3681 3598; baseline 0.004 -21"><span class='ocrx_word' id='word_1_709' title='bbox 2107 3525 2307 3578; x_wconf 92' lang='lat' dir='ltr'><strong><em>homini</em></strong></span> <span class='ocrx_word' id='word_1_710' title='bbox 2338 3525 2543 3578; x_wconf 86' lang='lat' dir='ltr'><strong><em>diceret</em></strong></span> <span class='ocrx_word' id='word_1_711' title='bbox 2570 3524 2820 3594; x_wconf 86' lang='lat' dir='ltr'><strong><em>angelus,</em></strong></span> <span class='ocrx_word' id='word_1_712' title='bbox 2852 3527 2917 3579; x_wconf 90' lang='lat' dir='ltr'><strong><em>ab</em></strong></span> <span class='ocrx_word' id='word_1_713' title='bbox 2948 3527 3136 3596; x_wconf 84' lang='lat' dir='ltr'><strong><em>angelo</em></strong></span> <span class='ocrx_word' id='word_1_714' title='bbox 3162 3530 3518 3598; x_wconf 66' lang='lat' dir='ltr'><strong><em>cognovisset.</em></strong></span> <span class='ocrx_word' id='word_1_715' title='bbox 3548 3531 3681 3597; x_wconf 82' lang='lat' dir='ltr'><strong><em>Qui-</em></strong></span> 
     </span>
    </p>
   </div>
   <div class='ocr_carea' id='block_1_95' title="bbox 2105 3615 3677 3690">
    <p class='ocr_par' dir='ltr' id='par_1_95' title="bbox 2105 3615 3677 3690">
     <span class='ocr_line' id='line_1_95' title="bbox 2105 3615 3677 3690; baseline 0.003 -21"><span class='ocrx_word' id='word_1_716' title='bbox 2105 3616 2227 3669; x_wconf 85' lang='lat' dir='ltr'><strong><em>dam</em></strong></span> <span class='ocrx_word' id='word_1_717' title='bbox 2265 3623 2444 3668; x_wconf 89' lang='lat' dir='ltr'><strong><em>autem</em></strong></span> <span class='ocrx_word' id='word_1_718' title='bbox 2483 3615 2927 3685; x_wconf 88' lang='lat' dir='ltr'><strong><em>archangelorum</em></strong></span> <span class='ocrx_word' id='word_1_719' title='bbox 2964 3617 3189 3686; x_wconf 84' lang='lat' dir='ltr'><strong><em>privatis</em></strong></span> <span class='ocrx_word' id='word_1_720' title='bbox 3232 3620 3539 3675; x_wconf 88' lang='lat' dir='ltr'><strong><em>nominibus</em></strong></span> <span class='ocrx_word' id='word_1_721' title='bbox 3585 3636 3677 3690; x_wconf 84' lang='lat' dir='ltr'><strong><em>ap-</em></strong></span> 
     </span>
    </p>
   </div>
   <div class='ocr_carea' id='block_1_96' title="bbox 2104 3703 3685 3777">
    <p class='ocr_par' dir='ltr' id='par_1_96' title="bbox 2104 3703 3685 3777">
     <span class='ocr_line' id='line_1_96' title="bbox 2104 3703 3685 3777; baseline 0.006 -22"><span class='ocrx_word' id='word_1_722' title='bbox 2104 3703 2391 3772; x_wconf 86' lang='lat' dir='ltr'><strong><em>pellantur,</em></strong></span> <span class='ocrx_word' id='word_1_723' title='bbox 2423 3711 2481 3755; x_wconf 93' lang='lat' dir='ltr'><strong><em>ut</em></strong></span> <span class='ocrx_word' id='word_1_724' title='bbox 2508 3717 2603 3771; x_wconf 90' lang='lat' dir='ltr'><strong><em>per</em></strong></span> <span class='ocrx_word' id='word_1_725' title='bbox 2627 3704 2882 3758; x_wconf 89' lang='lat' dir='ltr'><strong><em>vocabula</em></strong></span> <span class='ocrx_word' id='word_1_726' title='bbox 2910 3706 3023 3773; x_wconf 90' lang='lat' dir='ltr'><strong><em>ipsa</em></strong></span> <span class='ocrx_word' id='word_1_727' title='bbox 3054 3707 3105 3760; x_wconf 92' lang='lat' dir='ltr'><strong><em>in</em></strong></span> <span class='ocrx_word' id='word_1_728' title='bbox 3135 3722 3295 3777; x_wconf 90' lang='lat' dir='ltr'><strong><em>opere</em></strong></span> <span class='ocrx_word' id='word_1_729' title='bbox 3318 3709 3447 3776; x_wconf 90' lang='lat' dir='ltr'><strong><em>quid</em></strong></span> <span class='ocrx_word' id='word_1_730' title='bbox 3470 3710 3685 3764; x_wconf 87' lang='lat' dir='ltr'><strong><em>valeant</em></strong></span> 
     </span>
    </p>
   </div>
   <div class='ocr_carea' id='block_1_97' title="bbox 2104 3791 3682 3865">
    <p class='ocr_par' dir='ltr' id='par_1_97' title="bbox 2104 3791 3682 3865">
     <span class='ocr_line' id='line_1_97' title="bbox 2104 3791 3682 3865; baseline 0.004 -20"><span class='ocrx_word' id='word_1_731' title='bbox 2104 3792 2434 3862; x_wconf 81' lang='lat' dir='ltr'><strong><em>designetur.</em></strong></span> <span class='ocrx_word' id='word_1_732' title='bbox 2460 3791 2675 3848; x_wconf 87' lang='lat' dir='ltr'><strong><em>Gabriel</em></strong></span> <span class='ocrx_word' id='word_1_733' title='bbox 2699 3792 2979 3858; x_wconf 84' lang='lat' dir='ltr'><strong><em>Hebraice,</em></strong></span> <span class='ocrx_word' id='word_1_734' title='bbox 3012 3795 3063 3848; x_wconf 90' lang='lat' dir='ltr'><strong><em>in</em></strong></span> <span class='ocrx_word' id='word_1_735' title='bbox 3091 3796 3273 3865; x_wconf 86' lang='lat' dir='ltr'><strong><em>lingua</em></strong></span> <span class='ocrx_word' id='word_1_736' title='bbox 3305 3807 3488 3852; x_wconf 91' lang='lat' dir='ltr'><strong><em>nostra</em></strong></span> <span class='ocrx_word' id='word_1_737' title='bbox 3513 3800 3682 3852; x_wconf 83' lang='lat' dir='ltr'><strong><em>verti-</em></strong></span> 
     </span>
    </p>
   </div>
   <div class='ocr_carea' id='block_1_98' title="bbox 2108 3884 3684 3955">
    <p class='ocr_par' dir='ltr' id='par_1_98' title="bbox 2108 3884 3684 3955">
     <span class='ocr_line' id='line_1_98' title="bbox 2108 3884 3684 3955; baseline 0.003 -17"><span class='ocrx_word' id='word_1_738' title='bbox 2108 3895 2193 3938; x_wconf 90' lang='lat' dir='ltr'><strong><em>tur</em></strong></span> <span class='ocrx_word' id='word_1_739' title='bbox 2233 3884 2484 3952; x_wconf 80' lang='lat' dir='ltr'><strong><em>fortitudo</em></strong></span> <span class='ocrx_word' id='word_1_740' title='bbox 2541 3884 2653 3937; x_wconf 86' lang='lat' dir='ltr'><strong><em>Dei.</em></strong></span> <span class='ocrx_word' id='word_1_741' title='bbox 2702 3884 2802 3940; x_wconf 91' lang='lat' dir='ltr'><strong><em>Ubi</em></strong></span> <span class='ocrx_word' id='word_1_742' title='bbox 2839 3886 2979 3939; x_wconf 87' lang='lat' dir='ltr'><strong><em>enim</em></strong></span> <span class='ocrx_word' id='word_1_743' title='bbox 3019 3888 3256 3955; x_wconf 89' lang='lat' dir='ltr'><strong><em>potentia</em></strong></span> <span class='ocrx_word' id='word_1_744' title='bbox 3299 3890 3380 3942; x_wconf 90' lang='lat' dir='ltr'><strong><em>vel</em></strong></span> <span class='ocrx_word' id='word_1_745' title='bbox 3424 3889 3684 3943; x_wconf 88' lang='lat' dir='ltr'><strong><em>fortitudo</em></strong></span> 
     </span>
    </p>
   </div>
   <div class='ocr_carea' id='block_1_99' title="bbox 2106 3973 3682 4049">
    <p class='ocr_par' dir='ltr' id='par_1_99' title="bbox 2106 3973 3682 4049">
     <span class='ocr_line' id='line_1_99' title="bbox 2106 3973 3682 4049; baseline 0.006 -23"><span class='ocrx_word' id='word_1_746' title='bbox 2106 3973 2511 4031; x_wconf 79' lang='lat' dir='ltr'><strong><em>manifestatur.</em></strong></span> <span class='ocrx_word' id='word_1_747' title='bbox 2542 3973 2758 4028; x_wconf 88' lang='lat' dir='ltr'><strong><em>Gabriel</em></strong></span> <span class='ocrx_word' id='word_1_748' title='bbox 2790 3976 3037 4029; x_wconf 87' lang='lat' dir='ltr'><strong><em>mittitur.</em></strong></span> <span class='ocrx_word' id='word_1_749' title='bbox 3079 3977 3231 4032; x_wconf 88' lang='lat' dir='ltr'><strong><em>Unde</em></strong></span> <span class='ocrx_word' id='word_1_750' title='bbox 3257 3988 3313 4033; x_wconf 92' lang='lat' dir='ltr'><strong><em>et</em></strong></span> <span class='ocrx_word' id='word_1_751' title='bbox 3348 3996 3415 4034; x_wconf 93' lang='lat' dir='ltr'><strong><em>eo</em></strong></span> <span class='ocrx_word' id='word_1_752' title='bbox 3444 3990 3682 4049; x_wconf 85' lang='lat' dir='ltr'><strong><em>tempore</em></strong></span> 
     </span>
    </p>
   </div>
   <div class='ocr_carea' id='block_1_100' title="bbox 2104 4064 3683 4137">
    <p class='ocr_par' dir='ltr' id='par_1_100' title="bbox 2104 4064 3683 4137">
     <span class='ocr_line' id='line_1_100' title="bbox 2104 4064 3683 4137; baseline 0.006 -22"><span class='ocrx_word' id='word_1_753' title='bbox 2104 4080 2211 4132; x_wconf 82' lang='lat' dir='ltr'><strong><em>quo</em></strong></span> <span class='ocrx_word' id='word_1_754' title='bbox 2246 4072 2362 4116; x_wconf 87' lang='lat' dir='ltr'><strong><em>erat</em></strong></span> <span class='ocrx_word' id='word_1_755' title='bbox 2400 4064 2656 4115; x_wconf 89' lang='lat' dir='ltr'><strong><em>Dominus</em></strong></span> <span class='ocrx_word' id='word_1_756' title='bbox 2704 4065 3008 4119; x_wconf 88' lang='lat' dir='ltr'><strong><em>nasciturus</em></strong></span> <span class='ocrx_word' id='word_1_757' title='bbox 3052 4077 3105 4120; x_wconf 92' lang='lat' dir='ltr'><strong><em>et</em></strong></span> <span class='ocrx_word' id='word_1_758' title='bbox 3156 4068 3576 4137; x_wconf 87' lang='lat' dir='ltr'><strong><em>triumphaturus</em></strong></span> <span class='ocrx_word' id='word_1_759' title='bbox 3615 4070 3683 4125; x_wconf 87' lang='lat' dir='ltr'><strong><em>de</em></strong></span> 
     </span>
    </p>
   </div>
   <div class='ocr_carea' id='block_1_101' title="bbox 2108 4150 3682 4217">
    <p class='ocr_par' dir='ltr' id='par_1_101' title="bbox 2108 4150 3682 4217">
     <span class='ocr_line' id='line_1_101' title="bbox 2108 4150 3682 4217; baseline 0.004 -12"><span class='ocrx_word' id='word_1_760' title='bbox 2108 4153 2322 4213; x_wconf 84' lang='lat' dir='ltr'><strong><em>mundo,</em></strong></span> <span class='ocrx_word' id='word_1_761' title='bbox 2352 4150 2565 4204; x_wconf 82' lang='lat' dir='ltr'><strong><em>Gabriel</em></strong></span> <span class='ocrx_word' id='word_1_762' title='bbox 2594 4153 2739 4205; x_wconf 91' lang='lat' dir='ltr'><strong><em>venit</em></strong></span> <span class='ocrx_word' id='word_1_763' title='bbox 2763 4154 2828 4207; x_wconf 90' lang='lat' dir='ltr'><strong><em>ad</em></strong></span> <span class='ocrx_word' id='word_1_764' title='bbox 2860 4153 3100 4217; x_wconf 84' lang='lat' dir='ltr'><strong><em>Mariam,</em></strong></span> <span class='ocrx_word' id='word_1_765' title='bbox 3130 4163 3189 4208; x_wconf 92' lang='lat' dir='ltr'><strong><em>ut</em></strong></span> <span class='ocrx_word' id='word_1_766' title='bbox 3220 4156 3363 4209; x_wconf 82' lang='lat' dir='ltr'><strong><em>illum</em></strong></span> <span class='ocrx_word' id='word_1_767' title='bbox 3397 4159 3682 4211; x_wconf 85' lang='lat' dir='ltr'><strong><em>annuntia-</em></strong></span> 
     </span>
    </p>
   </div>
   <div class='ocr_carea' id='block_1_102' title="bbox 2107 4240 3678 4311">
    <p class='ocr_par' dir='ltr' id='par_1_102' title="bbox 2107 4240 3678 4311">
     <span class='ocr_line' id='line_1_102' title="bbox 2107 4240 3678 4311; baseline 0.005 -18"><span class='ocrx_word' id='word_1_768' title='bbox 2107 4251 2205 4302; x_wconf 88' lang='lat' dir='ltr'><strong><em>ret,</em></strong></span> <span class='ocrx_word' id='word_1_769' title='bbox 2237 4241 2325 4307; x_wconf 87' lang='lat' dir='ltr'><strong><em>qui</em></strong></span> <span class='ocrx_word' id='word_1_770' title='bbox 2353 4240 2419 4293; x_wconf 84' lang='lat' dir='ltr'><strong><em>ad</em></strong></span> <span class='ocrx_word' id='word_1_771' title='bbox 2450 4240 2791 4294; x_wconf 85' lang='lat' dir='ltr'><strong><em>debellandas</em></strong></span> <span class='ocrx_word' id='word_1_772' title='bbox 2818 4242 2991 4295; x_wconf 88' lang='lat' dir='ltr'><strong><em>aerias</em></strong></span> <span class='ocrx_word' id='word_1_773' title='bbox 3024 4252 3314 4311; x_wconf 88' lang='lat' dir='ltr'><strong><em>potestates</em></strong></span> <span class='ocrx_word' id='word_1_774' title='bbox 3340 4246 3555 4301; x_wconf 89' lang='lat' dir='ltr'><strong><em>humilis</em></strong></span> <span class='ocrx_word' id='word_1_775' title='bbox 3582 4262 3678 4300; x_wconf 86' lang='lat' dir='ltr'><strong><em>ve-</em></strong></span> 
     </span>
    </p>
   </div>
   <div class='ocr_carea' id='block_1_103' title="bbox 2106 4329 3679 4400">
    <p class='ocr_par' dir='ltr' id='par_1_103' title="bbox 2106 4329 3679 4400">
     <span class='ocr_line' id='line_1_103' title="bbox 2106 4329 3679 4400; baseline 0.005 -18"><span class='ocrx_word' id='word_1_776' title='bbox 2106 4329 2223 4383; x_wconf 86' lang='lat' dir='ltr'><strong><em>nire</em></strong></span> <span class='ocrx_word' id='word_1_777' title='bbox 2262 4331 2510 4400; x_wconf 89' lang='lat' dir='ltr'><strong><em>dignatus</em></strong></span> <span class='ocrx_word' id='word_1_778' title='bbox 2553 4340 2655 4384; x_wconf 88' lang='lat' dir='ltr'><strong><em>est.</em></strong></span> <span class='ocrx_word' id='word_1_779' title='bbox 2705 4331 2925 4387; x_wconf 82' lang='lat' dir='ltr'><strong><em>Michael</em></strong></span> <span class='ocrx_word' id='word_1_780' title='bbox 2971 4332 3352 4400; x_wconf 85' lang='lat' dir='ltr'><strong><em>interpretatur</em></strong></span> <span class='ocrx_word' id='word_1_781' title='bbox 3387 4336 3501 4399; x_wconf 85' lang='lat' dir='ltr'><strong><em>quis</em></strong></span> <span class='ocrx_word' id='word_1_782' title='bbox 3544 4337 3679 4390; x_wconf 85' lang='lat' dir='ltr'><strong><em>sicut</em></strong></span> 
     </span>
    </p>
   </div>
   <div class='ocr_carea' id='block_1_104' title="bbox 2108 4420 3679 4492">
    <p class='ocr_par' dir='ltr' id='par_1_104' title="bbox 2108 4420 3679 4492">
     <span class='ocr_line' id='line_1_104' title="bbox 2108 4420 3679 4492; baseline 0.008 -20"><span class='ocrx_word' id='word_1_783' title='bbox 2108 4420 2284 4473; x_wconf 82' lang='lat' dir='ltr'><strong><em>Deus?</em></strong></span> <span class='ocrx_word' id='word_1_784' title='bbox 2310 4422 2531 4486; x_wconf 82' lang='lat' dir='ltr'><strong><em>Quando</em></strong></span> <span class='ocrx_word' id='word_1_785' title='bbox 2562 4423 2701 4475; x_wconf 89' lang='lat' dir='ltr'><strong><em>enim</em></strong></span> <span class='ocrx_word' id='word_1_786' title='bbox 2734 4423 2933 4492; x_wconf 87' lang='lat' dir='ltr'><strong><em>aliquid</em></strong></span> <span class='ocrx_word' id='word_1_787' title='bbox 2977 4425 3028 4477; x_wconf 92' lang='lat' dir='ltr'><strong><em>in</em></strong></span> <span class='ocrx_word' id='word_1_788' title='bbox 3067 4425 3266 4479; x_wconf 89' lang='lat' dir='ltr'><strong><em>mundo</em></strong></span> <span class='ocrx_word' id='word_1_789' title='bbox 3292 4427 3441 4480; x_wconf 68' lang='lat' dir='ltr'><strong><em>mirae</em></strong></span> <span class='ocrx_word' id='word_1_790' title='bbox 3467 4429 3679 4484; x_wconf 89' lang='lat' dir='ltr'><strong><em>virtutis</em></strong></span> 
     </span>
    </p>
   </div>
   <div class='ocr_carea' id='block_1_105' title="bbox 2108 4511 3679 4585">
    <p class='ocr_par' dir='ltr' id='par_1_105' title="bbox 2108 4511 3679 4585">
     <span class='ocr_line' id='line_1_105' title="bbox 2108 4511 3679 4585; baseline 0.006 -22"><span class='ocrx_word' id='word_1_791' title='bbox 2108 4511 2194 4576; x_wconf 85' lang='lat' dir='ltr'><strong><em>lit,</em></strong></span> <span class='ocrx_word' id='word_1_792' title='bbox 2241 4511 2328 4565; x_wconf 91' lang='lat' dir='ltr'><strong><em>hic</em></strong></span> <span class='ocrx_word' id='word_1_793' title='bbox 2355 4512 2707 4580; x_wconf 88' lang='lat' dir='ltr'><strong><em>archangelus</em></strong></span> <span class='ocrx_word' id='word_1_794' title='bbox 2744 4514 2976 4566; x_wconf 89' lang='lat' dir='ltr'><strong><em>mittitur</em></strong></span> <span class='ocrx_word' id='word_1_795' title='bbox 3010 4524 3102 4568; x_wconf 85' lang='lat' dir='ltr'><strong><em>:et</em></strong></span> <span class='ocrx_word' id='word_1_796' title='bbox 3132 4530 3197 4569; x_wconf 83' lang='lat' dir='ltr'><strong><em>ex</em></strong></span> <span class='ocrx_word' id='word_1_797' title='bbox 3234 4515 3349 4584; x_wconf 88' lang='lat' dir='ltr'><strong><em>ipso</em></strong></span> <span class='ocrx_word' id='word_1_798' title='bbox 3387 4532 3546 4585; x_wconf 89' lang='lat' dir='ltr'><strong><em>opere</em></strong></span> <span class='ocrx_word' id='word_1_799' title='bbox 3582 4534 3679 4572; x_wconf 83' lang='lat' dir='ltr'><strong><em>no-</em></strong></span> 
     </span>
    </p>
   </div>
   <div class='ocr_carea' id='block_1_106' title="bbox 2105 4600 3678 4674">
    <p class='ocr_par' dir='ltr' id='par_1_106' title="bbox 2105 4600 3678 4674">
     <span class='ocr_line' id='line_1_106' title="bbox 2105 4600 3678 4674; baseline 0.006 -21"><span class='ocrx_word' id='word_1_800' title='bbox 2105 4616 2227 4653; x_wconf 72' lang='lat' dir='ltr'><strong><em>men</em></strong></span> <span class='ocrx_word' id='word_1_801' title='bbox 2271 4610 2352 4654; x_wconf 89' lang='lat' dir='ltr'><strong><em>est</em></strong></span> <span class='ocrx_word' id='word_1_802' title='bbox 2391 4600 2532 4668; x_wconf 89' lang='lat' dir='ltr'><strong><em>ejus,</em></strong></span> <span class='ocrx_word' id='word_1_803' title='bbox 2576 4602 2696 4669; x_wconf 86' lang='lat' dir='ltr'><strong><em>quia</em></strong></span> <span class='ocrx_word' id='word_1_804' title='bbox 2737 4618 2894 4655; x_wconf 89' lang='lat' dir='ltr'><strong><em>nemo</em></strong></span> <span class='ocrx_word' id='word_1_805' title='bbox 2930 4603 3073 4657; x_wconf 84' lang='lat' dir='ltr'><strong><em>valet</em></strong></span> <span class='ocrx_word' id='word_1_806' title='bbox 3108 4604 3287 4659; x_wconf 87' lang='lat' dir='ltr'><strong><em>facere</em></strong></span> <span class='ocrx_word' id='word_1_807' title='bbox 3328 4607 3469 4674; x_wconf 91' lang='lat' dir='ltr'><strong><em>quod</em></strong></span> <span class='ocrx_word' id='word_1_808' title='bbox 3502 4606 3678 4662; x_wconf 86' lang='lat' dir='ltr'><strong><em>facere</em></strong></span> 
     </span>
    </p>
   </div>
   <div class='ocr_carea' id='block_1_107' title="bbox 2103 4690 3681 4761">
    <p class='ocr_par' dir='ltr' id='par_1_107' title="bbox 2103 4690 3681 4761">
     <span class='ocr_line' id='line_1_107' title="bbox 2103 4690 3681 4761; baseline 0.005 -19"><span class='ocrx_word' id='word_1_809' title='bbox 2103 4699 2280 4756; x_wconf 88' lang='lat' dir='ltr'><strong><em>potest</em></strong></span> <span class='ocrx_word' id='word_1_810' title='bbox 2312 4690 2467 4744; x_wconf 89' lang='lat' dir='ltr'><strong><em>Deus.</em></strong></span> <span class='ocrx_word' id='word_1_811' title='bbox 2495 4690 2732 4758; x_wconf 79' lang='lat' dir='ltr'><strong><em>Raphael</em></strong></span> <span class='ocrx_word' id='word_1_812' title='bbox 2766 4692 3150 4761; x_wconf 89' lang='lat' dir='ltr'><strong><em>interpretatur</em></strong></span> <span class='ocrx_word' id='word_1_813' title='bbox 3187 4695 3387 4748; x_wconf 86' lang='lat' dir='ltr'><strong><em>curatio</em></strong></span> <span class='ocrx_word' id='word_1_814' title='bbox 3412 4695 3496 4749; x_wconf 92' lang='lat' dir='ltr'><strong><em>vel</em></strong></span> <span class='ocrx_word' id='word_1_815' title='bbox 3518 4698 3681 4759; x_wconf 80' lang='lat' dir='ltr'><strong><em>medi-</em></strong></span> 
     </span>
    </p>
   </div>
   <div class='ocr_carea' id='block_1_108' title="bbox 2103 4782 3675 4854">
    <p class='ocr_par' dir='ltr' id='par_1_108' title="bbox 2103 4782 3675 4854">
     <span class='ocr_line' id='line_1_108' title="bbox 2103 4782 3675 4854; baseline 0.005 -20"><span class='ocrx_word' id='word_1_816' title='bbox 2103 4782 2220 4835; x_wconf 87' lang='lat' dir='ltr'><strong><em>cina</em></strong></span> <span class='ocrx_word' id='word_1_817' title='bbox 2251 4782 2367 4836; x_wconf 91' lang='lat' dir='ltr'><strong><em>Dei.</em></strong></span> <span class='ocrx_word' id='word_1_818' title='bbox 2399 4782 2710 4851; x_wconf 90' lang='lat' dir='ltr'><strong><em>Ubicunque</em></strong></span> <span class='ocrx_word' id='word_1_819' title='bbox 2740 4783 2882 4840; x_wconf 90' lang='lat' dir='ltr'><strong><em>euim</em></strong></span> <span class='ocrx_word' id='word_1_820' title='bbox 2910 4785 3126 4839; x_wconf 91' lang='lat' dir='ltr'><strong><em>curandi</em></strong></span> <span class='ocrx_word' id='word_1_821' title='bbox 3154 4802 3289 4854; x_wconf 89' lang='lat' dir='ltr'><strong><em>opus</em></strong></span> <span class='ocrx_word' id='word_1_822' title='bbox 3312 4790 3675 4842; x_wconf 87' lang='lat' dir='ltr'><strong><em>necessarium</em></strong></span> 
     </span>
    </p>
   </div>
   <div class='ocr_carea' id='block_1_109' title="bbox 2102 4873 3675 4943">
    <p class='ocr_par' dir='ltr' id='par_1_109' title="bbox 2102 4873 3675 4943">
     <span class='ocr_line' id='line_1_109' title="bbox 2102 4873 3675 4943; baseline 0.004 -18"><span class='ocrx_word' id='word_1_823' title='bbox 2102 4881 2204 4935; x_wconf 87' lang='lat' dir='ltr'><strong><em>est,</em></strong></span> <span class='ocrx_word' id='word_1_824' title='bbox 2236 4873 2324 4926; x_wconf 89' lang='lat' dir='ltr'><strong><em>hic</em></strong></span> <span class='ocrx_word' id='word_1_825' title='bbox 2348 4874 2701 4943; x_wconf 87' lang='lat' dir='ltr'><strong><em>archangelus</em></strong></span> <span class='ocrx_word' id='word_1_826' title='bbox 2726 4889 2755 4925; x_wconf 94' lang='lat' dir='ltr'><strong><em>a</em></strong></span> <span class='ocrx_word' id='word_1_827' title='bbox 2784 4874 2892 4928; x_wconf 86' lang='lat' dir='ltr'><strong><em>Deo</em></strong></span> <span class='ocrx_word' id='word_1_828' title='bbox 2912 4876 3164 4940; x_wconf 91' lang='lat' dir='ltr'><strong><em>mittitur,</em></strong></span> <span class='ocrx_word' id='word_1_829' title='bbox 3187 4886 3241 4929; x_wconf 89' lang='lat' dir='ltr'><strong><em>et</em></strong></span> <span class='ocrx_word' id='word_1_830' title='bbox 3266 4878 3388 4933; x_wconf 83' lang='lat' dir='ltr'><strong><em>inde</em></strong></span> <span class='ocrx_word' id='word_1_831' title='bbox 3414 4879 3675 4933; x_wconf 86' lang='lat' dir='ltr'><strong><em>medicina</em></strong></span> 
     </span>
    </p>
   </div>
   <div class='ocr_carea' id='block_1_110' title="bbox 2106 4961 3676 5038">
    <p class='ocr_par' dir='ltr' id='par_1_110' title="bbox 2106 4961 3676 5038">
     <span class='ocr_line' id='line_1_110' title="bbox 2106 4961 3676 5038; baseline 0.006 -24"><span class='ocrx_word' id='word_1_832' title='bbox 2106 4961 2196 5014; x_wconf 90' lang='lat' dir='ltr'><strong><em>Dei</em></strong></span> <span class='ocrx_word' id='word_1_833' title='bbox 2228 4969 2468 5014; x_wconf 87' lang='lat' dir='ltr'><strong><em>vocatur.</em></strong></span> <span class='ocrx_word' id='word_1_834' title='bbox 2514 4962 2659 5015; x_wconf 84' lang='lat' dir='ltr'><strong><em>Unde</em></strong></span> <span class='ocrx_word' id='word_1_835' title='bbox 2698 4971 2753 5017; x_wconf 93' lang='lat' dir='ltr'><strong><em>et</em></strong></span> <span class='ocrx_word' id='word_1_836' title='bbox 2788 4964 2853 5017; x_wconf 90' lang='lat' dir='ltr'><strong><em>ad</em></strong></span> <span class='ocrx_word' id='word_1_837' title='bbox 2894 4963 3115 5018; x_wconf 88' lang='lat' dir='ltr'><strong><em>Tobiam</em></strong></span> <span class='ocrx_word' id='word_1_838' title='bbox 3150 4966 3286 5018; x_wconf 88' lang='lat' dir='ltr'><strong><em>idem</em></strong></span> <span class='ocrx_word' id='word_1_839' title='bbox 3325 4969 3676 5038; x_wconf 85' lang='lat' dir='ltr'><strong><em>archangelus</em></strong></span> 
     </span>
    </p>
   </div>
   <div class='ocr_carea' id='block_1_111' title="bbox 2107 5051 3670 5120">
    <p class='ocr_par' dir='ltr' id='par_1_111' title="bbox 2107 5051 3670 5120">
     <span class='ocr_line' id='line_1_111' title="bbox 2107 5051 3670 5120; baseline 0.006 -17"><span class='ocrx_word' id='word_1_840' title='bbox 2107 5052 2335 5115; x_wconf 90' lang='lat' dir='ltr'><strong><em>missus,</em></strong></span> <span class='ocrx_word' id='word_1_841' title='bbox 2373 5051 2542 5104; x_wconf 91' lang='lat' dir='ltr'><strong><em>oculis</em></strong></span> <span class='ocrx_word' id='word_1_842' title='bbox 2578 5051 2693 5120; x_wconf 85' lang='lat' dir='ltr'><strong><em>ejus</em></strong></span> <span class='ocrx_word' id='word_1_843' title='bbox 2729 5053 3060 5106; x_wconf 88' lang='lat' dir='ltr'><strong><em>curationem</em></strong></span> <span class='ocrx_word' id='word_1_844' title='bbox 3099 5054 3371 5119; x_wconf 87' lang='lat' dir='ltr'><strong><em>adhibuit,</em></strong></span> <span class='ocrx_word' id='word_1_845' title='bbox 3417 5066 3471 5111; x_wconf 91' lang='lat' dir='ltr'><strong><em>et</em></strong></span> <span class='ocrx_word' id='word_1_846' title='bbox 3514 5060 3670 5112; x_wconf 66' lang='lat' dir='ltr'><strong><em>carci-</em></strong></span> 
     </span>
    </p>
   </div>
   <div class='ocr_carea' id='block_1_112' title="bbox 2106 5146 3674 5219">
    <p class='ocr_par' dir='ltr' id='par_1_112' title="bbox 2106 5146 3674 5219">
     <span class='ocr_line' id='line_1_112' title="bbox 2106 5146 3674 5219; baseline 0.003 -20"><span class='ocrx_word' id='word_1_847' title='bbox 2106 5154 2214 5199; x_wconf 91' lang='lat' dir='ltr'><strong><em>tate</em></strong></span> <span class='ocrx_word' id='word_1_848' title='bbox 2246 5147 2457 5199; x_wconf 90' lang='lat' dir='ltr'><strong><em>detersa</em></strong></span> <span class='ocrx_word' id='word_1_849' title='bbox 2485 5146 2655 5199; x_wconf 90' lang='lat' dir='ltr'><strong><em>visum</em></strong></span> <span class='ocrx_word' id='word_1_850' title='bbox 2690 5146 2942 5200; x_wconf 88' lang='lat' dir='ltr'><strong><em>restituit.</em></strong></span> <span class='ocrx_word' id='word_1_851' title='bbox 2975 5146 3217 5202; x_wconf 85' lang='lat' dir='ltr'><strong><em>Nominis</em></strong></span> <span class='ocrx_word' id='word_1_852' title='bbox 3247 5149 3387 5201; x_wconf 88' lang='lat' dir='ltr'><strong><em>enim</em></strong></span> <span class='ocrx_word' id='word_1_853' title='bbox 3415 5150 3674 5219; x_wconf 90' lang='lat' dir='ltr'><strong><em>interpre-</em></strong></span> 
     </span>
    </p>
   </div>
   <div class='ocr_carea' id='block_1_113' title="bbox 2106 5234 3675 5307">
    <p class='ocr_par' dir='ltr' id='par_1_113' title="bbox 2106 5234 3675 5307">
     <span class='ocr_line' id='line_1_113' title="bbox 2106 5234 3675 5307; baseline 0.004 -20"><span class='ocrx_word' id='word_1_854' title='bbox 2106 5236 2304 5288; x_wconf 83' lang='lat' dir='ltr'><strong><em>tatione</em></strong></span> <span class='ocrx_word' id='word_1_855' title='bbox 2330 5244 2385 5288; x_wconf 91' lang='lat' dir='ltr'><strong><em>et</em></strong></span> <span class='ocrx_word' id='word_1_856' title='bbox 2418 5235 2588 5304; x_wconf 87' lang='lat' dir='ltr'><strong><em>angeli</em></strong></span> <span class='ocrx_word' id='word_1_857' title='bbox 2624 5234 2855 5288; x_wconf 83' lang='lat' dir='ltr'><strong><em>oﬂieium</em></strong></span> <span class='ocrx_word' id='word_1_858' title='bbox 2881 5236 3206 5306; x_wconf 81' lang='lat' dir='ltr'><strong><em>designatur.</em></strong></span> <span class='ocrx_word' id='word_1_859' title='bbox 3241 5238 3386 5293; x_wconf 91' lang='lat' dir='ltr'><strong><em>Uriel</em></strong></span> <span class='ocrx_word' id='word_1_860' title='bbox 3415 5239 3675 5307; x_wconf 88' lang='lat' dir='ltr'><strong><em>interpre-</em></strong></span> 
     </span>
    </p>
   </div>
   <div class='ocr_carea' id='block_1_114' title="bbox 2125 5324 3673 5398">
    <p class='ocr_par' dir='ltr' id='par_1_114' title="bbox 2125 5324 3673 5398">
     <span class='ocr_line' id='line_1_114' title="bbox 2125 5324 3673 5398; baseline 0.003 -21"><span class='ocrx_word' id='word_1_861' title='bbox 2125 5333 2247 5387; x_wconf 69' lang='lat' dir='ltr'><strong><em>atur</em></strong></span> <span class='ocrx_word' id='word_1_862' title='bbox 2277 5325 2407 5393; x_wconf 87' lang='lat' dir='ltr'><strong><em>ignis</em></strong></span> <span class='ocrx_word' id='word_1_863' title='bbox 2449 5324 2576 5389; x_wconf 85' lang='lat' dir='ltr'><strong><em>Dei,</em></strong></span> <span class='ocrx_word' id='word_1_864' title='bbox 2618 5324 2752 5378; x_wconf 65' lang='lat' dir='ltr'><strong><em>sicut</em></strong></span> <span class='ocrx_word' id='word_1_865' title='bbox 2798 5324 3023 5392; x_wconf 86' lang='lat' dir='ltr'><strong><em>legimus</em></strong></span> <span class='ocrx_word' id='word_1_866' title='bbox 3062 5341 3374 5395; x_wconf 75' lang='lat' dir='ltr'><strong><em>apparuisse</em></strong></span> <span class='ocrx_word' id='word_1_867' title='bbox 3415 5328 3590 5398; x_wconf 86' lang='lat' dir='ltr'><strong><em>ignem</em></strong></span> <span class='ocrx_word' id='word_1_868' title='bbox 3620 5328 3673 5382; x_wconf 91' lang='lat' dir='ltr'><strong><em>iu</em></strong></span> 
     </span>
    </p>
   </div>
   <div class='ocr_carea' id='block_1_115' title="bbox 2108 5414 3674 5486">
    <p class='ocr_par' dir='ltr' id='par_1_115' title="bbox 2108 5414 3674 5486">
     <span class='ocr_line' id='line_1_115' title="bbox 2108 5414 3674 5486; baseline 0.003 -19"><span class='ocrx_word' id='word_1_869' title='bbox 2108 5414 2257 5467; x_wconf 89' lang='lat' dir='ltr'><strong><em>rubo.</em></strong></span> <span class='ocrx_word' id='word_1_870' title='bbox 2294 5415 2542 5482; x_wconf 83' lang='lat' dir='ltr'><strong><em>Legimus</em></strong></span> <span class='ocrx_word' id='word_1_871' title='bbox 2578 5414 2739 5467; x_wconf 88' lang='lat' dir='ltr'><strong><em>etiam</em></strong></span> <span class='ocrx_word' id='word_1_872' title='bbox 2767 5415 2941 5483; x_wconf 89' lang='lat' dir='ltr'><strong><em>ignem</em></strong></span> <span class='ocrx_word' id='word_1_873' title='bbox 2972 5418 3193 5470; x_wconf 90' lang='lat' dir='ltr'><strong><em>missum</em></strong></span> <span class='ocrx_word' id='word_1_874' title='bbox 3224 5417 3472 5486; x_wconf 88' lang='lat' dir='ltr'><strong><em>desuper,</em></strong></span> <span class='ocrx_word' id='word_1_875' title='bbox 3497 5425 3551 5470; x_wconf 89' lang='lat' dir='ltr'><strong><em>et</em></strong></span> <span class='ocrx_word' id='word_1_876' title='bbox 3582 5418 3674 5471; x_wconf 88' lang='lat' dir='ltr'><strong><em>im-</em></strong></span> 
     </span>
    </p>
   </div>
   <div class='ocr_carea' id='block_1_116' title="bbox 2107 5505 3673 5573">
    <p class='ocr_par' dir='ltr' id='par_1_116' title="bbox 2107 5505 3673 5573">
     <span class='ocr_line' id='line_1_116' title="bbox 2107 5505 3673 5573; baseline 0.001 -16"><span class='ocrx_word' id='word_1_877' title='bbox 2107 5506 2280 5573; x_wconf 90' lang='lat' dir='ltr'><strong><em>plesse</em></strong></span> <span class='ocrx_word' id='word_1_878' title='bbox 2309 5505 2449 5572; x_wconf 90' lang='lat' dir='ltr'><strong><em>quod</em></strong></span> <span class='ocrx_word' id='word_1_879' title='bbox 2477 5514 2801 5573; x_wconf 64' lang='lat' dir='ltr'><strong><em>prmceptum</em></strong></span> <span class='ocrx_word' id='word_1_880' title='bbox 2832 5514 2931 5558; x_wconf 90' lang='lat' dir='ltr'><strong><em>est.</em></strong></span> <span class='ocrx_word' id='word_1_881' title='bbox 2966 5506 3165 5560; x_wconf 85' lang='lat' dir='ltr'><strong><em>Throni</em></strong></span> <span class='ocrx_word' id='word_1_882' title='bbox 3196 5514 3394 5572; x_wconf 91' lang='lat' dir='ltr'><strong><em>autem,</em></strong></span> <span class='ocrx_word' id='word_1_883' title='bbox 3422 5516 3478 5562; x_wconf 92' lang='lat' dir='ltr'><strong><em>et</em></strong></span> <span class='ocrx_word' id='word_1_884' title='bbox 3506 5507 3673 5560; x_wconf 87' lang='lat' dir='ltr'><strong><em>domi-</em></strong></span> 
     </span>
    </p>
   </div>
   <div class='ocr_carea' id='block_1_117' title="bbox 2109 5596 3665 5665">
    <p class='ocr_par' dir='ltr' id='par_1_117' title="bbox 2109 5596 3665 5665">
     <span class='ocr_line' id='line_1_117' title="bbox 2109 5596 3665 5665; baseline 0.003 -16"><span class='ocrx_word' id='word_1_885' title='bbox 2109 5597 2383 5657; x_wconf 85' lang='lat' dir='ltr'><strong><em>nationes,</em></strong></span> <span class='ocrx_word' id='word_1_886' title='bbox 2423 5604 2475 5648; x_wconf 90' lang='lat' dir='ltr'><strong><em>et</em></strong></span> <span class='ocrx_word' id='word_1_887' title='bbox 2512 5596 2874 5663; x_wconf 82' lang='lat' dir='ltr'><strong><em>principatus,</em></strong></span> <span class='ocrx_word' id='word_1_888' title='bbox 2917 5606 2971 5649; x_wconf 88' lang='lat' dir='ltr'><strong><em>et</em></strong></span> <span class='ocrx_word' id='word_1_889' title='bbox 2999 5603 3322 5665; x_wconf 83' lang='lat' dir='ltr'><strong><em>potestates,</em></strong></span> <span class='ocrx_word' id='word_1_890' title='bbox 3348 5607 3402 5651; x_wconf 91' lang='lat' dir='ltr'><strong><em>et</em></strong></span> <span class='ocrx_word' id='word_1_891' title='bbox 3428 5599 3665 5658; x_wconf 69' lang='lat' dir='ltr'><strong><em>virtutes.</em></strong></span> 
     </span>
    </p>
   </div>
   <div class='ocr_carea' id='block_1_118' title="bbox 2116 5688 3673 5758">
    <p class='ocr_par' dir='ltr' id='par_1_118' title="bbox 2116 5688 3673 5758">
     <span class='ocr_line' id='line_1_118' title="bbox 2116 5688 3673 5758; baseline 0.003 -17"><span class='ocrx_word' id='word_1_892' title='bbox 2116 5688 2299 5754; x_wconf 75' lang='lat' dir='ltr'><strong><em>quibus</em></strong></span> <span class='ocrx_word' id='word_1_893' title='bbox 2326 5695 2573 5740; x_wconf 79' lang='lat' dir='ltr'><strong><em>cunctam</em></strong></span> <span class='ocrx_word' id='word_1_894' title='bbox 2599 5688 2867 5742; x_wconf 65' lang='lat' dir='ltr'><strong><em>curii-stem</em></strong></span> <span class='ocrx_word' id='word_1_895' title='bbox 2894 5689 3199 5742; x_wconf 77' lang='lat' dir='ltr'><strong><em>societatem</em></strong></span> <span class='ocrx_word' id='word_1_896' title='bbox 3226 5689 3509 5758; x_wconf 81' lang='lat' dir='ltr'><strong><em>Apostolus</em></strong></span> <span class='ocrx_word' id='word_1_897' title='bbox 3528 5707 3673 5745; x_wconf 84' lang='lat' dir='ltr'><strong><em>cotu-</em></strong></span> 
     </span>
    </p>
   </div>
  </div>
