3896 6348
164 2415 205 2569 ἵ

156 2592 207 2637 η]

243 350 309 403 Ξῖ)

1231 346 1314 399 DE
1358 338 1700 400 UNIVERSO
1736 337 1914 392 LIBRI
1952 337 2110 393 XXII.
2154 368 2224 379 —
2261 337 2390 391 LIB.
2428 338 2491 389 l..

3416 336 3485 391 50

243 466 517 534 plectitur,
548 463 767 519 ordines
793 460 1100 533 angelorum
1122 466 1176 515 et
1199 458 1486 527 dignitates
1514 457 1815 526 iutcllignn-
1842 456 1891 511 A
1920 450 2068 522 (Gen.
2102 454 2175 522 1);
2207 453 2457 506 nimirum
2493 452 2776 506 ostendens
2817 451 2955 519 quod
2997 458 3117 520 post
3149 451 3356 505 ruinam
3383 464 3481 503 an-

244 565 345 610 tur.
391 556 458 609 Et
497 571 599 625 pro
638 556 740 623 hac
789 554 901 624 ipsa
946 552 1318 608 distributione
1356 548 1684 613 olliciorum,
1729 547 1818 601 alii

242 644 443 708 throni,
478 644 569 698 alii
606 643 1014 706 dominationes,
1041 642 1130 695 alii
1170 640 1518 710 principatus,
1550 638 1640 692 alii
1667 646 1817 707 pote-

240 742 405 789 states
437 734 725 800 dicuntur,
759 750 856 803 pro
889 733 1053 787 certis
1088 731 1437 801 dignitatibus
1461 729 1654 799 quibus
1682 727 1820 781 invi-

239 837 353 878 cem
381 822 807 893 distinguuntur.
858 821 1085 875 Virtutes
1115 820 1353 890 angelica
1382 819 1622 888 quaedam
1661 816 1818 869 mini-

240 912 400 965 steria
441 912 827 981 perhibentur,
867 926 963 981 per
1000 925 1135 978 quas
1174 910 1323 977 signa
1367 919 1421 962 et
1457 906 1713 961 miracula
1763 906 1814 959 in

239 1001 437 1055 mundo
469 1001 626 1066 ﬁunt,
654 1009 871 1069 propter
901 1000 1043 1069 quod
1071 1008 1125 1053 et
1151 1000 1378 1053 virtutes
1405 998 1674 1053 dicuntur.
1708 995 1813 1049 Po-

238 1100 443 1144 testates
473 1100 603 1145 sunt
629 1092 825 1159 quiltus
861 1091 1088 1145 virtutes
1119 1090 1356 1144 adversae
1387 1088 1640 1157 subjectae
1670 1095 1811 1151 sunt,

241 1186 291 1232 et
324 1178 448 1232 inde
491 1187 819 1248 potestatum
847 1180 1063 1233 nomine
1088 1187 1479 1248 nuncupantur,
1512 1177 1635 1245 quia
1659 1176 1812 1229 mali-

241 1268 326 1338 gni
361 1267 609 1336 Spiritus
628 1284 814 1323 eorum
844 1277 1109 1338 potestate
1145 1276 1478 1331 coercentur,
1516 1282 1582 1320 ne
1610 1275 1812 1319 tantum

240 1366 465 1410 noceant
491 1365 756 1425 quantum
784 1359 1023 1426 cupiunt.
1054 1357 1356 1426 Pincipatus
1382 1365 1505 1411 sunt
1530 1356 1582 1410 hi
1606 1355 1694 1424 qui
1723 1372 1815 1408 an-

238 1447 475 1515 gelorum
507 1447 811 1517 agminibus
851 1455 1088 1516 prmsunt
1119 1464 1131 1499 :
1173 1447 1263 1515 qui
1288 1462 1385 1518 pro
1412 1461 1477 1499 eo
1507 1445 1647 1515 quod
1685 1445 1811 1498 sub-

238 1532 372 1589 ditOs
398 1537 624 1607 angelos
654 1536 721 1591 ad
748 1537 1066 1606 explendum
1099 1538 1409 1607 mysterium
1440 1535 1681 1589 divinum
1708 1534 1815 1589 dis-

237 1635 457 1695 ponunt,
490 1628 823 1697 principatus
849 1629 1164 1684 vocabulum
1194 1637 1535 1696 acceperunt.
1562 1627 1694 1681 Nam
1721 1626 1811 1679 alii

239 1726 357 1771 sunt
386 1720 481 1786 qui
510 1720 910 1784 administrant,
942 1720 1031 1773 alii
1054 1719 1143 1789 qui
1176 1720 1443 1774 assistunt.
1482 1718 1619 1773 sicut
1640 1725 1692 1772 et
1718 1732 1813 1785 per

1918 543 2157 612 gelorum
2197 543 2457 597 tnalorum
2498 544 2550 596 III
2583 543 2674 611 qui
2700 551 3142 613 permanserunt,
3178 541 3484 615 firmitatem

1916 642 2129 686 aeterna:
2148 632 2557 701 perseverantia:
2576 634 2848 687 consecuti
2872 640 3018 696 sunt,
3040 632 3185 687 nullo
3199 633 3310 703 jam
3334 630 3485 699 lapsu

1917 723 2120 785 aversi,
2153 722 2293 775 nulla
2332 722 2578 791 superbia
2603 724 2857 777 cadentes
2883 740 2907 776 :.
2930 724 3023 777 sed
3053 724 3279 777 ﬁrmiter
3306 722 3360 776 in
3390 722 3485 776 Dei

1916 827 2099 866 amore
2129 821 2183 865 et
2207 813 2657 880 contemplatione
2683 821 2963 867 manentes
2997 814 3127 867 nihil
3159 814 3301 868 aliud
3332 814 3485 887 dulce

1915 904 2134 968 habent,
2160 904 2263 959 nisi
2292 919 2414 958 eum
2442 920 2470 957 a
2496 920 2601 974 quo
2628 906 2792 960 creati
2824 913 2965 961 sunt.
2993 906 3145 974 Quod
3168 914 3345 960 autem
3382 906 3486 961 duo

1915 994 2259 1062 seraphimin
2281 994 2417 1049 Isaia
2447 986 3019 1067 leguntur,.liguraliter
3042 997 3251 1053 Veteris
3273 1006 3328 1052 et
3351 996 3485 1052 Novi

1916 1086 2243 1142 Testamenti
2284 1087 2727 1159 signiﬁcationem
2754 1091 3059 1146 ostendunt.
3100 1092 3223 1145 Ideo
3258 1107 3384 1147 vero
3413 1090 3485 1145 l'a-

1914 1178 2055 1232 ciem
2097 1187 2157 1234 et
2198 1180 2361 1249 pedes
2403 1179 2496 1235 Dei
2543 1182 2828 1250 operiunt,
2876 1182 2997 1250 quia
3048 1182 3319 1250 praeterita
3365 1191 3484 1236 ante

1915 1269 2168 1323 mundum
2189 1311 2203 1333 ,
2234 1278 2288 1323 et
2316 1269 2490 1323 l‘ntura
2534 1281 2658 1340 post
2691 1271 2945 1325 mundum
2975 1272 3115 1327 scire
3154 1286 3258 1325 non
3295 1286 3484 1340 possu-

1916 1376 2064 1423 mus,
2103 1362 2194 1415 sed
2236 1362 2407 1416 media
2452 1370 2657 1415 tantum
2695 1377 2880 1416 eorum
2909 1363 3217 1417 testimonio
3245 1370 3487 1416 contem-

1913 1448 2141 1518 plamur.
2184 1449 2387 1517 Singuli
2428 1465 2586 1504 senas
2620 1452 2733 1504 alas
2762 1450 2990 1514 habent,
3028 1450 3154 1519 quia
3183 1451 3246 1503 de
3279 1449 3481 1504 fabriCa

1916 1546 2122 1591 tantum
2160 1538 2341 1591 mundi
2363 1578 2385 1602 ,,
2417 1554 2536 1607 qua:
2575 1541 2625 1592 in
2668 1555 2770 1594 sex.
2810 1540 2996 1594 diebus
3046 1538 3199 1593 facta
3233 1547 3384 1602 sunt,
3429 1540 3483 1593 in

1913 1627 2164 1696 praesenti
2203 1628 2399 1682 saeculo
2436 1629 2697 1682 novimus.
2740 1628 2889 1694 Quod
2930 1629 3164 1683 clamant
3206 1636 3309 1693 ter,
3342 1627 3484 1683 San-

1913 1726 2055 1783 ctus,
2092 1718 2231 1772 alter
2270 1719 2337 1772 ad
2375 1719 2637 1783 alterum,
2666 1720 2943 1774 Trinitatis
2978 1721 3029 1773 in
3069 1735 3173 1773 una
3206 1718 3485 1774 divinitate

239 1784 513 1863 Danielcm
546 1809 745 1863 dicitur
777 1826 790 1863 :
824 1808 995 1861 Millia
1030 1784 1248 1861 millium
1274 1806 1639 1861 ministrabant
1660 1784 1737 1871 ei,
1764 1813 1810 1858 et
1842 1784 1886 1842 Β
1914 1807 2248 1862 demonstrat
2271 1809 2603 1877 mysterium.
2634 1808 2739 1863 Sed
2765 1809 2890 1877 quid
2926 1810 3149 1878 prodest
3170 1824 3267 1862 nos
3289 1809 3353 1861 de
3384 1824 3481 1861 an-

237 1897 398 1950 decies
433 1907 651 1951 centena
693 1897 859 1951 millia
890 1898 1197 1952 assistebant
1238 1896 1316 1949 illi
1356 1895 1516 1966 (Dan.
1546 1894 1665 1965 vn).
1702 1894 1809 1947 Do-

235 1987 548 2040 minationes
576 1996 701 2041 sunt
727 1989 781 2042 bi
806 1989 895 2056 qui
930 1989 1089 2042 etiam
1116 1988 1403 2043 virtutibus
1430 1995 1482 2041 et
1503 1986 1812 2056 principati-

142 2102 147 2111 ·
235 2073 329 2129 bus
356 2076 740 2143 prrecminent;
770 2078 858 2145 qui
890 2092 985 2147 pro
1009 2092 1073 2132 eo
1092 2078 1231 2145 quod
1262 2076 1473 2131 creteris
1501 2075 1811 2144 angelorum

236 2166 538 2230 agminibus
557 2167 922 2233 dominantur,
938 2167 1331 2222 dominationes
1351 2174 1630 2221 vocantur.
1652 2165 1813 2219 Thro-

241 2256 289 2307 ni
314 2265 439 2311 sunt
463 2259 683 2327 agmina
720 2259 1030 2328 angelorum
1066 2259 1157 2327 qui
1197 2258 1387 2311 Latino
1420 2256 1630 2325 eloquio
1667 2255 1811 2309 sedes

239 2345 513 2413 dicuntur;
549 2357 605 2403 et
634 2349 807 2403 vocati
839 2348 1037 2411 throni,
1066 2348 1190 2417 quia
1222 2348 1323 2401 illis
1354 2346 1602 2417 praesidet
1626 2346 1810 2401 condi-

240 2445 333 2499 tor,
362 2447 413 2492 et
441 2454 542 2511 per
571 2454 665 2493 eos
686 2439 885 2507 judicia
917 2454 1011 2491 sua
1044 2438 1293 2506 disponit.
1325 2435 1603 2520 Cimbim
1632 2444 1808 2488 autem

237 2534 286 2579 ct
310 2526 405 2595 ipsi
444 2525 707 2581 sublimes
734 2526 990 2583 caelorum
1021 2532 1316 2594 potestates
1352 2533 1405 2578 et
1439 2523 1672 2593 angelica
1712 2522 1810 2581 mi-

239 2617 450 2670 nistcria
473 2632 599 2671 esse
623 2616 990 2686 perhibentur,
1005 2615 1095 2684 qui
1120 2630 1185 2668 ex
1212 2613 1475 2668 IIebraico
1500 2615 1550 2666 in
1573 2614 1807 2682 linguam

239 2716 470 2760 nostram
530 2708 995 2776 interpretantur,
1045 2704 1272 2758 scientia:
1318 2704 1616 2756 multitudo.
1672 2702 1808 2756 Sunt

238 2797 369 2849 enim
394 2796 716 2851 sublimiora
738 2794 1311 2863 agminaangelorum;
1334 2794 1423 2862 qui
1446 2808 1542 2861 pro
1562 2808 1624 2846 eo
1644 2793 1805 2862 quod,

239 2886 458 2940 vicinius
486 2885 674 2955 positi,
706 2884 885 2939 divina
911 2885 1132 2940 scientia
1160 2883 1367 2937 caneris
1396 2882 1626 2952 amplius
1651 2882 1805 2951 plena

240 2984 385 3038 sunt,
417 2973 732 3035 Clterubim,
764 2974 817 3028 id
848 2983 928 3028 est
956 2973 1221 3041 plenitudo
1247 2973 1502 3034 scientire,
1533 2972 1805 3041 appellan-

242 3072 337 3116 tur.
361 3064 478 3133 lpsa
505 3072 634 3118 sunt
661 3063 749 3117 illa
787 3064 892 3118 duo
915 3062 1165 3117 animalia
1192 3076 1351 3131 super
1377 3055 1802 3131 propitialorium

227 3169 367 3207 arca:
392 3154 536 3208 facta
569 3169 637 3208 ex
679 3152 893 3208 metallo
915 3192 930 3219 ,
961 3161 1179 3223 propter
1210 3152 1613 3221 signiﬁcandam
1640 3167 1804 3223 ange-

236 3243 400 3297 lorum
421 3244 792 3314 prmsentiam,
809 3244 860 3296 in
883 3258 1108 3312 quorum
1132 3244 1308 3297 medio
1326 3243 1627 3298 ostenditur
1642 3243 1801 3297 Deus.

239 3331 505 3401 Serapltim
539 3347 755 3401 quoque
778 3332 1026 3387 similiter
1054 3332 1336 3387 multitudo
1362 3340 1444 3386 est
1471 3332 1808 3402 angelorum,

236 3411 672 3488 qmebrreo
713 3421 765 3474 in
804 3420 1054 3474 Latinum
1093 3420 1331 3473 ardentes
1367 3419 1452 3473 vel
1480 3418 1807 3473 incendentes

234 3512 672 3581 interpretantur.
707 3510 807 3577 Qui
840 3511 1041 3565 idcirco
1070 3510 1329 3563 ardentes.
1348 3515 1625 3570 vocantur,
1663 3508 1805 3577 quod

235 3602 367 3655 inter
394 3618 489 3656 eos
510 3611 567 3657 et
594 3603 764 3656 Deum
790 3600 921 3655 nulli
946 3600 1035 3655 alii
1061 3600 1231 3670 angeli
1255 3599 1586 3663 consistunt;
1612 3606 1665 3652 et
1684 3597 1804 3653 ideo

234 3701 486 3759 quantum
517 3692 748 3746 vicinius
783 3705 965 3744 coram
992 3705 1057 3744 eo
1084 3689 1417 3752 consistunt,
1458 3695 1608 3743 tanto
1635 3688 1806 3759 magis

234 3782 471 3836 claritate
497 3782 667 3837 divini
697 3781 914 3835 luminis
937 3778 1356 3834 inﬂammantur.
1382 3779 1508 3833 Hmc
1537 3778 1697 3849 igitur
1718 3794 1808 3831 vo—

235 3874 416 3927 cabula
443 3874 722 3944 agminum
748 3872 1059 3942 angelorum
1096 3871 1171 3925 ita
1201 3879 1327 3925 sunt
1352 3870 1601 3940 specialia
1628 3869 1810 3925 ordini

236 3963 559 4031 singulorum
579 4003 594 4025 ,
637 3970 695 4014 ut
723 3969 899 4016 tamen
938 3960 1045 4014 sint
1076 3974 1142 4013 ex
1173 3967 1322 4028 parte
1350 3958 1649 4015 communia
1683 3973 1799 4013 om-

234 4052 393 4105 nium.
430 4052 565 4105 Nam
601 4049 771 4122 [licet]
810 4049 1021 4112 throni,
1051 4048 1145 4103 Dei
1162 4049 1340 4112 sedes,
1372 4048 1422 4101 in
1448 4047 1801 4119 quorumdam

233 4142 531 4211 angelorum
564 4142 754 4195 ordine
781 4139 1084 4209 specialiter
1117 4124 1481 4212 designentur,
1518 4150 1694 4197 tamen
1722 4142 1802 4197 di-

233 4234 360 4287 citur
401 4250 499 4303 per
545 4234 889 4307 Psalmistam
938 4251 951 4287 :
1005 4233 1107 4299 Qui
1145 4235 1289 4288 sedes
1338 4250 1494 4304 super
1537 4234 1801 4289 cherubim

234 4319 393 4390 (Psal.
431 4321 640 4392 Lxxu).
675 4321 779 4377 Sed
820 4312 939 4378 ideo
976 4323 1063 4377 isti
1098 4323 1315 4377 ordines
1359 4322 1664 4393 angelorum
1693 4323 1801 4391 pri-

234 4412 359 4465 vatis
383 4412 694 4466 nominibus
718 4411 1068 4481 appellantur,
1095 4412 1217 4479 quia
1240 4411 1343 4465 hoc
1368 4411 1541 4481 ipsum
1563 4410 1794 4464 oﬂlcium

236 4499 282 4553 in
311 4501 527 4570 proprio
559 4500 751 4554 ordine
786 4499 995 4568 plenius
1031 4506 1392 4568 acceperunt:
1430 4506 1484 4552 et
1524 4512 1645 4551 cum
1685 4498 1794 4551 sint

236 4591 471 4645 omnibus
499 4590 677 4645 ollicia
707 4589 1035 4654 communia,
1066 4590 1279 4658 proprie
1307 4596 1484 4641 tamen
1505 4595 1559 4641 et
1580 4587 1793 4641 nomina

236 4680 336 4734 suis
367 4681 648 4735 ordinibus
695 4678 1037 4749 deputantur.
1081 4677 1382 4746 Unicuique
1423 4678 1566 4731 enim
1592 4716 1607 4742 ,
1658 4677 1797 4731 sicut

235 4772 535 4837 przedictum
574 4778 685 4833 est,
721 4770 935 4839 pr0pria
979 4768 1149 4823 cilicia
1193 4776 1317 4823 sunt
1363 4768 1628 4838 injuncta,
1676 4783 1796 4836 qua:

237 4861 585 4927 promeruisse
615 4874 707 4913 eos
738 4859 790 4911 in
813 4858 995 4911 mundi
1017 4866 1226 4913 constat
1246 4858 1485 4912 exordio.
1512 4858 1645 4912 Nam
1670 4859 1794 4927 quia

238 4949 397 5017 angeli
424 4959 480 5004 et
518 4948 653 5003 locis
687 4932 752 5003 et’
776 4947 1079 5001 hominibus
1105 4955 1370 5016 prtesunt,
1401 4949 1674 5017 prophetae
1714 4956 1792 5002 te-

238 5044 396 5089 statur
427 5037 654 5108 angelus
692 5037 876 5090 diccns
906 5053 917 5087 :
951 5032 1197 5105 Princeps
1226 5037 1368 5105 regni
1395 5034 1677 5089 Persarum
1711 5054 1792 5089 re-

236 5124 352 5176 stitit
377 5127 504 5179 mitti
528 5127 691 5195 (Dan.
718 5125 794 5193 χ).
822 5125 971 5179 Unde
994 5132 1214 5192 apparet
1240 5124 1440 5178 nullum
1470 5139 1589 5179 esse
1620 5110 1791 5179 loeum

239 5213 313 5265 cui
348 5214 518 5283 angeli
555 5228 663 5267 non
706 5224 957 5281 praesunt.
992 5214 1089 5267 llic
1124 5222 1205 5268 est
1244 5214 1375 5267 ordo
1402 5214 1487 5267 vel
1521 5214 1795 5268 distinctio

239 5302 531 5369 angelorum
551 5342 567 5364 ,
596 5300 689 5369 qui
721 5310 843 5368 post
881 5300 1085 5368 lapsum
1115 5299 1373 5353 malorum
1402 5301 1453 5353 in
1481 5300 1683 5354 cmlesti
1708 5300 1794 5368 ju-

239 5407 351 5459 gore
378 5390 560 5462 [Forte
588 5388 796 5459 vigore]
820 5390 1184 5456 perstiterunt.
1217 5389 1346 5442 Nam
1368 5398 1649 5458 postquam
1668 5406 1793 5456 apo‘

239 5489 375 5535 stata:
420 5480 594 5551 angeli
643 5478 995 5541 ceciderunt,
1042 5478 1096 5530 bi
1144 5479 1540 5546 perseverantia
1580 5487 1793 5532 miomne

237 5571 566 5627 beatitudinis
599 5570 820 5626 solidati
863 5577 1006 5623 sunt.
1049 5569 1197 5623 Unde
1232 5580 1287 5625 et
1326 5578 1445 5639 post
1485 5570 1603 5625 cmli
1642 5585 1789 5623 crea-

241 5665 418 5721 tionem
467 5668 520 5721 in
564 5662 833 5735 principio
877 5662 1136 5731 repetitur
1184 5681 1196 5714 :
1240 5662 1359 5717 Fiat
1408 5664 1787 5731 ﬁrmamcnlum

1911 1896 2098 1966 gelicis
2124 1897 2401 1966 spiritibus
2428 1898 2527 1951 ista
2552 1898 2934 1968 perstringere,
2965 1899 3009 1952 si
3035 1915 3141 1953 non
3175 1899 3483 1953 Studeamus

1911 1984 2026 2039 haec
2058 1986 2221 2041 etiam
2251 1986 2317 2038 ad
2354 1994 2568 2039 nostros
2600 1986 2872 2055 profectus
2900 2003 3135 2057 congrua
3174 1988 3483 2043 considera—

1913 2077 2058 2131 tione
2088 2076 2364 2131 derivare?
2390 2077 2524 2144 Quia
2554 2079 2696 2133 enim
2723 2094 2950 2148 superna
2978 2080 3065 2134 illa
3091 2081 3282 2135 civitas
3303 2096 3370 2134 ex
3391 2096 3485 2134 au-

1911 2166 2042 2237 gelis
2067 2174 2122 2221 et
2148 2168 2454 2224 hominibus
2482 2176 2695 2223 constat
2733 2188 2745 2222 :
2775 2169 2843 2223 ad
2870 2185 3031 2239 quam
3068 2179 3275 2227 tantum
3302 2169 3478 2225 credi.

1911 2276 2030 2315 mus
2059 2261 2351 2316 humanum
2379 2278 2550 2332 genus
2584 2265 2890 2329 ascendere,
2919 2275 3149 2334 quantos
3178 2266 3284 2319 illic
3312 2266 3481 2319 conti-

1910 2350 2208 2418 gitelectos
2238 2352 2455 2419 angelos
2491 2353 2845 2418 remansisse;
2888 2355 3029 2408 sicut
3061 2356 3316 2423 scriptum
3348 2365 3430 2409 est
3462 2374 3477 2407 ε

1910 2436 2105 2490 Statuit
2132 2439 2377 2492 terminos
2403 2442 2631 2508 gentium
2658 2441 2939 2495 secimdum
2969 2460 3240 2496 numerum
3268 2444 3479 2513 ange’o-

1911 2541 2033 2581 rum.
2054 2524 2183 2589 Dei;
2211 2526 2463 2582 debemus
2486 2537 2539 2581 et
2566 2543 2662 2582 nos
2687 2528 2885 2597 aliquid
2913 2545 2975 2583 ex
3006 2530 3109 2584 illis
3130 2530 3484 2585 distinctioni-

1908 2610 2009 2666 bus
2036 2614 2619 2682 supernorumrcivium
2658 2614 2725 2668 ad
2761 2630 2931 2668 usum-
2955 2625 3153 2669 nostra:
3192 2632 3477 2671 conversa-

1910 2703 2072 2757 tionis
2104 2706 2335 2770 trahere,
2364 2721 2568 2774 nosque
2594 2707 2737 2776 ipsos
2765 2707 2830 2761 ad
2866 2708 3197 2762 incrementa
3224 2708 3476 2762 virtutum

1909 2794 2065 2849 bonis
2114 2796 2307 2850 studiis
2358 2795 2708 2850 inflammare.
2750 2796 2883 2863 Quia
2925 2799 3068 2852 enim
3132 2798 3255 2853 illuc
3298 2814 3483 2853 ascen-

1908 2898 2032 2937 sura
2089 2884 2327 2939 creditur
2383 2895 2528 2940 tanta
2586 2886 2868 2941 multitudo
2930 2888 3242 2953 hominum,
3281 2899 3478 2957 quanta

1908 2977 2194 3032 multitudo
2223 2980 2482 3033 remansit
2504 2980 2835 3049 angelorum,
2865 2988 3193 3048 superestut
3220 2980 3319 3047 ipsi
3348 2995 3479 3048 quo-

1907 3085 2012 3137 que
2041 3069 2284 3125 homines
2312 3072 2400 3138 qui
2444 3071 2509 3124 ad
2541 3071 2813 3125 emlestem
2849 3071 3079 3140 patriam
3120 3070 3371 3133 redeunt,
3411 3085 3474 3124 ex

1908 3159 1986 3212 eis
2022 3160 2324 3229 agminibus
2362 3160 2597 3228 aliquid,
2638 3160 2762 3214 illuc
2805 3167 3164 3225 revertentes,
3209 3159 3480 3215 imitentcs

1912 3244 2095 3316 [Forte
2122 3247 2444 3318 imitentur].
2482 3248 2740 3303 Distincto
2779 3263 3009 3316 namque
3044 3247 3509 3302 convorsationcs‘
3607 3232 3617 3271 ί

1910 3335 2202 3392 ὶιοιηίηυω
2216 3337 2547 3407 singulorum
2570 3337 2839 3405 agminum
2860 3337 3475 3407 ordinibuseongruuut,
3496 3358 3499 3381 η

1910 3434 1963 3479 et
1988 3425 2042 3479 in
2067 3440 2253 3480 eorum
2287 3435 2483 3480 sortem
2506 3442 2602 3496 per
2629 3426 3054 3483 conversationis
3077 3426 3477 3484 similitudinem
3490 3412 3496 3495 f

1907 3515 2253 3583 deputantur.
2297 3515 2430 3569 Nam
2468 3524 2591 3571 sunt
2625 3516 2864 3586 plerique
2902 3517 2991 3585 qui
3030 3530 3194 3585 parva
3236 3516 3474 3585 capiunt,

1908 3604 2000 3659 sed
2028 3612 2207 3659 tamen
2245 3606 2361 3659 hare
2393 3606 2575 3667 eadem
2616 3621 2778 3674 parva
2815 3607 2903 3673 pie
2938 3606 3257 3660 annuntiare
3296 3605 3490 3661 fratri-

1908 3694 2007 3747 bus
2035 3707 2140 3746 non
2168 3693 2427 3749 desistunt
2459 3712 2470 3745 :
2509 3694 2593 3747 isti
2627 3694 2805 3761 itaque
2845 3693 2897 3746 in
2946 3693 3252 3763 angelorum
3288 3709 3475 3748 nume-

1911 3798 2029 3836 rum
2058 3789 2302 3836 currunt.
2334 3782 2399 3835 Et
2424 3790 2555 3836 sunt
2577 3782 2813 3836 nonnulli
2840 3784 2958 3851 qui,
2990 3783 3184 3837 divina:
3211 3783 3476 3853 largitatis

1908 3886 2127 3925 munere
2150 3870 2357 3935 refecti,
2389 3878 2717 3925 secretorum
2748 3871 3042 3927 caelestium
3068 3887 3275 3927 summa
3302 3879 3354 3927 et
3379 3887 3474 3926 ca-

1905 3972 2033 4027 pere
2064 3958 2355 4032 praevalent
2388 3966 2439 4012 et
2476 3958 2725 4012 nuntiare
2768 3977 2780 4011 :
2823 3975 2931 4028 quo
2973 3958 3168 4030 [Forte
3209 3960 3474 4030 quomodo

1904 4050 1985 4107 ltic
2016 4059 2063 4107 et
2090 4048 2254 4125 intra]
2282 4063 2411 4123 ergo
2452 4048 2539 4105 isti
2576 4064 2680 4107 non
2721 4048 2859 4106 inter
2894 4049 3336 4121 arebangelorum
3370 4067 3470 4105 nu-

1905 4158 2113 4197 merum
2138 4144 2495 4212 deputantur?
2527 4143 2592 4195 Et
2620 4152 2743 4196 sunt
2776 4143 2863 4211 qui
2896 4143 3030 4196 mira
3058 4142 3289 4205 faciunt,
3320 4142 3470 4211 signa

1903 4232 2147 4287 valenter
2168 4240 2460 4301 operantur
2492 4249 2504 4283 :
2535 4247 2640 4300 quo
2670 4232 2831 4299 igitur
2857 4231 2965 4294 isti,
2995 4231 3096 4284 nisi
3121 4230 3187 4283 ad
3217 4245 3475 4298 superna-

1904 4336 2021 4374 rum
2047 4321 2303 4374 virtutum
2327 4328 2525 4374 sortem
2542 4329 2596 4374 et
2611 4336 2890 4375 numerum
2915 4329 3209 4389 congruunt
3226 4320 3247 4372 ?
3262 4319 3327 4373 Et
3348 4329 3473 4373 sunt

1903 4410 2140 4465 nonnulli
2174 4410 2271 4479 qui
2302 4409 2462 4463 etiam
2505 4411 2571 4463 de
2603 4408 2837 4463 obsessis
2861 4408 3175 4478 corporibus
3210 4407 3472 4475 malignos

1900 4500 2119 4569 spiritus
2138 4498 2330 4567 fugant
2354 4538 2368 4561 ,
2397 4513 2595 4567 eosque
2639 4497 2834 4551 virtute
2868 4498 3127 4551 orationis
3150 4507 3204 4551 et
3240 4499 3289 4550 vi
3316 4513 3471 4552 acce-

1900 4599 2003 4657 ptae
2045 4589 2328 4658 potestatis
2372 4585 2591 4655 ejicinnt
2645 4605 2657 4639 :
2707 4602 2815 4655 quo
2861 4587 3042 4655 itaque
3088 4585 3173 4639 isti
3219 4586 3463 4639 meritum

1900 4696 2055 4735 suum
2076 4720 2092 4745 ,
2129 4679 2232 4733 nisi
2264 4680 2405 4732 inter
2438 4684 2727 4744 potestates
2755 4673 3129 4746 [potestatum]
3171 4674 3464 4728 coelestimu

1900 4783 2180 4823 numerum
2224 4766 2557 4821 sortiuntur?
2593 4765 2659 4818 Et
2695 4772 2820 4818 sunt
2852 4763 3087 4816 nonnulli
3115 4763 3203 4831 qui
3233 4764 3458 4830 accepti“

1899 4859 2188 4913 virtutibus
2223 4857 2384 4911 etiam
2424 4856 2713 4910 electorum
2753 4854 3023 4907 hominum
3062 4853 3249 4906 merita
3290 4860 3436 4905 trans

1899 4950 2162 5010 cendunt;
2188 4962 2417 5015 cumque
2440 4954 2494 4998 et
2520 4945 2675 4999 bonis
2697 4943 2943 4997 meliores
2969 4952 3110 5005 sunt,
3136 4942 3317 4995 electis
3338 4958 3442 5009 quo

1900 5053 2001 5105 que
2048 5035 2303 5090 fratribus
2344 5034 2715 5103 principantur
2759 5051 2771 5085 :
2814 5047 2919 5101 quo
2964 5047 3091 5101 ergo
3132 5031 3217 5085 isti
3266 5040 3463 5083 sortem

1900 5142 2085 5192 suam,
2128 5126 2227 5179 nisi
2265 5125 2404 5178 inter
2443 5124 2839 5193 principatuum
2885 5136 3162 5175 numerum
3190 5160 3203 5183 ,
3243 5133 3436 5187 accepe

1898 5217 2057 5270 runt?
2087 5216 2154 5269 Et
2183 5222 2306 5269 sunt
2344 5212 2583 5267 nonnulli
2610 5213 2698 5281 qui
2731 5212 2809 5265 sic
2845 5212 2898 5265 in
2926 5209 3225 5278 semetipsis
3259 5210 3452 5263 cuncti:

1898 5308 2043 5360 vitiis
2067 5306 2421 5372 omnibusque
2446 5303 2723 5357 desideriis
2742 5302 3104 5364 dominantur,
3128 5309 3187 5353 ut
3210 5300 3323 5368 ipso
3341 5298 3431 5366 jur

1902 5396 2176 5450 munditiae
2216 5395 2288 5449 dii
2334 5395 2474 5465 inter
2512 5394 2757 5447 homines
2798 5403 3092 5455 vocentur;
3136 5392 3272 5445 unde
3306 5400 3359 5444 et
3392 5392 3457 5446 rd

1902 5488 2115 5556 Moysen
2140 5486 2335 5539 dicitur
2373 5484 2547 5536 :Ecce
2588 5484 2831 5536 constitui
2870 5493 2916 5536 te
2962 5483 3124 5535 Deum
3168 5481 3459 5535 Pharaonis

1903 5574 2094 5645 (Exod.
2128 5574 2222 5641 vn)
2261 5590 2271 5623 :
2311 5588 2416 5641 quo
2453 5588 2579 5641 ergo
2611 5572 2727 5634 isti,
2771 5572 2870 5625 nisi
2913 5572 3049 5623 inter
3086 5586 3336 5623 numeros
3366 5572 3460 5623 do»

1902 5667 2217 5729 minatuum,
2246 5665 2502 5718 currunt?
2532 5663 2597 5716 Et
2626 5670 2749 5717 sunt
2778 5662 3013 5716 nonnulli
3040 5662 3145 5729 qtti,
3172 5661 3293 5714 dum
3325 5661 3425 5715 sibi
