3896 6364
342 361 405 417 51

988 363 1049 418 Β.
1091 361 1342 418 RABANI
1384 360 1605 419 MAURI
1641 360 1953 418 Αιιειιιει).

2063 361 2318 421 DGUNT.
2356 361 2642 420 OPERUM
2680 366 2861 422 PARS
2899 365 2962 421 ll.

3548 365 3630 426 52

343 474 591 546 metipsis
618 474 860 551 vigilanti
901 491 1031 531 cura
1070 476 1435 540 dominantur,
1464 475 1590 529 dum
1619 490 1679 530 se
1706 474 1936 534 sollicita
1965 475 2013 535 Α
2041 475 2254 544 gnoscit
2275 516 2290 540 ,
2320 475 2478 545 eique
2506 476 2683 531 adhuc
2713 491 2793 531 va
2820 476 3059 532 deterius
3082 475 3361 541 imminet,
3387 478 3488 531 sed
3512 478 3626 549 pri-

342 566 644 622 iutentione
682 566 1012 631 discutiunt,
1048 566 1229 620 divino
1279 566 1459 620 timori
1503 580 1721 634 semper
1764 566 1937 620 illst-

347 667 553 723 rentes,
584 659 688 714 hoc
716 658 770 713 in
806 673 1033 714 munero
1059 657 1280 712 virtutis
1305 657 1578 727 accipiunt
1604 664 1665 710 ut
1691 654 1940 726 judicare

349 758 500 806 recte
547 757 604 803 et
646 749 782 805 alios
809 749 1019 820 possint
1062 766 1075 801 :
1113 763 1347 818 quorum
1386 746 1630 819 profecto
1665 747 1942 804 mentibus

345 838 476 893 dum
504 837 684 894 divina
710 838 1093 908 contemplatio
1120 847 1319 908 praesto
1344 846 1458 904 est,
1487 840 1541 894 in
1566 839 1653 894 his
1670 880 1687 905 ,
1711 838 1857 894 velut
1884 839 1940 895 in

346 929 547 985 throno
574 946 704 995 suo,
736 930 998 986 Dominus
1026 929 1352 1001 praesidens,
1382 931 1610 985 aliorum
1636 930 1781 986 facta
1805 946 1940 987 csa-

349 1016 550 1082 minat,
578 1026 633 1072 et
669 1026 863 1072 cuncta
890 1017 1213 1073 mirabiliter
1240 1019 1308 1074 de
1344 1035 1440 1073 sua
1480 1020 1608 1075 sede
1644 1019 1941 1090 dispensat.

347 1104 451 1171 Qui
480 1120 612 1176 ergo
633 1107 743 1172 isti,
768 1108 870 1162 nisi
897 1108 1196 1163 conditoris
1220 1109 1303 1163 sui
1331 1110 1510 1165 throni
1533 1111 1692 1164 sunt?
1718 1108 1817 1165 Vel
1834 1127 1944 1181 quo

350 1194 457 1251 nisi
494 1196 562 1251 ad
609 1212 966 1266 supernarum
1009 1198 1218 1253 sedium
1259 1215 1516 1255 numeros
1558 1200 1948 1255 ascribuntur?

351 1284 457 1340 Per
478 1301 617 1355 quos
643 1287 770 1341 dum
802 1296 989 1343 sancta
1021 1288 1259 1345 Ecclesia
1286 1291 1510 1361 regitur,
1534 1290 1853 1362 plerumque
1881 1292 1947 1347 de

352 1375 678 1444 quibusdam
717 1377 830 1432 suis
873 1377 1104 1433 infirmis
1149 1379 1361 1433 actibus
1406 1380 1570 1434 etiam
1606 1379 1765 1434 electi
1804 1381 1949 1451 judi-

352 1476 570 1522 eantur.
614 1468 683 1522 Et
716 1478 843 1524 sunt
873 1471 1115 1525 nonnulli
1149 1471 1241 1541 qui
1284 1479 1431 1525 tanta
1470 1471 1564 1525 Dei
1608 1487 1675 1527 ae
1712 1473 1947 1541 proximi

350 1557 643 1614 dilectione
666 1560 810 1631 pleni
842 1571 1002 1628 sunt,
1034 1572 1093 1617 ut
1114 1563 1239 1632 jure
1260 1564 1543 1618 cherubim
1578 1565 1947 1620 nominentur.

352 1649 492 1717 Quia
529 1651 706 1718 enim,
748 1660 809 1705 ut
848 1652 1059 1722 przrfazi
1098 1670 1313 1718 sumus,
1354 1655 1633 1709 cherubim
1672 1653 1951 1724 plenitudo

353 1742 599 1798 scientiae
622 1742 856 1809 dieitur,
895 1758 949 1799 et
994 1745 1162 1799 Paulo
1198 1746 1411 1800 dicente
1438 1746 1726 1800 didicimus
1757 1763 1770 1798 :
1806 1745 1948 1811 Quia

354 1830 631 1901 plenitudo
669 1831 795 1904 legis
826 1835 1058 1887 cltaritas
1096 1834 1274 1903 (llam.
1314 1835 1467 1906 xm);
1500 1850 1692 1890 omnes
1722 1836 1817 1905 qui
1855 1836 1950 1892 Dei
1977 1818 2027 1876 Β

354 1930 415 1977 et
444 1922 676 1994 proximi
700 1923 967 1977 charitate
996 1924 1209 1978 ueteris
1230 1924 1462 1993 amplius
1490 1925 1634 1994 pleni
1660 1933 1808 1989 sunt,
1833 1941 1949 1981 me-

356 1940 415 1977 et
444 1940 655 1990 proxim
700 1940 967 1977 cnarttate
996 1940 1209 1978 exteris
1230 1940 1462 1993 ampnus
1490 1940 1634 1994 ptem
1660 1940 1808 1989 sunt,
1833 1941 1949 1981 me-

356 2012 588 2067 ritorum
610 1940 833 2069 siorqu
861 2024 1065 2070 sortem
1098 2016 1241 2070 inter
1268 2017 1548 2071 cherubim
1574 2032 1803 2071 numero
1830 2034 1953 2087 per-

358 2112 640 2172 ceperunt.
666 2104 730 2158 Et
758 2114 885 2159 sunt
914 2105 1154 2159 nonnulli
1185 2107 1276 2175 qui
1295 2148 1308 2171 ,
1338 2123 1586 2176 superna:
1613 2108 1950 2177 contempla-

359 2191 525 2245 tionis
552 2207 737 2247 amore
771 2196 1009 2258 accensi,
1040 2196 1092 2248 iu
1121 2196 1235 2248 solo
1258 2197 1557 2250 conditoris
1578 2198 1662 2251 sui
1683 2198 1953 2254 desiderio

359 2281 649 2347 anhelant,
682 2280 755 2336 nil
775 2281 887 2350 jam
926 2284 980 2337 in
1010 2284 1111 2338 hoc
1144 2285 1344 2338 mundo
1366 2284 1619 2354 cupiunt,
1650 2285 1767 2340 solo
1790 2294 1951 2340 teter-

361 2372 551 2428 nitatis
586 2388 772 2428 amore
810 2384 1135 2444 pascuntur,
1176 2382 1388 2428 terrena
1420 2389 1649 2443 qumque
1670 2372 1953 2441 abjiciunt,

361 2472 557 2518 cuncta
581 2464 897 2532 temporalia
930 2474 1111 2519 mente
1137 2466 1544 2530 transcendunt,
1572 2474 1758 2520 amant
1784 2474 1842 2521 et
1867 2482 1955 2521 ar-

362 2555 493 2609 dent
526 2572 540 2608 :
566 2564 728 2625 atque
758 2556 810 2609 in
842 2572 939 2610 suo
968 2557 1083 2625 ipso
1114 2557 1306 2610 ardore
1334 2556 1699 2624 requiescunt,
1724 2558 1955 2612 amando

362 2646 591 2709 ardent,
621 2644 889 2715 loquendo
919 2655 975 2700 et
1016 2646 1152 2700 alios
1189 2647 1520 2711 accendunt;
1545 2655 1602 2700 et
1628 2661 1765 2715 quos
1789 2646 1955 2701 verbo

2040 575 2223 621 vatam
2261 582 2321 623 se
2345 567 2502 623 donis
2531 568 2784 639 intelligit
2814 578 2868 624 ct
2891 583 3235 639 nequaquam
3261 571 3444 641 gemit.
3472 570 3633 637 Quis-

2040 655 2165 725 quis
2188 669 2319 727 ergo
2344 655 2468 710 talis
2492 665 2594 721 est,
2629 656 2826 712 fratres
2857 657 2998 721 mei,
3022 657 3323 727 gemendus
3344 666 3428 714 est
3454 659 3630 728 valde,

2042 744 2169 815 quia
2197 759 2304 800 non
2334 744 2521 815 gemit.
2561 744 2861 802 Penscmus
2888 746 3053 818 igitur
3085 756 3311 818 accepta
3335 748 3633 806 electorum

2043 853 2301 904 munera,
2335 846 2391 894 et
2415 840 2616 894 virtute
2657 854 2761 908 qua
2802 854 3127 909 possumus,
3150 841 3219 895 ad
3245 856 3488 898 amorem
3516 850 3639 899 tan-

2044 938 2112 986 t:e
2142 931 2307 987 sortis
2330 931 2665 987 anhelemus.
2690 932 2791 1000 Qui
2824 933 2878 987 in
2908 946 2969 988 se
2987 933 3253 987 donorum
3274 935 3505 1004 gratiam
3531 937 3637 991 mi—

2046 1023 2194 1079 nime
2231 1023 2599 1092 recugnoscit,
2645 1032 2861 1094 gemat;
2916 1022 3009 1093 qui
3054 1036 3188 1079 vero
3230 1023 3443 1079 minora
3488 1026 3542 1080 in
3580 1041 3643 1081 sc

2045 1117 2338 1187 cognoscit,
2363 1114 2567 1184 majora
2588 1116 2708 1171 aliis
2729 1132 2838 1171 non
2864 1116 3118 1171 invideat.
3142 1116 3471 1189 Angelorum
3493 1119 3642 1173 enim

2046 1208 2266 1261 nomine
2298 1215 2593 1277 potestates
2635 1223 2916 1277 supernae,
2960 1215 3021 1262 ut
3064 1223 3228 1278 supra
3269 1207 3642 1269 ostendimus.

2047 1299 2419 1369 designantur.
2445 1308 2503 1352 ut
2531 1300 2583 1353 in
2611 1299 2818 1368 psalmo
2845 1318 2855 1352 :
2883 1297 2988 1365 Qui
3010 1298 3139 1368 facit
3159 1297 3373 1369 angelos
3392 1315 3515 1353 suos
3536 1299 3646 1367 spi-

2048 1390 2180 1443 ritus
2202 1387 2375 1460 (Psal.
2394 1389 2531 1459 cm).
2552 1390 2788 1460 Angelus
2808 1399 2991 1446 autem
3009 1390 3188 1461 typice
3210 1390 3471 1445 Dominus
3487 1388 3645 1443 Jesus

2048 1480 2300 1535 Christus
2327 1490 2690 1551 nuncupatur,
2721 1480 2773 1535 id
2806 1490 2909 1547 est,
2943 1481 3164 1535 nuntius
3193 1489 3432 1549 paternze
3460 1481 3649 1535 volun-

2050 1572 2195 1625 tatis.
2234 1571 2392 1626 Unde
2426 1572 2688 1641 propheta
2732 1571 2809 1625 ait
2851 1590 2864 1625 :
2924 1569 3071 1625 Venit
3101 1571 3171 1623 ad
3207 1569 3453 1640 templum
3488 1587 3646 1623 suum

2048 1662 2450 1725 dominatorem,
2482 1676 2630 1731 quem
2670 1677 2757 1714 vos
2794 1660 2971 1725 vultis,
3003 1668 3054 1714 et
3082 1658 3298 1729 angelus
3324 1658 3643 1720 testamenti,

2049 1768 2201 1821 quem
2226 1768 2314 1805 eos
2352 1748 2683 1804 desideratis.
2720 1749 2957 1820 Angelus
2991 1746 3227 1803 Joannes
3252 1761 3559 1816 praecursor
3586 1745 3644 1799 in

2055 1841 2316 1895 Malachia
2353 1848 2613 1902 vocatur,
2641 1849 2700 1893 ut
2726 1848 2811 1894 cst
2847 1839 2979 1893 illud
3013 1857 3025 1891 :
3060 1838 3199 1892 Ecce
3227 1839 3377 1891 mitto
3400 1835 3646 1905 angelum

2051 1950 2225 1987 meum
2259 1942 2381 1987 ante
2408 1933 2597 2003 faciem
2624 1942 2771 1986 tuam
2800 1930 3057 2003 (Malaclt.
3086 1930 3192 2000 ιιι).
3228 1930 3402 1985 Simili
3433 1943 3650 1999 quoque

2054 2028 2214 2083 modo
2240 2034 2297 2081 et
2332 2027 2385 2080 in
2412 2026 2766 2095 Apocalypsi,
2794 2024 2882 2079 ubi
2918 2023 3102 2093 praelia
3143 2023 3540 2084 describuntur,
3569 2021 3649 2073 ita

2054 2117 2252 2187 legitur
2284 2136 2297 2170 :
2335 2116 2455 2169 Υἱάὶ
2491 2115 2731 2185 angelum
2761 2113 2858 2168 Dei
2897 2114 3083 2184 fortem
3124 2112 3380 2166 volantem
3420 2127 3513 2181 per
3544 2126 3653 2163 nte-

2053 2210 2200 2262 dium
2245 2207 2428 2261 caelum
2463 2204 2661 2277 (Apoc.
2704 2204 2847 2274 xlv).
2888 2204 3078 2273 Angeli
3105 2202 3275 2256 sancti
3306 2201 3651 2272 praedicatio-

2055 2313 2151 2352 nes
2182 2306 2464 2359 vocantur,
2493 2296 2558 2349 de
2583 2295 2778 2364 quibus
2807 2293 3066 2347 Dominus
3089 2292 3157 2345 ad
3185 2290 3285 2345 Job
3305 2306 3401 2360 pro
3431 2289 3652 2343 diabolo

2055 2386 2281 2455 loquens
2309 2386 2386 2439 ait
2413 2403 2425 2437 :
2459 2383 2592 2439 Cum
2616 2382 2854 2438 sublatus
2883 2384 3064 2451 fuerit,
3099 2382 3350 2434 timebunt
3380 2378 3574 2447 angeli,
3598 2388 3648 2431 et

2056 2476 2224 2529 territi
2250 2474 2611 2545 purgabantur
2641 2472 2784 2539 (Job.
2824 2471 2955 2541 xu).
2988 2471 3053 2524 Et
3081 2470 3210 2525 alibi
3240 2487 3253 2523 :
3289 2469 3471 2538 Angeli
3503 2467 3651 2537 pacis

2056 2582 2238 2618 amare
2270 2563 2464 2633 ﬂebunt
2499 2562 2645 2633 (Isa.
2693 2562 2920 2632 xum).
2952 2562 3017 2615 Et
3049 2562 3102 2614 in
3132 2560 3390 2630 Apostolo
3419 2578 3431 2611 :
3464 2559 3641 2627 Appa~

2059 2654 2159 2709 ruit
2186 2652 2384 2723 angelis
2416 2651 2467 2721 (Ι
2500 2651 2635 2705 Tim.
2669 2652 2773 2722 ιιι).
2804 2651 2955 2718 Quod
2985 2666 3181 2704 nomen
3222 2665 3328 2704 non
3359 2665 3455 2719 per
3483 2657 3645 2701 natu-

362 2746 623 2809 tangunt,
650 2712 841 2792 ardere
876 2740 1121 2807 protinus
1150 2739 1201 2792 in
1228 2739 1321 2793 Dei
1352 2754 1536 2791 amore
1559 2712 1786 2792 faciunt.
1815 2738 1955 2803 Quid
2016 2730 2211 2817 ram,
2254 2712 2348 2797 sed
2389 2712 2484 2813 per
2530 2712 2761 2796 ofﬁcium
2811 2712 3226 2795 ministrationis
3272 2712 3643 2817 soriitistttrt.
3700 2712 3713 2781 κ

362 2800 493 2897 ergo
529 2828 694 2891 istos,
728 2827 833 2881 nisi
878 2829 1180 2897 seraplrim,
1212 2829 1476 2891 dixerim,
1508 2844 1739 2897 quorum
1764 2843 1861 2882 cor
1899 2828 1952 2882 in
1984 2896 1985 2899 η
2016 2800 2031 2913 l
2057 2800 2294 2906 Angelus
2336 2800 2668 2888 diabolus’in
2698 2824 2964 2902 Apostolo
2999 2805 3643 2913 nuncupatuITu'biaitO:
3712 2800 3717 2889 Ι

364 2918 545 2987 ignem
584 2932 905 2973 conversum
946 2919 1087 2973 lucet
1132 2927 1187 2972 et
1228 2919 1335 2972 urit
1374 2934 1390 2971 :
1434 2935 1561 2988 quia
1597 2928 1651 2973 et
1690 2920 1952 2974 mentium

2063 2925 2239 2981 Etiam
2269 2924 2315 2978 si
2350 2923 2565 2993 angelus
2587 2924 2652 2977 de
2677 2923 2802 2977 cado
2828 2922 3259 2993 euangelizarent
3292 2920 3437 2974 nobis
3457 2928 3653 2989 prtrter

361 3007 551 3060 oculus
587 3009 655 3062 ad
698 3024 930 3077 superna
972 3009 1306 3071 illuminant,
1346 3018 1402 3063 et
1441 3009 1853 3078 compungendo
1898 3000 1977 3071 in‘,

364 3096 579 3151 ﬂetibus
614 3098 869 3152 vitiorum
912 3098 1211 3167 rubiginem
1251 3108 1483 3169 purgant
1519 3113 1534 3152 :
1573 3099 1701 3167 quia
1724 3114 1855 3170 ergo
1878 3101 1950 3154 ita
1984 3114 2025 3176 in

364 3188 431 3241 ad
458 3204 697 3243 amorem
725 3192 807 3244 sui
838 3191 1133 3245 conditoris
1171 3192 1487 3244 inﬂammati
1524 3200 1677 3255 sunt,
1707 3208 1817 3261 quo
1840 3193 1949 3256 isti,
1982 3162 2027 3220 (δ

364 3278 469 3331 nisi
500 3279 643 3332 inter
667 3281 923 3348 seraphin
956 3296 1258 3343 numerum,
1286 3289 1486 3335 sortem
1515 3296 1627 3335 sum
1651 3282 1955 3335 vocationis

364 3371 738 3439 acceperunt?
788 3370 880 3425 Vae
929 3380 1108 3425 autem
1156 3374 1349 3425 anima:
1397 3388 1518 3440 qua:
1560 3372 1614 3425 in
1657 3387 1717 3425 se
1763 3371 1831 3425 de
1870 3371 1956 3425 his

364 3459 521 3514 bonis
569 3478 691 3527 qua:
744 3464 1183 3517 enumeravimus
1212 3505 1226 3526 ,
1280 3464 1500 3516 minime
1548 3463 1751 3533 aliquid
1807 3478 2263 3559 recc-bruusir

378 3596 1238 3623 _——-——-—————————

2058 3016 2199 3089 quod
2226 3014 2717 3085 euangelizavimus,
2740 3015 3019 3067 anathema
3041 3014 3106 3067 sit
3130 3009 3272 3084 (Gal.
3298 3012 3359 3083 ι).
3387 3008 3651 3063 Similiter

2061 3114 2116 3160 ct
2153 3104 2329 3175 angeli
2375 3104 2639 3157 immundi
2680 3104 2903 3172 spiritus
2947 3110 3358 3172 nuncupantur,
3387 3098 3476 3152 ubi
3501 3096 3648 3151 idem

2060 3197 2351 3267 Apostolus
2387 3196 2462 3249 ait
2503 3212 2519 3250 :
2567 3195 2796 3248 Nescitis
2830 3195 2953 3264 quia
2994 3190 3204 3261 angelos
3234 3188 3594 3260 judicabimus
3620 3186 3648 3239 τ

2059 3299 2257 3359 quanto
2285 3288 2449 3357 magis
2478 3285 2793 3341 strcularia!
2819 3284 2871 3355 (Ι
2897 3282 3019 3338 Cor.
3053 3280 3150 3353 vr.)
3178 3281 3274 3335 llis
3312 3294 3442 3333 vero
3465 3292 3651 3333 exem-

2062 3379 2148 3451 pla
2183 3377 2403 3442 similia,
2434 3376 2527 3446 qui
2556 3374 2867 3445 Scripturas
2890 3374 3039 3443 legit,
3070 3372 3312 3426 invenire
3339 3367 3555 3439 poterit.

1244 3596 3632 3623 ΜΨ*

1532 3709 1836 3787 LlBER
1908 3707 2478 3786 SECUNDUS.

875 3928 1105 3983 CAPUT
1144 3927 1425 3983 UNICUM.

368 4059 436 4099 νε
473 4055 757 4098 IIOIINIBUS
792 4054 881 4102 QUI
920 4055 1131 4102 ρυουΑιι
1172 4054 1443 4093 ιοιιιεελοιο
1479 4052 1682 4093 NOIH‘L
1724 4052 1955 4091 ιεεειιε-

1076 4124 1241 4162 ΒυΝτ.

459 4294 537 4347 De
569 4292 737 4346 Adam
766 4301 813 4345 et
840 4292 1059 4361 posteris
1089 4291 1205 4360 ejus
1230 4306 1392 4360 usque
1420 4290 1490 4343 ad
1515 4289 1867 4359 patriarchas.

2130 3921 2264 3976 Cain
2323 3926 2709 3989 Interpretatur
2750 3934 3025 3988 possessio.
3074 3916 3227 3972 Unde
3271 3919 3649 3989 etymologiam

2062 4012 2232 4082 ipsius
2260 4019 2413 4079 pater
2440 4008 2749 4078 exprimens
2775 4008 2852 4061 ait
2886 4026 2897 4060 :
2929 4005 3081 4071 Cain,
3116 4006 3169 4060 id
3197 4014 3298 4069 est,
3326 4010 3530 4076 possedi
3559 4010 3651 4063 Ito-

2062 4104 2253 4155 minem
2287 4117 2379 4169 per
2416 4098 2580 4152 Deum
2608 4096 2775 4168 (Cen.
2804 4113 2852 4151 tv
2868 4096 2907 4162 ).
2949 4096 3093 4150 idem
3129 4104 3187 4150 et
3219 4096 3554 4162 lamentatio,
3587 4114 3655 4152 eo

2063 4195 2205 4262 quod
2239 4209 2338 4262 pro
2370 4192 2655 4246 interfecto
2682 4191 2814 4244 Abel
2851 4190 3167 4243 interfectus
3204 4190 3311 4253 sit,
3338 4199 3393 4243 et
3432 4206 3648 4260 ptenam

2065 4286 2148 4339 sui
2180 4283 2400 4338 sceleris
2421 4282 2650 4336 dederit.
2675 4280 2774 4334 Hic
2800 4287 2980 4334 autem
3012 4279 3202 4343 frater,
3232 4280 3321 4348 qui
3350 4290 3510 4335 aetate
3532 4298 3649 4334 tua-

445 4385 637 4449 Adam,
659 4385 800 4438 sicut
819 4385 1010 4439 beatus
1038 4383 1396 4452 Hieronymus
1423 4381 1661 4445 tradidit,
1688 4380 1843 4433 homo
1865 4394 1957 4433 seu
2057 4379 2147 4450 jor
2175 4378 2425 4432 eumdem
2458 4375 2591 4429 Abel
2626 4375 2823 4429 occidit
2858 4375 2911 4428 in
2953 4389 3177 4442 campo,
3215 4375 3469 4445 populqu
3501 4377 3648 4445 priu-

372 4486 629 4537 terrenus,
651 4473 765 4527 sive
785 4485 922 4527 terra
948 4474 1105 4527 rubra
1129 4474 1544 4542 interpretatur;
1568 4488 1633 4525 ex
1656 4480 1797 4525 terra
1817 4470 1961 4524 enim
1995 4465 2039 4521 D
2070 4488 2183 4526 rem
2224 4470 2525 4541 signiﬁcat,
2560 4469 2651 4538 qui
2693 4466 2949 4521 interficit
2989 4466 3263 4521 Christum
3305 4468 3357 4520 in
3393 4466 3653 4521 Calvaria:

375 4568 519 4622 facta
548 4574 631 4619 est
667 4581 797 4621 caro
817 4606 832 4629 ,
871 4573 925 4617 et
951 4566 1147 4617 humus
1182 4564 1415 4617 hominis
1450 4562 1677 4615 faciendi
1708 4560 1962 4613 materies

380 4658 499 4710 fuit.
538 4657 635 4710 llic
676 4657 901 4723 ﬁguram
937 4653 1135 4708 Christi
1177 4653 1426 4722 gestavit.
1460 4652 1592 4704 Nam
1633 4651 1775 4705 sicut
1811 4660 1962 4703 sexta

371 4748 458 4799 die
487 4748 749 4799 formatus
784 4752 867 4798 cst
893 4744 961 4797 ad
992 4743 1277 4811 imaginem
1308 4740 1440 4803 Dei,
1484 4740 1555 4793 ita
1591 4748 1743 4792 sexta
1781 4738 1963 4791 mundi

370 4847 531 4891 atate
557 4837 724 4891 Filius
752 4836 844 4889 Dei
874 4834 1104 4889 formam
1127 4832 1309 4886 carnis
1332 4831 1521 4895 induit,
1553 4838 1611 4882 ut
1639 4828 1963 4883 reformaret

374 4931 647 4985 hominem
684 4928 748 4981 ad
780 4926 1185 4981 similitudinem
1223 4925 1338 4979 Dei.

447 5020 556 5071 Era
603 5018 990 5086 interpretatur
1025 5018 1127 5067 vita
1154 5056 1168 5079 ,
1212 5014 1324 5066 sive
1363 5012 1670 5073 calamitas,
1710 5010 1825 5063 sive
1868 5026 1962 5061 ra'.

376 5112 517 5174 Vita,
548 5109 673 5178 quia
699 5108 852 5178 origo
883 5107 982 5159 fuit
1006 5104 1294 5167 nascendi;
1325 5102 1607 5157 calamitas
1628 5109 1683 5153 et
1714 5117 1814 5162 v:e,
1838 5099 1963 5167 quia

376 5216 471 5269 per
511 5197 1012 5268 prmvarieationem
1043 5210 1207 5250 causa
1243 5192 1447 5247 exstitit
1484 5189 1768 5245 moriendi.
1796 5188 1838 5241 A
1872 5206 1966 5241 ru-

376 5289 547 5341 demlo
582 5289 724 5341 enim
754 5303 948 5341 nomen
985 5284 1279 5353 assumpsit
1305 5281 1604 5337 calamitas.
1644 5279 1746 5333 Alii
1785 5287 1966 5331 autem

375 5386 561 5438 dicunt
585 5383 725 5451 quod
762 5382 831 5435 ob
859 5384 959 5436 hoc
1000 5382 1109 5435 Eva
1152 5382 1252 5433 vita
1288 5389 1343 5432 et
1378 5376 1651 5431 calamitas
1680 5377 1750 5429 sit
1780 5374 1965 5444 appel-

381 5475 489 5526 lata
512 5515 525 5538 ,
550 5474 673 5543 quia
716 5488 857 5542 saepe
885 5472 1073 5526 mulier
1103 5472 1220 5524 viro
1254 5484 1417 5524 causa
1455 5467 1645 5519 salutis
1672 5474 1784 5528 est,
1823 5478 1968 5532 saepe

378 5565 697 5618 calamitatis
733 5573 789 5618 et
830 5564 1051 5625 mortis,
1084 5562 1225 5629 quod
1265 5569 1347 5613 est
1378 5576 1473 5611 ταν.
1505 5556 1763 5624 Desiguat
1786 5561 1965 5608 autem

382 5654 674 5708 Ecclesium
712 5670 964 5721 sponsam
992 5652 1193 5706 Christi
1224 5651 1419 5703 factzun
1448 5665 1545 5717 per
1576 5646 1774 5699 lavacri
1805 5642 1963 5697 mini—

382 5744 601 5798 sterium
622 5785 635 5809 ,
672 5743 814 5813 quod
856 5745 917 5797 de
951 5744 1117 5796 latere
1150 5741 1427 5796 utorieutis
1460 5738 1659 5794 Christi
1689 5734 1962 5806 proﬂuxit.

2065 4562 2201 4616 loco.

2133 4649 2267 4703 Abel
2296 4648 2439 4703 enim
2480 4647 2867 4716 interpretatur
2891 4644 3061 4698 luctus
3092 4659 3109 4697 :
3139 4661 3247 4715 quo
3270 4646 3485 4701 nomine
3508 4662 3649 4715 pnu-

2066 4740 2399 4811 llgurabatur
2437 4737 2781 4792 occidendus.
2822 4736 2964 4790 Idem
3002 4744 3054 4789 et
3104 4736 3337 4799 vanitas,
3379 4736 3507 4804 quia
3546 4735 3655 4789 cito

2066 4831 2273 4883 solutus
2301 4839 2382 4882 est
2411 4838 2571 4897 atque
2600 4828 2926 4880 subtractus.
2956 4824 3053 4877 ilic
3076 4834 3263 4891 pastor
3289 4822 3469 4878 ovium
3498 4823 3653 4879 Chri-

2068 4919 2136 4972 sti
2169 4919 2339 4973 tenuit
2373 4926 2575 4987 typum,
2606 4916 2697 4984 qui
2727 4924 2809 4969 est
2846 4930 3005 4969 verus
3033 4923 3218 4983 pastor
3237 4924 3289 4966 et
3323 4923 3499 4967 rector
3526 4914 3654 4967 ﬁde-

2069 5013 2195 5065 lium
2231 5012 2549 5081 populorum
2592 5028 2605 5063 ;
2639 5010 2779 5063 unde
2813 5017 2869 5062 ct
2904 5008 3141 5060 animam
3168 5022 3318 5059 suam
3351 5005 3527 5073 posuit
3554 5020 3656 5076 pro

2068 5103 2258 5156 ovibus
2286 5104 2418 5155 suis.

2140 5194 2303 5253 Seth,
2335 5191 2426 5260 qui
2465 5190 2849 5258 interpretatur
2886 5188 3193 5240 resurrectio
3228 5187 3306 5240 vel
3337 5188 3523 5255 positio
3546 5224 3559 5245 ,
3585 5198 3650 5238 eo

2068 5298 2174 5350 quo
2202 5296 2300 5349 per
2336 5278 2762 5333 interfectionem
2802 5277 2987 5329 fratris
3028 5285 3185 5330 natus
3224 5276 3376 5343 quasi
3414 5288 3655 5327 resurre-

2069 5372 2176 5424 ctio
2207 5370 2348 5424 illius
2375 5369 2650 5438 appositus
2680 5368 2766 5422 sit.
2794 5367 2894 5421 llic
2917 5369 3249 5421 demonstrat
3272 5366 3542 5420 Christum
3567 5363 3657 5413 Jo-

2070 5477 2208 5523 sum,
2243 5462 2294 5513 in
2318 5476 2425 5529 quo
2448 5469 2528 5513 est
2554 5475 2678 5511 vera
2712 5460 3037 5514 resurrectio
3063 5467 3117 5510 et
3147 5459 3254 5510 vita
3283 5456 3541 5512 fidelium.

2141 5552 2284 5606 Enos
2320 5548 2473 5614 juxta
2518 5548 2745 5617 propria.-
2792 5549 2985 5617 lingua:
3026 5547 3342 5600 varietatem
3378 5545 3531 5597 homo
3569 5537 3659 5598 vel

2073 5648 2149 5697 rir
2174 5642 2389 5703 dicitttr,
2419 5649 2475 5693 et
2508 5658 2741 5707 congrue
2774 5642 2872 5693 hoc
2903 5640 3219 5692 rocalntltuu
3247 5637 3466 5698 habuit;
3496 5634 3562 5688 de
3588 5648 3657 5689 et)

2072 5734 2216 5788 enim
2247 5732 2503 5801 scriptum
2535 5740 2613 5785 est
2653 5752 2660 5784 ι
2700 5730 2840 5784 Tunc
2872 5730 3076 5781 initium
3107 5728 3204 5797 fuit
3242 5724 3529 5781 inrocundo
3560 5740 3655 5776 no-
