3896 6334
239 358 308 411 53
1232 357 1317 412 DE
1356 355 1705 414 UNIVERSO
1739 351 1921 411 LIBRI
1963 351 2125 407 XXII.
2148 382 2217 393 —
2254 351 2380 406 LIB.
2424 351 2485 405 Il.
3420 357 3490 412 56

240 482 355 519 tuen
388 465 605 519 Domini
635 464 792 536 (Gen.
824 464 916 535 tv),
948 466 1071 520 licet
1098 466 1335 535 plerique
1361 466 1706 521 Hebrtmrum
1729 465 1895 527 ar-xA
1922 463 2063 517 mitis
2088 480 2202 517 sum
2231 473 2277 516 et
2308 463 2520 516 humilis
2549 462 2723 529 corde,
2753 474 2800 517 et
2830 463 3097 519 invenietis
3124 469 3346 538 requiem
3374 475 3493 525 ani-

240 554 519 610 bitrentur
539 554 689 624 quod
725 564 849 610 tunc
873 555 1102 623 primum
1133 556 1186 609 in
1212 555 1431 610 nomine
1456 554 1667 609 Domini
1689 555 1820 609 etin
1904 550 2104 603 mbas
2132 550 2313 605 vestris
2344 548 2557 620 (Matth.
2582 551 2679 622 χι).
2707 551 2865 606 Solus
2884 551 3062 620 justus
3085 556 3358 613 invenitur
3382 558 3495 619 Noe

236 645 595 701 similitudine
622 646 744 716 ejus
781 645 1037 702 fabricata
1080 655 1208 701 sunt
1243 646 1401 701 idola.
1432 644 1679 701 Declarat
1714 645 1819 699 Ec-

237 735 461 789 clesiam
506 736 562 789 in
593 750 691 806 spe
725 737 1018 802 viventem,
1064 736 1299 807 quandiu
1333 736 1401 791 ad
1434 735 1819 791 beatitudinem

234 825 525 894 promissa:
553 823 822 880 felicitatis
849 825 1143 897 perveniat.

300 912 518 976 Estoch,
545 914 687 969 ﬁlius
701 915 858 980 Cain,
878 908 1139 969 dedicatio
1160 914 1555 984 interpretatur.
1572 914 1630 969 In
1654 914 1821 985 ipsius

232 1003 381 1057 enim
406 1004 639 1059 nomine
674 1005 946 1059 civitatem
990 1013 1175 1075 postea
1216 1003 1501 1059 aediﬁcavit
1540 1004 1692 1059 Cain.
1737 1002 1821 1057 Si-

231 1094 459 1165 gniﬁcat
490 1104 674 1150 autem
716 1096 912 1164 impios
947 1095 1000 1150 in
1038 1094 1140 1151 hac
1170 1095 1278 1150 vita
1314 1102 1521 1149 tantum
1552 1109 1675 1149 esse
1699 1093 1821 1148 fun-

229 1186 408 1240 datos.

295 1275 512 1330 Cainan
546 1276 851 1331 lamentatio
880 1276 962 1332 vel
998 1275 1251 1345 possessio
1282 1291 1461 1329 eorum
1494 1274 1819 1343 interpreta-

234 1372 339 1419 tur.
370 1364 535 1421 Sicut
554 1366 699 1420 enim
721 1365 854 1421 Cain
882 1367 1161 1437 possessio,
1184 1365 1256 1419 ita
1279 1364 1580 1420 derivatum
1602 1378 1816 1427 nomen,

228 1454 373 1524 quod
418 1463 509 1509 est
547 1455 750 1510 Cainan
774 1494 791 1519 ,
830 1453 960 1510 facit
1004 1438 1257 1524 possessio
1305 1468 1503 1505 eorum.
1542 1449 1823 1520 Signiﬁcat

234 1552 413 1598 autem
434 1544 775 1615 appetitores
793 1544 1090 1599 carnalium
1115 1541 1468 1611 voluptatum,
1494 1540 1586 1610 qui
1610 1548 1819 1594 tantum

225 1634 296 1689 de
326 1636 620 1703 praesentis
639 1635 763 1689 vita:
789 1634 998 1689 deliciis
1027 1632 1439 1688 sollicitudinem
1461 1638 1675 1701 gerunt.

300 1721 455 1778 Cbus
488 1723 759 1779 Hebraice
794 1723 1041 1794 ΑΞιΙιὶορε
1066 1723 1470 1793 interpretatur,
1501 1719 1614 1793 [ex]
1640 1728 1821 1789 poste-

1920 635 1975 691 in
2006 636 2089 691 illa
2120 644 2313 709 gente,
2348 636 2432 690 eui
2476 646 2677 706 septem
2706 638 2952 694 homines
2984 642 3253 699 donantur
3275 657 3496 718 propter

1910 721 2178 793 justitiam
2205 741 2379 781 suam.
2407 723 2565 781 Solus
2587 724 2760 794 justus
2788 737 2873 783 est
2895 736 3057 798 atque
3083 733 3371 801 perfectus,
3402 738 3491 793 cui

1920 824 2123 884 septem
2155 810 2397 871 ecclesia:
2418 855 2432 878 ,
2470 824 2689 885 propter
2715 819 3112 887 septemplicem
3144 822 3400 893 Spiritum
3429 828 3493 882 il-

1918 902 2301 970 luminantem,
2336 904 2390 957 in
2421 920 2582 958 unam
2623 905 2915 961 Ecclesiam
2962 910 3354 967 condonantur.
3382 911 3496 970 Noe

1917 1011 2046 1066 ergo
2073 1012 2256 1051 aream
2293 996 2594 1050 construxit
2622 997 2688 1052 de
2727 997 2885 1069 lignis
2926 999 3377 1071 imputribilibus;
3417 1006 3497 1061 sic

1918 1086 2167 1141 Christus
2192 1085 2478 1141 fabricavit
2515 1085 2811 1141 Eccicsiam
2840 1102 2904 1141 ex
2941 1088 3247 1146 hominibus
3273 1094 3497 1148 victuris

1924 1169 1973 1228 in
1991 1182 2273 1229 :cteruum.
2289 1174 2460 1245 Ligna
2481 1190 2621 1230 arca:
2641 1175 3006 1245 conglutinata
3026 1190 3180 1233 erant
3202 1180 3494 1249 bitumine;

1918 1265 1998 1319 sic
2024 1273 2078 1335 et
2104 1264 2356 1320 Ecclesia:
2382 1266 2621 1321 membra
2645 1264 2832 1334 juncta
2873 1277 2998 1323 sunt
3034 1274 3350 1342 compagine
3378 1278 3497 1327 uni-

1923 1355 2049 1409 tatis
2072 1362 2128 1408 et
2154 1355 2435 1410 tolerantia
2461 1356 2761 1410 cbaritatis.
2793 1355 2945 1411 Sicut
2971 1358 3081 1413 Noe
3109 1376 3229 1415 cum
3258 1362 3370 1417 suis
3398 1379 3496 1432 per

1920 1457 2118 1512 aquam
2136 1451 2192 1498 et
2214 1443 2415 1513 lignum
2442 1445 2678 1499 salvatus
2704 1454 2805 1511 cst,
2837 1447 2917 1501 sic
2952 1447 3154 1503 familia
3179 1451 3377 1507 Christi
3404 1469 3499 1522 per

1919 1532 2247 1603 baptismum
2266 1542 2322 1588 et
2343 1536 2519 1590 crucis
2538 1536 2840 1605 passionem
2864 1548 2949 1593 est
2968 1550 3179 1597 sanata.
3194 1543 3332 1598 Area
3353 1547 3500 1602 enim

1920 1624 2022 1680 ista
2050 1624 2349 1681 Eeclesiam
2377 1627 2812 1695 demonstrabat,
2840 1646 2959 1700 quae
2990 1641 3142 1688 natat
3167 1635 3219 1689 in
3251 1636 3499 1693 ﬂuctibus

1921 1715 2107 1769 nuutdi
2134 1714 2311 1790 hujus,
2340 1725 2396 1770 et
2417 1715 2632 1772 Christo
2657 1720 2987 1789 gubernante
3012 1724 3080 1776 ad
3108 1723 3256 1779 littus
3279 1736 3496 1783 interna:

229 1812 389 1868 ritate
409 1814 504 1869 sui
532 1815 750 1882 generis
778 1830 972 1870 nomen
999 1808 1240 1869 sortitus.
1270 1813 1352 1867 Ab
1377 1814 1492 1884 ipso
1516 1812 1661 1867 enim
1687 1802 1813 1867 sunt
1840 1800 1888 1860 Β
1914 1804 2113 1874 quietis
2152 1806 2341 1861 tendit.
2382 1804 2499 1861 lam
2534 1823 2662 1862 vero
2710 1808 2869 1877 illud,
2902 1813 3043 1879 quod
3086 1824 3206 1881 post
3238 1815 3495 1871 diluvium

226 1902 577 1975 primogeniti
611 1904 909 1975 :Etbiopes.
940 1903 997 1957 In
1032 1902 1185 1973 cujus
1222 1910 1365 1957 terra
1401 1901 1604 1956 dicitur
1628 1902 1817 1956 beatus

226 1989 327 2047 Job
352 1993 639 2050 habitasse
664 2010 786 2049 cum
827 1994 880 2048 in
909 1994 1086 2061 capite
1120 1992 1243 2047 libri
1287 1991 1431 2048 illius
1459 1990 1530 2045 ita
1558 1991 1817 2060 scriptum

226 2092 308 2138 est
338 2101 353 2137 :
400 2082 496 2138 Vir
524 2094 642 2139 erat
678 2086 734 2138 in
757 2095 901 2139 terra
931 2082 1071 2137 (Ilius
1113 2083 1319 2137 nomine
1343 2080 1443 2136 Job
1469 2079 1615 2153 (Job.
1648 2080 1710 2152 ι).
1735 2079 1853 2135 ld-.

228 2173 373 2229 circo
400 2182 632 2230 sanctus
659 2173 743 2229 vir
764 2174 853 2229 ubi
873 2173 1201 2228 habitaverit
1229 2173 1445 2237 dicitur,
1477 2180 1536 2225 ut
1559 2170 1675 2240 ejus
1704 2185 1819 2225 me-

228 2265 391 2321 ritum
418 2265 646 2321 νει-ωας
670 2266 1022 2335 exprimatur.
1045 2263 1192 2320 Cbus
1214 2278 1444 2334 namque
1471 2263 1593 2333 quis
1615 2263 1821 2317 nesciat

227 2354 365 2423 quod
395 2355 473 2409 sit
506 2364 661 2409 terra
700 2353 1025 2423 gentilium?
1056 2352 1342 2407 Gentilitas
1378 2360 1557 2405 autem
1583 2351 1818 2421 obligata

227 2441 372 2496 vitiis
412 2442 658 2506 exstitit,
702 2443 960 2511 quoniam
986 2442 1352 2510 cognitionem
1390 2440 1474 2494 sui
1509 2438 1819 2494 Conditoris

229 2532 517 2603 ignoravit.
543 2532 774 2587 Dicatur
798 2540 978 2603 itaque
1002 2532 1090 2587 ubi
1115 2532 1462 2597 habitaverit,
1485 2538 1545 2585 ut
1571 2533 1674 2586 hoc
1703 2528 1819 2598 ejus

230 2624 478 2681 laudibus
492 2625 756 2695 proﬁciat
775 2626 918 2696 quod
942 2626 1115 2681 bonus
1137 2624 1276 2679 inter
1297 2623 1468 2678 malos
1489 2621 1609 2678 fuit.
1633 2622 1819 2693 Neque

231 2712 379 2768 valde
411 2721 499 2768 est
529 2714 805 2770 laudabile
828 2715 1029 2769 bonum
1065 2727 1186 2768 esse
1214 2726 1337 2766 cum
1374 2710 1562 2777 bonis,
1590 2711 1685 2766 sed
1715 2711 1814 2767 bo-

233 2816 352 2857 num
376 2803 503 2859 esse
534 2819 660 2859 eum
686 2804 863 2859 malis.

296 2892 481 2947 Enoch
512 2901 719 2959 autem,
747 2892 1101 2957 ﬁlius'Jared,
1128 2891 1515 2961 interpretatur
1534 2889 1813 2953 dedicatio,

230 2985 363 3039 sicut
384 2992 442 3039 et
468 2984 744 3055 superior.
782 2984 903 3056 Ipse
943 2985 1117 3054 genuit
1156 2982 1543 3047 Matltusalam,
1582 2980 1820 3035 ambula-

230 3076 390 3145 ritque
424 3092 557 3130 cunt
592 3074 703 3130 Deo
725 3115 741 3140 ,
778 3084 829 3130 et
860 3091 964 3129 non
996 3075 1242 3145 apparuit
1280 3088 1299 3126 :
1337 3074 1462 3145 quia
1507 3072 1626 3127 tulit
1664 3071 1814 3126 illum

233 3134 363 3218 Dens
392 3162 559 3236 (Gen.
581 3164 678 3234 tv).
704 3134 804 3219 llic
829 3134 1089 3233 septimus
1108 3163 1177 3218 ab
1201 3134 1370 3217 Adam
1400 3162 1690 3218 translatus
1707 3168 1812 3228 est,
1840 3134 1885 3195 (ἶ

227 3264 279 3308 et
314 3255 592 3326 signiﬁcat
628 3255 916 3325 septimam
957 3256 1197 3324 requiem
1230 3255 1423 3309 futura:
1461 3255 1817 3310 resurrectio-

227 3344 340 3408 nis,
382 3344 611 3414 quando
641 3343 1036 3399 transferentur
1068 3342 1238 3398 sancti
1271 3343 1324 3396 in
1356 3343 1519 3397 vitam
1546 3351 1816 3414 perpetuze

230 3434 691 3500 immortalitatis,
721 3441 778 3489 et
809 3432 1197 3489 dedicabuntur
1234 3431 1597 3488 habitaculum
1634 3432 1729 3486 Dei
1760 3432 1813 3486 in

230 3522 431 3596 Spiritu
459 3534 679 3581 sancto.

297 3616 660 3671 Mathusalam
681 3616 1070 3686 interpretatur
1084 3624 1335 3669 mortuus.
1353 3613 1447 3667 Est
1470 3611 1815 3682 evidensety-

227 3706 455 3776 mologia
471 3706 732 3762 neminis.
749 3706 979 3773 Quidam
1000 3706 1142 3761 enim
1166 3720 1287 3759 eum
1311 3719 1433 3759 cum
1460 3710 1617 3772 patre
1640 3711 1817 3758 trans-

228 3795 390 3850 latum
421 3797 623 3860 fuisse,
660 3804 715 3851 et
742 3795 1003 3850 diluvium
1028 3794 1332 3865 praeterisse
1358 3800 1701 3863 putaverunt.
1734 3790 1815 3847 0h

228 3884 325 3942 hoc
355 3888 643 3958 signanter
672 3884 998 3940 transfertur
1028 3894 1263 3938 mortuus
1292 3894 1390 3948 est,
1418 3892 1478 3936 ut
1504 3882 1818 3938 ostendere-

228 3984 313 4030 tur
341 3976 686 4032 non'vixisse
707 3991 831 4031 eum
862 3984 983 4044 post
1008 3974 1284 4037 diluvium,
1312 3974 1405 4028 sed
1434 3973 1487 4026 in
1513 3972 1701 4028 eodem
1726 3987 1815 4025 ca-

228 4065 492 4136 taclysmo
529 4064 693 4119 fuisse
721 4065 1057 4120 defunctum.
1096 4062 1206 4117 Soli
1246 4062 1391 4117 enim
1420 4069 1545 4116 octo
1570 4061 1815 4116 homines

228 4154 277 4209 iu
312 4170 440 4210 arca
477 4154 743 4209 diluvium
784 4162 1090 4209 evaserunt.
1134 4151 1416 4223 Signiﬁcat
1453 4160 1634 4205 autem
1671 4150 1814 4204 idem

228 4244 589 4301 Iiatbusalam
618 4260 713 4301 eos
740 4247 831 4316 qui
863 4244 990 4302 huic
1010 4244 1209 4299 mundo
1236 4253 1444 4299 tantum
1472 4242 1640 4298 dediti
1668 4252 1814 4309 sunt,

227 4344 275 4389 et
312 4334 561 4389 futuram
596 4336 762 4389 vitam
804 4350 913 4389 non
948 4344 1216 4405 quaerunt.
1258 4334 1323 4389 Hi
1358 4335 1502 4390 enim
1540 4333 1660 4389 licet
1696 4333 1814 4389 lon-

227 4427 353 4496 gaevi
386 4424 601 4479 fuerint
627 4438 789 4495 super
814 4434 1038 4490 terram,
1066 4433 1247 4479 tamen
1277 4425 1544 4480 veraciter
1570 4424 1813 4479 moriun-

232 4524 342 4584 tur,
371 4520 507 4590 quia
555 4526 771 4574 azterna:
814 4519 938 4575 vita:
975 4519 1266 4591 participes
1306 4518 1539 4573 existere
1566 4532 1673 4573 non
1703 4532 1815 4571 me-

230 4621 376 4665 reutu
384 4629 432 4666 r.

294 4699 538 4756 Lamcch
575 4711 757 4755 autem
784 4702 1074 4770 percutiens
1104 4701 1511 4771 interpretatur.
1542 4700 1647 4755 lsle
1673 4698 1814 4753 enim

228 4793 539 4859 percutiens
576 4791 843 4847 interfecit
877 4793 1029 4847 Cain.
1071 4792 1222 4859 Quod
1268 4794 1431 4848 etiam
1483 4793 1595 4862 ipse
1631 4800 1816 4861 postea

229 4894 284 4934 se
309 4890 662 4950 perpetrasse
689 4882 947 4936 uxoribus
979 4882 1287 4937 conﬁtetur.
1323 4882 1421 4937 Hic
1449 4883 1627 4937 saeculi
1658 4880 1816 4949 hujus

230 4968 454 5037 ﬁguram
478 4979 652 5036 tenet,
675 4968 826 5049 cujus
848 4980 1127 5041 peccatum
1148 4970 1397 5028 Christus
1421 4989 1517 5043 per
1541 4972 1815 5043 sanguinis

230 5057 305 5110 sui
334 5059 660 5114 cﬁ’usionem
683 5070 801 5130 post
829 5061 1165 5131 septuaginta
1192 5070 1397 5130 septem
1446 5063 1629 5117 mundi
1659 5078 1817 5133 gene—

233 5146 468 5202 rationes
494 5148 762 5210 absolvit,
794 5148 943 5205 iuxta
977 5150 1118 5220 quod
1152 5164 1247 5205 eas
1275 5151 1603 5220 evangelista
1639 5152 1815 5207 Lucas

230 5233 433 5288 scribit.

298 5324 413 5385 Noe,
441 5341 575 5381 vero
611 5329 812 5398 requies
841 5329 1246 5400 interpretatur.
1275 5330 1355 5385 Ab
1385 5346 1450 5386 eo
1480 5332 1645 5403 igitur
1671 5333 1813 5403 quod

234 5414 328 5468 sub
356 5416 446 5471 illo
472 5419 656 5472 omnia
686 5429 831 5473 retro
855 5420 1158 5488 quieverint
1188 5438 1285 5491 per
1312 5421 1600 5487 diluvium,
1634 5425 1815 5493 appel-

234 5504 370 5562 latus
410 5518 495 5563 est
544 5510 767 5578 requies.
813 5508 1091 5581 Signiﬁcat
1132 5520 1309 5565 autem
1344 5511 1457 5567 Noe
1496 5528 1591 5581 per
1628 5528 1815 5569 omnes

230 5597 383 5651 ‘actus
413 5614 540 5653 suos
563 5598 863 5652 Christum.
895 5599 1006 5654 Noe
1036 5600 1198 5664 enim,
1237 5611 1294 5653 ut
1329 5601 1581 5665 diximus,
1616 5603 1816 5672 requies

240 5688 640 5761 interpretatur,
686 5699 744 5745 et
774 5691 1032 5746 Dominus
1067 5691 1195 5746 dicit
1235 5709 1246 5744 :
1292 5690 1485 5744 Discite
1521 5709 1550 5745 α
1582 5710 1662 5745 mc
1689 5694 1813 5761 quia

1844 4475 1894 4536 D

1920 1894 1986 1948 de
2007 1895 2162 1949 vinea
2190 1910 2352 1964 quam
2383 1895 2640 1965 plantavit
2680 1896 2977 1953 inebriatus
3016 1899 3129 1955 Noe
3169 1911 3223 1956 et
3268 1905 3498 1961 nudatus

1917 1993 2002 2037 est
2027 1981 2080 2036 in
2107 1984 2266 2037 domo
2295 1999 2391 2038 sua
2410 2024 2425 2049 ,
2450 1985 2533 2038 cui
2564 2000 2667 2039 non
2695 1998 2953 2056 appareat
2984 1988 3189 2046 Christi
3215 2008 3334 2047 esse
3364 1995 3498 2066 ﬁgu-

1919 2088 2060 2135 ram,
2088 2074 2181 2142 qui
2209 2074 2507 2129 inebriatus
2536 2084 2621 2130 est
2644 2076 2769 2131 dum
2798 2094 2991 2147 passus
3015 2091 3127 2146 est,
3161 2086 3389 2141 nudatus
3413 2097 3500 2143 est

1919 2163 2048 2216 dum
2087 2162 2381 2219 cruciﬁxus
2420 2164 2538 2218 est?
2574 2163 2631 2218 ln
2656 2163 2820 2219 domo
2846 2182 2939 2221 sua
2965 2208 2980 2233 ,
3021 2169 3073 2223 id
3101 2178 3216 2235 est,
3250 2173 3301 2226 in
3340 2185 3500 2243 gente

1917 2266 2046 2318 sua;
2087 2263 2144 2308 et
2178 2254 2234 2308 in
2269 2254 2579 2310 domesticis
2613 2257 2888 2326 sanguinis
2916 2260 3031 2325 sui,
3060 2262 3244 2333 utique
3276 2264 3499 2323 Judazis.

1917 2344 2069 2399 Tunc
2096 2345 2239 2399 enim
2270 2347 2469 2399 nudata
2499 2354 2584 2401 est
2620 2347 2922 2402 mortalitas
2946 2352 3130 2406 carnis
3157 2353 3292 2421 ejus.
3324 2356 3499 2422 Quam

1892 2498 1900 2518 Ἀ
1916 2433 2246 2499 nuditatem,
2290 2433 2343 2488 id
2371 2444 2489 2499 cst,
2529 2436 2833 2505 passionem
2872 2436 3073 2494 Christi
3116 2443 3303 2497 videns
3330 2445 3500 2500 Cbam

1918 2523 2139 2588 derisit;
2168 2524 2417 2590 etlludazi
2444 2525 2642 2580 Christi
2674 2535 2897 2582 mortem
2926 2530 3166 2586 videntes
3204 2536 3502 2591 subsanna-

1918 2623 2132 2670 verunt.
2168 2613 2292 2669 Sem
2323 2631 2453 2673 vero
2478 2625 2533 2671 et
2558 2615 2771 2687 Japbet,
2806 2627 3059 2689 tanquam
3088 2624 3194 2678 duo
3224 2628 3400 2696 populi
3430 2647 3499 2684 ex

1916 2706 2330 2763 circumcisione
2365 2717 2421 2763 et
2448 2711 2711 2780 pnnputio
2752 2716 3059 2776 credentes.
3093 2722 3305 2788 cognita
3339 2724 3497 2777 muli-

1916 2804 2028 2851 tate
2056 2798 2255 2867 patris,
2284 2816 2390 2869 qua
2421 2801 2823 2869 signiﬁcabatur
2851 2806 3030 2873 passio
3060 2806 3375 2873 Salvatoris,
3410 2829 3499 2867 su-

1916 2895 2127 2942 mentes
2153 2888 2531 2943 vestimentum
2578 2902 2873 2960 posucruut
2897 2910 3057 2963 super
3094 2898 3248 2951 dorsa
3280 2917 3405 2962 sua,
3444 2913 3500 2957 et

1916 2977 2183 3033 intrantes
2206 2979 2380 3033 aversi
2412 2992 2733 3050 operuerunt
2762 2984 3053 3040 ntulitatcm
3078 2974 3264 3055 patris,
3294 3006 3392 3045 nec
3420 2994 3497 3048 vi-

1915 3069 2136 3135 derunt,
2158 3072 2301 3140 quod
2322 3073 2555 3127 verenda
2586 3075 2754 3141 patris
2783 3082 3049 3130 texerunt.
3083 3077 3325 3144 Quodam
3349 3084 3494 3137 enim

1916 3160 2076 3214 modo
2104 3161 2413 3229 passionem
2443 3161 2640 3217 Christi
2676 3164 2976 3220 velamento
3004 3168 3260 3238 tegimus,
3298 3172 3347 3225 id
3388 3184 3498 3239 est,

1916 3260 2258 3304 sacramento
2286 3252 2643 3316 ltonommus,
2683 3252 2905 3323 ejusque
2947 3259 3187 3327 mysterii
3226 3262 3492 3317 rationem

1916 3341 2204 3397 reddentes
2220 3382 2235 3407 ,
2255 3339 2561 3397 Judazorum
2585 3343 2972 3399 detractionem
3005 3347 3297 3416 operimus.
3324 3349 3500 3406 Vesti-

1916 3440 2159 3485 mentum
2186 3432 2330 3485 enim
2357 3431 2628 3500 signiﬁcat
2653 3444 3071 3501 sacramentum,
3103 3438 3259 3494 dorsa
3290 3456 3497 3496 memo-

1916 3520 2051 3573 riam
2088 3521 2480 3589 prazteritorum
2518 3538 2530 3574 :
2564 3522 2687 3591 quia
2728 3523 3029 3591 passionem
3067 3526 3269 3581 Christi
3322 3536 3500 3584 trans-

1915 3618 2091 3663 actam
2116 3610 2354 3665 celebrat
2387 3609 2644 3676 Ecclcsia,
2677 3629 2779 3666 non
2811 3614 2987 3669 adhuc
3009 3626 3317 3685 prospectat
3355 3618 3501 3677 fulua.

1915 3714 2053 3753 ram.

1989 3788 2116 3845 Sem
2144 3792 2343 3847 dicitur
2369 3793 2665 3847 nominatus
2699 3808 2716 3845 :
2746 3795 2887 3864 quod
2916 3811 3109 3853 nomen
3138 3814 3204 3853 ex
3234 3802 3497 3873 praesagio

1915 3882 2250 3951 posteritatis
2290 3885 2515 3953 accepit.
2556 3884 2633 3937 Ex
2666 3885 2784 3954 ipso
2809 3886 2951 3940 enim
2988 3890 3309 3958 patriarchae
3330 3933 3342 3957 ,
3369 3908 3497 3961 pro-

1915 3974 2111 4042 phetm,
2139 3982 2193 4028 et
2218 3974 2468 4042 apostoli,
2496 3982 2552 4029 et
2578 3975 2803 4044 populus
2826 3975 2955 4042 Dei;
2989 3995 3057 4033 ex
3093 3981 3260 4051 ipsius
3287 3998 3501 4055 quoque

1915 4066 2085 4132 stirpe
2109 4072 2165 4117 et
2194 4063 2477 4129 Christus,
2515 4066 2667 4135 cujus
2704 4066 2771 4120 ab
2796 4076 2916 4120 ortu
2950 4068 3080 4122 solis
3109 4086 3280 4140 usque
3310 4075 3378 4129 ad
3410 4090 3501 4129 oc-

1915 4168 2102 4208 casum
2132 4169 2386 4223 maguum
2412 4166 2494 4209 est
2521 4171 2716 4210 nomen
2750 4157 2800 4209 in
2828 4157 3096 4226 gentibus.

1987 4243 2157 4298 Cbam
2194 4244 2399 4298 calidus
2438 4245 2842 4314 interpretatur.
2873 4246 2938 4301 Et
2974 4247 3088 4316 ipse
3130 4263 3198 4303 ex
3236 4253 3501 4322 przcsagio

1918 4331 2085 4388 futuri
2112 4334 2538 4403 cognominatus.
2566 4333 2863 4389 Posteritas
2881 4336 3025 4390 enim
3056 4335 3171 4405 ejus
3197 4353 3319 4393 eam
3342 4348 3503 4397 teme

1917 4433 2126 4494 partem
2147 4425 2405 4493 possedit,
2433 4438 2553 4493 quae
2579 4422 2758 4479 vicino
2786 4425 2897 4479 sole
2917 4426 3184 4481 calentior
3210 4438 3312 4483 est.
3350 4429 3502 4487 Unde

1917 4522 1973 4570 et
2009 4514 2277 4586 Egyptus
2307 4508 2475 4585 usque
2511 4516 2668 4570 hodie
2703 4514 3078 4587 Egyptiorum
3110 4517 3291 4589 lingua
3330 4518 3501 4574 Cham

1921 4606 2137 4661 dicitur.
2167 4606 2265 4662 llic
2290 4605 2596 4662 indecorum
2622 4607 2865 4678 designat
2891 4607 3203 4679 imaginem,
3224 4611 3316 4680 qui
3340 4610 3503 4667 Chri-

1914 4700 1985 4774 gsti
2017 4715 2237 4755 carnem
2266 4708 2429 4769 atque
2451 4707 2679 4752 mortem
2706 4699 2971 4753 derident.

1988 4787 2186 4857 Japhet
2211 4786 2434 4840 latitudo
2461 4788 2863 4858 interpretatur.
2904 4788 2980 4842 Ex
3014 4802 3079 4842 eo
3108 4789 3251 4843 enim
3278 4792 3503 4860 populus

1918 4880 2159 4949 gentium
2189 4878 2450 4933 nascitur.
2486 4879 2555 4933 Et
2577 4879 2702 4947 quia
2742 4878 2847 4931 lata
2879 4887 2959 4931 est
2988 4892 3054 4931 ex
3088 4878 3337 4947 gentibus
3368 4880 3504 4933 mul-

1917 4973 2090 5026 titudo
2116 4972 2470 5037 credentium,
2496 4973 2563 5027 ab
2584 4972 2772 5028 eadem
2799 4972 3078 5027 latitudine
3106 4971 3300 5041 Japhct
3325 4972 3503 5027 dictus

1914 5070 2019 5127 est,
2050 5062 2143 5131 qui
2176 5070 2531 5116 conversatur
2569 5062 2623 5116 in
2648 5062 2893 5117 ecclesiis
2920 5062 3301 5117 lsraelitarum.
3332 5061 3387 5115 In
3415 5060 3503 5117 bis

1917 5168 2047 5224 ergo
2074 5152 2246 5207 tribus
2286 5152 2412 5207 ﬁliis
2441 5152 2553 5208 Noe
2582 5153 2816 5208 secunda
2845 5152 2998 5223 origo
3028 5151 3207 5207 saeculi
3237 5151 3499 5214 surrexit,

1919 5251 1978 5296 ut
2002 5252 2113 5297 tres
2140 5252 2322 5312 partes
2352 5243 2532 5296 mundi
2563 5258 2593 5297 a
2634 5243 2793 5296 trium
2823 5242 3170 5313 generatione
3208 5242 3499 5311 implereno

1924 5340 2028 5385 tur.
2059 5330 2229 5385 Porro
2249 5329 2375 5385 Scm
2398 5332 2452 5385 iu
2478 5330 2600 5385 ﬁliis
2625 5331 2737 5385 suis
2756 5331 2961 5395 Asiam,
2985 5340 3041 5384 et
3059 5329 3228 5386 Cbam
3249 5327 3499 5398 Libyam,

1921 5431 1976 5475 et
2000 5421 2195 5491 Japbct
2216 5421 2486 5490 Europam
2511 5420 2881 5491 possederunt.
2914 5419 2969 5474 lu
2993 5422 3187 5489 quibus
3206 5419 3368 5475 etiam
3396 5415 3498 5472 Ec-

1922 5513 2087 5567 clesia
2111 5510 2337 5576 Christi,
2354 5520 2554 5565 sancta.-
2581 5510 2864 5565 Trinitatis
2892 5508 2994 5565 ﬁde
3024 5508 3332 5581 plantanda,
3354 5520 3496 5577 pra:-

1923 5605 2348 5659 monstrabatur.

1991 5696 2270 5761 Cbauaan,
2297 5693 2438 5748 ﬁlius
2467 5692 2653 5757 Cham,
2691 5694 3076 5763 interpretatur
3101 5703 3270 5747 motus
3296 5704 3492 5745 eorum.
