3896 6330
416 334 488 392 ss
1059 347 1118 400 Β.
1161 344 1410 401 uanam
1447 345 1662 403 usum
1700 345 2020 402 ARCHIEP.
2061 347 2367 406 uocum.
2398 328 2696 408 ‘orenuu
2736 353 2912 411 rans
2949 357 3013 411 u.
3609 354 3682 423 sa

413 453 566 520 Quod
605 454 732 524 quid
769 463 854 510 est
894 455 1069 521 aliud,
1121 459 1225 513 nisi
1269 474 1404 528 opus
1441 459 1660 514 eorum?
1698 459 1804 513 Pro
1845 467 1990 514 motu
2023 463 2068 524 Λ
2098 461 2154 516 In
2184 463 2356 518 triims
2385 473 2566 518 autem
2598 467 2727 521 viris
2759 469 2850 538 qui
2887 480 3153 525 venerunt
3193 472 3258 525 ad
3287 472 3436 528 illum
3465 472 3680 535 Domini

411 547 558 600 enim
596 547 797 615 patris,
839 547 890 603 id
925 557 1008 604 est
1028 590 1042 615 ,
1072 565 1170 619 pro
1203 563 1366 618 opere
1397 548 1514 618 ejus
1542 550 1862 606 maledictus
1890 561 1994 606 est.

414 633 566 692 Unde
591 638 655 690 de
692 637 908 693 sedibus
944 640 1057 695 suis
1084 640 1318 712 cjectus,
1353 642 1478 698 filiis
1507 643 1736 697 fratrum
1773 659 1995 698 suorum

411 734 612 780 terram
640 730 1000 796 possessionis
1027 746 1137 785 sua:
1170 731 1414 802 reliquit,
1445 735 1817 804 posteritatem
1851 735 1994 790 indi-

409 833 543 873 cans
567 817 896 885 Judzeorum,
921 822 1010 891 qui
1043 825 1093 877 in
1122 825 1372 894 passione
1399 825 1609 881 Domini
1634 828 1996 883 damnationis

400 912 731 966 sententiam
761 923 1119 982 exceperunt,
1147 916 1441 972 clamantes
1470 937 1482 972 :
1515 917 1741 988 Sanguis
1763 920 1878 989 ejus
1904 936 1995 972 su-

405 1018 500 1071 per
511 1018 604 1056 nos
617 1011 664 1056 et
684 1019 842 1071 super
859 1003 998 1072 ﬁlios
1023 1016 1225 1060 nostros
1247 1005 1460 1078 (Matth.
1485 1006 1676 1075 xxv").
1692 1006 1774 1063 Ob
1795 1008 1936 1078 quod
1963 1024 1992 1063 a

403 1092 579 1161 patria
609 1093 761 1161 quasi
783 1093 975 1164 ingrati
1003 1110 1099 1164 per
1120 1096 1394 1152 Romanos
1416 1099 1468 1152 in
1495 1098 1751 1152 ultionem
1777 1100 1995 1168 sangui-

406 1182 492 1235 nis
512 1181 711 1236 Christi
740 1181 968 1251 expulsi,
1000 1184 1176 1239 locum
1197 1195 1398 1241 sancta:
1427 1187 1678 1242 Ecclesia:
1705 1187 1990 1252 dederunt,

403 1268 457 1322 in
498 1285 606 1340 qua
643 1284 806 1326 verus
841 1270 1020 1328 cultus
1058 1274 1218 1329 unius
1256 1274 1350 1330 Dei
1391 1285 1700 1346 perseverat
1733 1277 1794 1331 in
1836 1274 1993 1332 aeter-

401 1374 554 1414 num.

472 1450 705 1507 Nemrod
749 1456 1138 1525 interpretatur
1180 1467 1456 1528 tyrannus.
1506 1458 1612 1513 Istc
1648 1459 1797 1513 enim
1841 1464 1991 1530 prior

396 1544 626 1614 arripuit
651 1545 921 1601 insuetam
955 1549 1008 1601 in
1032 1549 1257 1619 populos
1285 1551 1642 1621 tyrannidem,
1667 1561 1721 1606 et
1751 1552 1863 1621 ipse
1891 1568 1986 1622 ag—

397 1649 617 1706 gressus
644 1644 728 1691 cst
771 1637 1032 1693 adversus
1067 1641 1229 1694 Deum
1260 1641 1552 1710 impietatis
1577 1640 1844 1696 aedificare
1877 1650 1988 1696 tur-

392 1723 521 1777 rim.
555 1723 708 1778 Unde
732 1725 1004 1781 diabolum
1032 1730 1324 1798 expressit,
1347 1730 1437 1800 qui
1463 1730 1985 1801 superbimappetitu

2100 553 2270 607 nostri
2301 552 2424 608 Jesu
2457 553 2655 610 Christi
2697 560 3076 626 pronuntiatur
3104 562 3384 620 adventus.
3411 566 3547 620 Cum
3571 581 3678 638 quo

2098 641 2204 696 duo
2241 643 2415 711 angeli
2461 647 2890 712 comitabantur,
2929 665 3065 718 quos
3099 651 3342 723 plerique
3372 653 3588 726 Moysen
3621 665 3678 713 et

2099 734 2268 789 Eliam
2294 737 2568 805 accipiunt
2595 755 2607 790 :
2639 754 2822 802 unum,
2850 741 3040 809 prisca:
3067 741 3445 814 legislatorem,
3468 749 3558 819 qui
3579 761 3681 821 per

2096 831 2342 884 eamdem
2386 831 2554 900 legem
2587 834 2875 889 adventum
2920 836 3131 891 Domini
3162 838 3454 907 indicavit;
3490 841 3671 910 alium,

2097 922 2186 991 qui
2219 922 2272 976 in
2307 922 2413 977 fine
2446 925 2632 979 mundi
2665 935 2930 982 venturus
2958 944 3078 984 esse
3107 931 3477 1002 denuntiatur,
3507 944 3561 992 et
3586 953 3675 994 se-

2089 1012 2330 1066 cundum
2372 1015 2660 1068 adventum
2707 1016 2908 1072 Christi
2955 1028 3118 1088 atque
3166 1019 3283 1089 ejus
3330 1023 3681 1097 Evangelia!!!

2093 1098 2292 1154 .Iudmis
2316 1101 2725 1169 praedicaturus.
2767 1104 2919 1161 Unde
2948 1108 3084 1162 etin
3115 1118 3317 1176 monte,
3348 1112 3474 1167 dum
3501 1114 3683 1172 Domi-

2095 1205 2197 1244 nus
2237 1189 2429 1246 fuisset
2467 1195 2910 1264 transfiguratus,
2955 1198 3009 1251 hi
3047 1199 3152 1252 duo
3189 1198 3399 1270 Moyses
3437 1211 3491 1257 et
3537 1204 3683 1261 Elias

2093 1295 2218 1335 cum
2257 1297 2321 1334 eo
2359 1283 2426 1336 ab
2464 1285 2722 1352 apostolis
2749 1285 2851 1340 visi
2886 1295 3033 1341 sunt.
3065 1287 3218 1354 Quod
3245 1305 3373 1346 vero
3403 1292 3676 1350 Abraham

2093 1378 2204 1424 tres
2233 1372 2443 1438 videns,
2471 1390 2634 1428 unum
2666 1376 2932 1442 adoravit,
2954 1378 3240 1435 Dominum
3264 1382 3471 1439 scilicet
3495 1384 3681 1442 Salva-

2093 1466 2266 1515 torem
2298 1463 2555 1526 ostendit,
2586 1463 2738 1532 cujus
2760 1465 2870 1536 jam
2904 1469 3167 1527 adventus
3191 1483 3275 1527 est
3300 1475 3675 1542 przestolatus:

2084 1546 2238 1617 juxta
2259 1552 2406 1619 quod
2431 1561 2486 1606 et
2502 1551 2616 1620 jam
2649 1554 2908 1612 Dominus
2947 1558 3000 1612 in
3030 1555 3322 1633 Evangelia
3349 1565 3428 1620 ait
3456 1582 3472 1619 :
3503 1565 3671 1622 Abra-

2089 1640 2211 1692 ham
2238 1643 2474 1711 qua's'ivit
2502 1645 2676 1699 videre
2705 1647 2840 1700 diem
2871 1665 3041 1703 meum
3071 1664 3089 1702 :
3118 1653 3244 1706 vidit
3281 1663 3328 1708 et
3359 1657 3566 1726 gauisus
3599 1668 3672 1712 est

2092 1728 2273 1800 (Joan.
2305 1731 2442 1803 vni).
2475 1733 2615 1789 Duas
2645 1745 2823 1790 autem
2852 1753 3082 1805 uxores,
3113 1756 3249 1810 quas
3283 1745 3471 1800 habuit
3497 1745 3670 1802 Abra-

395 1813 609 1867 euimen
641 1814 835 1869 divina:
856 1817 1192 1872 celsitudinis
1215 1819 1490 1888 appetivit,
1524 1820 1708 1874 dicens
1746 1839 1758 1874 :
1799 1820 1984 1874 Ascen-
2011 1826 2058 1886 Β
2089 1820 2234 1885 ham,
2270 1822 2322 1876 id
2351 1832 2457 1887 est,
2491 1823 2713 1878 liberam
2753 1835 2811 1880 et
2837 1829 3109 1897 ancillam,
3143 1833 3400 1902 Apostoio
3428 1836 3667 1902 docente,

393 1901 518 1954 dam
540 1919 698 1973 super
717 1904 1052 1960 altitudinem
1073 1907 1310 1974 nubium,
1329 1917 1376 1962 et
1400 1926 1487 1964 ero
1507 1909 1692 1964 similis
1715 1910 1983 1966 Altissimo

384 1998 553 2070 .(Isai.
583 2000 720 2072 XIV).

464 2112 642 2168 Hebcr
665 2115 1057 2185 interpretatur
1077 2119 1350 2172 transitus.
1369 2119 1704 2189 Etymologia
1727 2119 1846 2190 ejus
1863 2135 1985 2190 my—

388 2203 525 2260 stica
548 2214 651 2268 est,
681 2206 825 2274 quod
856 2208 924 2261 ab
953 2206 1070 2274 ejus
1096 2207 1263 2276 stirpe
1295 2209 1550 2262 transiret
1573 2211 1736 2273 Deus,
1765 2224 1833 2263 ne
1862 2225 1982 2278 per-

387 2303 664 2350 severaret
691 2294 746 2349 in
776 2294 856 2350 eis
891 2295 1148 2350 translata
1179 2296 1230 2350 in
1262 2297 1512 2366 gentibus
1536 2298 1730 2368 gratia.
1761 2297 1841 2351 Ex
1865 2299 1982 2367 ipso

384 2383 562 2437 exorti
585 2390 711 2437 sunt
734 2382 971 2437 Hebraei.
998 2383 1153 2438 Unde
1182 2383 1381 2449 lleber,
1411 2386 1461 2439 in
1489 2384 1646 2454 cujus
1671 2387 1832 2440 domo
1856 2401 1982 2454 pro-

380 2470 507 2540 .pria
538 2471 748 2541 loquela
782 2473 1064 2535 remansit,
1091 2474 1310 2528 caeteris
1337 2474 1535 2544 linguis
1564 2475 1845 2544 dispersis,
1875 2476 1981 2530 Re-

388 2562 722 2633 dcmptorem
752 2574 1000 2618 nostrum
1029 2564 1293 2630 insinuat,
1326 2565 1380 2618 in
1405 2565 1560 2636 cujus
1587 2565 1830 2622 Ecclesia
1855 2567 1976 2620 uni-

387 2662 475 2710 tas
500 2654 624 2720 fidei
656 2655 772 2710 sine
802 2655 1099 2712 schismate
1125 2665 1441 2726 perseverat

460 2763 627 2836 Faleg
669 2766 1059 2836 interpretatur
1101 2768 1308 2824 divisio.
1352 2768 1450 2823 Cui
1499 2741 1655 2838 pater
1688 2778 1976 2840 propterea

387 2853 497 2911 tale
520 2870 713 2910 nomen
742 2857 1019 2937 imposuit,
1043 2860 1184 2926 quod
1209 2867 1334 2914 tunc
1362 2867 1519 2915 natus
1539 2868 1624 2915 est
1644 2861 1858 2930 quando
1877 2877 1976 2930 per

384 2945 598 3018 linguas
645 2957 790 3003 terra
839 2950 1010 3005 divisa
1062 2960 1162 3006 est.
1207 2952 1435 3022 Propter
1475 2955 1780 3024 superbiam
1827 2957 1978 3019 enim

384 3038 618 3101 filiorum
645 3039 818 3094 Adam
838 3081 853 3105 ,
886 3057 1007 3110 qua:
1041 3058 1254 3113 semper
1279 3044 1498 3098 inimica
1526 3053 1612 3100 est
1641 3045 1973 3116 simplicitati

385 3137 552 3199 atque
576 3129 793 3195 unitati,
819 3131 1013 3186 divisio
1037 3132 1340 3202 linguarum
1363 3133 1506 3190 facta
1532 3143 1649 3198 est;
1672 3144 1726 3188 et
1752 3145 1975 3206 propter
2001 3169 2045 3230 Ο

384 3220 748 3275 humilitatem
777 3230 834 3275 et
871 3225 1336 3280 mansuetudinem
1373 3226 1576 3282 Christi
1610 3236 1668 3282 et
1703 3228 1973 3297 apostolo-

383 3324 503 3363 rum
534 3310 652 3378 cjus
679 3309 987 3382 linguarum
1016 3313 1302 3370 diversitas
1325 3321 1627 3374 eoadunata
1654 3326 1757 3373 est.

453 3398 847 3456 Melchisedech
895 3403 1282 3474 interpretatur
1319 3424 1411 3461 rex
1437 3408 1638 3477 justus.
1665 3411 1777 3465 Rex
1798 3451 1816 3476 ,
1843 3410 1970 3482 quia

380 3499 568 3560 postea
601 3491 884 3560 imperavit
918 3491 1132 3560 Salem;
1161 3495 1340 3565 justus
1369 3512 1468 3566 pro
1497 3512 1563 3552 eo
1597 3499 1740 3567 quod
1766 3500 1971 3555 discer-

384 3597 518 3636 nens
559 3594 898 3637 sacramcnta
940 3584 1097 3654 Legis
1125 3597 1180 3640 ct
1205 3588 1518 3658 Evangelii,
1560 3604 1665 3644 non
1704 3593 1968 3660 pecudum

382 3671 661 3736 victimas,
696 3673 790 3727 sed
817 3675 1142 3731 oblationem
1182 3679 1336 3747 panis
1363 3687 1416 3734 et
1462 3679 1644 3735 calicis
1673 3682 1726 3734 in
1758 3684 1967 3737 sacrifi-

381 3761 523 3815 cium
573 3764 786 3818 obtulit.
840 3764 940 3819 llic
984 3783 1114 3836 ergo
1171 3769 1224 3821 in
1268 3769 1541 3824 oblatione
1590 3787 1685 3825 sua
1743 3789 1966 3843 regnum

381 3848 586 3904 Christi
621 3852 704 3905 vel
743 3855 1105 3907 sacerdotium
1135 3856 1410 3923 figuravit,
1455 3859 1606 3927 cujus
1632 3863 1878 3931 corporis
1911 3875 1968 3919 et

381 3940 661 4009 sanguinis
689 3952 1111 4011 sacraruenlum,
1143 3945 1195 4000 id
1224 3957 1307 4001 est
1332 3947 1534 4004 oblatio
1559 3951 1715 4019 panis
1740 3966 1805 4005 ac
1833 3952 1964 4018 vini,

382 4033 434 4086 in
467 4042 578 4086 toto
601 4035 732 4088 orbe
761 4032 1002 4088 offertur.

380 4228 456 4284 De
494 4232 808 4300 patriarchis
847 4243 896 4286 et
926 4237 1126 4289 steteris
1165 4237 1396 4306 ejusdem
1441 4245 1609 4297 (etatis
1645 4244 1960 4300 hominibus.

451 4340 652 4394 Abram
695 4343 870 4411 primo
907 4353 1126 4400 vocatus
1156 4358 1304 4416 pater
1331 4351 1506 4405 videns
1537 4355 1809 4422 populum,
1839 4372 1966 4426 pro-

379 4440 499 4501 pter
546 4432 706 4486 Israel
755 4433 962 4488 scilicet
1011 4445 1248 4502 tantum,
1301 4449 1484 4508 postea
1535 4445 1834 4513 appellatus
1879 4456 1963 4502 est

2087 1909 2194 1964 duo
2217 1924 2338 1966 esse
2361 1919 2680 1968 testamenta
2706 1914 3016 1984 didicimus,
3041 1935 3107 1974 ex
3129 1923 3324 1991 quibus
3347 1925 3450 1980 duo
3470 1927 3670 1997 populi,

2085 1999 2188 2055 hoc
2213 2010 2318 2067 est,
2347 2001 2654 2057 Iudaeorum
2682 2014 2735 2059 et
2762 2007 3017 2063 Ecclesiae
3046 2014 3158 2065 nati
3185 2021 3328 2067 sunt.

2151 2090 2292 2147 Loth
2336 2093 2727 2164 interpretatur
2759 2097 3054 2153 declinans.
3101 2101 3284 2159 Factis
3313 2105 3455 2160 enim
3495 2104 3669 2165 Sodo-

2085 2198 2298 2238 morum
2327 2200 2433 2240 non
2475 2189 2779 2255 consensit,
2808 2190 2905 2246 sed
2936 2205 3122 2247 eorum
3163 2194 3349 2250 illicita
3380 2199 3558 2258 carnis
3583 2199 3668 2256 in-

2083 2274 2272 2328 cendia
2301 2275 2608 2332 declinavit.
2648 2279 2764 2348 ipse
2803 2281 2970 2350 igitur
2993 2283 3130 2339 Loth
3176 2285 3344 2343 frater
3371 2289 3667 2361 Abraham,

2079 2372 2135 2419 et
2153 2362 2331 2432 justus
2357 2377 2410 2422 et
2440 2369 2724 2439 hospitalis
2753 2372 2806 2427 in
2831 2371 3085 2433 Sodomis
3103 2418 3116 2440 ,
3143 2381 3233 2448 qni
3265 2395 3332 2435 ex
3359 2382 3451 2445 illo
3484 2384 3666 2440 incen-

2081 2454 2191 2517 dio,
2219 2457 2360 2523 quod
2387 2467 2506 2512 erat
2532 2459 2826 2517 similitudo
2848 2462 3013 2520 futuri
3031 2457 3238 2537 judicii,
3266 2474 3464 2528 meruit
3490 2475 3669 2533 salvus

2078 2546 2336 2611 evadere,
2379 2554 2560 2618 typum
2593 2551 2862 2620 ﬁgurabat
2893 2560 3138 2628 corporis
3164 2560 3398 2630 Christi,
3429 2567 3573 2635 quod
3610 2568 3664 2622 iu

2077 2636 2327 2691 omnibus
2351 2638 2557 2694 sanctis
2582 2648 2637 2694 et
2676 2658 2816 2700 nunc
2860 2645 3003 2702 inter
3038 2649 3249 2721 iniquos
3276 2663 3438 2725 atque
3473 2657 3666 2728 impios

2076 2726 2276 2796 gemit,
2309 2743 2536 2797 quorum
2581 2731 2738 2788 factis
2777 2752 2882 2791 non
2921 2744 3228 2810 consentit,
3269 2755 3324 2800 et
3363 2763 3394 2801 a
3434 2726 3661 2819 quorum

2075 2819 2427 2888 permistione
2465 2821 2518 2875 in
2550 2824 2728 2879 srcculi
2763 2825 2867 2882 fine
2902 2827 3240 2897 liberabitur,
3268 2835 3372 2892 illis
3396 2837 3664 2897 damnatis

2076 2910 2338 2982 supplicio
2364 2912 2503 2984 ignis
2531 2917 2738 2972 :cterui.

2149 3001 2296 3058 Uxor
2331 3012 2512 3059 autem
2559 3003 2696 3060 Loth
2731 3023 2918 3064 eorum
2974 3016 3149 3070 tenuit
3189 3025 3370 3090 typum
3394 3059 3410 3085 ,
3437 3022 3527 3092 qui
3563 3037 3662 3094 per

2073 3092 2302 3161 gratiam
2340 3093 2433 3148 Dei
2465 3096 2668 3161 vocati,
2703 3100 3040 3167 postmodum
3074 3115 3222 3160 retro
3251 3092 3579 3178 respiciunt,
3606 3120 3662 3169 et

2077 3182 2142 3236 ad
2171 3198 2234 3237 ea
2266 3199 2384 3253 qua:
2410 3185 2762 3254 reliquerant,
2787 3190 2966 3246 redire
2987 3196 3335 3252 contendunt.
3365 3198 3441 3254 De
3464 3202 3660 3271 quibus

2075 3273 2188 3343 ipse
2217 3273 2513 3331 Dominus:
2547 3275 2745 3343 Nemo,
2782 3280 2987 3351 inquit,
3025 3300 3220 3352 ponens
3254 3303 3467 3343 manum
3507 3307 3660 3346 suam

2071 3378 2230 3431 super
2256 3372 2519 3430 aratrum,
2549 3375 2597 3419 et
2621 3368 2898 3438 respiciens
2928 3381 3086 3438 retro,
3109 3385 3261 3446 aptus
3283 3387 3356 3431 est
3381 3395 3536 3450 regno
3562 3380 3660 3435 Dei

2072 3449 2226 3522 (Luc.
2246 3452 2343 3524 ut).
2368 3454 2776 3527 Conscquenter
2802 3459 2914 3529 ipse
2933 3460 3067 3532 legis
3090 3467 3322 3534 gestavit
3345 3449 3658 3541 personam,

2071 3543 2137 3597 de
2166 3560 2272 3612 qua
2301 3544 2635 3602 infidelitatis
2666 3565 2832 3620 opera
2861 3553 3104 3621 pariunt,
3134 3557 3223 3627 qui
3254 3559 3419 3615 etiam
3446 3561 3656 3621 carnali

2070 3632 2342 3688 intellectu
2375 3645 2620 3690 utuntur.

2139 3721 2290 3777 Filiae
2329 3724 2446 3794 ejus
2485 3725 2602 3781 dua:
2641 3726 2941 3785 Samariam
2978 3733 3285 3804 significant
3332 3738 3660 3800 Jerusalem-

2069 3829 2172 3882 que
2190 3856 2204 3880 ,
2231 3830 2351 3885 quae
2388 3815 2727 3875 fornicantur
2757 3823 2811 3877 in
2839 3824 2954 3894 lege
2979 3840 3076 3894 per
3105 3830 3430 3889 adulterium
3453 3837 3657 3896 illicita:

2069 3903 2345 3960 doctrinzc.

2139 3994 2295 4052 Moab
2329 3997 2715 4069 interpretatur
2743 4021 2808 4058 ea:
2829 4018 3002 4076 patre,
3033 4018 3088 4065 et
3115 4021 3282 4068 totum
3309 4031 3505 4073 nomen
3531 4027 3654 4091 ety-

2067 4085 2352 4157 mologiam
2401 4089 2582 4145 habet.
2634 4091 2891 4164 Concepit
2932 4099 3074 4153 enim
3116 4117 3238 4156 eum
3293 4085 3652 4179 primogenita

2067 4177 2174 4231 filia
2209 4178 2275 4233 de
2303 4189 2473 4250 patre.
2507 4181 2787 4253 Significat
2812 4198 2991 4244 autem
3023 4190 3178 4248 Moab
3204 4177 3521 4266 sapientiam
3549 4217 3653 4257 sm-

2066 4269 2300 4323 cuiarem
2321 4310 2335 4335 ,
2368 4272 2433 4327 de
2460 4288 2564 4344 qua
2606 4275 2863 4334 Dominus
2887 4280 3125 4350 loquitur
3149 4294 3248 4354 per
3271 4292 3588 4358 prophetam
3631 4313 3645 4349 :

2067 4355 2294 4412 Perdam
2333 4362 2642 4440 sapientiam
2682 4368 3031 4437 sapientium,
3074 4383 3122 4427 et
3156 4355 3486 4444 prudent—iam
3515 4399 3649 4452 pru-

2065 4450 2300 4504 dentium
2340 4449 2812 4534 reprobabo/(Isa.
2844 4463 3028 4534 χχιχ).
3081 4463 3211 4532 Qum
3245 4449 3524 4526 auctorem
3562 4476 3645 4529 sui

379 4522 673 4587 Abraham,
702 4525 842 4591 quod
871 4526 1216 4592 transfertur,
1238 4541 1385 4597 pater
1406 4510 1686 4586 prunarum
1707 4537 1959 4604 gentium,
1989 4510 2039 4570 D
2065 4552 2281 4593 sensum
2309 4540 2498 4606 habet,
2531 4510 2722 4612 qui’ex
2754 4548 2848 4604 Dei
2885 4510 3195 4610 conlditizne
3219 4568 3524 4628 generatur.
3555 4561 3648 4618 Vi-

377 4612 520 4680 quad
552 4622 671 4666 erat
699 4613 874 4667 adhuc
899 4629 997 4683 per
1026 4615 1183 4670 fidem
1216 4616 1474 4672 futurum.
1509 4619 1750 4676 Gentium
1784 4635 1961 4680 autem

382 4715 490 4753 non
523 4702 753 4756 habetur
782 4702 834 4756 in
867 4703 1100 4768 nomine,
1131 4706 1224 4760 sed
1253 4707 1574 4762 subauditur
1594 4710 1747 4778 juxta
1784 4713 1909 4767 illud
1946 4733 1959 4768 :

378 4786 497 4842 Erit
529 4806 715 4844 nomen
751 4801 898 4844 tuum
934 4795 1229 4860 Abraham,
1265 4799 1388 4867 quia
1427 4810 1626 4868 patrem
1674 4803 1963 4858 multarum

377 4881 607 4948 gentium
633 4883 784 4951 posui
814 4892 862 4935 te
890 4881 1054 4955 (Gen.
1089 4887 1252 4958 xvn).
1281 4891 1550 4945 Abraham
1581 4895 1669 4962 qui
1709 4910 1776 4964 pe
1803 4897 1964 4952 habet

376 4967 640 5036 triplicem
669 4971 1117 5040 significationem
1149 4977 1201 5030 in
1227 4980 1534 5049 semetipso.
1570 4981 1805 5039 Primam
1838 4984 1958 5039 Sal-

332 5099 341 5111 .
376 5058 601 5123 vatoris,
629 5061 847 5128 quando
876 5061 1062 5118 relicta
1088 5067 1406 5135 cognatione
1436 5086 1529 5124 sua
1556 5075 1703 5127 venit
1731 5075 1783 5128 in
1816 5076 1959 5131 hunc

377 5149 668 5216 mundum;
700 5150 926 5206 alteram
954 5152 1150 5220 Patris,
1173 5158 1387 5225 quando
1416 5159 1711 5216 immolavit
1741 5164 1956 5219 unicum

379 5235 602 5304 Filium;
625 5243 840 5296 tertiam
869 5259 997 5298 vero
1023 5245 1164 5313 quod
1198 5245 1420 5316 figuram
1448 5258 1622 5318 gestat
1647 5261 1956 5308 sanctorum

373 5328 471 5402 qui
498 5329 786 5384 adventrum
816 5332 1014 5388 Christi
1045 5351 1164 5390 cum
1203 5337 1396 5406 gaudio
1438 5350 1806 5409 susceperunt.
1850 5343 1954 5396 Ta-

375 5417 724 5475 bernaculum
755 5423 901 5476 enim
928 5423 1056 5478 illml
1087 5425 1318 5481 Abraha:
1343 5427 1512 5496 ipsam
1538 5427 1834 5484 Jerusalem
1862 5433 1957 5486 ha-

377 5511 523 5574 buit,
556 5513 645 5567 ubi
675 5528 773 5582 pro
804 5522 1045 5585 tempore
1075 5519 1352 5587 propheta:
1389 5527 1444 5575 et
1481 5521 1705 5589 apostoli
1739 5522 1954 5598 habita-

377 5613 589 5668 verunt,
618 5608 705 5660 ubi
736 5617 790 5661 et
823 5608 1078 5665 Dominus
1102 5613 1333 5680 primum
1357 5615 1648 5670 adveniens
1674 5631 1704 5669 a
1731 5619 1955 5674 creden-

378 5698 522 5757 tilms
551 5704 849 5764 susceptus,
879 5699 946 5762 ab
968 5701 1256 5756 imrcdulis
1286 5703 1337 5756 in
1366 5703 1508 5773 ligno
1533 5719 1825 5775 suspensus
1848 5719 1949 5761 est.

2061 4632 2216 4683 detur
2253 4632 2468 4700 quidem
2517 4637 2665 4691 nasci
2708 4638 2775 4694 de
2821 4649 3007 4710 patre,
3063 4649 3207 4716 quod
3259 4650 3648 4721 interpretatur

2062 4720 2254 4786 Moab;
2278 4724 2370 4778 sed
2394 4725 2518 4814 quia
2542 4727 2752 4784 adulter
2774 4744 2857 4787 est
2881 4743 2936 4790 et
2958 4737 3299 4796 adversarius
3319 4720 3498 4814 populi
3520 4746 3640 4814 Dei,

2061 4812 2126 4866 de
2154 4812 2356 4867 incestu
2387 4805 2442 4869 et
2471 4817 2721 4886 spelunca
2751 4836 2815 4876 ac
2843 4833 2999 4880 nocte
3027 4805 3335 4896 generatur:

2131 4901 2382 4969 Ammon,
2419 4906 2572 4977 cujus
2603 4923 2762 4965 causa
2793 4927 3002 4969 nomen!
3028 4918 3269 4974 redditur
3291 4920 3434 4989 ﬁlius
3459 4924 3643 4994 populi

2062 4994 2193 5058 mei,
2227 4994 2306 5050 sic
2331 4995 2639 5066 derivatur,
2667 5010 2727 5056 ut
2761 5018 2825 5058 ex
2856 5014 3009 5074 patre
3045 5008 3157 5076 ipse
3183 5011 3253 5064 sit
3279 5025 3476 5067 sermo.
3511 5015 3641 5069 Am-

2062 5098 2185 5137 mon
2216 5086 2358 5140 enim
2395 5102 2424 5139 a
2452 5103 2558 5156 quo
2586 5089 2709 5145 dicti
2743 5103 2868 5147 sunt
2903 5094 3253 5162 Ammonitm,
3291 5111 3512 5156 vocatur
3537 5121 3637 5172 po-

2060 5172 2214 5240 pulus
2249 5190 2412 5228 meus.
2446 5175 2735 5234 Possumus
2767 5180 2921 5249 juxta
2968 5185 3315 5255 tropologiam
3347 5188 3482 5244 filios
3507 5189 3636 5244 Am-

2061 5277 2185 5315 mon
2228 5263 2524 5335 intelligere
2548 5307 2561 5332 ,
2597 5269 2687 5336 qui
2729 5270 2793 5323 de
2836 5270 2972 5325 Loth
3017 5273 3068 5326 in
3107 5275 3356 5344 spelunca
3394 5277 3634 5347 generati

2061 5359 2184 5404 sunt
2214 5354 2434 5416 semine,
2465 5362 2519 5408 et
2543 5358 2779 5424 generati
2810 5359 2863 5412 in
2890 5360 3149 5416 ebrietate
3176 5371 3231 5416 et
3258 5364 3490 5430 incestu,
3517 5381 3634 5421 om-

2059 5455 2155 5493 nes
2181 5439 2497 5495 hacn-ticos:
2529 5443 2595 5496 de
2621 5445 2816 5512 quibus
2835 5447 2965 5502 dicit
2990 5458 3044 5503 et
3064 5450 3334 5519 apostolus
3356 5449 3632 5512 Joannes:

2059 5528 2143 5582 Ea:
2169 5529 2314 5581 nobis
2337 5531 2591 5596 exierunt,
2623 5534 2711 5586 sed
2747 5551 2848 5588 non
2878 5537 3086 5605 [uerunt
3116 5554 3179 5591 ea:
3211 5541 3376 5594 nobis.
3403 5540 3464 5595 Si
3491 5543 3636 5618 enim.

2056 5619 2273 5687 fuissent
2311 5635 2375 5673 ex
2411 5621 2588 5686 nobis,
2623 5625 3022 5690 permansissent
3055 5629 3228 5697 utique
3265 5630 3526 5682 nobiscum
3566 5629 3627 5700 (1

2058 5708 2214 5760 Joan.
2264 5707 2343 5778 ll).
2394 5708 2483 5764 Isti
2525 5709 2576 5762 in
2620 5711 2964 5766 declinatione
3008 5717 3109 5770 orti
3152 5727 3270 5771 sunt
3303 5733 3316 5771 :
3345 5718 3443 5773 hoc
3481 5719 3628 5773 enim
