3896 6334
218 355 281 409 5-,-
1198 354 1283 408 DE
1327 351 1676 408 UNIVERSO
1717 352 1896 406 unm
1939 352 2097 407 xxn.
2138 384 2205 393 —
2243 354 2372 409 LIB.
2413 354 2470 408 ιι.
3385 364 3454 417 58

217 474 343 529 Loth
369 472 422 526 in
448 469 686 539 linguam
710 476 945 523 nostram
971 476 1201 522 vertitur
1229 485 1241 520 :
1278 468 1400 536 quia
1426 484 1601 521 omnes
1624 468 1782 521 simul
1811 473 1857 530 Α
1957 467 2093 521 Esau
2132 477 2310 522 autem
2340 470 2625 523 trinomius
2649 478 2730 524 est
2754 510 2768 534 ,
2823 480 2875 525 et
2911 487 2973 526 ex
3008 489 3236 542 propriis
3275 480 3454 538 causis

217 560 413 616 inutiles
442 559 569 626 [acti
600 566 721 611 sunt
753 571 770 608 :
800 574 903 611 non
926 568 997 611 est
1027 558 1115 627 qui
1146 556 1305 625 faciat
1334 556 1543 622 bonum,
1574 574 1677 611 non
1702 566 1776 611 est

215 666 366 721 usque
389 648 459 701 ad
488 663 650 701 unum
677 645 848 716 (Psal.
880 646 1019 717 xm).

280 738 429 794 Sarai
478 738 863 807 interpretatur
905 739 1138 806 princeps
1192 752 1322 798 mea,
1352 750 1416 787 eo
1453 734 1591 804 quod
1637 741 1780 787 esset

214 828 360 884 unius
410 827 777 881 tantummodo
837 825 1027 878 domus
1094 822 1518 878 materfamilias.
1587 824 1777 877 Postea

215 933 363 973 causa
392 917 627 972 nominis
668 915 971 979 immutati,
1029 913 1207 967 ablata
1242 914 1259 965 i
1301 913 1477 968 littera
1507 954 1521 978 ,
1581 913 1779 967 dicitur

216 1006 360 1072 Sara,
389 1007 443 1061 id
479 1013 563 1061 est
612 1006 867 1075 princeps.
907 1002 1159 1059 Omnium
1192 1003 1388 1074 quippe
1431 1004 1666 1073 gentium
1697 1003 1779 1056 fu-

213 1106 320 1149 tura
372 1096 622 1165 princeps
650 1101 787 1156 erat,
816 1093 959 1147 sicut
999 1102 1053 1147 et
1082 1092 1339 1148 Dominus
1367 1093 1637 1164 pollicitus
1666 1092 1780 1146 ιυρ-

212 1196 289 1241 rat
314 1186 378 1240 ad
398 1184 672 1240 Abraham
706 1203 718 1237 :
751 1185 898 1238 Dabo
923 1185 1014 1238 tibi
1057 1200 1121 1238 ea:
1149 1181 1284 1238 Sara
1331 1182 1520 1251 ﬁlium,
1552 1192 1599 1237 et
1625 1183 1777 1237 bene-

211 1279 370 1331 dicam
406 1278 476 1342 ei,
503 1286 553 1330 et
579 1277 677 1329 erit
702 1277 757 1329 in
778 1285 977 1345 gentem
1005 1290 1248 1344 magnam
1266 1314 1282 1339 ,
1328 1274 1416 1328 sed
1446 1282 1495 1327 et
1520 1289 1660 1344 reges
1685 1290 1777 1343 po-

209 1366 437 1436 pulorum
460 1374 613 1419 erunt
637 1381 703 1419 ea:
728 1381 786 1419 eo
815 1361 963 1435 (Gen.
996 1364 1151 1433 xm).

270 1459 409 1528 Agar
434 1459 822 1527 interpretatur
861 1456 1059 1509 advena
1088 1455 1169 1510 vel
1193 1471 1457 1509 conversa.
1484 1455 1608 1509 Fuit
1633 1457 1776 1509 enim

210 1546 445 1617 Egyptia
472 1545 776 1615 complexui
801 1545 1030 1599 Abraha:
1055 1546 1281 1610 advena,
1305 1560 1465 1600 causa
1488 1546 1776 1616 generandi

210 1638 353 1700 data;
389 1651 514 1705 qua:
559 1643 682 1705 post
737 1643 1098 1703 contemptum
1126 1674 1140 1698 ,
1203 1634 1393 1704 angelo
1444 1635 1771 1703 increpante,

209 1746 455 1787 conversa
496 1739 583 1785 est
624 1730 692 1785 ad
751 1730 960 1784 Saram.
1015 1729 1221 1784 Uxores
1261 1736 1439 1782 autem
1480 1728 1770 1792 Abraham,

1880 558 2027 612 varie
2056 568 2414 628 nuncupatur.
2443 559 2647 613 Dicitur
2675 561 2815 613 enim
2856 561 3023 624 Esau,
3052 563 3102 615 i.l
3145 572 3228 617 est
3277 566 3448 634 rufus,

1878 648 1947 701 ob
1976 648 2274 702 coctionem
2303 649 2505 702 scilicet
2552 649 2683 704 rufa:
2713 650 2870 705 lentis
2907 652 2977 705 ita
3006 653 3320 721 appellatus,
3357 671 3450 710 cu-

1872 739 1961 809 jus
2015 740 2205 815 edulio\
2246 740 2596 808 primogenita
2646 742 2895 810 perdidit.
2952 743 3116 797 Edoni
3165 754 3346 801 autem
3382 745 3455 802 ob

1879 830 2126 882 ruborem
2153 829 2395 897 corporis
2420 829 2596 882 dictus
2627 838 2727 895 est,
2758 832 2896 899 quod
2924 830 3111 886 Latine
3136 834 3452 903 sanguineus

1878 919 2091 971 dicitur.
2152 917 2268 972 Seir
2313 933 2436 972 vero
2467 920 2608 987 quod
2652 921 2815 973 fuerit
2860 923 3097 990 hispidus
3128 932 3182 977 et
3233 926 3450 993 pilosus.

1879 1006 2101 1074 Quando
2137 1008 2281 1062 enim
2310 1018 2467 1063 natus
2507 1017 2619 1075 est,
2674 1018 2816 1064 totus
2861 1012 3002 1065 sicut
3046 1012 3198 1081 pellis
3251 1014 3455 1083 pilosus

1879 1104 2025 1160 erat;
2058 1104 2218 1165 atque
2240 1096 2358 1151 ideo
2382 1098 2552 1152 tribus
2584 1099 2889 1153 nominibus
2918 1100 3249 1169 appellatur:
3281 1100 3447 1169 Esau,

1880 1187 1932 1241 id
1968 1195 2049 1241 est
2075 1188 2258 1256 rufus;
2292 1189 2477 1253 Edoni,
2512 1191 2563 1243 id
2584 1199 2671 1244 est
2702 1192 3065 1260 sanguineus;
3090 1190 3243 1257 Seir,
3293 1193 3347 1247 id
3371 1202 3456 1248 est

1875 1273 2094 1344 pilosus,
2122 1277 2243 1343 quia
2278 1290 2380 1329 non
2407 1278 2591 1331 habuit
2616 1278 2908 1333 lenitatem.
2939 1279 3035 1334 llic
3062 1281 3327 1350 significat
3350 1298 3447 1353 po-

1876 1365 2059 1432 pulum
2091 1365 2394 1421 Judmorum
2453 1368 2506 1421 in
2536 1368 2807 1423 Christum
2849 1380 2904 1424 et
2959 1373 3245 1442 prophetas
3288 1374 3451 1443 impia

1876 1457 2245 1525 persecutione
2264 1458 2615 1527 sanguineum
2630 1466 2683 1514 et
2698 1458 2871 1513 rufum
2890 1462 3201 1529 etpilosum,
3225 1464 3456 1533 tegmine

1877 1556 2220 1615 peccatorum
2261 1548 2593 1602 horribilem.

1946 1636 2111 1693 Jacob
2152 1647 2346 1701 autem,
2385 1639 2475 1709 qui
2522 1641 2905 1709 interpretatur
2930 1639 3308 1711 supplantator,
3340 1642 3454 1699 sive

1875 1729 2017 1797 quod
2054 1730 2107 1783 in
2133 1736 2255 1783 ortu
2310 1729 2586 1797 plantatur
2615 1728 2895 1801 [plantam]
2946 1733 3219 1787 nascentis
3266 1732 3454 1788 fratris

209 1821 349 1876 Sarai
374 1829 430 1876 et
457 1821 628 1891 Agar,
655 1820 946 1875 secundum
968 1818 1311 1889 Apostoltnn,
1368 1820 1593 1873 duorum
1622 1828 1779 1873 testa-
1807 1812 1853 1870 Β
1882 1818 2314 1888 apprehenderit,
2347 1819 2461 1873 sive
2482 1820 2623 1888 quod
2665 1829 2852 1889 postea
2883 1820 3103 1875 fratrem
3135 1830 3251 1876 arte
3294 1812 3455 1878 dece-

209 1918 522 1974 tnentorum,
560 1916 622 1964 ut
658 1924 819 1979 supra
850 1909 1098 1969 diximus,
1123 1916 1335 1978 gestant
1368 1910 1611 1978 figuram.
1636 1908 1775 1975 Qua-

208 2015 312 2053 rum
336 2015 461 2064 una,
491 2001 596 2054 hoc
623 2006 706 2053 est
739 1998 892 2052 Sarai
922 1998 1421 2062 libera,Ecclesiam
1444 1999 1769 2068 significans,

209 2090 377 2158 genuit
403 2088 665 2158 populum
696 2088 1085 2151 Christianum,
1109 2087 1197 2156 qui
1230 2088 1523 2142 secundum
1551 2104 1774 2143 carnem

216 2192 302 2233 son
326 2185 427 2243 est,
456 2178 553 2232 sed
590 2178 644 2231 in
673 2176 973 2231 libertatem
997 2188 1219 2231 vocatus
1242 2186 1324 2230 est
1350 2194 1361 2229 :
1401 2193 1503 2246 qua
1529 2177 1777 2233 libertate

142 2336 147 2341 ί
210 2266 439 2321 liberavit
494 2282 625 2321 eum
655 2265 921 2321 Christus.
961 2267 1142 2322 Altera
1186 2276 1386 2333 autem,
1415 2268 1515 2322 hoc
1539 2268 1777 2338 estAgar

140 2342 141 2345 η
210 2356 381 2411 ancilla
436 2365 619 2410 mater
658 2355 942 2419 lsmaclis,
1001 2357 1091 2426 qui
1149 2357 1536 2425 interpretatur
1575 2358 1774 2411 auditio

211 2446 313 2512 Dei,
336 2447 677 2519 Synagogam
704 2447 983 2516 exprimit,
1016 2462 1133 2516 qua:
1178 2448 1428 2516 populum
1468 2446 1776 2503 Judmorum

210 2537 256 2591 in
286 2539 602 2593 servitutem
629 2552 891 2608 generans
924 2553 1028 2591 non
1065 2538 1264 2591 meruit
1289 2538 1655 2592 hmreditatem
1689 2553 1777 2593 ac-

210 2627 372 2694 cipere
398 2642 525 2682 cum
557 2627 669 2682 filio
694 2628 909 2690 liberm,
955 2627 1048 2682 sed
1078 2628 1348 2697 projectus
1376 2643 1497 2681 cum
1528 2636 1697 2683 matre
1722 2629 1776 2684 in

212 2715 406 2770 deserto
438 2717 600 2771 istius
630 2716 810 2771 saeculi
838 2717 1073 2771 oberrat.

271 2826 410 2882 Isaac
436 2843 506 2881 ex
542 2827 657 2881 risu
690 2842 881 2881 nomen
926 2828 1152 2896 accepit.
1182 2828 1395 2881 Riscrat
1440 2827 1581 2880 enim
1622 2834 1779 2896 pater

212 2916 406 2983 quando
439 2917 496 2969 ei
523 2916 828 2985 promissus
852 2926 952 2979 est,
986 2917 1257 2971 admirans
1301 2918 1353 2971 in
1389 2918 1604 2987 gaudio.
1640 2917 1778 2973 Risit

210 3015 257 3057 ct
284 3016 469 3069 mater,
489 3008 749 3074 quoniam
773 3023 869 3077 per
898 3008 1015 3062 illos
1045 3017 1155 3062 tres
1180 3009 1326 3063 viros
1346 3011 1644 3078 promissus
1666 3019 1773 3074 est,

210 3094 443 3148 dabimus
497 3096 794 3165 ingaudio.
845 3096 923 3150 Ex
960 3099 1060 3152 hac
1088 3113 1215 3168 ergo
1259 3113 1420 3153 causa
1453 3114 1646 3153 nomen
1692 3115 1779 3154 ac-

208 3185 352 3252 cepit.
388 3185 545 3240 lsaac
593 3187 736 3240 enim
794 3188 1177 3257 interpretatur
1217 3190 1371 3242 risus.
1402 3188 1531 3255 Quis
1561 3206 1688 3259 ergo
1719 3190 1772 3243 in

211 3276 481 3339 Abraham,
520 3286 583 3330 ut
616 3276 928 3346 praedictum
959 3286 1060 3343 est,
1093 3293 1191 3346 per
1227 3278 1645 3336 immolationem
1682 3278 1775 3333 filii

207 3368 279 3420 sui
305 3366 671 3437 figurabatur,
714 3367 814 3420 nisi
840 3366 1001 3421 Pater
1039 3368 1321 3422 excelsus?
1352 3368 1482 3434 Quis
1511 3368 1564 3421 in
1604 3368 1773 3433 lsaEtc,

209 3454 301 3507 nisi
328 3454 621 3509 Christus?
654 3453 788 3508 Nam
818 3456 956 3509 sicut
980 3456 1253 3510 Abraham
1282 3457 1496 3510 unicum
1529 3454 1694 3509 filium
1721 3465 1776 3511 et

204 3543 443 3599 dilectum
478 3546 595 3599 Deo
621 3546 891 3600 victimam
911 3546 1124 3611 obtulit,
1155 3547 1226 3600 ita
1251 3547 1507 3601 Dominus
1536 3548 1779 3617 unigeni-

208 3640 311 3684 tum
334 3648 488 3686 sunm
519 3648 625 3702 pro
655 3632 809 3687 nobis
829 3634 1078 3687 omnibus
1104 3634 1354 3697 tradidit;
1388 3642 1443 3688 et
1471 3634 1607 3688 sicut
1628 3634 1777 3690 lsaac

205 3721 311 3791 ipse
338 3725 441 3778 sibi
473 3725 623 3795 ligna
649 3726 901 3794 portavit,
940 3725 1134 3795 quibus
1167 3733 1286 3779 erat
1312 3726 1776 3795 imponendus,ita

205 3824 254 3865 et
278 3813 524 3869 Christus
574 3815 632 3868 in
664 3815 905 3869 humeris
954 3814 1156 3884 lignum
1186 3816 1363 3869 crucis
1403 3830 1547 3879 suae,
1585 3816 1637 3869 in
1672 3832 1778 3885 quo

203 3909 311 3955 erat
334 3904 755 3975 crucifigendus.
784 3904 897 3957 Duo
938 3912 1116 3956 autem
1172 3904 1312 3958 servi
1344 3903 1417 3957 illi
1446 3904 1688 3969 dimissi,
1726 3911 1779 3958 et

206 4006 299 4046 non
340 3994 591 4062 perducti
637 3994 704 4048 ad
733 3992 907 4047 locum
943 3992 1217 4058 sacrificii,
1247 3992 1459 4049 Iudaeos
1510 3994 1779 4064 significa-

206 4080 343 4149 bant,
372 4084 462 4153 qui
486 4099 623 4139 cum
653 4084 920 4137 serviliter
956 4084 1201 4137 viverent
1228 4090 1282 4136 et
1303 4082 1589 4136 carnaliter
1618 4098 1773 4152 sape-

208 4183 336 4238 rent,
368 4191 476 4229 non
520 4174 895 4245 intelligebaut
942 4175 1298 4229 humilitatem
1348 4175 1432 4229 vel
1472 4174 1776 4244 passionem

206 4262 415 4319 Christi.
446 4266 579 4321 ideo
609 4265 734 4333 quia
765 4281 871 4320 non
901 4265 1268 4335 intelligebant
1290 4266 1591 4334 passionem
1623 4265 1777 4319 Chri-

205 4354 290 4413 sti.
313 4370 417 4409 non
464 4363 839 4425 pervenerunt
883 4354 951 4408 ad
978 4354 1154 4408 locum
1187 4354 1471 4419 sacrificii;
1501 4354 1595 4408 sed
1624 4353 1775 4417 illud,

1874 1911 2030 1979 peril.
2060 1910 2211 1965 Unde
2236 1918 2289 1964 et
2317 1910 2459 1965 Esau
2510 1911 2645 1964 dixit
2674 1928 2686 1964 :
2724 1910 2875 1964 Juste
2902 1921 3135 1964 vocatum
3166 1920 3240 1964 est
3267 1928 3453 1984 nomen

1873 1998 1985 2067 ejus
2039 1998 2246 2052 Jacob:
2288 1997 2637 2068 supplantavit
2683 2000 2819 2053 enim
2891 2016 2969 2052 me
3027 2001 3081 2053 in
3130 1998 3297 2053 altera
3349 2001 3454 2054 rice

1876 2086 2028 2159 (Gen.
2086 2087 2275 2158 nvn).
2308 2088 2413 2142 lste
2450 2087 2662 2156 quidem
2714 2087 2875 2141 lsrael
2905 2128 2918 2151 ,
2970 2089 3048 2140 vir
3086 2089 3261 2141 uidens
3288 2089 3458 2142 Deum

1875 2177 2090 2232 dicitur.
2118 2177 2268 2231 Tunc
2307 2177 2451 2231 enim
2482 2178 2584 2231 hoc
2613 2192 2809 2231 nomen
2839 2178 3067 2246 accepit,
3100 2178 3311 2247 quando
3342 2188 3452 2233 tota

1875 2274 2031 2321 nocte
2055 2266 2284 2320 luctatus
2312 2267 2440 2319 vicit
2467 2266 2519 2319 in
2540 2266 2839 2320 certamine
2861 2266 3127 2337 angelum,
3160 2276 3212 2321 et
3241 2267 3451 2321 oriente

1874 2353 2099 2409 lucifero
2144 2346 2455 2409 benecﬁctus
2493 2363 2593 2408 est.
2642 2353 2767 2407 Inde
2815 2364 3034 2423 propter
3064 2356 3319 2410 visionem
3352 2356 3452 2410 Dei

1875 2442 2045 2497 Israel
2090 2444 2385 2513 appellatus
2428 2452 2530 2507 est,
2559 2443 2698 2497 sicut
2746 2451 2802 2497 et
2831 2443 2945 2513 ipse
2970 2445 3077 2498 ait:
3132 2444 3249 2497 Vidi
3281 2445 3457 2499 Domi-

1876 2551 2021 2600 num,
2051 2544 2098 2588 et
2132 2534 2275 2589 salva
2310 2535 2450 2603 facta
2478 2544 2555 2589 est
2600 2535 2777 2588 anima
2809 2550 2921 2588 mea
2946 2531 3101 2605 (Gen.
3130 2532 3325 2601 xxxn).
3358 2533 3458 2589 Hic

1876 2634 2054 2678 autem
2090 2623 2362 2679 Christum
2393 2623 2746 2687 demonstrat,
2774 2624 2884 2677 sive
2910 2623 3160 2693 populum
3193 2625 3454 2692 gentium,

1876 2717 1964 2785 qui
1998 2715 2091 2771 Dei
2116 2715 2296 2769 Patris
2333 2715 2704 2769 benedictione
2750 2714 3005 2784 prmlatus
3043 2723 3127 2769 est
3170 2715 3335 2784 priori
3359 2730 3457 2785 po-

1875 2804 2001 2874 pulo
2028 2803 2353 2859 Judaaorum.
2407 2804 2495 2857 isti
2528 2814 2707 2858 autem
2740 2804 2844 2857 duo
2896 2802 2989 2856 ﬁlii
3034 2803 3288 2858 Rebeccae
3317 2804 3453 2859 duos

1875 2893 2118 2963 populos,
2163 2901 2223 2947 ut
2261 2894 2512 2956 diximus,
2566 2893 2889 2964 significant,
2924 2894 3213 2965 Synagogai
3258 2903 3313 2949 et
3358 2894 3454 2949 Ec-

1878 2983 2073 3037 clesim.
2101 2983 2165 3037 Et
2189 2984 2457 3052 quomodo
2479 2984 2705 3052 populus
2731 2983 3035 3038 Judmorum
3066 2970 3303 3054 tempore
3336 3000 3453 3038 ma-

1874 3076 1961 3145 jor
1988 3077 2153 3130 servit
2171 3077 2364 3131 minori
2395 3076 2588 3145 popqu
2612 3076 3038 3131 Christianorum
3063 3117 3081 3143 ,
3129 3078 3209 3132 sic
3234 3078 3450 3148 quidem

1876 3165 2011 3219 etin
2042 3164 2262 3235 singulis
2294 3165 2448 3218 nobis
2487 3165 2591 3219 dici
2640 3174 2814 3234 potest
2841 3166 2981 3235 quod
3022 3167 3138 3221 dine
3162 3176 3352 3237 gentes
3401 3177 3459 3223 et

1878 3255 1985 3309 duo
2014 3254 2193 3323 populi
2241 3256 2381 3308 intra
2410 3271 2507 3309 nos
2551 3255 2695 3319 sint,
2746 3254 2997 3309 vitiorum
3040 3256 3243 3310 scilicet
3293 3267 3455 3326 atque

1880 3345 2156 3398 virtutum.
2200 3344 2305 3398 Sed
2345 3345 2448 3400 iste
2494 3346 2670 3398 minor
2695 3353 2778 3399 est
2804 3384 2817 3408 ,
2872 3346 2959 3400 ille
3010 3347 3197 3415 major.
3230 3346 3458 3417 Semper

1877 3434 2023 3488 enim
2053 3434 2232 3503 plures
2258 3444 2382 3488 sunt
2426 3434 2546 3488 mali
2590 3450 2751 3504 quam
2791 3434 2938 3499 boni,
2966 3444 3021 3489 ct
3044 3436 3170 3490 vitia
3200 3452 3453 3495 numero—-

1879 3527 2021 3580 siora
2053 3536 2175 3579 sunt
2210 3527 2529 3591 virtutibus;
2566 3527 2659 3581 sed
2705 3535 2880 3580 tamen
2910 3536 2964 3581 et
2988 3527 3040 3581 in
3073 3527 3225 3582 nobis
3277 3528 3453 3597 gratia

1876 3616 1972 3670 Dei
1994 3616 2217 3686 p0pulus
2247 3615 2497 3685 populum
2543 3623 2795 3684 superat,
2838 3627 2893 3669 et
2944 3614 3114 3682 major
3139 3616 3304 3669 servit
3352 3617 3454 3669 mi-

1880 3712 2016 3765 nori.
2051 3710 2229 3765 Servit
2275 3710 2471 3764 etenim
2502 3724 2625 3762 caro
2656 3708 2887 3777 spiritui,
2911 3716 2966 3761 et
3008 3708 3133 3763 vitia
3164 3708 3454 3763 virtutibus

1880 3805 2093 3859 cedunt.
2122 3802 2268 3856 Isaac
2296 3814 2422 3870 ergo
2450 3809 2626 3868 portat
2662 3798 2945 3867 imaginem
2989 3797 3081 3851 Dei
3115 3797 3313 3859 Patris,
3345 3797 3449 3851 Re-

1880 3896 2042 3949 becca
2071 3893 2301 3961 Spiritus
2324 3892 2517 3949 sancti.
2544 3890 2683 3944 Esau
2715 3888 2891 3959 populi
2920 3888 3114 3957 prioris
3146 3894 3200 3941 et
3231 3886 3451 3951 diaboli,

1878 3982 2043 4036 Jacob
2082 3980 2334 4035 Ecclesiae
2361 3989 2415 4033 et
2466 3978 2687 4033 Christi.
2731 3976 2986 4032 Senuisse
3017 3976 3167 4031 Isaac
3206 3990 3459 4031 consum-

1879 4072 2169 4126 mationetn
2194 4070 2341 4123 orbis
2366 4068 2632 4131 ostendit;
2674 4068 2811 4121 oculi
2861 4068 3003 4121 illius
3023 4066 3364 4135 caliginasse,
3393 4064 3457 4119 ﬁ-

1880 4161 2000 4214 dem
2030 4159 2233 4229 perisse
2266 4160 2330 4211 de
2359 4157 2575 4219 mundo,
2610 4166 2663 4212 et
2690 4157 2963 4226 religionis
2986 4157 3160 4210 lumen
3187 4165 3311 4209 ante
3330 4170 3455 4210 eum

1880 4249 2178 4319 neglectum
2210 4262 2327 4303 esse
2362 4248 2646 4315 significat.
2703 4245 2853 4312 Quod
2913 4246 3052 4300 filius
3091 4245 3265 4315 major
3299 4262 3457 4301 voca-

1880 4348 1997 4403 tur,
2037 4338 2333 4406 acceptatio
2366 4336 2499 4406 legis
2523 4344 2607 4389 est
2628 4333 2950 4389 ιΙιιᾱςιξοιίιιιι.
2982 4334 3131 4401 Quod
3162 4350 3315 4389 escas
3338 4333 3455 4400 ejus

205 4446 333 4512 Quod
376 4446 675 4513 figuratum
726 4454 810 4499 est
847 4446 900 4498 in
956 4444 1103 4499 lsaac
1129 4484 1143 4508 ,
1204 4454 1557 4514 transgestum
1596 4454 1679 4499 est
1709 4445 1775 4498 ad

1884 4440 2041 4497 atque
2072 4438 2350 4497 capturam
2374 4428 2543 4498 diligit
2568 4435 2740 4497 pater,
2766 4428 3012 4481 homines
3039 4435 3161 4481 sunt
3183 4428 3247 4481 ab
3270 4442 3456 4481 errore

206 4535 438 4598 arietem,
470 4538 607 4606 quia
636 4535 883 4590 Christus
910 4535 1045 4589 ovis.
1103 4535 1221 4604 ipse
1274 4535 1417 4589 enim
1468 4534 1627 4600 filius,
1660 4534 1776 4604 ipse

208 4625 356 4690 aries,
380 4641 557 4695 agnus
585 4642 600 4677 :
645 4624 804 4689 filius,
834 4625 960 4693 quia
1013 4632 1203 4689 natus;
1236 4621 1406 4687 aries,
1422 4624 1547 4693 quia
1586 4624 1777 4677 immo-

207 4713 350 4771 latus.
382 4717 492 4772 Sed
523 4716 660 4787 quid
684 4724 765 4769 est
796 4715 939 4785 quod
976 4716 1228 4785 vepribus
1255 4716 1490 4769 haerebat
1519 4716 1657 4770 aries
1690 4715 1777 4771 illa

208 4809 467 4874 cornibus,
484 4808 598 4863 nisi
632 4808 773 4876 quod
798 4806 1047 4860 Christus
1068 4821 1097 4858 a
1123 4804 1322 4859 Judaeis
1351 4804 1517 4874 spinis
1563 4812 1647 4858 est
1688 4820 1779 4858 co-

210 4909 436 4963 ronatus,
458 4908 515 4953 et
565 4898 638 4952 ad
679 4904 981 4951 extremum
1033 4896 1086 4949 in
1118 4895 1265 4964 ligno
1294 4896 1470 4949 crucis
1498 4904 1580 4948 est
1605 4894 1774 4947 confi-

209 4987 333 5040 xus?
365 4987 441 5042 De
466 5000 582 5057 quo
615 4985 873 5053 scriptum
900 4992 1016 5039 est:
1054 4982 1265 5037 Cornua
1311 4994 1428 5037 sunt
1459 4985 1513 5037 in
1541 4983 1776 5037 manibus

210 5074 311 5142 ejus
339 5075 504 5144 (Hab.
557 5074 668 5144 ιιι).
700 5072 836 5127 Huic
870 5088 967 5142 per
1010 5087 1225 5127 servum
1270 5073 1501 5127 Abrahae
1555 5073 1780 5141 despon-

209 5172 311 5216 sata
335 5173 419 5218 est
455 5164 731 5228 Rebecca,
760 5177 880 5232 qua:
906 5163 1307 5230 interpretatur,
1348 5161 1597 5231 patientia
1620 5201 1634 5222 ,
1667 5162 1778 5214 sive

208 5268 317 5321 qua:
367 5252 597 5307 multum
652 5254 945 5321 acceperit:
998 5252 1121 5320 quia
1176 5266 1273 5319 per
1316 5252 1545 5319 priscam
1585 5250 1777 5318 legem,

211 5355 359 5408 quam
391 5342 507 5413 ipse
541 5356 738 5396 servus
774 5341 1019 5411 designat
1048 5380 1062 5405 ,
1119 5340 1499 5409 prophetarum
1545 5340 1778 5395 oraculis

213 5431 426 5487 Domino
466 5440 659 5489 nostro
681 5429 809 5485 Jesu
846 5430 1061 5485 Christo
1088 5446 1282 5500 sponsa
1314 5431 1550 5485 Ecclesia
1580 5446 1778 5499 pracpa-

213 5530 316 5574 rata
347 5531 447 5585 est,
477 5539 605 5591 quae
630 5522 903 5590 copiosam
935 5518 1167 5587 Spiritus
1218 5521 1385 5574 sancti
1432 5522 1659 5589 gratiam
1694 5535 1778 5573 ac-

212 5611 426 5679 cipiens,
457 5614 731 5682 patienter
757 5610 1019 5679 promissa
1065 5608 1256 5663 futura:
1291 5610 1544 5664 Ecclesia:
1584 5624 1774 5677 exspe-

212 5713 328 5757 ctat.
359 5703 527 5773 llujus
552 5704 645 5757 filii
678 5702 896 5756 fuerunt
921 5701 1057 5755 Esau
1088 5711 1141 5756 et
1175 5701 1356 5757 Iacob.

1879 4522 2091 4585 salvati,
2121 4537 2256 4590 quos
2284 4536 2380 4590 per
2411 4521 2711 4575 doctrinam
2740 4526 2919 4586 justus
2945 4519 3169 4586 quisque
3206 4526 3449 4571 venatur.

1879 4612 2028 4678 Quod
2054 4612 2202 4666 Isaac
2232 4612 2296 4665 de
2332 4611 2550 4678 majoris
2583 4610 2672 4665 lilii
2718 4611 2800 4665 sui
2844 4611 3123 4663 venatione
3156 4611 3295 4664 vesci
3326 4625 3454 4664 con-

1880 4703 2136 4772 cupiscit,
2188 4702 2452 4772 significat
2498 4703 2639 4771 quod
2686 4702 3028 4771 omnipotens
3078 4703 3215 4756 Deus
3248 4701 3454 4757 Judaici

1878 4793 2057 4863 populi
2108 4794 2247 4847 bona
2281 4792 2590 4860 operatione
2643 4791 2791 4861 pasci
2830 4791 3174 4845 desideravit.
3234 4790 3337 4843 Sed
3365 4790 3457 4847 illo

1884 4886 2126 4938 tardante
2156 4884 2415 4937 minorem
2447 4883 2688 4937 Rebecca
2716 4882 3012 4950 supposuit,
3046 4882 3171 4948 quia
3208 4880 3331 4934 dum
3363 4878 3459 4933 Ju-

1884 4975 2065 5029 daicus
2093 4974 2316 5042 populus
2358 4974 2495 5026 bona
2539 4986 2699 5040 opera
2757 4970 2887 5025 loris
2916 4971 3109 5039 quatrit
3134 5009 3149 5034 ,
3205 4969 3457 5039 gentilem

1882 5067 2134 5137 populum
2170 5074 2341 5119 mater
2361 5065 2533 5136 gratia
2565 5064 2877 5127 introduxit,
2908 5071 2967 5117 ut
2988 5062 3325 5130 omnipotens
3353 5060 3455 5112 Pa-

1886 5166 1967 5212 ter
1990 5158 2165 5211 cibum
2192 5156 2316 5210 boni
2356 5156 2538 5225 operis
2556 5154 2863 5217 ofl‘erret,ct
2887 5151 3309 5208 benedictionem
3343 5165 3457 5203 ma-

1879 5249 2015 5318 joris
2044 5247 2226 5301 fratris
2264 5247 2551 5315 acciperet.
2601 5244 2701 5309 Qui
2734 5244 2948 5297 eosdem
2976 5241 3125 5296 cibos
3168 5254 3233 5294 ex
3269 5239 3455 5293 dome-

1884 5339 2033 5393 sticis
2068 5336 2386 5390 animalibus
2416 5335 2662 5405 prmbuit,
2686 5334 2809 5403 quia
2838 5331 3053 5402 gentilis
3076 5330 3302 5400 populus
3336 5329 3455 5397 pla—

1882 5443 2005 5481 cere
2048 5426 2157 5479 Deo
2212 5424 2569 5479 exterioribus
2609 5422 2889 5475 sacrificiis
2928 5436 3030 5474 non
3073 5430 3317 5488 quarens
3360 5429 3395 5483 p
3430 5429 3456 5466 r

1882 5528 2067 5573 Vocem
2101 5517 2375 5585 Pmphetm
2409 5514 2575 5568 dicit:
2610 5512 2673 5565 In
2722 5529 2801 5565 me
2842 5521 2982 5573 sunt,
3012 5510 3163 5570 Deus,
3199 5516 3312 5559 rota
3339 5514 3455 5566 tua,

1881 5626 1999 5679 qua:
2044 5608 2255 5660 reddam
2285 5607 2609 5659 laudationes
2639 5604 2726 5655 tibi
2750 5605 2774 5656 2’
2804 5600 2973 5671 (Psuf.
3006 5598 3110 5667 μ’).
3140 5595 3290 5663 Quod
3316 5595 3455 5647 idem

1882 5700 2047 5755 Jacob
2079 5714 2267 5753 manus
2294 5714 2356 5752 ac
2395 5696 2615 5749 brachia
2645 5702 2698 5747 et
2723 5691 2914 5745 collum
2962 5688 3186 5744 luedinis
3229 5682 3454 5755 pellibus
