3896 6368
414 311 486 368 59
1044 309 1104 363 D.
1145 307 1397 363 RABANI
1439 307 1658 366 MAURI
1695 306 2013 363 ARClllEl‘.
2052 308 2360 366 ’MOGUNT.
2401 309 2686 373 OPERUM
2725 312 2904 369 PARS
2943 314 3006 370 ll.
3585 321 3653 376 ιιι

410 422 566 487 texit,
588 423 692 477 hoc
722 429 824 483 est,
851 420 1064 488 gentilis
1107 421 1350 490 populus.
1389 420 1514 475 dum
1544 434 1603 475 se
1644 427 1978 488 peccatorem
2009 429 2056 486 Α
2083 427 2167 474 est
2193 435 2224 472 a
2255 433 2417 474 carne
2437 435 2606 488 usque
2635 421 2701 476 ad
2725 422 2995 492 spiritum,
3025 424 3149 494 quia
3176 429 3230 481 in
3281 426 3372 483 illo
3413 434 3657 486 carnales

404 511 657 570 meﬁteri
698 527 802 565 non
828 511 1113 575 erubescit,
1141 512 1321 566 carnis
1346 512 1399 565 in
1430 525 1488 566 se
1514 521 1734 582 peccata
1783 519 1986 565 macta-

405 605 504 660 vit.
529 604 684 672 Quod
707 603 1043 658 vestimentis
1085 601 1304 671 majoris
1332 601 1518 657 fratris
1559 602 1796 657 induitur
1827 642 1842 667 ,
1882 603 1986 658 hoc

407 704 512 762 est,
539 695 682 766 quod
706 709 874 750 saeue
910 693 1206 763 Scriptura:
1253 695 1535 764 praeceptis
1557 735 1571 759 ,
1621 709 1740 764 quae
1793 693 1982 762 majori

403 785 602 856 populo
621 786 746 841 data
779 786 975 850 fuerat,
1007 784 1060 839 in
1091 784 1228 839 bona
1258 785 1572 854 operatione
1609 785 1831 838 vestitus
1877 791 1980 850 est,

401 885 460 928 et
485 875 565 930 eis
587 875 765 929 minor
793 875 845 928 in
867 874 1024 928 domo
1061 874 1260 940 utitur;
1288 889 1408 944 quae
1436 874 1608 943 major
1634 873 1778 929 foras
1796 875 1983 929 exiens

403 965 551 1019 intus
589 964 827 1034 reliquit,
853 979 975 1034 qua:
1001 963 1089 1019 ille
1113 963 1366 1020 Iudaicus
1394 965 1624 1036 populus
1651 966 1850 1021 habere
1874 981 1981 1020 non

406 1058 603 1128 potuit,
631 1058 756 1113 dum
804 1056 977 1112 solam
1033 1057 1086 1111 in
1136 1057 1216 1112 eis
1263 1057 1496 1112 litteram
1549 1056 1795 1111 attendit.
1829 1055 1982 1123 Quod

403 1148 553 1202 Isaae
586 1149 831 1204 eumdem
882 1147 1051 1203 lilium
1100 1148 1306 1214 nescit,
1341 1163 1500 1218 quem
1543 1147 1838 1213 benedicit,
1880 1148 1982 1204 hoc

400 1245 505 1301 est,
535 1237 675 1306 quod
703 1237 769 1291 de
803 1236 989 1307 gentili
1013 1235 1208 1306 populo
1233 1237 1491 1292 Dominus
1517 1251 1611 1306 per
1642 1236 1981 1291 Psalmistam

398 1327 576 1381 dicit:
624 1325 896 1396 Populus,
952 1342 1107 1397 quem
1150 1341 1254 1380 non
1314 1326 1525 1396 cognovi
1556 1365 1572 1389 ,
1623 1326 1805 1380 serviet
1853 1325 1979 1379 mihi

401 1414 575 1485 (Psal.
613 1416 770 1484 xvn).
797 1414 950 1484 Quod
983 1422 1303 1483 praesentem
1331 1421 1436 1468 non
1483 1414 1651 1478 vidit,
1691 1422 1746 1469 et
1802 1421 1978 1468 tamen

399 1520 521 1574 qua:
552 1505 602 1559 ei
623 1503 679 1558 in
707 1503 889 1559 futuro
930 1504 1181 1560 eveniant
1221 1504 1373 1569 vidit,
1407 1503 1674 1575 significat
1701 1504 1842 1573 quod
1865 1519 1978 1558 om-

398 1599 650 1668 nipotens
683 1598 826 1652 Deus
848 1612 948 1668 per
978 1597 1267 1667 prophetas
1293 1611 1422 1652 suos
1469 1595 1786 1666 praedicaret
1809 1595 1978 1665 genti-

399 1690 535 1755 litati
560 1689 1233 1762 gratiam'praerogandam,
1255 1703 1416 1758 quant
1449 1690 1499 1744 ei
1531 1689 1584 1742 in
1611 1688 1857 1758 praesenti
1880 1703 1977 1759 per

2083 510 2432 581 proficiendo,
2457 511 2602 565 velut
2625 513 2962 568 ascendendo
2988 553 3003 577 ,
3058 514 3324 583 spiritales
3375 516 3508 571 ﬁunt
3543 535 3555 570 :
3586 521 3657 574 ad

2083 619 2218 674 quos
2241 604 2380 658 lacte
2402 603 2717 659 nutriendos
2764 605 2927 659 etiam
2976 604 3075 675 ipsi
3121 605 3388 675 spiritales
3432 606 3659 663 descen-

2084 693 2217 746 dunt
2244 692 2657 762 quodammodo,
2680 709 2803 780 cum
2835 693 2915 749 eis
2941 710 3048 749 non
3078 702 3301 764 possunt
3326 695 3473 765 loqui
3499 696 3660 767 quasi

2083 781 2468 851 spiritualibus,
2484 783 2576 838 sed
2599 783 2753 852 quasi
2780 784 3107 840 carnalibus.
3125 783 3241 853 ipse
3255 794 3338 840 est
3364 801 3576 843 sursum
3599 787 3660 842 in

2083 873 2260 941 capite
2293 887 2411 937 suo,
2441 873 2556 943 ipse
2589 875 2840 929 deorsum
2870 874 2921 928 in
2945 888 3171 944 corpore
3192 890 3309 942 suo,
3342 876 3395 930 id
3418 885 3525 942 est,
3554 877 3661 932 Ee-

2083 962 2265 1017 clesia.
2286 962 2465 1031 ipsum
2487 979 2618 1034 ergo
2653 964 2855 1020 scalam
2885 964 3255 1035 intelligimus,
3283 965 3407 1035 quia
3434 967 3547 1035 ipse
3575 967 3664 1022 di-

2081 1052 2197 1106 xit:
2231 1052 2342 1123 Ego
2366 1070 2480 1107 sum
2503 1054 2587 1109 via
2615 1053 2797 1126 (Ioan.
2823 1054 2958 1125 xlv).
2983 1054 3066 1111 Ad
3110 1055 3284 1126 ipsum
3315 1069 3446 1126 ergo
3466 1071 3664 1112 ascen-

2082 1142 2248 1208 ditur,
2280 1152 2340 1198 ut
2380 1143 2434 1197 in
2470 1145 2700 1200 excelsis
2744 1143 3104 1216 intelligatur;
3151 1153 3206 1201 et
3245 1145 3312 1200 ad
3343 1144 3518 1215 ipsum
3563 1146 3663 1202 de-

2081 1235 2378 1300 scenditur,
2415 1244 2475 1290 ut
2513 1236 2774 1292 imbribus
2820 1238 2934 1294 suis
2979 1237 3232 1308 parvulus
3264 1238 3565 1304 nutriatur;
3601 1246 3666 1294 et

2080 1338 2176 1393 per
2202 1324 2347 1379 illum
2377 1341 2435 1380 se
2464 1328 2696 1397 erigunt,
2728 1335 2788 1381 ut
2830 1342 2951 1382 cum
2980 1327 3281 1403 sublimiter
3306 1335 3659 1398 exspectent;

2081 1428 2179 1482 per
2200 1414 2374 1484 ipsum
2405 1429 2463 1469 se
2491 1417 2654 1470 etiam
2684 1416 2988 1482 humiliant,
3019 1425 3079 1471 ut
3119 1432 3240 1473 eum
3271 1418 3571 1472 sublimiter
3590 1431 3665 1472 ac

2082 1512 2448 1573 temperanter
2489 1507 2826 1561 annuntient.
2866 1506 3020 1562 Nunc
3047 1515 3227 1562 autem
3273 1507 3404 1580 quid
3458 1508 3660 1564 iterum

2082 1590 2505 1662 significaverim
2532 1603 2762 1664 quatuor
2791 1610 2988 1651 uxores
3039 1594 3233 1658 Iacob,
3282 1611 3510 1667 quarum
3537 1597 3662 1652 duas

2081 1680 2284 1747 liberae,
2313 1682 2431 1737 duae
2451 1683 2658 1738 ancillae
2685 1683 2920 1748 fuerunt,
2941 1695 3024 1741 est
3057 1686 3365 1742 dicendum.
3410 1685 3662 1743 Vidimus

401 1782 634 1851 speciem
661 1796 768 1837 non
791 1781 1049 1846 ostendit,
1073 1780 1201 1850 quia
1231 1788 1360 1834 tunc
1405 1793 1524 1834 eam
1561 1779 1613 1833 in
1643 1792 1829 1834 errore
1853 1779 1977 1833 reli-
2007 1769 2051 1830 Β
2080 1774 2223 1829 enim
2251 1775 2564 1845 Apostolum
2599 1777 2650 1830 in
2679 1777 2845 1831 libera
2883 1788 2938 1832 et
2969 1779 3022 1835 in
3055 1779 3244 1834 ancilla
3269 1795 3406 1849 quas
3424 1779 3664 1834 habebat

400 1874 546 1944 quit;
581 1883 637 1930 et
695 1882 874 1930 tamen
921 1873 1047 1944 quia
1098 1875 1239 1927 hanc
1282 1873 1605 1942 quandoque
1654 1871 1975 1927 collecturus

398 1976 546 2032 erat,
592 1981 690 2037 per
741 1966 1169 2024 benedictionem
1222 1965 1450 2038 gratiam
1502 1964 1762 2033 praavidit.
1813 1963 1979 2034 igitur

404 2059 580 2122 Esau,
624 2067 748 2129 post
781 2058 1210 2113 benedictionem
1262 2058 1434 2126 patris
1485 2057 1695 2111 invidia:
1746 2055 1977 2111 stimulis

397 2151 726 2213 concitatus,
749 2164 937 2203 necem
964 2147 1118 2201 fratri
1154 2160 1251 2200 suo
1275 2144 1442 2201 Iacob
1467 2145 1835 2201 fraudulenter
1877 2161 1978 2201 exn

397 2239 620 2309 cogitat.
655 2235 770 2292 Hoc
803 2237 1056 2291 nimirum
1091 2244 1148 2289 et
1175 2233 1430 2289 Iudaicus
1475 2234 1700 2304 populus
1726 2235 1777 2287 in
1814 2234 1977 2288 Chri-

399 2341 486 2385 sto
511 2328 933 2400 przemeditatus,
960 2343 1065 2382 nou
1096 2328 1268 2382 solum
1291 2327 1573 2380 Dominum
1596 2325 1834 2395 patibulo
1856 2339 1977 2380 cru-

401 2420 482 2473 cis
502 2418 742 2482 tradidit,
764 2432 953 2472 verum
987 2417 1149 2470 etiam
1181 2416 1462 2471 credentes
1492 2415 1543 2468 in
1593 2413 1682 2469 illo
1718 2429 1888 2483 usque
1910 2414 1978 2469 ad

398 2508 711 2563 effusionem
769 2507 1046 2576 sanguinis
1089 2512 1401 2575 persecutus
1449 2511 1550 2558 est.
1581 2502 1747 2558 Iacob
1790 2513 1971 2558 autem

399 2593 550 2647 dolos
579 2591 804 2662 fugiens,
837 2590 1042 2666 fratris,
1070 2589 1254 2644 relicta
1279 2589 1436 2643 domo
1460 2588 1632 2658 patria
1661 2587 1744 2642 vel
1778 2603 1978 2657 paren-

403 2683 567 2746 tibus,"
591 2681 739 2735 vadit
778 2680 833 2734 in
866 2679 1139 2747 regionem
1171 2679 1512 2749 longinquam
1533 2719 1547 2742 ,
1600 2687 1659 2733 ut
1711 2679 1980 2749 acciperet

399 2775 501 2829 sibi
532 2787 777 2828 uxorem.
808 2771 924 2827 Non
947 2773 1104 2827 aliter
1133 2771 1379 2827 Christus
1424 2772 1626 2827 relictis
1669 2772 1982 2842 parentibus

403 2865 695 2919 secundum
725 2879 968 2929 carnem,
998 2863 1050 2917 id
1075 2871 1176 2927 est,
1201 2862 1397 2933 populo
1425 2861 1588 2916 lsrae.
1615 2869 1667 2917 et
1700 2862 1896 2931 patria,
1925 2861 1982 2915 id

404 2965 488 3010 est
505 2954 837 3027 Icrosolyma
866 2963 922 3010 et
954 2955 1203 3010 omnibus
1227 2954 1532 3025 regionibus
1557 2951 1753 3008 Iudam
1778 2993 1793 3017 ,
1848 2952 1980 3007 abiit

401 3043 458 3099 in
487 3054 694 3116 gentes,
726 3046 995 3116 accipiens
1017 3044 1140 3098 inde
1173 3045 1274 3098 sibi
1300 3043 1616 3108 Eeclesiam,
1645 3051 1704 3097 ut
1730 3042 1980 3112 implere-

2076 1864 2376 1930 Abraham,
2401 1867 2506 1920 duo
2532 1864 2873 1920 Testamenta
2897 1866 3219 1938 intelligere;
3253 1869 3345 1922 sed
3373 1868 3445 1922 ibi
3470 1868 3523 1922 in
3549 1883 3661 1921 una

2078 1963 2135 2009 et
2167 1970 2271 2008 una
2303 1954 2512 2010 facilius
2559 1965 2843 2027 appareret
2888 1956 3029 2027 quod
3068 1959 3304 2012 dicitur:
3337 1958 3425 2013 hic
3471 1966 3658 2012 autem

2079 2046 2202 2101 duas
2221 2052 2422 2101 suntet
2447 2045 2598 2111 duae;
2633 2047 2825 2102 deinde
2872 2048 2943 2104 ibi
2981 2048 3187 2103 ancillm
3224 2049 3364 2104 filius
3408 2050 3659 2104 exhzcre-

2080 2134 2275 2197 datur;
2314 2134 2399 2188 hic
2438 2149 2564 2189 vero
2596 2133 2911 2188 ancillarum
2951 2134 3044 2189 filii
3074 2135 3229 2190 simul
3268 2150 3389 2190 cum
3423 2135 3547 2191 ﬁliis
3591 2135 3663 2190 li-

2080 2222 2333 2278 berarum
2364 2231 2561 2278 terram
2617 2225 2989 2293 promissionis
3042 2225 3331 2295 accipiunt.
3366 2224 3517 2280 Unde
3565 2225 3662 2281 hic

2078 2312 2266 2385 procul
2315 2312 2477 2367 dubio
2531 2313 2731 2382 aliquid
2774 2314 3128 2382 significatur.
3161 2314 3475 2383 Quanquam
3506 2313 3658 2368 enim

2079 2403 2198 2457 duae
2235 2402 2416 2457 liberae
2443 2419 2639 2459 uxores
2679 2402 2845 2458 Iacob
2879 2405 2945 2457 ad
2977 2403 3182 2458 Novum
3227 2402 3655 2466 Testamentum,

2082 2493 2222 2563 quod
2253 2494 2306 2547 iu
2333 2493 2583 2548 libertate
2613 2495 2784 2548 vocati
2826 2509 3029 2560 sumus,
3058 2494 3433 2549 existimentur
3482 2493 3656 2564 perti-

2080 2595 2238 2645 nere;
2271 2597 2375 2636 non
2405 2590 2581 2636 tamen
2611 2581 2810 2637 frustra
2832 2585 2948 2637 dum
2979 2592 3121 2645 sunt,
3141 2583 3238 2638 nisi
3268 2584 3394 2653 quia
3423 2585 3541 2639 dure
3568 2581 3659 2637 vi-

2082 2679 2150 2724 ta:
2178 2670 2334 2731 nobis
2364 2671 2418 2725 in
2449 2671 2648 2726 Christi
2696 2688 2920 2742 corpore
2947 2673 3330 2741 praedicantur,
3361 2688 3466 2727 una
3514 2680 3658 2726 tem-

2081 2762 2302 2831 poralis.
2340 2763 2393 2816 in
2430 2777 2534 2832 qua
2565 2748 2898 2828 laboi'amus;
2937 2764 3039 2818 alia
3088 2773 3305 2828 aeterna,
3336 2764 3388 2817 in
3417 2779 3520 2831 qua
3568 2764 3660 2818 di—

2084 2853 2369 2908 lectionem
2418 2853 2514 2908 Dei
2557 2853 3061 2922 coutemplabimur.
3091 2852 3186 2906 Lia
3222 2867 3454 2920 namque
3482 2853 3658 2906 inter-

2080 2953 2326 3014 pretatur
2350 2943 2616 3010 laborans,
2647 2944 2846 2999 Rachel
2875 2953 3055 2998 autem
3091 2945 3248 3008 visus,
3299 2943 3413 2997 sive
3454 2943 3658 3012 princi-

2082 3035 2243 3104 pium,
2276 3037 2389 3090 sive
2415 3036 2822 3091 verbum.Actio
2869 3051 2997 3107 ergo
3046 3036 3204 3106 hujus
3253 3036 3396 3098 vitaz,
3436 3034 3488 3087 in
3549 3048 3660 3102 qua

403 3145 493 3189 tur
520 3135 661 3200 quod
712 3121 914 3206 dictum
946 3145 1029 3189 est
1061 3149 1073 3187 τ
1119 3132 1326 3187 Vocabo
1385 3149 1488 3186 non
1536 3131 1731 3202 plebem
1775 3148 1942 3186 meam
1962 3172 1976 3197 ,
2005 3116 2050 3180 C
2081 3127 2310 3183 vivimus
2331 3143 2393 3183 ex
2421 3127 2544 3193 fide,
2569 3129 2835 3184 laboriosa
2858 3139 2940 3184 est
2975 3130 3027 3182 in
3057 3128 3307 3197 operibus
3337 3136 3391 3182 et
3413 3128 3656 3191 incerta;

400 3225 598 3296 plebem
625 3240 812 3290 meam,
841 3235 889 3280 et
943 3242 1042 3279 non
1080 3224 1326 3279 dilectam
1352 3264 1367 3290 ,
1409 3223 1693 3279 dilectam:
1729 3233 1776 3278 et
1802 3225 1898 3278 erit
1926 3225 1982 3278 in

409 3315 540 3374 loco,
571 3315 659 3368 ubi
695 3315 891 3368 dictum
920 3325 1031 3379 est,
1084 3313 1206 3368 Non
1233 3312 1372 3383 plebs
1403 3319 1519 3367 mea
1546 3330 1632 3368 vos
1653 3353 1668 3376 ,
1706 3313 1777 3366 ibi
1831 3329 1983 3367 voca-

413 3404 608 3456 buntur
653 3403 749 3471 ﬁlii
788 3403 879 3456 Dei
906 3404 1003 3457 vivi
1027 3401 1170 3473 (Ose.
1202 3403 1288 3474 ιι).
1318 3403 1580 3471 Pergente
1605 3401 1982 3459 autemtIacob

413 3495 466 3548 in
494 3492 954 3565 Mesopotamiam,
983 3493 1129 3547 venit
1160 3491 1215 3547 in
1267 3492 1441 3548 locum
1481 3493 1569 3547 ubi
1609 3509 1750 3548 nunc
1797 3493 1983 3549 Bethel

405 3595 651 3648 vocatur,
675 3594 730 3639 et
755 3585 934 3654 posuit
959 3583 1058 3639 sth
1082 3582 1257 3654 capite
1293 3598 1391 3638 suo
1436 3583 1665 3651 lapidem
1707 3599 1981 3654 magnum,

405 3684 462 3728 et
491 3676 763 3730 dormiens
795 3675 928 3728 vidit
954 3675 1154 3730 scalam
1180 3674 1463 3730 subnixam
1486 3675 1801 3729 innitentem
1825 3676 1980 3741 coelo,

409 3775 464 3820 et
509 3767 728 3837 angelos
789 3766 885 3822 Dei
933 3767 1285 3821 ascendentes
1330 3775 1387 3821 et
1419 3765 1824 3821 descendentes.
1873 3767 1986 3821 lloc

406 3860 525 3912 viso
551 3858 821 3926 evigilavit
847 3856 1107 3926 unxitque
1158 3855 1421 3926 lapidem,
1467 3856 1688 3910 dicens:
1732 3853 1860 3910 Vere
1901 3857 1985 3909 hic

405 3949 590 4001 domus
622 3947 718 4000 Dei
746 3956 820 4001 est
844 3957 893 4001 et
927 3957 1078 4016 porta
1107 3945 1220 4000 caeli
1248 3945 1400 4016 (Gen.
1446 3947 1668 4015 xxvm);
1697 3955 1751 4000 et
1789 3946 1872 3999 his
1901 3945 1984 3999 di-

407 4037 508 4090 ctis
535 4037 799 4091 discessit.
827 4034 1062 4090 Somnus
1113 4036 1214 4089 iste
1241 4033 1408 4089 Iacob
1456 4050 1602 4088 mors
1650 4034 1763 4089 sive
1810 4035 1986 4102 passio

413 4133 500 4178 est
548 4123 769 4178 Christi.
826 4123 984 4193 Lapis
1031 4125 1100 4178 ad
1147 4131 1310 4194 caput
1356 4123 1474 4192 ejus
1521 4124 1612 4193 qui
1671 4125 1985 4178 nominatim

411 4213 805 4281 quodammodo
831 4211 964 4282 lapis
989 4212 1164 4266 dictus
1195 4221 1296 4274 est,
1319 4212 1482 4265 etiam
1513 4223 1706 4267 unctus
1740 4212 1988 4267 Christus

411 4304 747 4373 significatur
774 4321 788 4356 :
819 4301 988 4371 Caput
1015 4304 1151 4357 enim
1183 4303 1279 4357 viri
1300 4302 1538 4358 Christus
1563 4315 1636 4358 est
1661 4305 1710 4376 (l
1732 4301 1860 4358 Cor.
1887 4307 1984 4373 χι).

409 4393 542 4458 Quis
570 4393 712 4445 enim
741 4393 912 4446 nescit
936 4392 1216 4447 Christum
1246 4394 1314 4448 ab
1352 4394 1605 4449 unctione
1631 4396 1987 4465 appellatum?

413 4483 609 4536 Domus
639 4489 818 4535 autem
849 4480 977 4544 Dei,
1016 4482 1141 4550 quia
1196 4484 1266 4537 ibi
1315 4492 1470 4538 natus
1512 4492 1594 4539 est
1641 4487 1887 4541 Christus
1930 4487 1982 4542 in

415 4572 709 4626 Bethleem.
742 4571 904 4626 Porta
931 4585 1059 4626 vero
1081 4572 1227 4634 cadi,
1255 4575 1378 4642 quia
1430 4576 1502 4629 ibi
1564 4575 1616 4628 in
1667 4585 1861 4630 terram
1893 4579 1976 4631 de-

412 4662 643 4725 scendit,
671 4660 744 4714 ibi
799 4662 993 4714 iterum
1030 4661 1096 4715 ad
1145 4662 1339 4716 cceluin
1395 4666 1723 4719 conscendit.
1778 4665 1990 4720 Erectio

414 4761 594 4804 autem
629 4749 839 4820 lapidis,
871 4751 1197 4806 resurrectio
1227 4751 1426 4806 Christi
1479 4761 1579 4807 est.
1629 4753 1796 4808 Porro
1847 4754 1992 4808 scala

414 4842 664 4897 Christus
689 4851 772 4897 est
798 4843 889 4912 qui
917 4843 1054 4897 dixit
1084 4862 1097 4897 :
1137 4842 1249 4913 Ego
1275 4859 1390 4898 sum
1421 4844 1503 4898 eia
1531 4843 1709 4911 (Joan.
1740 4844 1869 4917 xlv).
1889 4845 1994 4902 Per

416 4931 560 4985 hunc
591 4933 951 4986 ascendebant
1003 4941 1060 4987 et
1105 4933 1500 4989 descendebant
1541 4939 1740 5006 angeli:
1786 4939 1837 4992 in
1866 4940 1984 5008 qui-

415 5023 516 5078 bus
537 5021 822 5091 significati
855 5031 980 5076 sunt
1016 5023 1319 5094 Evangelici
1353 5026 1731 5094 prtedicatores
1760 5027 1982 5093 Christi,

416 5117 767 5171 ascendentes
805 5117 992 5185 utique
1035 5131 1154 5171 cum
1205 5118 1268 5170 ad
1310 5117 1702 5188 intelligendam
1749 5120 1863 5189 ejus
1894 5136 1984 5174 su-

417 5204 992 5274 peremineutissimam
1018 5206 1348 5261 divinitatem
1376 5208 1638 5262 excedunt
1681 5210 1986 5264 universam

417 5302 975 5361 ereaturam,uteum
1011 5297 1289 5350 inveniant
1339 5297 1391 5350 in
1443 5299 1705 5367 principio
1753 5298 1989 5356 Verbum

418 5383 650 5449 Domini,
679 5397 777 5454 per
805 5399 964 5454 quem
1017 5384 1158 5439 facta
1195 5396 1319 5440 sunt
1356 5388 1564 5450 omnia;
1606 5389 1991 5445 descendentes

420 5482 619 5539 autem,
649 5482 709 5529 ut
735 5490 859 5530 eum
895 5475 1169 5529 inveniant
1198 5475 1395 5544 factum
1424 5493 1489 5530 ea:
1535 5477 1770 5542 muliere,
1794 5479 1991 5548 factum

417 5562 513 5615 sub
547 5563 675 5632 lege,
704 5575 758 5616 ut
784 5581 871 5618 eos
897 5567 985 5634 qui
1009 5564 1102 5617 sub
1124 5565 1233 5634 lege
1259 5576 1406 5618 erant
1425 5567 1690 5620 redimeret
1719 5567 1861 5638 (Gal.
1891 5567 1987 5636 tv).

420 5651 474 5708 In
519 5654 603 5709 illa
630 5655 773 5710 enim
804 5657 948 5711 scala
977 5673 1006 5710 a
1038 5666 1181 5712 terra
1207 5672 1376 5727 usque
1399 5658 1463 5712 ad
1485 5658 1677 5714 ccelum
1713 5667 1917 5725 erecta,
1939 5659 1992 5715 id

2083 3236 2190 3292 quo
2236 3223 2383 3276 exitu
2434 3223 2712 3293 perveniat
2763 3223 2826 3276 ad
2887 3221 3170 3274 utilitatem
3225 3234 3411 3274 eorum
3459 3219 3661 3288 quibus

2083 3311 2364 3367 consulere
2407 3312 2668 3366 volumus.
2701 3310 2817 3381 Ipsa
2845 3319 2928 3365 est
2973 3310 3088 3374 Lia,
3121 3311 3267 3380 prior
3289 3325 3425 3363 uxor
3466 3308 3656 3374 Iacob,

2084 3421 2147 3462 ac
2174 3423 2270 3477 per
2297 3409 2397 3462 hoc
2424 3417 2479 3462 et
2509 3407 2737 3461 infirmis
2763 3404 2932 3460 oculis
2963 3404 3130 3459 fuisse
3179 3412 3656 3458 commemoratur.

2083 3496 2435 3566 Cogitationes
2469 3498 2605 3548 enim
2633 3495 2932 3548 mortalium
2964 3495 3160 3549 timida!
3178 3535 3192 3558 ,
3217 3505 3263 3548 et
3295 3495 3507 3548 incerta:
3531 3510 3661 3563 pro-

2085 3589 2322 3643 ridentim
2357 3598 2547 3642 nostra?
2579 3586 2726 3658 (Sap.
2762 3587 2856 3658 lx).
2927 3587 3062 3658 Spes
3108 3603 3236 3643 vero
3273 3596 3488 3641 aeterna:
3522 3601 3657 3642 con-

2085 3679 2444 3750 templationis
2489 3679 2603 3741 Dei,
2632 3679 2837 3733 habens
2888 3689 3089 3734 certam
3131 3678 3533 3748 intelligentiam
3561 3691 3659 3732 ve-

2084 3774 2278 3836 ritatis,
2308 3773 2421 3842 ipsa
2445 3781 2528 3825 est
2558 3772 2778 3826 Rachel.
2833 3771 2986 3827 Unde
3032 3771 3191 3825 etiam
3247 3770 3474 3824 dicitur:
3509 3768 3661 3822 Bona

2085 3863 2220 3932 facie
2252 3871 2298 3914 et
2324 3861 2733 3930 pulchraspecie
2775 3857 2925 3929 (Cen.
2969 3860 3142 3928 xxxx).
3175 3857 3323 3910 lianc
3349 3857 3492 3910 enim
3515 3862 3662 3910 amat

2083 3952 2261 4007 omnis
2303 3951 2389 4019 pie
2430 3951 2725 4013 studiosus,
2758 3957 2810 4003 et
2843 3957 3064 4018 propter
3103 3948 3244 4001 hanc
3275 3945 3439 4000 servit
3475 3945 3660 4016 gratia:

2085 4041 2200 4102 Dei,
2219 4040 2343 4109 quia
2364 4049 2574 4108 peccata
2599 4048 2776 4092 nostra
2797 4047 2843 4091 et
2873 4034 2915 4091 si
2941 4036 3132 4106 fuerint
3159 4037 3294 4088 sicut
3325 4035 3658 4103 phwnicium,

2086 4139 2332 4198 umquam
2365 4129 2457 4181 uix
2482 4127 2864 4180 dealbabuntur
2889 4125 3021 4198 (Isa.
3049 4125 3108 4192 ι).
3139 4123 3318 4178 Laban
3343 4137 3553 4193 quoque
3576 4122 3662 4175 in-

2087 4227 2412 4288 terpretatur
2465 4216 2765 4270 dealbatio.
2803 4217 2888 4271 cui
2945 4216 3169 4270 servivit
3222 4214 3389 4269 Iacob
3443 4222 3664 4282 propter

2088 4308 2308 4363 Rachel.
2343 4306 2525 4376 Neque
2553 4306 2694 4359 enim
2720 4321 2778 4360 se
2809 4305 3037 4374 quisque
3081 4305 3352 4358 convertit
3381 4303 3480 4357 sub
3533 4316 3660 4372 gra-

2089 4399 2160 4452 tia
2196 4396 2526 4452 remissionis
2555 4404 2898 4466 peccatorum
2939 4394 3142 4449 servire
3167 4391 3387 4460 justitiae
3412 4431 3427 4457 ,
3467 4391 3570 4445 nisi
3607 4399 3668 4444 ut

2089 4488 2268 4556 quiete
2296 4488 2439 4540 vivat
2484 4487 2536 4540 in
2573 4488 2736 4541 verbo
2770 4526 2784 4550 ,
2840 4501 2906 4540 ex
2936 4501 3044 4554 quo
3089 4483 3300 4539 videtur
3345 4483 3663 4552 principium

2091 4580 2233 4648 quod
2257 4587 2339 4632 est
2366 4579 2524 4632 Deus.

2161 4668 2309 4731 Bala,
2335 4668 2526 4722 ancilla
2566 4668 2784 4733 Rachel,
2828 4668 3212 4738 interpretatur
3260 4667 3560 4720 inveterata.
3590 4664 3665 4717 De

2093 4759 2258 4814 veteri
2287 4759 2482 4829 quippe
2504 4759 2636 4823 vita,
2663 4759 2966 4813 carnalibus
3009 4757 3253 4812 sensibus
3289 4755 3466 4810 dedita
3486 4797 3498 4818 ,
3548 4762 3665 4808 cor-

2095 4866 2270 4920 porea:
2318 4853 2622 4920 cogitantur
2667 4849 2949 4918 imagines,
2979 4848 3144 4902 etiam
3179 4863 3300 4902 eum
3350 4844 3549 4915 aliquid
3601 4844 3665 4898 de

2094 4940 2322 5008 spiritali
2359 4949 2414 4994 et
2465 4937 2892 4994 incommutabili
2918 4935 3219 4991 substantia
3242 4933 3540 4990 divinitatis
3566 4946 3664 4985 au-

2089 5031 2254 5086 ditur.

2166 5119 2402 5188 Suscipit
2431 5127 2485 5173 et
2506 5118 2600 5172 Lia
2624 5119 2689 5173 de
2715 5117 2906 5173 ancilla
2943 5132 3039 5172 sua
3068 5116 3205 5170 filios
3227 5128 3408 5167 amore
3434 5108 3667 5166 habendi

2095 5209 2486 5264 numerosioris
2527 5208 2691 5278 prolis
2734 5222 2979 5262 accensa.
3012 5205 3320 5259 Invenimus
3347 5211 3523 5256 autem
3544 5201 3666 5254 Zel-

2095 5300 2278 5370 pham,
2308 5298 2554 5352 ancillam
2609 5297 2725 5365 ejus
2751 5338 2767 5361 ,
2819 5296 3164 5366 interpretari
3213 5310 3268 5347 os
3300 5294 3493 5346 dicens.
3523 5290 3669 5357 Qua-

2085 5397 2309 5457 propter
2340 5389 2454 5442 hzec
2485 5388 2676 5441 ancilla
2706 5387 2823 5440 illos
2855 5385 3047 5455 ﬁgurat
3069 5397 3296 5453 quorum
3326 5382 3379 5434 in
3408 5380 3668 5448 praedica-

2091 5479 2238 5532 tione
2265 5477 2387 5531 ﬁdei
2417 5477 2739 5547 evangelica:
2763 5492 2824 5531 os
2864 5484 3000 5537 erat,
3029 5483 3083 5529 et
3130 5488 3225 5526 cor
3260 5484 3365 5524 non
3411 5477 3550 5524 erat.
3595 5467 3662 5519 Dr

2095 5568 2290 5639 quibus
2317 5568 2576 5636 scriptum
2621 5576 2705 5622 est
2729 5585 2743 5622 :
2777 5565 3012 5636 Populus
3037 5565 3120 5616 hic
3145 5562 3295 5615 labiis
3323 5578 3402 5614 me
3429 5561 3668 5622 honorat,

2096 5677 2186 5715 cor
2213 5669 2386 5714 autem
2412 5676 2589 5714 eorum
2619 5658 2769 5731 longe
2797 5669 2868 5712 est
2901 5675 2933 5710 a
2972 5673 3051 5709 me
3080 5655 3213 5733 (Isa.
3243 5653 3412 5722 ιλιι).
3449 5651 3521 5705 De
3551 5650 3674 5720 qui-
