3896 6330
238 300 306 356 u
1238 294 1327 349 DE
1366 288 1716 350 UNIVERSO
1753 287 1930 344 unm
1970 285 2132 344 xii.
2172 317 2242 329 --
2279 285 2405 341 LIB.
2446 288 2509 342 ιι.
3430 293 3504 348 42

238 414 345 469 bus
379 409 675 482 Apostolus
716 408 882 464 dicit:
917 406 1017 474 Qui
1058 407 1313 478 prwdicas
1367 424 1471 460 non
1520 404 1824 474 furandum,

244 502 443 574 furoris
475 501 653 571 (Rom.
679 500 761 571 ιι).
812 499 1191 554 Verumtamen
1221 508 1280 552 ut
1318 499 1483 552 etiam
1535 513 1631 567 per
1683 499 1823 551 hanc

245 593 614 651 conditionem
661 591 830 644 libera
880 591 966 646 illa
1018 606 1153 645 uxor
1181 589 1346 645 Iacob
1401 589 1651 644 laborans
1687 587 1824 642 ﬁlios

245 683 490 740 hmredes
521 681 670 751 regni
697 682 991 750 suscipiat,
1051 681 1170 735 ideo
1204 679 1462 734 Dominus
1491 679 1618 733 dicit
1647 696 1660 731 :
1694 677 1823 742 Qum

243 774 464 838 dicunt,
523 773 721 842 facite:
778 788 894 842 qua:
944 780 1116 825 autem
1161 771 1391 840 faciunt,
1449 772 1620 840 facere
1666 769 1823 823 nolite

245 864 464 938 (Hatth.
496 865 672 934 xxm).
723 862 877 919 Unde
903 873 957 919 et
980 863 1303 942 Apostolus:
1338 861 1472 927 Sive,
1507 863 1704 932 inquit,
1732 877 1821 915 oe-

243 957 475 1019 casione,
498 955 603 1009 sive
633 955 844 1008 veritate
891 952 1128 1008 Christus
1157 954 1528 1006 annuntietur:
1555 961 1603 1005 et
1644 953 1698 1004 in
1725 952 1820 1005 hoc

243 1045 469 1116 gaudeo,
497 1045 585 1098 sed
614 1054 663 1097 et
708 1044 943 1114 gaudebo
988 1043 1156 1116 (Phil.
1206 1043 1244 1110 1)
1274 1056 1288 1094 :
1325 1049 1584 1110 tanquam
1620 1050 1674 1095 ct
1723 1056 1820 1096 an-

243 1132 368 1189 cilla
394 1134 636 1203 pariente
668 1133 733 1188 de
753 1133 903 1204 prole
936 1133 1308 1188 numerosiore
1342 1132 1574 1186 laitatur.

321 1222 566 1278 Servitus
600 1224 778 1293 itaque
817 1224 933 1293 ipsa
982 1221 1149 1278 Iacob
1174 1230 1380 1292 septem
1416 1236 1679 1276 annorum
1723 1236 1822 1291 pro

247 1313 458 1370 duabus
482 1314 739 1369 uxoribus
765 1315 924 1385 hujus
945 1314 1071 1368 vitae
1100 1315 1386 1383 praesentis
1417 1322 1626 1382 tempus
1655 1313 1821 1382 signi-

246 1403 398 1469 ﬁcat,
425 1404 550 1474 quia
583 1419 680 1475 per
713 1413 922 1475 septem
971 1388 1265 1470 evolvitur;
1309 1404 1364 1458 in
1415 1419 1519 1473 qua
1565 1395 1821 1458 Do'minus

244 1489 477 1547 formam
520 1494 659 1548 servi
703 1495 940 1564 accepit,
977 1493 1149 1550 factus
1174 1493 1426 1549 obediens
1455 1501 1693 1563 paternae
1729 1506 1822 1546 vo-

245 1581 440 1637 luntati
467 1599 636 1653 usque
674 1585 742 1640 ad
778 1594 1031 1640 mortem.
1063 1586 1158 1640 Ille
1194 1585 1338 1640 enim
1365 1599 1465 1655 pro
1493 1585 1683 1639 ovibus
1707 1599 1822 1640 ser-

245 1674 408 1739 vivit;
433 1682 487 1730 et
508 1675 765 1732 Dominus
785 1685 970 1731 noster
993 1676 1069 1730 ait
1093 1692 1107 1730 :
1136 1676 1257 1730 Non
1288 1677 1422 1732 venit
1456 1675 1629 1731 Filius
1654 1677 1818 1730 homi-

1855 407 1905 464 Α
1933 401 2113 456 lentiae
2138 409 2408 471 appetere,
2443 400 2583 455 sicut
2629 399 2888 470 scriptum
2933 399 3053 458 est:
3085 402 3324 474 Surgite,
3362 413 3504 475 post-

1924 509 2081 560 quam
2107 491 2343 546 sederitis
2373 490 2543 560 (Psal.
2586 491 2790 561 cxxvr).
2821 490 3020 546 Rachel
3069 507 3196 564 ergo
3225 494 3367 549 idola
3413 510 3502 551 se-

1925 585 2098 640 dendo
2140 584 2394 653 operuit,
2438 582 2562 652 quia
2597 591 2783 638 sancta
2825 583 3063 638 Ecclesia
3092 584 3366 642 Christum
3417 603 3503 644 se-

1923 691 2093 744 quens
2134 675 2321 728 vitium
2378 682 2605 727 terrente
2643 674 3088 742 concupiscentia:
3133 691 3229 745 per
3280 677 3501 731 humili-

1923 773 2088 821 tatem
2142 765 2472 836 pmnitentiae
2501 765 2799 833 cooperuit.
2850 763 2925 817 De
2974 765 3075 818 hac
3127 768 3503 834 oooperatione

1922 855 2177 909 vitiorum
2225 868 2322 924 per
2363 853 2687 924 Prophetam
2736 852 2968 908 dicitur:
3000 852 3150 907 Beati
3179 871 3399 924 quorum
3427 873 3508 911 re-

1924 945 2096 998 missae
2124 953 2243 998 sunt
2270 944 2568 1013 iniquitates
2592 982 2606 1007 ,
2651 951 2698 996 et
2728 958 2947 1012 quorum
2977 952 3110 998 tecta
3149 953 3269 997 sunt
3293 955 3508 1013 peccata

1924 1032 2096 1106 (Psal.
2126 1034 2300 1107 xxxi).

1953 1126 2228 1214 .Sumpsit
2272 1136 2446 1180 autem
2471 1125 2634 1180 Iacob
2665 1124 2930 1195 lapidem,
2982 1135 3029 1179 et
3076 1127 3341 1181 constituit
3389 1143 3508 1181 eum

1925 1221 2152 1287 titulum,
2184 1231 2290 1277 etc.
2333 1222 2555 1294 Mystice
2608 1229 2786 1276 autem
2838 1222 2978 1276 inter
3025 1222 3208 1277 ﬁdeles
3247 1231 3359 1277 tam
3410 1221 3508 1277 Iu-

1925 1315 2068 1368 daeos
2093 1329 2251 1384 quam
2273 1323 2458 1384 gentes
2483 1313 2633 1368 testis
2660 1321 2744 1367 est
2759 1312 2894 1381 lapis
2918 1313 3161 1367 eminens
3187 1313 3241 1366 in
3256 1312 3507 1367 similitu-

1925 1405 2106 1459 dinem
2136 1403 2431 1468 Christi,et
2451 1417 2674 1459 acervus
2710 1402 2966 1472 lapidum,
3000 1403 3088 1471 qui
3116 1411 3200 1457 est
3226 1402 3511 1458 multitudo

1923 1494 2279 1548 credentium.
2306 1493 2400 1548 Vir
2439 1493 2581 1547 enim
2601 1533 2615 1558 ,
2645 1492 2738 1560 qui
2766 1507 2888 1546 cum
2918 1489 3084 1546 Iacob
3128 1490 3361 1546 luctatus
3391 1501 3474 1546 est
3493 1531 3510 1557 ,

1923 1592 2110 1654 typum
2154 1582 2354 1638 Christi
2417 1582 2818 1638 evidentissime
2871 1591 3130 1653 gesserat.
3187 1581 3284 1636 Cui
3328 1591 3508 1637 tamen

1925 1675 2046 1730 ideo
2069 1674 2355 1744 praevaluit
2375 1671 2560 1738 Iacob,
2591 1673 2777 1742 utique
2803 1674 3036 1739 volenti,
3085 1681 3145 1727 ut
3194 1675 3512 1745 mysterium

245 1765 329 1820 stis
347 1766 660 1834 ministrari,
698 1767 786 1820 sed
814 1768 1113 1821 ministrare
1138 1765 1353 1838 (Matth.
1396 1766 1510 1836 xx).
1537 1765 1628 1822 Ille
1674 1767 1820 1838 pavit
1847 1751 1893 1810 Β
1923 1767 2180 1836 ﬁguraret
2221 1765 2488 1835 passionis
2519 1765 2751 1820 Domini.
2797 1764 2903 1820 Ubi
2951 1765 3099 1820 visus
3131 1773 3216 1818 est
3245 1761 3410 1818 Iacob
3457 1765 3511 1818 in

241 1870 406 1921 oves;
441 1866 494 1911 et
523 1857 780 1913 Dominus
821 1858 877 1912 in
918 1858 1207 1928 Evangelio
1232 1857 1401 1913 dicit:
1435 1857 1548 1929 Ego
1574 1873 1689 1912 sunt
1727 1875 1820 1927 pa-

242 1954 357 2001 stor
388 1947 550 2000 bonus
579 1948 758 2018 (Ioan.
785 1948 864 2018 ιι).
893 1946 986 2003 Ille
1011 1946 1278 2002 mercedis
1315 1945 1466 2000 lucro
1490 1947 1700 2000 varium
1720 1945 1823 2001 sibi

240 2052 411 2109 pecus
434 2037 680 2105 abstulit;
719 2039 970 2094 Christus
999 2039 1332 2095 diversarum
1374 2037 1610 2109 gentium
1641 2038 1821 2093 varie-

244 2138 413 2185 tatem
441 2129 659 2185 sibimet
679 2123 1043 2202 congregavit.
1074 2129 1166 2184 Ille
1196 2138 1305 2186 tres
1329 2130 1509 2201 virgas
1535 2131 1824 2201 amputatis

242 2219 542 2275 corticibus
569 2219 626 2273 in
667 2219 830 2274 alveis
858 2234 1117 2288 aquarum
1142 2219 1406 2288 opposuit,
1437 2226 1498 2272 ut
1542 2219 1599 2272 in
1637 2234 1824 2274 earum

242 2307 700 2379 contemplatione
736 2307 1218 2379 multiplicarentur
1260 2308 1377 2375 ejus
1417 2321 1576 2372 oves;
1616 2316 1671 2361 et
1714 2307 1823 2362 Do—

243 2399 426 2454 minus
455 2406 642 2453 noster
687 2397 742 2452 in
792 2411 931 2467 aqua
966 2396 1304 2466 baptismatis
1333 2394 1439 2450 tria
1472 2407 1825 2464 personarum

243 2491 488 2553 nomina,
519 2488 716 2554 Patris,
738 2495 794 2543 et
817 2487 962 2553 Filii,
1000 2495 1056 2541 et
1095 2485 1330 2555 Spiritus
1379 2485 1583 2550 sancti,
1628 2484 1826 2554 populo

247 2577 390 2634 ﬁdeli
416 2577 718 2649 proposuit,
739 2585 798 2631 ut
816 2575 1060 2647 quisquis
1085 2576 1188 2629 hoc
1227 2574 1386 2645 pleno
1420 2575 1584 2631 corde
1607 2589 1827 2644 perspe-

244 2671 410 2735 xerit,
432 2669 696 2725 eﬂiciatur
721 2669 838 2725 ovis
861 2667 977 2724 Dei.

316 2760 447 2816 Post
474 2759 686 2830 longam
717 2759 881 2831 igitur
916 2757 1250 2824 servitutem,
1284 2769 1445 2828 quam
1496 2755 1661 2813 Iacob
1687 2758 1826 2828 apud

245 2865 496 2908 socerum
527 2865 682 2906 suum
723 2864 822 2920 pro
845 2849 1100 2905 uxoribus
1132 2849 1217 2904 vel
1243 2863 1342 2918 pro
1381 2849 1630 2904 mercede
1660 2849 1825 2903 susti-

246 2943 384 3008 nuit,
415 2943 670 3012 praecepit
707 2942 756 2996 ei
788 2941 928 2996 Deus
974 2949 1034 2995 ut
1085 2947 1454 2994 reverteretur
1482 2939 1550 2993 ad
1596 2938 1826 3008 patriam

247 3047 421 3089 suam.
453 3033 624 3098 Tunc,
651 3032 930 3102 ignorante
954 3045 1145 3086 socero
1157 3045 1276 3097 suo,
1292 3046 1416 3086 cum
1431 3030 1689 3086 uxoribus
1713 3030 1826 3085 suis

245 3121 573 3193 preparavit.
612 3095 806 3175 'Laban
855 3128 1036 3174 autem
1091 3095 1412 3174 consecutus
1469 3125 1552 3173 est
1594 3131 1715 3172 eum
1768 3118 1823 3171 in
1851 3095 1896 3158 Ο

246 3220 431 3267 monte
451 3210 655 3265 Galaad
682 3224 802 3263 cum
842 3209 1045 3272 furore,
1069 3216 1228 3277 atque
1269 3209 1432 3274 idola,
1457 3223 1578 3278 quae
1625 3207 1824 3263 Rachel

247 3301 544 3368 iuraverat,
575 3301 716 3371 apud
748 3315 870 3354 eum
901 3301 1218 3369 requisivit,
1279 3314 1380 3356 nec
1419 3300 1637 3369 reperit.
1688 3298 1825 3365 Quid

246 3405 378 3462 ergo
429 3392 532 3447 sibi
582 3393 684 3446 hoc
726 3391 900 3461 ipsum
936 3390 1232 3461 ﬁguraliter
1289 3390 1461 3456 velit,
1512 3390 1821 3444 videndum.

246 3487 388 3542 Dum
412 3487 558 3542 enim
587 3485 770 3541 Laban
815 3486 1060 3556 superius
1100 3485 1260 3540 aliam
1299 3490 1454 3562 gerat
1505 3496 1822 3552 personam,

244 3589 393 3634 nunc
425 3586 605 3630 tamen
643 3575 839 3630 diaboli
875 3584 1061 3645 typum
1092 3574 1306 3644 ﬁgurat.

317 3667 504 3723 Laban
549 3666 747 3737 quippe
781 3665 1166 3735 interpretatur
1219 3663 1503 3719 dealbatio.
1551 3663 1828 3718 Dealbatio

244 3767 429 3813 autem
465 3755 706 3812 diabolus
757 3771 864 3810 non
898 3756 1338 3812 inconvenienter
1384 3756 1667 3825 accipitur,
1703 3755 1829 3825 quia

245 3861 374 3902 cum
403 3845 473 3900 sit
498 3845 814 3900 tenebrosus
851 3858 919 3899 ex
949 3845 1143 3900 merito
1169 3885 1184 3911 ,
1229 3844 1568 3914 transﬁgurat
1597 3861 1650 3897 se
1693 3842 1830 3897 velut

246 3933 494 4006 angelum
527 3933 658 3988 lueis
688 3931 770 4004 (11
819 3931 940 3988 Cor.
973 3933 1074 4004 χι).
1117 3933 1253 3989 Huic
1289 3934 1511 3988 servivit
1557 3933 1746 3998 Iacob,
1773 3933 1828 3988 id

246 4034 351 4089 est,
378 4040 447 4080 ex
467 4033 621 4093 parte
659 4025 1010 4095 reproborum
1041 4024 1294 4081 Iudaicus
1346 4025 1591 4095 populus,
1620 4040 1687 4080 ex
1731 4041 1826 4081 cu-

245 4117 333 4186 jus
360 4130 527 4171 carne
571 4115 887 4171 incarnatus
936 4116 1196 4171 Dominus
1224 4117 1388 4172 venit.
1440 4116 1625 4172 Potest
1666 4116 1830 4171 etiam

249 4224 346 4279 per
377 4207 564 4262 Laban
585 4207 820 4263 mundus
847 4207 935 4263 hic
961 4208 1213 4277 exprimi.
1243 4207 1346 4275 Qui
1375 4223 1498 4264 cum
1523 4208 1707 4264 furore
1733 4207 1829 4262 Ia-

249 4299 351 4354 cob
375 4297 643 4367 sequitur,
667 4297 794 4367 quia
822 4297 1021 4353 electos
1046 4312 1306 4367 quosque,
1332 4299 1426 4370 qui
1455 4298 1830 4369 Redemptoris

249 4391 425 4447 nostri
455 4390 858 4445 membrasunt
876 4429 890 4455 ,
933 4389 1305 4460 persequendo
1329 4390 1633 4460 opprimere
1661 4404 1826 4445 cona-

249 4491 359 4537 tur.
411 4479 579 4549 Hujus
608 4479 795 4546 ﬁliam,
819 4480 872 4534 id
910 4490 1011 4545 est,
1048 4495 1144 4536 seu
1174 4481 1404 4548 mundi,
1468 4482 1580 4536 sive
1609 4481 1827 4547 diaboli,

249 4572 420 4629 Iacob
445 4571 686 4638 abstulit,
714 4586 838 4627 cum
858 4569 1105 4626 Christus
1147 4572 1250 4627 sibi
1277 4571 1572 4628 Ecclesiam
1602 4570 1829 4640 conjun-

250 4663 349 4718 xit.
381 4661 555 4728 Quam
579 4670 634 4717 et
658 4662 726 4717 de
748 4665 907 4716 domo
940 4660 1117 4715 Patris
1168 4661 1430 4729 abstulit,
1484 4662 1608 4731 quia
1632 4662 1682 4716 ei
1736 4677 1832 4732 per

248 4750 580 4820 Prophetam
608 4749 803 4805 dicitur
833 4769 846 4803 :
881 4748 1190 4804 Obliviscere
1210 4749 1459 4818 populum
1480 4759 1712 4817 tuum,et
1739 4751 1834 4804 do-

247 4863 396 4900 mum
428 4845 592 4916 patris
618 4845 694 4898 tui
724 4842 895 4916 (Psal.
928 4844 1098 4916 xuv).
1129 4845 1267 4911 Quid
1293 4860 1422 4901 vero
1443 4847 1498 4900 in
1518 4845 1692 4912 idolis,
1723 4846 1828 4900 nisi

248 4937 481 4991 avaritia
513 4936 860 5007 designatur?
898 4935 1053 4994 Unde
1099 4944 1156 4990 et
1199 4951 1293 5006 per
1332 4937 1556 4992 Paulum
1592 4938 1825 4993 dicitur:

251 5027 320 5081 Et
351 5028 598 5093 avaritia,
630 5043 747 5099 qua:
775 5036 850 5082 est
875 5027 1139 5082 idolorum
1175 5029 1392 5082 servitus
1422 5026 1558 5100 (Col.
1588 5029 1690 5100 ιιι).
1721 5027 1826 5082 La-

251 5116 356 5172 ban
384 5131 513 5186 ergo
555 5119 775 5172 veniens
799 5120 941 5188 apud
990 5117 1156 5174 Iacob
1199 5118 1398 5174 idolum
1445 5136 1551 5175 non
1601 5121 1828 5187 invenit,

253 5207 380 5275 quia
413 5208 646 5263 ostensis
669 5210 856 5262 mundi
902 5211 1168 5266 thesauris
1201 5211 1443 5267 diabolus
1499 5213 1553 5266 in
1597 5213 1828 5267 Redem-

251 5307 410 5369 ptore
439 5305 628 5354 nostro
647 5299 870 5370 vestigia
897 5301 1341 5371 concupiscentiae
1362 5311 1589 5357 terrenae
1613 5317 1719 5356 non
1751 5317 1833 5358 re-

250 5389 427 5460 perit;
477 5390 571 5444 sed
591 5405 711 5460 quae
735 5388 903 5446 Iacob
929 5405 1035 5445 non
1064 5391 1270 5458 habuit,
1293 5407 1357 5447 ea
1375 5391 1576 5448 Rachel
1602 5393 1833 5447 sedendo

252 5482 556 5550 cooperuit.

326 5570 431 5626 Per
463 5572 663 5628 Rachel
693 5575 915 5643 quippe,
947 5589 1065 5643 qua:
1102 5574 1207 5628 ovis
1244 5573 1340 5627 Dei
1367 5573 1563 5628 dicitur
1588 5615 1601 5638 ,
1651 5573 1834 5628 Eccle-

255 5667 339 5715 Ita
359 5657 641 5731 ﬁguratur.
682 5663 888 5717 Sedere
914 5672 1113 5728 autem,
1144 5672 1223 5718 est
1273 5664 1626 5719 humilitatem
1659 5665 1834 5734 paeni-

653 5759 938 5818 Ρλτιιοι.
987 5755 1153 5818 CXI.

1854 4439 1908 4501 D

1920 1857 2228 1912 Iudaeorum
2255 1865 2406 1926 typo,
2430 1857 2534 1910 hoc
2558 1863 2662 1921 est,
2692 1856 2747 1910 in
2775 1855 3019 1925 corporis
3048 1856 3128 1910 sui
3156 1855 3339 1910 sobole
3375 1869 3513 1924 prte-

1922 1952 2157 2008 valuisse
2192 1951 2303 2005 Deo
2335 1991 2350 2014 ,
2396 1958 2452 2003 et
2474 1950 2627 2019 quasi
2657 1965 2781 2004 cum
2823 1950 3061 2014 inﬁrmo,
3091 1949 3168 2002 ita
3193 1963 3316 2002 cum
3347 1963 3512 2002 carne

1923 2042 2040 2110 ejus
2069 2041 2339 2096 luctamen
2371 2039 2527 2103 inire,
2552 2047 2606 2093 et
2629 2037 2961 2094 invalescere
3008 2039 3064 2092 in
3099 2038 3350 2107 passione
3373 2035 3510 2105 ejus,

1924 2132 2067 2185 sicut
2113 2131 2373 2200 scriptum
2417 2137 2503 2183 est
2528 2143 2650 2183 cum
2681 2128 2962 2183 dicerent:
2993 2127 3272 2197 Cruciﬁge.
3327 2127 3394 2180 Et
3434 2136 3516 2179 ta-

1923 2234 2048 2276 men
2069 2217 2236 2275 Iacob
2266 2219 2333 2273 ab
2370 2218 2562 2274 eodem
2591 2218 2779 2288 angelo
2826 2217 3256 2273 benedictionem
3280 2257 3295 2281 ,
3353 2232 3513 2286 quem

1924 2311 2100 2365 victor
2142 2315 2516 2378 superaverat,
2550 2307 2876 2377 impetravit.
2932 2305 3096 2375 Cujus
3141 2307 3377 2362 nominis
3416 2307 3515 2361 im—

1925 2399 2123 2471 positio
2151 2399 2338 2468 utique
2369 2397 2679 2454 benedictio
2727 2397 2847 2451 fuit.
2901 2395 3294 2467 Interpretatur
3334 2405 3515 2450 autem

1926 2492 2109 2557 Israel,
2135 2492 2309 2546 videns
2333 2491 2538 2545 Deum:
2569 2488 2712 2559 quod
2737 2489 2844 2545 erit
2877 2489 2930 2544 in
2957 2488 3064 2544 ﬁne
3091 2488 3373 2558 przemium
3395 2503 3516 2544 sano

1927 2592 2137 2640 ctorum
2165 2583 2429 2638 omnium.
2460 2581 2660 2652 Tetigit
2711 2581 2786 2635 illi
2817 2565 2979 2652 porro
3014 2581 3157 2636 idem
3185 2581 3406 2652 angelus
3431 2581 3514 2634 la-

1927 2675 2210 2729 titudinem
2236 2673 2479 2739 femoris,
2506 2683 2560 2728 et
2594 2673 2844 2728 claudum
2872 2671 3135 2738 reddidit;
3185 2673 3370 2740 sicque
3398 2681 3518 2726 erat

1927 2782 2067 2823 unus
2093 2776 2253 2837 atque
2283 2767 2426 2821 idem
2468 2764 2632 2822 Iacob
2660 2767 2982 2821 benedictus
3017 2775 3073 2821 et
3120 2765 3377 2821 claudus:
3410 2767 3510 2820 he-

1928 2860 2177 2914 nedictus
2207 2859 2262 2913 in
2292 2859 2377 2913 his
2408 2858 2500 2928 qui
2554 2859 2608 2912 in
2647 2858 2924 2914 Christum
2970 2875 3038 2914 ex
3094 2859 3282 2914 eodem
3317 2859 3517 2928 populo

1929 2950 2311 3014 crediderunt;
2347 2955 2508 3019 atque
2549 2948 2602 3002 in
2643 2947 2949 3004 inﬁdelibus
2992 2947 3236 3003 claudus.
3295 2948 3430 3002 Nam
3461 2950 3514 3002 in

1930 3039 2151 3095 femoris
2214 3053 2378 3093 nervo
2423 3037 2674 3093 valetudo
2727 3039 2940 3108 generis
2989 3047 3044 3092 et
3085 3038 3371 3092 multitudo
3411 3047 3514 3092 est.

1927 3131 2115 3187 Plures
2135 3131 2334 3200 quippe
2364 3137 2487 3184 sunt
2509 3129 2563 3182 in
2589 3128 2776 3197 stirpe,
2806 3128 2899 3197 qui
2924 3128 3309 3197 degenerantes
3347 3140 3378 3180 a
3412 3125 3517 3182 ﬁde

1923 3231 2160 3294 patrum,
2191 3231 2246 3276 et
2279 3238 2307 3274 a
2334 3220 2620 3289 praeceptis
2650 3220 2732 3274 sui
2756 3221 2992 3274 auctoris
3022 3220 3318 3284 deviantes,
3352 3220 3406 3272 in
3433 3235 3516 3273 er-

1927 3327 2052 3368 rore
2093 3313 2176 3368 sui
2221 3310 2444 3365 seminis
2471 3309 2808 3374 claudicant;
2847 3309 2914 3364 de
2951 3309 3147 3379 quibus
3202 3309 3518 3378 prophetico

1924 3402 2240 3471 praedictum
2282 3410 2414 3454 est:
2471 3399 2539 3453 Et
2588 3399 3011 3452 claudicaverunt
3056 3415 3089 3450 a
3148 3400 3344 3452 semitis
3403 3400 3514 3451 suis

1927 3489 2100 3562 (Psal.
2127 3490 2284 3560 xvn).
2326 3489 2428 3554 Qui
2459 3498 2640 3543 tamen
2662 3488 2890 3558 populus
2913 3497 3034 3557 post
3063 3489 3224 3544 tactis
3255 3488 3357 3545 sibi
3384 3489 3515 3542 viri-

1927 3584 2029 3638 bus
2054 3596 2162 3636 non
2187 3580 2359 3635 solum
2391 3579 2674 3645 claudicat,
2705 3571 2800 3634 sed
2848 3589 2904 3634 et
2952 3580 3230 3648 torpescit,
3257 3594 3326 3634 ne
3374 3579 3519 3634 ultra

1922 3671 2034 3741 jam
2063 3684 2324 3741 generare
2349 3667 2487 3723 ﬁlios
2507 3669 2696 3738 possit.
2721 3670 2960 3738 Denique
2989 3670 3132 3737 quod
3157 3669 3352 3740 adjecit
3371 3669 3514 3724 idem

1929 3763 2237 3832 patriarcha
2277 3760 2478 3814 vidisse
2505 3773 2566 3814 se
2595 3759 2762 3813 Deum
2795 3757 2934 3813 facie
2981 3759 3047 3812 ad
3099 3757 3294 3814 faciem
3319 3798 3335 3824 ,
3391 3773 3515 3812 cum

1930 3855 2174 3923 superius
2195 3853 2369 3906 virum
2400 3865 2583 3905 secum
2613 3859 2798 3904 narrat
2824 3849 2992 3904 fuisse
3037 3850 3320 3915 iuctatum,
3353 3849 3408 3903 id
3440 3851 3517 3904 si-

1929 3943 2150 4016 gniﬁcat
2171 3943 2298 4012 quia
2331 3942 2473 3995 idem
2500 3941 2643 3995 Deus
2660 3941 2823 3995 homo
2852 3948 2972 3994 erat
2999 3939 3234 4006 futurus,
3263 3939 3357 4009 qui
3394 3953 3518 3994 cum

1930 4035 2096 4091 Iacob
2123 4033 2321 4104 pepulo
2349 4033 2664 4088 luctaretur.

1930 4141 1946 4183 ιι
2001 4125 2158 4189 Dina,
2183 4139 2304 4192 qua:
2336 4121 2656 4177 transfertur
2683 4122 2740 4174 in
2795 4138 3051 4186 causam;
3094 4120 3257 4192 jurgii
3284 4121 3429 4175 enim
3452 4122 3508 4175 in

1933 4216 2187 4273 Sichimis
2212 4230 2380 4270 causa
2408 4215 2634 4269 exstitit.
2666 4213 2793 4270 Haec
2819 4215 3038 4284 quippe,
3079 4223 3140 4268 ut
3163 4213 3416 4268 mulieres
3437 4215 3519 4267 vi-

1932 4308 2085 4362 deret
2112 4312 2390 4358 extraneze
2416 4303 2676 4372 regionis,
2705 4304 3000 4372 egreditur,
3028 4301 3242 4372 quando
3262 4317 3519 4371 unaquae-

1933 4413 2039 4468 que
2087 4410 2260 4461 mens,
2304 4409 2403 4450 sua
2437 4394 2614 4449 studia
2666 4393 2959 4464 negligens,
3017 4394 3256 4448 actiones
3316 4393 3518 4449 alienas

1938 4506 2154 4555 curans,
2207 4497 2360 4543 extra
2401 4489 2643 4543 habitum
2692 4496 2855 4558 atque
2903 4496 3055 4543 extra
3100 4487 3344 4543 ordinem
3394 4503 3519 4556 pro-

1937 4581 2117 4652 prium
2141 4586 2416 4650 evagatur.
2441 4577 2615 4644 Quam
2638 4577 2859 4632 Sichem
2884 4578 3140 4647 princeps
3161 4584 3318 4631 terrm
3342 4576 3522 4646 oppri-

1939 4673 2060 4736 mit,
2087 4670 2213 4740 quia
2264 4669 2514 4724 videlicet
2540 4669 2803 4723 intentam
2837 4668 2983 4723 curis
3017 4667 3376 4724 exterioribus
3403 4668 3516 4721 dia-

1939 4762 2094 4818 bolus
2114 4761 2428 4829 corrumpit.
2485 4758 2556 4812 Et
2584 4759 2911 4829 agglutinata
2935 4767 3011 4812 est
3054 4758 3230 4812 anima
3257 4756 3371 4826 ejus
3399 4773 3518 4810 cum

1935 4870 1996 4908 ea
2023 4849 2174 4924 (Gen.
2199 4851 2408 4922 XXXIV),
2435 4849 2561 4919 quia
2583 4851 2795 4905 unitam
2821 4850 2924 4904 sibi
2952 4863 3052 4917 per
3078 4847 3416 4919 iniquitatem
3440 4861 3521 4901 re-

1935 4945 2114 5014 spuit;
2157 4950 2214 4997 et
2249 4942 2374 5010 quia
2403 4956 2528 4996 cum
2550 4955 2702 4995 mens
2732 4956 2763 4994 a
2807 4939 2963 5008 culpa
3007 4938 3293 5007 resipiscit,
3342 4934 3513 4991 atﬁci-

1937 5035 2110 5098 citur;
2143 5041 2306 5102 atque
2328 5032 2621 5088 admissum
2651 5029 2780 5084 ﬁere
2794 5036 3041 5094 cenatur,
3066 5029 3275 5082 tristem
3301 5025 3515 5081 blandiv

1936 5125 2026 5178 tiis
2057 5122 2203 5177 falsae
2227 5122 2340 5192 spei
2369 5117 2572 5176 delinit.
2601 5121 2760 5176 Zelus
2789 5135 2947 5190 quem
2973 5119 3278 5174 habuerunt
3306 5117 3400 5178 ﬁlii
3423 5115 3511 5169 Ia-

1938 5215 2038 5268 cob
2097 5212 2149 5266 in
2195 5211 2504 5266 ulciscendo
2545 5219 2732 5280 stupro
2791 5210 2994 5264 sororis
3038 5223 3166 5268 sua}.
3234 5205 3514 5261 moraliter

1936 5310 2241 5359 commonet
2285 5310 2528 5371 pastores
2564 5301 2819 5366 ﬁdelium,
2853 5309 3118 5369 quatenus
3139 5300 3373 5354 habeant
3420 5312 3515 5351 cu-

1937 5409 2053 5447 ram
2074 5392 2375 5446 animarum
2417 5390 2518 5445 sibi
2553 5391 2984 5454 commissarum,
3025 5405 3092 5444 ne
3124 5389 3387 5442 violenter
3421 5395 3514 5443 aut

1937 5483 2204 5554 corporali
2241 5482 2460 5548 delicto,
2487 5490 2580 5536 aut
2609 5481 2959 5537 fornicatione
3003 5480 3231 5550 spiritali
3267 5479 3511 5550 polluan-

1939 5585 2068 5640 tur;
2114 5574 2398 5643 paratique
2443 5573 2552 5626 sint
2600 5574 2698 5643 ipsi
2739 5587 2968 5641 semper,
3021 5571 3311 5627 secundum
3361 5568 3508 5637 Apo-

1941 5665 2160 5728 stolum,
2211 5664 2398 5717 ulcisci
2445 5678 2658 5717 omnem
2705 5662 3120 5719 inobedientiam
3171 5659 3507 5714 resistentem

2959 5757 2997 5813 2
