3896 6334
436 330 504 389 43
1072 334 1132 390 Β.
1174 333 1427 391 RABANI
1467 331 1686 390 MAURI
1722 330 2006 388 ARClllEF

2114 307 2394 390 locum.
2434 328 2720 388 opnnuu
2754 327 2935 384 rans
2973 326 3036 382 ιι.
3620 323 3696 383 tt

436 447 652 503 veritati
675 487 691 512 ,
743 453 904 514 atque
957 444 1534 501 excommunicationis
1585 443 1762 514 gladio
1815 443 2015 498 feriant
2040 449 2093 508 Α
2119 445 2244 513 quia
2277 442 2649 513 mandragoris
2680 441 2776 498 ﬁlii
2818 443 2905 497 sui
2933 441 3122 497 Ruben
3149 439 3433 500 introitum
3457 437 3582 507 viri,
3605 440 3697 511 qui

438 544 776 609 stupratorei.
887 549 957 590 ne
1012 549 1112 606 pro
1163 541 1314 589 tanto
1369 535 1686 591 eommisso‘
1718 532 2015 604 impunitus

435 630 647 684 evadat.

504 719 718 786 Ruben,
752 718 1145 790 primogenitus
1195 716 1430 783 lsraelis,
1484 717 1576 788 qui
1628 718 2017 786 interpretatur

432 811 644 872 uisionis
668 809 847 880 ﬁlius;
869 810 951 867 sic
969 810 1116 866 enim
1144 809 1364 880 quando
1389 823 1513 864 eum
1542 808 1751 880 peperit
1770 807 1888 873 Lia,
1917 820 2016 861 vo-

432 905 578 960 cavit
607 919 803 960 nomen
831 903 946 974 ejus
1005 902 1220 968 Ruben,
1280 902 1505 958 dieens:
1536 900 1674 967 Quia
1701 899 1824 955 vidit
1872 898 2016 953 Deus

430 994 777 1049 humilitatem
809 1010 978 1048 meam
1032 991 1186 1064 (Gen.
1216 991 1396 1064 xxix),
1432 991 1693 1062 populum
1744 987 2017 1060 signiﬁcat

427 1083 758 1149 Iudaeorum,
813 1084 906 1154 qui
951 1084 1120 1138 Deum
1156 1082 1554 1153 quodammodo
1593 1081 1743 1147 vidit,
1776 1081 1879 1136 hoc
1907 1087 2013 1146 est,

428 1176 648 1246 agnovit
688 1191 785 1246 per
834 1174 1200 1244 acceptioncm
1235 1173 1404 1244 legis;
1451 1173 1546 1228 sed
1585 1172 1807 1227 violavit
1840 1170 2017 1226 cubile

428 1266 521 1320 Dei
544 1265 741 1328 Patris,
774 1263 989 1334 quando
1008 1278 1243 1326 carnem,
1273 1278 1437 1332 quam
1462 1263 1564 1318 sibi
1589 1261 1838 1316 Christus
1873 1262 2013 1317 asci-

426 1363 599 1420 verat,
645 1353 872 1409 conﬁxit
921 1353 976 1409 in
1006 1353 1248 1423 patibulo
1287 1353 1486 1410 crucis.
1530 1351 1704 1406 Aliter
1745 1351 2016 1424 signiﬁcat

424 1445 654 1503 electum
697 1446 952 1517 populum
1001 1462 1068 1501 ex
1121 1445 1338 1511 Judzeis,
1395 1445 1484 1500 cui
1519 1445 1703 1499 divina
1735 1443 2015 1499 miseratio

422 1535 653 1592 contulit
709 1545 769 1591 ut
830 1536 920 1607 qui
988 1535 1159 1590 Deum
1234 1535 1478 1606 negando
1539 1543 1595 1588 et
1655 1533 2014 1605 cruciﬁgendo

422 1635 638 1683 natorum
684 1628 845 1683 morti
893 1627 1132 1698 seipsum
1201 1627 1509 1694 addixerat,
1551 1634 1906 1696 compunctus
1946 1623 2016 1678 ad

422 1720 863 1788 praedicationem
887 1727 1200 1775 sanctorum
1265 1718 1656 1788 apostolorum,
1700 1717 1902 1774 erroris
1929 1716 2013 1773 sui

417 1811 796 1878 paenitentiam
831 1817 1015 1882 ageret
1036 1818 1090 1864 et
1110 1825 1176 1863 ex
1207 1809 1312 1863 ﬁde
1338 1809 1560 1862 viveret.

490 1901 710 1957 Simeon
759 1904 1151 1972 interpretatur
1179 1900 1423 1970 auditio;
1453 1902 1531 1956 sic
1561 1907 1703 1956 enim
1735 1901 1872 1956 dixit
1895 1901 2012 1967 Lia,

419 1993 632 2062 quando
697 1993 907 2062 peperit
959 2007 1084 2047 eum
1136 2008 1150 2044 :
1205 1989 1344 2056 Quia
1408 1992 1672 2046 exaudivit
1724 2008 1806 2046 me
1869 1991 2015 2046 Deus

417 2084 572 2156 (Gen.
613 2086 784 2156 xxix).
840 2083 939 2138 Hic
983 2082 1196 2138 scribas
1249 2083 1498 2152 designat
1545 2079 1876 2149 Iudaeorum,
1918 2083 2013 2152 qui

417 2182 745 2244 acceperunt
797 2173 1015 2242 quidem
1061 2186 1249 2225 vocem
1274 2171 1395 2236 Dei,
1445 2181 1717 2241 praecepta
1741 2173 1878 2244 legis
1909 2173 2012 2229 sibi

415 2267 722 2321 tradentem
741 2307 756 2330 ,
810 2264 904 2318 sed
935 2263 990 2317 in
1015 2261 1202 2317 furore
1229 2277 1329 2317 suo
1352 2262 1670 2317 occiderunt
1693 2264 2006 2334 prophetas,

413 2366 469 2415 et
492 2359 544 2412 in
560 2356 744 2413 dolore
758 2370 856 2410 suo
870 2353 1207 2410 suﬂ’oderunt
1223 2353 1414 2407 ﬁxuris
1433 2352 1712 2407 clavorum
1733 2352 2010 2408 Christum

414 2447 786 2505 ﬁrmissimum
816 2460 1055 2510 murum,
1084 2444 1138 2499 in
1164 2459 1273 2515 quo
1299 2443 1585 2500 credentes
1611 2443 1791 2500 stabili
1814 2444 2010 2499 robore

413 2553 531 2594 cem
541 2536 874 2592 muniuntur.

482 2631 634 2696 Levi,
672 2631 765 2700 qui
811 2618 1203 2700 interpretatur
1237 2627 1474 2693 additus,
1525 2635 1716 2683 auctor
1747 2633 1804 2682 et
1833 2626 2007 2698 ﬁgura

411 2731 495 2779 est
557 2723 862 2792 principum
907 2722 1252 2776 sacerdotum
1283 2721 1375 2790 qui
1398 2719 1686 2774 Dominum
1717 2720 2005 2775 cruciﬁxe-

411 2823 555 2870 runt.
592 2813 764 2868 Aliter
810 2812 939 2866 Levi
973 2811 1245 2880 signiﬁcat
1279 2813 1509 2866 chorum
1547 2810 1902 2881 apostolicum
1953 2817 2008 2864 et

409 2906 723 2960 universum
776 2911 1082 2974 martyrum
1111 2903 1429 2965 exercitum,
1457 2915 1559 2956 nec
1585 2917 1690 2955 non
1723 2910 1778 2956 et
1801 2907 2006 2972 marty-

410 3012 530 3050 rum
562 3003 760 3064 caput;
795 2994 1054 3064 omnique
1079 2993 1258 3049 ordini
1283 2991 1651 3063 perfectorem
1681 2993 1783 3047 ista
1813 2992 2004 3046 dicun-

409 3097 516 3152 tur,
564 3088 655 3156 qui
692 3086 1083 3157 perfectionem
1129 3083 1415 3140 charitatis
1442 3083 1738 3139 morientes
1765 3099 1868 3154 pro
1900 3083 2005 3138 Do—

408 3179 556 3234 mino
581 3148 938 3249 impleverunt
965 3195 980 3245 ;
1027 3187 1083 3233 et
1132 3177 1582 3233 abrenuntiantes
1607 3148 1860 3232 omnibus
1885 3174 2004 3231 cul-
2033 3148 2078 3211 C

407 3287 530 3326 men
564 3271 824 3326 doctrinae
868 3269 1196 3342 evangelica:
1256 3270 1493 3326 assecuti
1542 3277 1690 3336 sunt,
1745 3277 2008 3338 tanquam

405 3363 522 3417 veri
557 3361 759 3418 Levitae
787 3378 892 3418 non
924 3362 1190 3417 habentes
1221 3370 1436 3432 partem
1461 3361 1516 3415 in
1557 3368 1723 3427 terra,
1765 3362 1860 3430 sed
1884 3375 2008 3416 cum

405 3453 681 3522 Propheta
719 3454 959 3508 dicentes
993 3469 1006 3505 :
1055 3451 1316 3506 Dominus
1357 3467 1479 3521 pars
1501 3451 1824 3506 Itwreditatis
1880 3467 2008 3506 mea:

406 3549 580 3622 (Psal.
633 3549 746 3621 xv).
792 3549 945 3604 Unde
995 3547 1210 3617 Moyses
1241 3547 1294 3600 in
1343 3545 1720 3601 benedictione
1776 3543 1902 3597 Levi
1940 3543 2008 3597 ad

404 3640 694 3695 Dominum
718 3640 794 3693 ait
820 3657 831 3692 :
854 3635 1119 3708 Perfectio
1141 3646 1233 3691 tua
1255 3645 1304 3690 et
1326 3636 1567 3690 doctrina
1589 3643 1682 3688 tua
1700 3634 1808 3689 viro
1826 3642 2006 3688 sancto

407 3740 517 3795 tuo,
542 3747 694 3801 quem
717 3729 947 3800 probasti
971 3729 1027 3782 in
1050 3727 1361 3791 tentalione,
1385 3734 1433 3777 et
1462 3723 1722 3793 judicasti
1745 3723 1813 3777 ad
1839 3739 2006 3793 aquas

407 3821 840 3878 contradictionis
883 3820 1066 3890 (Deut.
1100 3816 1318 3888 xxxiii).
1351 3815 1603 3870 Teutalus
1624 3823 1708 3870 est
1733 3815 1880 3870 enim
1921 3816 2008 3869 vir

408 3910 513 3963 istc
567 3892 810 3972 sanctus,
863 3915 923 3968 ut
979 3905 1272 3976 Apostolus
1330 3904 1426 3969 ait,
1478 3920 1570 3974 per
1624 3905 1800 3957 omnia
1865 3902 2004 3975 [pro]

405 4000 773 4064 similitudine,
795 4005 1005 4068 excepto
1034 4006 1244 4067 peccato
1272 3994 1429 4066 (Ileb.
1461 3994 1556 4064 iv).
1584 3993 1690 4049 Sed
1712 3994 2006 4048 maximam

406 4092 455 4145 ei
486 4099 614 4144 tunc
645 4089 893 4145 diabolus
922 4088 1279 4144 tentationem
1304 4085 1506 4152 intulit,
1543 4100 1662 4140 cum
1689 4087 1742 4139 in
1769 4085 1885 4154 ejus
1912 4102 2005 4140 ne-

406 4196 523 4236 cem
545 4180 852 4235 Judteorum
878 4180 1088 4234 animos
1111 4186 1259 4232 tanta
1281 4177 1644 4231 obstinatione
1657 4177 1932 4241 excitavit,
1950 4185 2008 4229 ut

413 4287 601 4325 omnes
625 4287 732 4325 una
783 4284 915 4324 voce
941 4271 1188 4324 dicerent
1209 4287 1219 4321 :
1241 4267 1474 4336 Sanguis
1505 4269 1620 4338 ejus
1644 4284 1799 4338 super
1839 4285 1935 4321 nos
1957 4276 2004 4321 et

407 4379 562 4432 super
582 4361 720 4428 ﬁlios
743 4368 948 4413 nostros
971 4356 1191 4430 (Matth.
1217 4358 1414 4429 xxvu).
1431 4357 1600 4426 Aqua:
1619 4357 1766 4412 enim
1795 4365 2007 4412 contra-

407 4447 660 4509 dictionis
680 4450 862 4520 populi
884 4457 1010 4505 sunt
1033 4447 1365 4515 Iudaeorum,
1395 4449 1485 4517 qui
1512 4449 1860 4505 inundatione
1888 4466 2004 4520 per--

407 4543 749 4598 sccutionum
791 4547 979 4596 contra
1011 4540 1288 4594 Christum
1317 4547 1373 4593 et
1399 4548 1618 4594 sanctos
1645 4539 1760 4609 ejus
1811 4557 1998 4597 surre-

406 4643 622 4689 xerunt.

474 4722 611 4778 Juda
652 4720 909 4791 confessio
941 4719 1161 4784 dicitur,
1195 4720 1318 4789 quia
1376 4721 1592 4790 quando
1628 4736 1751 4775 cum
1791 4724 2002 4791 peperit

404 4813 522 4880 Lia,
545 4813 759 4868 laudem
783 4811 1014 4866 Domino
1044 4810 1250 4875 retulit,
1275 4811 1462 4866 dicens
1495 4829 1507 4864 :
1546 4811 1703 4866 Nunc
1725 4831 1880 4884 super
1902 4816 1996 4867 hoc

405 4905 693 4975 conﬁtebor
742 4904 968 4957 Domino
1009 4899 1164 4975 (Gen.
1209 4902 1383 4973 xxix),
1423 4903 1475 4957 id
1506 4911 1610 4968 est,
1641 4904 1844 4975 gratias
1875 4921 1992 4976 ago.

403 4996 507 5052 llic
555 4993 826 5066 signiﬁcat
880 4991 1180 5056 Christum,
1244 4993 1337 5062 qui
1387 4993 1439 5046 in
1509 4995 1672 5048 cubili
1738 4995 1992 5064 sepulcri,

406 5086 561 5156 quasi
591 5085 676 5140 leo
697 5098 943 5149 securus,
975 5083 1211 5152 quodam
1257 5084 1502 5151 corporis
1536 5099 1725 5140 somno
1767 5087 1990 5155 quievit,

407 5176 730 5243 devictoque
776 5172 972 5227 mortis
1000 5171 1251 5241 imperio,
1280 5180 1403 5240 post
1450 5173 1687 5228 triduum
1715 5176 1951 5230 surrexit
1975 5193 1988 5240 ;

405 5267 500 5337 qui
556 5272 746 5319 contra
802 5263 1142 5320 adversarias
1191 5271 1488 5333 potestates
1543 5264 1596 5318 in
1650 5281 1811 5321 cruce
1861 5283 1992 5321 eon-

404 5356 637 5429 ﬂigens,
713 5363 958 5409 sanctam
1000 5353 1301 5410 Ecclesiam
1332 5395 1347 5422 ,
1402 5371 1564 5423 quam
1621 5356 1688 5411 de
1747 5358 1997 5426 gentibus

404 5445 676 5503 universis
722 5445 791 5498 ad
827 5459 887 5498 se
937 5443 1102 5499 vitem
1149 5460 1334 5500 veram
1391 5446 1648 5517 colligens
1701 5449 1825 5503 vino
1867 5463 1998 5502 san-

406 5539 588 5611 guinis
642 5539 725 5592 sui
782 5537 1022 5605 lavavit,
1093 5541 1306 5596 cunctis
1355 5540 1602 5597 hostibus
1665 5544 1999 5612 superiorem

407 5630 559 5688 fecit.

480 5724 722 5786 lsachar,
753 5727 842 5795 qui
875 5728 1261 5796 interpretatur
1289 5748 1500 5785 ntei'ces.
1538 5734 1646 5785 lloc
1669 5741 1845 5788 autem
1880 5735 1998 5788 ideo

2119 535 2342 590 Racheli
2365 535 2682 600 debebatur,
2717 533 2784 588 ad
2817 548 2874 587 se
2915 541 3122 588 emerat
3159 531 3275 587 Lia.
3315 530 3468 587 Unde
3493 539 3548 587 et
3571 531 3697 588 dum

2119 635 2278 682 natus
2305 632 2470 690 esset,
2501 625 2637 679 dixit
2666 624 2764 678 Lia
2797 640 2810 677 :
2840 623 2996 678 Dedit
3028 623 3170 678 Deus
3209 622 3498 678 mercedem
3527 637 3697 676 meum

2120 721 2272 795 (Gen.
2315 719 2467 793 xxx).
2517 718 2672 774 Hunc
2704 728 2863 788 pater-
2914 717 3085 774 .lacob
3113 717 3169 776 in
3190 714 3562 772 benedictione
3603 729 3698 771 sua

2117 812 2325 868 asinum
2357 811 2543 881 fortem
2567 808 2898 878 nuncupavit
2919 805 3070 880 (Gen.
3100 804 3272 876 lux),
3310 814 3698 876 supponentem

2118 903 2404 959 humerum
2427 904 2584 958 suum
2613 900 2680 955 ad
2707 899 3056 970 portandum,
3085 888 3213 970 quia
3249 897 3306 954 in
3333 895 3518 954 lahore
3543 905 3700 953 terra:

2118 1001 2172 1048 el
2199 991 2460 1048 vehendis
2480 991 2550 1046 ad
2568 1005 2718 1048 mare
2737 1005 2857 1060 quae
2881 991 2939 1046 in
2963 988 3161 1046 ﬁnibus
3185 987 3300 1048 suis
3315 987 3698 1046 nascebantur.

2115 1083 2411 1153 plurimum
2447 1082 2730 1141 laboravit.
2773 1079 3053 1153 Signiﬁcat
3077 1088 3265 1136 autem
3296 1079 3582 1135 ecclesiam
3635 1077 3702 1133 de

2117 1173 2389 1244 gentibus,
2411 1189 2530 1244 quae
2552 1172 2782 1242 subjecit
2798 1173 3088 1231 humerum
3106 1186 3262 1227 suum
3284 1171 3351 1229 ad
3367 1171 3544 1226 crucis
3565 1185 3702 1226 onus

2116 1267 2468 1336 portandum,
2506 1275 2562 1320 et
2608 1264 2677 1319 ad
2701 1263 3032 1335 implendum
3069 1264 3328 1319 mandata
3351 1261 3572 1332 Christi,
3609 1264 3704 1333 qui

2117 1356 2286 1412 dixit:
2314 1355 2512 1430 Iugum
2566 1355 2703 1410 enim
2734 1371 2906 1409 meum
2933 1370 3111 1421 suave,
3133 1363 3180 1409 et
3204 1369 3337 1409 onus
3379 1369 3550 1411 meum
3599 1353 3706 1408 leve

2117 1459 2191 1506 est
2217 1448 2434 1520 (Matth.
2471 1448 2572 1520 xl).

2187 1538 2450 1605 Zabulon,
2479 1538 2571 1611 qui
2601 1538 2993 1608 interpretatur
3013 1538 3397 1605 habitaculum,
3416 1547 3705 1609 propterea

2117 1630 2245 1700 quia
2272 1629 2370 1686 Lia
2416 1630 2530 1702 jam
2557 1644 2747 1685 secura
2779 1629 2848 1684 de
2873 1629 3277 1687 cohabitatione
3319 1628 3494 1686 Iacob
3516 1630 3652 1685 dixit
3677 1646 3703 1684 -:

2119 1723 2390 1778 Habitavit
2435 1724 2512 1777 vir
2534 1739 2679 1777 meus
2728 1738 2929 1778 mecum
2957 1719 3108 1793 (Gen.
3147 1721 3302 1796 xxx).
3329 1721 3428 1778 llic

2042 1798 2091 1859 Β
2119 1817 2417 1873 Ecclesiam
2438 1815 2728 1885 signiﬁcat,
2760 1829 2879 1883 quae
2904 1783 3060 1871 secus
3080 1783 3277 1872 ﬂuctus
3299 1813 3459 1884 hujus

2120 1909 2394 1973 habitans,
2435 1921 2624 1962 omnes
2655 1904 2984 1964 mutationes
3012 1911 3066 1960 et
3096 1885 3341 1964 turbines
3369 1904 3560 1976 saeculi~
3586 1919 3708 1977 sus,-

2119 2001 2258 2056 tinet
2285 2007 2340 2054 et
2369 1999 2424 2054 in
2466 1998 2778 2054 doctoribus
2817 1996 2930 2052 suis
2957 1996 3029 2054 ad
3056 2003 3270 2063 montes
3298 1996 3560 2052 virtutum
3600 1994 3704 2069 [et]

2117 2094 2305 2150 laudes
2326 2091 2555 2147 Domino
2593 2089 2908 2150 referendas
2929 2095 3193 2154 convocat
3213 2088 3438 2159 populos
3461 2089 3708 2147 omnium

2117 2185 2382 2254 gentium.
3252 2168 3257 2171 “

2185 2271 2496 2343 Nephtalim
2523 2285 2735 2340 quoque
2757 2273 3146 2340 interpretatur
3190 2271 3438 2325 Convertit
3477 2287 3580 2338 me,
3616 2271 3708 2330 vel

2115 2363 2355 2423 dilatavit
2391 2379 2495 2426 me,
2538 2361 2621 2416 vel
2654 2371 2789 2415 certe
2821 2360 3079 2431 implicuit
3106 2376 3207 2415 tne.
3241 2361 3318 2418 De
3342 2362 3708 2420 conversione

2115 2453 2230 2508 sive
2261 2452 2666 2522 comparatione
2713 2464 2876 2506 causa
2903 2450 3136 2507 nominis
3167 2449 3282 2518 ejus
3303 2460 3408 2506 est.
3444 2451 3596 2508 Unde
3648 2461 3711 2509 et

2114 2542 2248 2598 dicit
2302 2542 2544 2607 Rachel,
2615 2557 2739 2598 cum
2791 2555 2914 2595 eum
2971 2540 3270 2610 peperisset
3336 2540 3529 2596 ancilla
3585 2543 3710 2613 ejus

2112 2631 2208 2687 Lia
2259 2629 2433 2703 [Bala]
2462 2629 2839 2701 :Comparavit
2898 2647 2978 2684 me
3026 2629 3169 2696 Deus
3198 2647 3316 2686 cum
3350 2648 3529 2687 sorore
3557 2649 3704 2700 mea,

2113 2733 2160 2779 et
2183 2724 2381 2779 invalui
2410 2723 2564 2795 (Gen.
2593 2722 2748 2794 xxx).
2780 2722 2879 2778 Cui
2915 2723 3052 2781 dixit
3077 2723 3298 2793 paterin
3325 2723 3710 2780 benedictione

2111 2829 2208 2870 sua
2239 2832 2252 2866 :
2281 2812 2585 2883 Nephtalim
2625 2829 2804 2868 cervus
2865 2814 3105 2880 emissus,
3161 2815 3293 2869 dans
3333 2814 3536 2886 eloquia
3585 2816 3708 2884 pul-

2111 2903 2425 2960 chritudinis
2471 2902 2620 2976 (Gen.
2676 2904 2848 2974 XLIX).
2901 2905 3048 2972 Sive,
3079 2905 3386 2977 Nephtalim
3430 2924 3554 2978 ager
3579 2908 3709 2962 irri-

2109 3015 2264 3069 guus.
2320 2997 2622 3067 Utrumque
2662 2999 2809 3052 enim
2854 2998 3124 3069 signiﬁcat
3151 2997 3439 3056 llebrmum
3475 3001 3707 3056 verbum

2110 3088 2237 3143 aila.
2282 3087 2564 3159 Signiﬁcat
2611 3097 2794 3151 autem
2852 3090 2995 3157 quod
3055 3104 3209 3158 aquae
3246 3089 3435 3152 calidae
3481 3091 3537 3146 in
3584 3091 3706 3160 ipsa

2112 3189 2410 3237 nascuntur
2454 3180 2629 3246 tribu;
2677 3180 2790 3235 sive
2834 3181 2981 3250 quod
3027 3197 3188 3250 super
3239 3181 3419 3238 lacum
3457 3182 3708 3238 Genesar

2110 3268 2311 3324 ﬂuento
2352 3266 2604 3326 Jordanis
2633 3277 2780 3322 esset
2819 3267 3075 3339 irriguus.
3118 3268 3330 3325 Hebraei
3371 3279 3552 3330 autem
3605 3288 3704 3328 vo-

2110 3359 2229 3413 lunt
2275 3365 2498 3428 propter
2541 3355 2907 3422 Tiberiadem,
2950 3371 3070 3426 quae
3105 3357 3240 3429 legis
3276 3358 3564 3415 videbatur
3593 3361 3699 3415 ha-

2109 3452 2240 3507 bere
2269 3449 2540 3514 notitiam,
2582 3463 2771 3520 agrum
2814 3447 3079 3518 irriguum
3123 3456 3178 3504 et
3211 3449 3427 3520 eloquia
3455 3451 3702 3528 pulchri-

2111 3541 2313 3598 tudinis
2365 3539 2698 3609 prophetari.
2732 3538 2938 3592 Cervus
2967 3547 3148 3594 autem
3174 3540 3403 3596 emissus
3427 3551 3707 3613 tempora-

2110 3645 2243 3685 neas
2270 3629 2455 3700 fruges
2499 3637 2553 3684 et
2571 3628 2915 3683 velocitatem
2947 3637 3105 3684 terrae
3131 3630 3402 3686 uberioris
3421 3633 3696 3699 ostendit;

2109 3722 2204 3776 sed
2232 3719 2449 3787 melius,
2486 3721 2530 3774 si
2565 3720 2632 3774 ad
2667 3719 2972 3774 doctrinam
3039 3718 3336 3776 Salvatoris
3381 3731 3574 3777 cuncta
3607 3738 3702 3779 re-

2108 3810 2354 3875 ferimus,
2392 3812 2536 3882 quod
2584 3811 2657 3865 ibi
2706 3811 2790 3864 vel
2820 3811 3056 3866 maxime
3107 3811 3356 3867 docuerit
3401 3811 3699 3871 Salvator:

2109 3904 2252 3975 quod
2319 3904 2374 3958 in
2434 3901 2728 3974 Evangelio
2781 3917 2997 3972 quoque
3045 3903 3306 3972 scriptum
3356 3912 3459 3960 est.
3522 3904 3702 3962 Aliter

2109 4002 2292 4049 autem
2347 3994 2604 4065 exprimit
2657 4008 2848 4048 omnes
2899 4002 3114 4050 sanctos
3148 3995 3551 4064 prmdicatores,
3600 4001 3701 4067 qui

2111 4088 2284 4142 instar
2348 4102 2637 4143 cervorum
2690 4087 3080 4155 transilientes,
3133 4090 3202 4144 ad
3249 4105 3480 4160 superna
3503 4107 3561 4147 se
3589 4093 3699 4148 eri-

2108 4186 2264 4249 gunt,
2291 4177 2608 4246 cunctisque
2636 4179 2982 4234 credentibus
3011 4180 3272 4236 doctrinae
3301 4182 3517 4250 eloquia
3561 4171 3698 4238 cori-

2109 4268 2310 4323 ferunt.

2179 4363 2297 4416 Dan
2324 4359 2715 4430 interpretatur
2734 4361 3022 4430 judicium.
3071 4377 3197 4417 uana
3242 4365 3387 4423 enim
3421 4380 3543 4421 eum
3565 4382 3696 4424 cum

2108 4452 2426 4524 peperisset,
2466 4452 2603 4508 dixit
2634 4452 2838 4506 Rachel
2866 4453 3083 4509 domina
3125 4455 3243 4524 ejus
3268 4473 3280 4510 :
3303 4455 3568 4513 Judicavit
3607 4475 3695 4514 me

2107 4544 2386 4611 Dominus,
2429 4552 2476 4598 et
2529 4544 2817 4598 exaudiens
2863 4543 3005 4597 dedit
3056 4544 3184 4599 mihi
3221 4545 3433 4614 ﬁlium:
3466 4562 3691 4604 causam

2104 4636 2343 4693 nominis
2397 4635 2686 4707 expressit.
2741 4634 2840 4690 llic
2892 4634 3045 4703 juxta
3102 4638 3444 4707 prophetiam
3497 4637 3689 4705 Jacob,

2103 4726 2315 4780 coluber
2344 4727 2398 4780 in
2422 4727 2523 4790 uia,
2575 4737 2798 4780 cerastes
2825 4711 2877 4780 in
2901 4729 3088 4782 semita
3132 4743 3252 4785 esse
3287 4729 3483 4785 dicitur
3530 4729 3688 4803 (Gen.

2107 4817 2276 4888 xux).
2325 4817 2520 4872 Dicunt
2549 4817 2768 4888 quidam
2805 4816 3202 4874 Antichristum
3243 4835 3343 4890 per
3373 4822 3488 4876 hate
3518 4825 3690 4878 verba

2104 4906 2322 4976 praedici
2350 4907 2414 4962 de
2446 4908 2547 4962 ista
2568 4908 2712 4962 tribu
2738 4907 3002 4975 futurum,
3033 4924 3133 4978 pro
3161 4925 3226 4965 eo
3269 4912 3413 4980 quod
3440 4913 3540 4968 hoc
3563 4913 3687 4969 loco

2102 4997 2215 5052 Dan
2242 5007 2298 5052 et
2330 5000 2550 5054 coluber
2595 5000 2856 5055 asseritur
2883 5013 2937 5055 et
2966 5003 3260 5067 mordens;
3295 5011 3347 5057 et
3379 5005 3517 5059 unde
3541 5005 3687 5061 inter

2103 5089 2271 5144 tribus
2292 5089 2455 5144 Israel
2480 5090 2687 5159 primus
2711 5090 2822 5144 Dan
2850 5093 2916 5146 ad
2945 5094 3251 5160 aquilonem
3265 5105 3687 5153 castrametatus

2098 5186 2202 5243 est,
2221 5180 2530 5248 signiﬁcans
2544 5181 2688 5234 illum
2704 5181 2790 5249 qui
2807 5195 2864 5235 se
2880 5182 2931 5234 in
2946 5182 3202 5239 lateribus
3216 5185 3480 5254 aquilonis
3493 5188 3686 5244 sedere

2101 5271 2232 5325 dicit
2259 5288 2272 5337 ;
2328 5274 2470 5327 etde
2501 5288 2606 5342 quo
2640 5274 2938 5344 ﬁguraliter
2967 5277 3229 5345 propheta
3255 5277 3389 5332 dicit
3419 5295 3431 5330 :
3469 5275 3513 5330 Α
3554 5256 3698 5333 Dan.

2103 5365 2315 5420 auditus
2380 5375 2451 5419 est
2504 5366 2741 5433 fremitus
2802 5383 3052 5436 equorum
3092 5365 3227 5438 (Jer.
3275 5367 3415 5440 vm).
3448 5367 3549 5435 Qui
3574 5384 3684 5426 non

2101 5457 2277 5513 solum
2318 5458 2548 5522 coluber,
2589 5460 2682 5513 sed
2727 5460 2894 5514 etiam
2922 5470 3147 5524 cerastes
3196 5469 3444 5516 vocatur.
3486 5459 3680 5518 Cerata

2103 5550 2247 5604 enim
2273 5548 2457 5605 Grmce
2487 5564 2689 5603 cornua
2708 5551 2988 5628 dicuntur.
3045 5551 3282 5621 Serpens
3311 5550 3400 5608 ille
3420 5560 3680 5609 cornutas

2103 5660 2222 5700 esse
2250 5643 2582 5713 perhibetur,
2610 5659 2704 5712 per
2751 5660 2910 5712 quem
2945 5644 3103 5713 digne
3142 5643 3505 5700 Antichristus
3532 5658 3682 5700 asse-

2108 5736 2242 5790 ritur
2291 5737 2382 5802 qui
2413 5743 2602 5790 contra
2634 5735 2792 5788 vitam
2838 5734 3074 5790 ﬁdelium
3129 5749 3250 5791 cum.
3298 5749 3480 5790 morsu
3515 5735 3682 5806 pesti-
