3896 6330
193 347 252 410 45
1157 347 1246 404 DE
1282 346 1631 405 UNIVERSO
1667 345 1849 404 LIBRI
1887 348 2050 405 XXII.
2090 379 2163 392 —-
2197 349 2325 406 LIB.
2366 351 2429 407 ll.
3347 364 3417 418 46

183 471 294 526 ferae
330 464 730 538 praedicationis
764 461 1050 516 armabitur
1082 461 1244 516 etiam
1274 461 1528 517 cornibus
1573 469 1729 531 pote-
1757 467 1805 527 Α
1832 463 1992 532 pheta
2020 462 2344 533 praedixerat
2373 479 2386 516 :
2417 463 2492 517 Ab
2519 472 2638 518 ortu
2667 464 2803 519 enim
2853 468 2979 523 solis
3020 485 3180 540 usque
3208 474 3276 526 ad
3326 491 3416 529 oc—

183 563 337 619 statis.
363 560 489 626 Quis
522 565 706 612 autem
730 557 931 612 nesciat
955 556 1200 611 semitam
1223 557 1592 626 angustiorem
1615 571 1733 612 esse

180 667 324 724 quam
356 650 541 704 viam?
587 649 674 702 Fit
713 663 840 719 ergo
869 647 1087 702 coluber
1118 649 1174 701 in
1191 648 1300 713 via,
1332 649 1476 717 quod
1511 649 1565 704 in
1591 663 1733 718 prat-

181 743 334 800 sentis
373 741 494 796 vitta
541 739 822 794 latitudine
843 753 937 792 eos
977 738 1253 792 ambulare
1285 751 1559 808 provocat,
1608 739 1731 808 qui-

179 835 264 889 bus
311 833 459 903 quasi
511 832 786 902 parcendo
816 829 1116 896 blanditur;
1176 832 1271 885 sed
1315 832 1543 897 mordet,
1591 833 1733 901 quod

180 941 260 979 eos
300 922 489 992 quibus
545 922 851 976 libertatem
896 920 1100 984 tribuit,
1149 920 1353 974 erroris
1392 921 1474 974 sui
1525 936 1732 976 veneno

179 1013 446 1070 consumit.
476 1011 565 1066 Fit
585 1012 768 1080 itaque
800 1009 994 1064 iterum
1024 1017 1263 1064 cerastes
1285 1010 1338 1064 in
1366 1011 1576 1075 semita,
1607 1011 1732 1079 quia

179 1122 297 1176 quos
339 1104 521 1160 ﬁdeles
548 1103 768 1174 reperit,
817 1110 872 1157 et
916 1117 1035 1157 sese
1081 1103 1224 1156 inter
1265 1111 1491 1173 angusta
1537 1103 1731 1158 itinera

178 1197 404 1269 praecepti
455 1195 691 1250 cmlestis
741 1195 1109 1265 constringere
1164 1195 1333 1260 videt,
1406 1210 1512 1249 non
1559 1195 1730 1250 solum

181 1287 395 1356 nequitia
449 1286 642 1342 callida
672 1285 1041 1354 persuasionis
1088 1285 1316 1354 impetit,
1346 1300 1534 1339 verum
1566 1287 1730 1340 etiam

180 1385 364 1430 terrore
417 1375 700 1444 potestatis
738 1375 955 1444 perimit
981 1375 1034 1428 in
1070 1375 1462 1443 persecutionis
1508 1391 1727 1446 angore.

177 1466 286 1520 Post
309 1464 567 1520 beneﬁcia
594 1465 730 1519 ﬁctae
756 1465 1055 1520 dulcedinis
1093 1474 1312 1523 exercet
1350 1483 1551 1522 cornua
1580 1478 1730 1538 pote-

175 1559 331 1611 statis.
374 1556 430 1611 ln
461 1572 570 1626 quo
596 1557 715 1612 loco
737 1559 858 1629 equi
883 1559 1101 1616 nomine
1123 1561 1268 1615 hunc
1309 1562 1566 1615 mundum
1595 1562 1729 1618 insi-

177 1657 310 1712 nuat,
357 1648 498 1716 quod
522 1664 620 1718 per
648 1649 937 1705 elationem
969 1667 1120 1706 suam
1151 1653 1204 1706 in
1230 1667 1392 1707 cursu
1434 1654 1730 1711 labentium

177 1749 454 1808 temporum
498 1750 754 1809 spumat;
803 1749 858 1795 et
895 1743 1040 1812 quod
1067 1742 1436 1800 Antichristus
1488 1754 1728 1800 extrema

1833 568 2012 606 casum
2041 569 2290 622 magnum
2310 563 2382 607 est
2421 570 2608 609 nomen
2637 572 2809 611 meum
2836 568 2885 613 et
2920 560 3171 616 horribile
3201 564 3257 618 in
3294 581 3415 634 gen-

1835 644 1971 698 tibus
1995 643 2254 714 (Malacb.
2281 642 2343 714 ι).
2376 643 2511 710 Quia
2535 661 2666 702 vero
2701 662 2797 716 per
2815 649 3173 708 humilitatem
3200 657 3410 723 passio-

1832 735 1919 789 nis
1957 735 2025 789 ad
2063 741 2268 788 tantam
2314 736 2554 790 excrevit
2601 737 2827 805 gloriam
2881 739 3234 812 celsitudinis,
3294 756 3419 817 apte

1833 827 1902 881 de
1942 826 2058 894 ejus
2090 834 2265 881 morte
2297 825 2635 899 subjungitur
2661 849 2675 883 :
2709 830 2877 896 Quasi
2899 833 2979 888 leo
3022 837 3306 905 requievit:
3334 855 3417 894 ce-

1832 919 2008 988 pitque
2047 918 2320 972 brachium
2346 927 2395 972 et
2431 921 2690 991 verticem,
2741 932 2844 977 etc.
2877 922 3058 995 (Deut.
3087 927 3303 1000 χχχιιι).
3355 928 3416 983 In

1831 1007 2170 1075 requietione
2199 1008 2342 1062 enim
2368 1009 2558 1075 leonis,
2603 1018 2847 1079 potestas
2870 1016 3190 1084 exprimitur
3245 1020 3414 1088 ipsius

1834 1096 2156 1165 Salvatoris,
2190 1100 2283 1169 qui
2332 1102 2555 1155 brachio
2581 1101 2914 1160 fortitudinis
2949 1121 3058 1162 suae
3117 1117 3415 1177 potestates

1831 1190 2132 1254 mundanas
2163 1189 2410 1260 religioni
2437 1207 2548 1245 suae
2599 1193 2892 1250 inclinavit.
2929 1196 3198 1266 Subjeetis
3219 1202 3416 1273 quippe

1833 1281 1938 1335 sibi
1985 1282 2165 1350 regnis
2184 1288 2238 1335 et
2263 1282 2510 1352 gentibus
2533 1281 2802 1339 universis
2825 1287 3162 1357 principatus
3184 1289 3299 1359 ejus
3322 1308 3415 1363 po-

1833 1373 2002 1427 tentia
2029 1373 2243 1428 claruit.
2271 1376 2389 1444 Ipse
2424 1377 2570 1430 enim
2601 1379 2878 1447 apostolis,
2903 1383 3240 1452 principibus
3262 1387 3412 1442 scili-

1833 1471 1919 1518 cet
1943 1464 2127 1533 populi
2151 1464 2266 1530 Dei,
2317 1474 2430 1522 toto
2459 1469 2592 1522 orbe
2621 1468 2968 1541 Evangelium
2999 1473 3415 1542 praedicantibus

1833 1557 2047 1628 adjutor
2089 1566 2143 1612 et
2189 1567 2509 1627 cooperator
2529 1561 2730 1630 ubique
2758 1562 2876 1627 fuit,
2904 1563 3115 1619 dicente
3141 1567 3413 1637 evangeli-

1833 1657 1918 1704 sta
1951 1667 1964 1704 :
1990 1648 2082 1704 Illi
2105 1660 2281 1706 autem
2302 1653 2518 1722 profecti
2540 1655 3173 1729 pradicaveruntubique,
3190 1661 3414 1717 Domino

1833 1752 2144 1812 cooperante
2176 1752 2223 1798 et
2248 1760 2535 1799 sermonem
2549 1746 2889 1812 conﬁrmante
2909 1752 3233 1812 sequentibus
3253 1754 3414 1824 signis

175 1830 337 1885 mundi
358 1831 762 1900 apprehendere
789 1833 1001 1900 nititur,
1040 1833 1289 1889 Cerastes
1318 1835 1420 1890 iste
1453 1839 1577 1905 equi
1627 1854 1725 1892 an-
1755 1831 1804 1890 B
1834 1829 2027 1901 (Marc.
2055 1833 2191 1904 Im).

175 1923 306 1993 gulas
355 1923 604 1980 mordere
650 1925 980 1995 perhibetur.
1043 1926 1306 1994 Ungulam
1357 1929 1552 1998 quippe
1607 1932 1732 1999 equi

176 2013 417 2076 mordere,
457 2021 545 2067 est
589 2022 832 2068 extrema
879 2013 1063 2068 saeculi
1115 2014 1361 2071 feriendo
1391 2019 1731 2088 contingere,

175 2111 227 2156 ut
249 2103 398 2158 cadat
447 2114 708 2158 ascensor
751 2102 867 2172 ejus
897 2113 1043 2160 retro
1073 2120 1088 2159 :
1121 2107 1246 2176 quia
1275 2108 1522 2177 quisquis
1547 2110 1599 2163 in
1625 2110 1732 2164 ini-

173 2195 442 2265 quitatibus
479 2195 745 2266 dignitate
774 2198 958 2252 mundi
1004 2199 1298 2265 extollitur,
1360 2211 1506 2258 retro
1539 2204 1728 2258 cadere

176 2288 365 2342 dicitur.
395 2288 540 2343 Dicit
561 2290 705 2346 enim
734 2289 945 2360 Moyses
971 2291 1027 2344 in
1055 2291 1426 2346 benedictione
1455 2312 1468 2346 :
1497 2293 1617 2348 Dan
1638 2311 1729 2348 ca-

177 2379 298 2433 tulus
318 2379 477 2434 leonis
500 2382 621 2449 fluit
643 2381 860 2450 largiter
885 2382 948 2434 de
971 2381 1151 2435 Basan
1173 2383 1352 2451 (Deut.
1377 2384 1594 2455 xxxm).
1619 2384 1731 2440 Leo

177 2471 301 2526 enim
332 2487 426 2541 per
449 2471 824 2527 fortitudinem
857 2472 1056 2528 Christi
1086 2473 1313 2542 ﬁguram
1341 2477 1507 2544 gerit;
1540 2490 1569 2529 e
1603 2491 1732 2531 con-

179 2565 322 2620 trario
342 2579 465 2619 vero
495 2580 598 2635 per
615 2564 950 2620 ferocitatem
991 2566 1258 2636 signiﬁcat
1298 2566 1588 2622 diabolum.
1628 2568 1732 2622 An-

177 2654 430 2710 tichristus
469 2671 603 2727 ergo
632 2655 773 2710 ﬁlius
801 2663 885 2711 est
918 2654 1114 2711 ferocis
1139 2655 1357 2710 diaboli.
1384 2655 1482 2712 Hic
1509 2657 1730 2727 largiter

177 2743 276 2798 ﬁuit
321 2745 385 2800 de
407 2744 610 2811 Basan,
653 2745 778 2815 quia
804 2745 992 2815 plenus
1037 2754 1119 2800 est
1161 2745 1494 2801 confusione.
1553 2748 1730 2803 Basan

175 2835 298 2890 enim
327 2836 716 2906 interpretatur
762 2836 1020 2906 confusio,
1048 2835 1160 2890 sive
1180 2836 1458 2906 pinguedo,
1489 2836 1574 2892 vel
1609 2838 1731 2892 bru-

174 2932 302 2986 chus.
328 2931 603 3004 Pinguedo
626 2933 767 2988 enim
797 2931 1131 2987 nimietatem
1155 2930 1424 3002 signiﬁcat
1448 2947 1558 2986 sum
1598 2947 1728 2986 ava-

174 3021 294 3077 ritiae
325 3031 484 3094 atque
503 3023 750 3078 luxuriae.
780 3023 977 3077 Bruchi
1000 3032 1178 3077 autem
1205 3022 1607 3078 similitudinem
1637 3023 1730 3076 ha-

171 3114 251 3170 bet
269 3115 316 3170 in
340 3116 460 3182 hoc,
493 3115 642 3186 quod
663 3115 801 3170 sicut
820 3107 1061 3170 bruchus
1084 3114 1286 3181 herbae,
1321 3115 1394 3169 ita
1421 3114 1534 3186 ipse
1555 3115 1728 3170 virtu-

173 3214 271 3259 tum
289 3206 531 3261 devastat
559 3206 950 3261 formositatem

232 3294 335 3352 Gad
361 3297 427 3350 ab
454 3305 646 3351 eventu
669 3310 763 3350 seu
786 3295 1054 3366 procinctu
1096 3301 1316 3350 vocatus
1354 3302 1456 3349 est.
1505 3292 1732 3359 Quando

169 3387 297 3442 enim
317 3387 528 3458 peperit
558 3401 684 3441 eum
712 3383 932 3455 Zelpha,
950 3385 1084 3440 dixit
1105 3385 1318 3441 domina
1344 3385 1460 3454 ejus
1478 3383 1572 3437 Lia
1597 3401 1610 3436 :
1637 3384 1666 3436 1
1673 3401 1732 3437 η-

166 3478 439 3548 fortunata,
473 3479 621 3534 idem
644 3476 784 3547 quod
807 3477 1022 3541 dicitur,
1043 3477 1100 3528 in
1122 3478 1387 3545 procinctu
1418 3473 1501 3528 vel
1527 3483 1726 3527 eventu.

167 3569 294 3624 Dicit
323 3571 461 3624 enim
504 3569 574 3623 de
603 3568 693 3623 illo
727 3568 780 3622 in
805 3566 1178 3622 benedictione
1204 3570 1360 3632 pater
1383 3561 1585 3616 Jacob:
1615 3559 1729 3614 Gad

167 3662 411 3714 accinctus
435 3659 768 3730 prmliabitur
813 3668 931 3711 ante
957 3674 1092 3722 eum,
1125 3667 1173 3709 et
1192 3657 1301 3725 ipse
1326 3655 1626 3724 accingetur
1653 3669 1732 3706 re-

166 3768 378 3812 trorsum
400 3757 557 3827 (Gen.
615 3755 785 3825 χιιι).
812 3754 1006 3810 Totum
1058 3761 1237 3808 autem
1284 3750 1413 3804 illud
1440 3757 1543 3814 est,
1589 3749 1733 3818 quod

169 3859 278 3904 ante
304 3850 490 3904 Ruben
544 3858 604 3902 et
645 3847 924 3902 dimidiam
967 3845 1165 3901 tribum
1209 3843 1455 3897 Manasse
1497 3842 1564 3896 ad
1593 3841 1732 3895 ﬁlios

173 3956 290 4009 quos
331 3949 480 3995 trans
505 3937 801 3993 Iordanem
835 3938 889 3990 in
914 3935 1256 4005 possessione
1286 3932 1562 3995 diviserat,
1610 3939 1732 4000 post

173 4029 564 4099 quatuordecim
613 4041 783 4081 annos
808 4033 1109 4089 revertens,
1170 4022 1412 4093 praelium
1442 4021 1730 4074 adversum

173 4138 250 4178 eos
292 4123 526 4192 gentium
580 4120 884 4174 vicinarum
938 4116 1142 4186 grande
1204 4114 1424 4183 reperit,
1477 4120 1531 4165 et
1572 4110 1730 4165 victis

174 4213 392 4267 hostibus
421 4211 644 4265 fortiter
666 4209 947 4262 dimicaret
992 4202 1334 4277 [dimicavit].
1365 4202 1508 4272 Lege
1534 4201 1730 4255 librum

173 4304 280 4362 Iesu
299 4307 441 4362 Nave
490 4314 547 4359 et
573 4302 1044 4370 Paralipomenon.
1100 4299 1176 4352 De
1224 4310 1332 4366 quo
1359 4296 1566 4364 Moyses
1606 4293 1726 4346 ait:

175 4397 456 4455 Benedictus
482 4399 540 4454 in
583 4393 860 4448 latitudine
893 4390 1009 4444 Gad
1032 4407 1049 4444 :
1071 4389 1222 4459 quasi
1244 4388 1321 4440 leo
1351 4388 1617 4457 requievit,
1649 4401 1732 4439 ce-

174 4488 322 4556 pitque
361 4487 640 4544 brachium
689 4491 736 4536 et
781 4481 1057 4546 verticem;
1107 4488 1154 4534 et
1191 4477 1316 4531 vidit
1377 4478 1727 4548 principatum

175 4593 321 4640 suum,
371 4577 511 4649 quod
536 4577 597 4631 in
629 4585 780 4645 parte
822 4589 922 4627 sua
953 4571 1207 4641 repositus
1235 4570 1418 4623 doctor
1446 4576 1614 4632 esset;
1638 4567 1728 4637 qui

176 4671 258 4737 fuit
279 4689 387 4726 cum
424 4669 754 4742 principibus
776 4666 972 4738 populi,
1008 4674 1057 4719 et
1090 4663 1208 4732 fecit
1223 4663 1462 4732 justitias
1493 4660 1727 4726 Domini,

175 4775 214 4818 et
233 4765 482 4834 judicium
512 4779 677 4820 suum
710 4760 878 4816 Israel
919 4757 1098 4829 (Deut.
1126 4755 1345 4825 χχχιιι).
1401 4753 1459 4808 ln
1505 4752 1729 4808 benedi-

177 4857 328 4914 ctione
353 4858 466 4915 Gad
491 4858 715 4913 videtur
746 4852 956 4923 Moyses
982 4849 1278 4920 praedicere
1299 4847 1604 4902 secundum,
1641 4845 1728 4899 hi-

177 4951 390 5015 storiam,
445 4945 753 5019 potentiam
813 4943 1049 4997 virorum
1094 4938 1312 4993 fortium
1359 4937 1444 4992 vel
1466 4936 1728 5005 judicum,

176 5041 250 5109 qui
297 5044 357 5096 de
406 5041 497 5098 illa
534 5040 684 5094 tribu
738 5036 996 5090 fuerunt:
1031 5031 1169 5087 sicut
1215 5028 1315 5084 fuit
1351 5028 1540 5098 Jepbte
1588 5028 1728 5082 inter

178 5141 374 5186 ceteros
407 5133 629 5201 judices
673 5129 828 5184 valde
857 5127 1036 5181 clarus
1064 5131 1119 5177 et
1144 5121 1338 5177 nobilis
1361 5131 1501 5176 actu.
1528 5120 1729 5175 Secun-

177 5223 282 5278 dum
341 5222 632 5294 allegorias
684 5234 810 5274 vero
855 5216 972 5272 Gad
1021 5216 1409 5282 interpretatur
1443 5212 1724 5276 accinctus,

178 5311 379 5382 ﬁguram
407 5310 629 5368 Domini
655 5308 782 5364 Jesu
802 5308 1024 5371 Christi,
1053 5307 1141 5375 qui
1173 5305 1430 5358 adversus
1460 5302 1727 5371 nequitias

176 5404 455 5474 spiritualers
476 5408 843 5476 pugnaturus,
880 5400 936 5451 in
965 5397 1276 5455 inﬁrmitate
1306 5395 1483 5448 carnis
1530 5401 1729 5447 nostrae

177 5496 351 5551 virtute
386 5495 694 5551 divinitatis
743 5507 852 5546 suae
880 5493 1203 5559 praecinctus
1235 5487 1522 5557 apparuit;
1555 5485 1646 5553 qui
1673 5484 1730 5538 in

176 5580 434 5639 latitudine
453 5582 779 5638 benedictus
807 5587 908 5642 est,
950 5593 1071 5632 cum
1095 5594 1201 5631 non
1229 5577 1400 5630 solum
1426 5592 1490 5630 ex
1513 5574 1725 5637 Iudaeis,

177 5676 256 5730 sed
305 5694 367 5731 ex
411 5677 667 5732 omnibus
715 5674 879 5728 etiam
929 5671 1234 5724 nationibus
1273 5668 1659 5736 amplissimum
1700 5681 1730 5718 a

178 5767 318 5822 Patre
347 5778 455 5824 toto
489 5772 623 5826 orbe
674 5782 902 5838 regnum
930 5764 1152 5833 accepit,
1185 5760 1404 5828 impleto
1433 5759 1571 5828 quod
1600 5758 1729 5812 Pro-

1754 4536 1807 4594 D

1907 1923 2068 1988 Aser,
2106 1924 2197 1992 qui
2242 1925 2629 1995 interpretatur
2679 1926 2896 1991 beatus:
2949 1930 3074 1999 quia
3119 1931 3245 1986 dum
3294 1948 3415 1989 eum

1837 2013 2136 2084 peperisset
2156 2013 2376 2082 Zelpha,
2401 2014 2537 2068 dixit
2555 2014 2652 2068 Lia
2682 2033 2694 2068 :
2721 2015 2888 2072 Beata
2915 2036 3027 2089 ego,
3053 2030 3102 2074 et
3122 2022 3418 2092 beatiﬁcant

1837 2120 1920 2158 me
1942 2103 2190 2158 mulieres
2235 2101 2387 2174 (Gen.
2420 2104 2573 2175 xxx).
2602 2104 2704 2161 Hic
2744 2107 3080 2165 demonstrat
3131 2110 3418 2169 Dominum

1836 2193 2021 2249 Jesum
2056 2193 2352 2260 Christum,
2385 2193 2538 2263 cujus
2558 2196 2714 2264 panis
2740 2197 2955 2269 pinguis
2981 2208 3064 2255 est
3107 2201 3161 2256 in
3189 2217 3282 2258 ore
3303 2220 3420 2260 cre-

1838 2283 2102 2350 dentium,
2137 2284 2266 2354 quia
2293 2291 2350 2340 et
2373 2284 2596 2341 delicias
2628 2287 2834 2356 praebet
2880 2291 3116 2361 regibus,
3164 2294 3266 2349 hoc
3311 2305 3418 2362 est,

1837 2374 2077 2442 corporis
2125 2373 2211 2427 sui
2248 2380 2304 2427 et
2351 2375 2629 2446 sanguinis
2675 2389 3013 2436 sacramenta
3058 2384 3149 2437 dat
3193 2386 3416 2453 sanctis,

1839 2462 1933 2531 qui
1961 2463 2065 2517 rite
2113 2476 2276 2533 reges
2329 2464 2602 2532 dicuntur,
2637 2469 2891 2538 quoniam
2921 2472 3057 2546 bene
3102 2476 3420 2546 semetipsos

1837 2554 1924 2608 vel
1965 2554 2068 2609 sibi
2091 2555 2336 2610 subditos
2374 2565 2583 2628 regunt.
2616 2557 2717 2614 Hic
2762 2541 3056 2618 secundu'm
3077 2541 3417 2637 prophetiam

1836 2643 2008 2716 Moysi
2047 2654 2133 2701 est
2173 2646 2488 2704 benedictus
2515 2649 2570 2704 in
2615 2649 2761 2718 ﬁliis,
2814 2662 2868 2708 et
2910 2655 3127 2725 placens
3164 2657 3422 2718 fratribus

1838 2737 1972 2804 suis,
2001 2751 2124 2791 cum
2162 2739 2443 2794 credentes
2471 2741 2527 2794 in
2558 2756 2682 2797 eum
2710 2751 2764 2798 et
2789 2760 2885 2815 per
2910 2744 3024 2814 ejus
3075 2752 3302 2820 gratiam
3333 2768 3418 2809 re-

1837 2835 2123 2883 nascentes
2149 2827 2464 2884 universum
2487 2832 2675 2886 orbem
2700 2833 2755 2888 in
2791 2836 3142 2896 similitudine
3173 2843 3414 2912 repleve-

1836 2927 1995 2985 runt;
2051 2925 2108 2973 et
2132 2917 2414 2988 fratribus,
2438 2923 2544 2978 hoc
2565 2931 2668 2990 est,
2706 2928 2963 2996 apostolis
2994 2940 3048 2984 et
3069 2933 3272 2988 sanctis
3294 2950 3418 3005 gra-

1838 3010 1972 3063 tiam
1999 3024 2111 3064 suae
2133 3010 2440 3067 dilectionis
2465 3013 2539 3067 ita
2567 3015 2776 3083 tribuit,
2813 3029 2874 3073 ut
2904 3019 3036 3091 legis
3065 3028 3418 3084 caeremonias

1844 3109 2188 3170 spernerent,
2219 3111 2275 3158 et
2321 3113 2569 3175 suscepta
2619 3111 2926 3181 evangelica
2964 3117 3191 3173 veritate
3220 3121 3419 3190 gaude-

1763 3185 1810 3248 C
1840 3199 1962 3244 rent
1993 3201 2049 3246 et
2105 3192 2462 3261 exsultarent,
2495 3199 2744 3266 quoniam
2782 3201 2928 3271 digni
2952 3204 3118 3258 habiti
3159 3185 3282 3263 sunt
3319 3229 3416 3281 pro

1835 3281 2044 3335 nomine
2083 3282 2198 3351 ejus
2232 3285 2601 3340 contumeliam
2636 3291 2770 3359 pati,
2821 3295 3136 3366 cunctisque
3173 3298 3418 3360 ﬁdelibus

1834 3372 2218 3440 prmdicarent,
2262 3375 2501 3432 dicentes
2542 3392 2558 3431 :
2601 3378 2770 3435 Omne
2811 3385 3065 3453 gaudium
3100 3391 3417 3462 existimate,

1835 3479 1955 3516 cum
2010 3465 2066 3516 in
2107 3467 2416 3521 tentationes
2445 3469 2622 3523 uarias
2663 3472 2951 3530 incideritis
3001 3476 3140 3546 (Jac.
3168 3481 3229 3552 ι).
3267 3483 3418 3541 Unde

1835 3562 2017 3608 autem
2066 3562 2218 3608 tanta
2247 3557 2300 3610 in
2322 3558 2403 3611 eis
2426 3558 2497 3612 sit
2524 3561 2851 3617 abundantia
2880 3566 3164 3625 charitatis
3191 3571 3415 3642 Christi,

1835 3644 2123 3714 exponitur
2170 3645 2420 3716 ﬁgurate,
2470 3649 2596 3704 dum
2646 3653 2932 3710 subditur:
2970 3656 3180 3730 Tinguit
3212 3664 3269 3718 in
3302 3665 3414 3721 oleo

1835 3738 2016 3807 pedem
2043 3754 2197 3793 suum
2260 3740 2440 3811 (Deut.
2481 3743 2699 3815 χχχιιι).
2759 3746 3067 3806 Ascendens
3103 3755 3300 3825 quippe
3356 3759 3410 3818 in

1837 3830 2034 3884 cmlum
2082 3837 2247 3900 caput
2292 3840 2540 3887 nostrum
2598 3833 2860 3892 Dominus
2895 3838 3145 3898 Christus
3190 3846 3415 3905 chorum

1835 3920 2213 3990 apostolicum,
2240 3920 2392 3990 cujus
2419 3937 2653 3978 consona
2675 3928 3058 3994 praedicatione
3103 3936 3416 3996 universum

1815 4014 2096 4074 .mundum
2126 4019 2247 4066 erat
2291 4023 2696 4085 peragraturus,
2739 4020 2892 4088 quasi
2941 4023 3130 4091 pedem
3162 4027 3218 4080 in
3266 4038 3413 4086 terra

1836 4104 2014 4158 adhuc
2037 4104 2425 4159 consistentem
2446 4106 2566 4161 oleo
2593 4105 2828 4177 Spiritus
2842 4114 3012 4167 sancti
3042 4117 3413 4186 copiosissime

1835 4195 2025 4261 unxit;
2071 4211 2139 4251 ex
2194 4212 2303 4266 quo
2326 4205 2587 4269 concepta
2614 4199 2818 4255 virtute
2860 4203 3008 4260 nullo
3047 4205 3230 4266 labore
3280 4210 3413 4269 deﬁ-

1836 4289 2134 4355 ceret,-sed
2161 4289 2635 4347 immarcescibilis
2679 4308 2892 4366 semper
2924 4300 3103 4369 gaudii
3130 4303 3412 4363 alacritate

1834 4381 2081 4450 polleret,
2110 4381 2198 4436 cui
2231 4382 2397 4436 etiam
2445 4384 2870 4456 incorruptibilis
2895 4391 3236 4450 calciamenti
3271 4413 3411 4467 prae-

1835 4472 1974 4525 stitit
1992 4473 2408 4542 munimentum,
2441 4477 2508 4532 de
2549 4491 2658 4548 quo
2683 4480 2931 4551 sequitur
2968 4501 2981 4536 :
3004 4482 3234 4542 Ferrum
3257 4499 3307 4543 et
3335 4507 3408 4546 tes

1835 4561 2236 4617 calciamentum
2274 4566 2407 4635 ejus.
2455 4565 2620 4635 Cujus
2664 4568 2780 4625 dies
2800 4569 3102 4639 juventutis
3141 4577 3216 4633 ita
3251 4575 3406 4651 ﬁunt,

1836 4661 1898 4708 ut
1930 4655 2254 4720 senectutis;
2295 4657 2422 4727 quia
2454 4673 2649 4730 corpus
2677 4660 2810 4730 ejus,
2840 4665 2981 4735 quod
3016 4675 3100 4722 est
3145 4668 3408 4742 Ecclesia,

1838 4745 1891 4799 in
1914 4747 2209 4815 primordio
2231 4746 2356 4803 ﬁdei
2384 4747 2566 4831 ﬂoruit
2591 4751 2898 4820 virtutibus,
2931 4757 3192 4826 sapientia
3217 4763 3405 4834 viguit,

1839 4839 2114 4895 miraculis
2132 4843 2455 4897 coruscavit.
2488 4842 2579 4897 Sic
2610 4851 2667 4897 et
2693 4845 2746 4898 in
2771 4843 2876 4899 ﬁne
2917 4847 3096 4904 saeculi
3130 4850 3186 4906 in
3220 4853 3408 4913 electis

1838 4939 2147 4998 perseverat
2175 4931 2330 5002 vigor
2352 4932 2494 4996 ﬁdei,
2527 4941 2583 4987 et
2633 4935 2796 5001 ardor
2834 4936 3120 4995 charitatis
3155 4957 3323 5015 usque
3350 4947 3406 5002 in

1837 5019 2018 5074 ﬁnem.
2073 5019 2173 5076 Hic
2211 5023 2547 5079 rectissimus
2571 5030 2656 5079 est
2675 5039 2931 5083 ascensor
2961 5029 3107 5097 caeli,
3140 5032 3267 5102 quia
3309 5049 3405 5092 su-

1837 5130 1934 5185 per
1967 5128 2156 5169 omnes
2176 5114 2405 5170 virtutes
2429 5115 2677 5171 omlestes
2703 5125 2756 5172 et
2792 5127 3092 5189 potestates
3135 5121 3408 5194 angelicas

1837 5215 1958 5279 post
1972 5208 2423 5264 resurrectionem
2445 5223 2599 5263 suam
2626 5211 2936 5266 ascenditet
2954 5211 3107 5268 sedet
3132 5213 3200 5270 ad
3221 5215 3410 5275 dexte-

1838 5313 1954 5352 ram
1977 5296 2152 5353 Patris
2175 5296 2335 5368 (Eph.
2358 5296 2420 5369 ι).
2444 5297 2836 5368 Magniﬁcentia
2857 5302 2972 5371 ejus
2993 5303 3297 5362 discurrunt
3308 5323 3409 5363 nu-

1839 5394 1923 5446 bes
1949 5392 2125 5465 (Deut.
2158 5392 2373 5464 xxxm).
2399 5392 2658 5446 Doctores
2678 5393 2929 5448 videlicet
2955 5404 3009 5449 et
3028 5397 3408 5467 praedicatores

1835 5482 2107 5554 Evangelii
2143 5483 2195 5535 in
2224 5489 2336 5537 toto
2359 5482 2488 5536 orbe
2513 5482 2865 5538 disseminant
2894 5485 3110 5538 verbum
3135 5484 3248 5541 Dei.
3301 5485 3407 5544 Cu—

1826 5578 1920 5645 jus
1949 5585 2067 5631 sunt
2083 5575 2296 5629 brachia
2325 5575 2635 5646 sempiterna
2658 5575 2846 5646 (Ibid.)
2871 5595 2882 5628 :
2912 5577 3037 5645 quia
3064 5579 3273 5633 cunctis
3305 5581 3402 5634 ho-

1834 5667 2004 5721 stibus
2034 5666 2262 5720 victoria
2299 5665 2414 5733 ejus
2445 5666 2504 5719 ﬁt
2561 5673 2838 5735 perpetua.
2875 5665 2979 5731 Qui
3036 5666 3205 5737 ejiciet
3252 5685 3284 5720 a
3321 5668 3405 5738 fa-

1833 5757 1908 5811 cie
1972 5773 2068 5809 sua
2120 5757 2389 5809 inimicum
2447 5755 2749 5821 diabolum,
2808 5765 2854 5810 et
2901 5756 3026 5809 dicit
3082 5773 3100 5810 :
3159 5753 3395 5826 Contere,
