3896 6326
482 365 555 422 47
1141 363 1202 418 Β.
1242 359 1495 418 RABANI
1534 359 1755 418 MAURI
1790 357 2109 415 ARCHIEP.
2149 355 2460 415 MOGUNT.
2496 354 2780 413 OPERUM
2811 354 2991 414 PARS
3027 355 3091 412 ll.
3682 358 3755 420 ιε

481 481 701 552 quando
761 477 1056 534 novissima
1110 477 1330 532 inimica
1391 476 1699 531 destruetur
1767 489 1948 538 mors,
2009 483 2063 527 et
2089 473 2340 540 Acentis
2388 472 2658 537 deorsum,
2700 479 2761 526 ut
2812 471 3064 526 omnibus
3116 470 3320 541 angelis
3365 479 3420 527 ct
3443 473 3759 532 hominibus

481 573 644 630 electi
699 585 887 628 omnes
944 569 1352 625 immortalitate
1428 575 1482 621 et
1525 565 1931 635 incorruptione
1975 579 2065 619 ve-

479 664 596 719 stiti
642 663 1038 734 triumphantes
1084 661 1136 714 in
1189 673 1415 728 regnum
1460 658 1739 712 intrabunt
1778 665 2062 711 aeternum.

551 755 752 825 Joseph
801 756 871 810 ab
904 770 969 810 eo
990 754 1133 824 quod
1181 752 1283 808 sibi
1329 751 1473 806 aliud
1509 751 1936 806 additamentum
1964 766 2064 819 op-

483 854 700 901 taverat
749 854 945 910 mater,
986 843 1202 899 vocavit
1250 852 1608 913 augmentum.
1669 841 1824 895 Hunc
1851 839 2064 895 Pharao

479 936 780 1006 Sephaneth
811 934 1118 1006 appellavit,
1167 933 1311 1004 quod
1356 933 1618 988 Hebraice
1639 930 2065 986 absconditorum

479 1036 794 1096 repertorem
848 1034 1023 1090 sonat,
1061 1040 1162 1096 pro
1190 1039 1255 1079 eo
1282 1024 1424 1094 quod
1451 1025 1684 1080 obscura
1720 1021 1930 1077 somnia
1970 1035 2060 1075 re-

476 1116 701 1182 velavit,
731 1118 889 1186 eique
912 1115 1254 1172 sterilitatem
1280 1114 1550 1184 praedixit.
1583 1115 1786 1168 Tamen
1806 1112 1932 1182 quia
1957 1113 2060 1166 hoc

479 1222 680 1261 nomen
724 1207 792 1261 ab
819 1206 1072 1277 Egyptio
1093 1209 1335 1275 ponitur,
1364 1205 1536 1274 ipsius
1559 1205 1756 1275 lingua:
1791 1202 1947 1257 debet
1970 1202 2061 1255 ha-

476 1296 609 1349 bere
636 1295 922 1350 rationem.
964 1295 1358 1364 Interpretatur
1386 1309 1516 1363 ergo
1564 1292 1874 1363 Sephaneth
1901 1290 2062 1361 Egy-

474 1389 589 1457 ptio
615 1402 868 1442 sermone
899 1386 1147 1442 Salvator
1173 1387 1378 1451 mundi,
1423 1401 1488 1442 eo
1515 1385 1656 1455 quod
1685 1383 1874 1439 orbem
1902 1392 2061 1438 terra:

475 1479 546 1534 ab
569 1479 887 1534 imminente
924 1476 1086 1534 famis
1133 1479 1348 1534 excidio
1381 1478 1657 1533 liberaret.
1701 1476 1854 1544 Quod
1881 1485 2060 1530 autem

473 1569 677 1640 Joseph
726 1584 759 1624 a
797 1568 1057 1624 fratribus
1082 1570 1335 1625 venditus
1361 1572 1416 1625 in
1446 1569 1684 1643 Egypto
1713 1569 2060 1636 sublimatur,

475 1662 898 1732 Redemptorem
917 1669 1165 1718 nostrum
1187 1664 1499 1735 significata
1525 1662 1722 1734 populo
1747 1660 2058 1717 Judaeorum

475 1755 530 1808 in
575 1753 824 1809 manibus
858 1755 1302 1825 persequentium
1359 1754 1640 1820 traditum,
1710 1760 1765 1808 et
1812 1767 1959 1808 nunc
2002 1753 2058 1806 in

2171 569 2560 624 dominaretur.
2595 565 3054 620 Benedictionibus
3091 565 3327 631 uberum,
3376 567 3430 621 id
3479 575 3583 633 est,
3637 569 3758 625 sive

2168 662 2396 715 duorum
2441 666 2909 722 testamentorum,
2969 671 3199 726 quorum
3245 656 3415 713 altero
3470 660 3756 715 nuntiatus

2167 760 2268 816 est,
2323 750 2492 805 altero
2518 749 2918 805 demonstratur
2943 765 2957 813 ;
2989 748 3101 802 sive
3128 748 3592 807 benedictionibus
3615 752 3757 806 ube-

2168 859 2286 898 rum
2323 842 2528 905 Mariae,
2556 855 2675 910 quae
2707 854 2835 893 vere
2860 839 3146 894 benedicta
3172 847 3350 904 erant,
3401 841 3528 910 quia
3555 841 3756 896 iisdem

2167 941 2354 989 sancta
2397 933 2549 1003 virgo
2598 931 2665 986 de
2716 944 2774 985 se
2804 940 2990 1000 potum
3021 929 3176 985 lactis
3210 931 3438 987 Domino
3468 931 3753 988 immulsit.

2171 1025 2322 1080 Unde
2347 1031 2401 1079 et
2439 1023 2528 1077 illa
2567 1021 2761 1077 mulier
2795 1021 2850 1076 in
2896 1020 3185 1091 Evangelio
3215 1020 3290 1074 ait
3315 1035 3329 1073 :
3359 1020 3554 1078 Beatus
3577 1031 3759 1076 venter

2167 1117 2256 1186 qui
2287 1127 2334 1170 te
2372 1116 2613 1186 portavit,
2658 1123 2704 1168 et
2725 1113 2885 1168 ubera
2931 1129 3048 1184 qua:
3075 1112 3264 1166 suxisti
3287 1111 3438 1182 (Luc.
3461 1113 3563 1184 ιι).
3586 1113 3760 1168 Bene-

2167 1209 2480 1263 dictionibus
2511 1209 2726 1262 uberum
2765 1215 2814 1259 et
2845 1204 3031 1259 vulvte.
3064 1204 3241 1258 Etiam
3278 1204 3368 1258 hic
3407 1202 3756 1260 benedicitur

2165 1312 2222 1358 et
2263 1304 2419 1356 vulva
2470 1302 2709 1372 ejusdem
2762 1300 2994 1365 matris;
3055 1297 3146 1352 illa
3197 1299 3385 1367 utique
3449 1299 3755 1370 virginalis,

2167 1409 2286 1463 quae
2329 1393 2485 1447 nobis
2533 1391 2808 1447 Christum
2868 1390 3153 1444 Dominum
3188 1390 3373 1445 edidit.
3405 1389 3481 1446 De
3525 1406 3629 1462 qua
3655 1376 3773 1460 per-

2163 1486 2481 1555 prophetam
2528 1482 2818 1538 Jeremiam
2848 1481 3082 1537 dicitur:
3119 1479 3441 1553 Priusquam
3471 1493 3520 1537 te
3542 1483 3755 1553 forma-

2165 1591 2273 1628 rem
2318 1576 2372 1628 in
2399 1585 2564 1638 utero,
2598 1574 2716 1627 novi
2747 1583 2839 1636 te;
2874 1581 2922 1626 et
2965 1581 3244 1642 antequam
3281 1574 3447 1628 exires
3476 1572 3539 1627 de
3573 1573 3755 1640 vulva,

2161 1666 2485 1734 sanctiﬁcavi
2539 1675 2586 1718 te
2632 1663 2850 1734 (Jerem.
2897 1661 2958 1732 ι).
3000 1662 3394 1717 Benedictiones
3457 1663 3622 1734 patris
3678 1663 3758 1717 tui

2163 1754 2473 1824 confortans
2502 1765 2620 1808 sunt
2649 1755 2704 1807 in
2734 1762 2779 1807 te
2819 1751 3256 1806 benedictionibus
3282 1761 3492 1822 patrum
3514 1762 3755 1808 tuorum.

472 1843 724 1914 gentibus
747 1843 1063 1899 exaltatum.
1112 1842 1210 1899 Cui
1250 1844 1484 1913 paterin
1533 1841 1912 1898 benedictione
1958 1855 2058 1896 sua
2086 1837 2132 1898 B
2161 1845 2586 1912 Benedictiones,
2631 1843 2824 1913 inquit,
2856 1841 3032 1898 Patris
3064 1843 3141 1897 tui
3167 1846 3424 1910 cmlestis,
3467 1859 3585 1914 quae
3612 1845 3760 1901 datas

475 1937 554 1989 ait
577 1953 590 1988 :
618 1934 795 1990 Filius
822 1951 1124 1989 accrescens
1173 1944 1222 1989 et
1255 1935 1476 1989 decorus
1501 1945 1733 2006 aspectu.
1771 1932 1930 1989 Filia:
1953 1934 2060 1988 dis-

473 2033 754 2079 currerunt
799 2040 957 2095 super
1001 2040 1236 2090 murum,
1278 2023 1369 2078 88d
1435 2032 1875 2094 exasperaverunt
1919 2039 2060 2088 eum,

473 2126 523 2170 et
540 2116 751 2186 jurgati
792 2124 937 2182 sunt,
978 2115 1378 2185 invideruntque
1413 2114 1516 2181 illi,
1561 2116 1807 2170 habentes
1852 2114 2058 2184 jacula,

472 2216 578 2260 etc.
606 2205 762 2273 (Gen.
799 2204 972 2276 χιιι).
1001 2205 1128 2260 Haec
1153 2206 1436 2275 prophetia
1471 2215 1596 2276 post
1623 2208 1932 2276 passionem
1961 2206 2064 2261 Do-

473 2295 606 2350 mini
632 2303 876 2365 paternze
896 2296 1044 2351 vocis
1072 2297 1362 2366 imaginem
1392 2296 1654 2367 praetulit,
1677 2298 1804 2368 quia
1830 2297 2061 2352 redeun-

473 2399 584 2444 tem
631 2388 686 2443 in
718 2389 915 2445 caelum
940 2397 1066 2459 post
1089 2389 1373 2444 victoriam
1399 2388 1602 2445 Christi
1639 2389 1804 2445 Pater
1832 2389 2061 2459 alloqui-

473 2492 586 2546 tur,
631 2480 816 2536 dicens
843 2495 858 2534 :
885 2479 1060 2534 Filius
1093 2496 1390 2535 accrescens
1427 2479 1643 2549 Ioseph.
1671 2479 1839 2536 Filius
1877 2495 2062 2535 accre-

471 2587 632 2628 scens
658 2573 848 2643 utique
879 2573 1232 2646 ingentibus,
1275 2573 1402 2642 quia
1459 2589 1582 2628 cum
1612 2575 1681 2629 ob
1715 2575 2062 2629 incredulita-

475 2671 584 2717 tem
639 2662 940 2735 Synagogae
1005 2663 1260 2734 populum
1327 2663 1659 2734 reliquisset,
1719 2664 2061 2719 innumeram

472 2751 577 2808 sibi
606 2752 820 2822 plebem
866 2752 1122 2808 Ecclesiae
1162 2769 1226 2808 ex
1263 2753 1514 2808 omnibus
1555 2753 1805 2823 gentibus
1840 2754 2063 2824 amplia-

470 2843 568 2897 vit.
617 2841 771 2908 Quod
815 2850 870 2897 et
911 2842 1081 2898 David
1116 2844 1329 2907 cecinit,
1395 2844 1578 2899 dicens
1604 2861 1619 2898 :
1645 2843 2064 2900 Reminiscentur

475 2943 524 2988 et
575 2942 938 2987 convertentur
976 2935 1044 2987 ad
1093 2934 1376 2988 Dominum
1438 2936 1665 2989 universi
1715 2936 1844 3004 ﬁnes
1910 2946 2063 2992 terra:

473 3020 648 3093 (Psal.
706 3022 845 3094 ιιι).
895 3021 1072 3077 Filius
1109 3041 1405 3079 accrescens
1455 3036 1504 3079 et
1561 3027 1780 3082 decorus
1828 3038 2060 3098 aspectu.

472 3113 674 3170 Omnes
726 3115 872 3170 enim
909 3123 1130 3186 superat
1170 3115 1312 3171 illius
1339 3117 1702 3187 pulchritudo,
1734 3120 1890 3190 juxta
1921 3121 2063 3190 quod

2165 1945 2288 1991 sunt
2316 1935 2436 2001 tibi,
2458 1950 2490 1989 a
2526 1949 2739 1990 summo
2765 1935 2887 1992 coeli
2927 1945 2983 1992 et
3023 1936 3205 2009 abyssi
3243 1935 3564 1993 confortatae
3598 1942 3754 2000 sunt,

2163 2028 2218 2083 id
2259 2036 2360 2091 est,
2410 2027 2812 2097 praevaluerunt
2846 2028 3315 2084 benedictionibus
3359 2037 3576 2098 patrum
3623 2035 3759 2083 tuo-

2163 2134 2304 2173 rum.
2331 2118 2485 2174 Ultra
2521 2132 2680 2173 omne
2709 2118 2852 2173 enim
2883 2128 3198 2174 sanctorum
3229 2117 3484 2172 meritum
3511 2116 3759 2188 patriar-

2164 2212 2390 2266 charum
2418 2210 2691 2265 convaluit
2725 2210 3030 2266 benedictio
3058 2208 3447 2278 omnipotentis
3495 2205 3679 2261 Patris
3703 2206 3762 2261 in

2163 2303 2322 2367 Filio,
2354 2303 2429 2356 ita
2456 2311 2515 2356 ut
2536 2303 2586 2356 ei
2617 2300 2796 2355 nullus
2821 2309 3131 2356 sanctorum
3156 2306 3419 2369 aequetur.
3469 2297 3643 2352 Donec
3671 2312 3762 2351 ve.

2171 2395 2305 2448 niret
2377 2392 2696 2447 desiderium
2760 2390 2975 2445 collium
3035 2399 3372 2444 aeternorum.
3431 2385 3605 2442 Colles
3661 2385 3760 2442 isti

2165 2484 2340 2538 sancti
2368 2490 2512 2547 sunt,
2546 2482 2637 2552 qui
2677 2481 2880 2536 Christi
2904 2481 3194 2535 adventum
3216 2479 3602 2550 prophetantes
3633 2494 3763 2534 ma-

2165 2589 2270 2640 gno
2317 2571 2587 2627 desiderio
2641 2571 3074 2625 incarnationem
3105 2569 3223 2639 ejus
3271 2578 3758 2640 exspectaverunt.

2166 2663 2243 2718 De
2287 2661 2483 2732 quibus
2510 2659 2773 2715 Dominus
2818 2659 2991 2714 dicit:
3027 2658 3166 2724 Quia
3199 2658 3350 2712 multi
3383 2659 3519 2730 justi
3539 2669 3587 2714 et
3629 2677 3762 2730 pro-

2163 2754 2332 2825 pheta:
2373 2752 2642 2822 cupierunt
2679 2749 2853 2804 videre
2883 2765 3000 2820 quw
3031 2748 3215 2804 videtis
3247 2749 3398 2821 (Luc.
3424 2749 3503 2820 x).
3534 2748 3596 2804 Hi
3615 2765 3759 2821 ergo

2168 2845 2344 2899 sancti
2367 2842 2497 2899 dicti
2526 2848 2670 2906 sunt,
2730 2839 2893 2896 colles
2936 2847 3155 2911 propter
3195 2839 3568 2895 excellentiam
3617 2855 3758 2896 san-

2165 2935 2388 2991 ctitatis.
2411 2934 2512 3001 Qui
2535 2934 2695 2989 etiam
2723 2933 2908 2988 :eterni
2941 2939 3224 2996 vocantur,
3261 2931 3389 3002 quia
3431 2933 3595 2987 vitam
3619 2947 3761 2988 cono

2166 3034 2463 3098 sequuntur
2523 3033 2806 3089 aeternam,
2860 3037 2962 3078 nec
3011 3023 3284 3077 intereunt
3327 3037 3451 3077 cum
3527 3024 3761 3091 mundo,

2166 3119 2263 3175 sed
2299 3132 2422 3174 esse
2442 3117 2736 3173 creduntur
2757 3113 2964 3168 aeterni.
2995 3112 3157 3168 Fiant
3209 3115 3266 3167 in
3317 3115 3484 3183 capite
3533 3114 3759 3184 Ioseph.

472 3209 540 3264 de
576 3209 693 3278 ipso
743 3208 799 3262 in
849 3207 1072 3278 psalmis
1127 3211 1380 3265 canitur:
1416 3211 1692 3280 Speciosus
1737 3212 1907 3282 forma
1955 3205 2140 3283 ρηεο
2170 3209 2371 3265 Omnes
2420 3205 2822 3262 benedictiones
2861 3203 2977 3258 istae
3027 3216 3190 3271 super
3215 3211 3379 3271 caput
3434 3200 3632 3257 Christi
3658 3218 3764 3273 po-

474 3300 601 3368 ﬁliis
637 3301 907 3355 hominum
935 3299 1108 3373 (Psal.
1139 3302 1308 3375 κων).
1336 3300 1494 3356 Filia:
1517 3303 1880 3358 discurrerunt
1908 3320 2064 3374 super

475 3405 708 3456 murum,
739 3391 795 3444 id
841 3400 924 3446 est
965 3393 1226 3458 ecclesiae,
1257 3408 1377 3462 qua:
1404 3393 1748 3448 crediderunt
1795 3395 1851 3449 in
1903 3394 2061 3450 Chri-

473 3488 642 3534 stum.
676 3479 770 3535 Haa
813 3496 976 3551 super
1007 3483 1333 3538 soliditatem
1362 3483 1504 3550 fidei,
1551 3485 1706 3555 quasi
1737 3500 1898 3556 super
1946 3501 2065 3540 mu-

477 3586 623 3636 rum,
655 3585 840 3626 amore
867 3572 1288 3641 pulchritudinis
1336 3573 1539 3629 Christi
1569 3589 1814 3630 accensa:
1847 3577 2061 3633 discur-

476 3667 686 3724 rerunt,
716 3667 776 3712 ut
795 3674 982 3714 verum
1028 3676 1413 3738 sponsumxper
1434 3663 1938 3732 contemplationem
1971 3680 2061 3720 as‘

477 3749 704 3819 piciant,
745 3758 800 3805 et
846 3751 1031 3806 osculo
1073 3751 1356 3806 cbaritatis
1409 3753 1485 3806 illi
1542 3755 1860 3823 copulentur
1903 3765 2064 3826 atque

479 3839 809 3894 adhaereant.
846 3840 955 3894 Sed
1003 3841 1271 3912 objurgati
1303 3851 1428 3896 sunt
1465 3857 1608 3909 eum,
1650 3843 1865 3914 quando
1917 3845 2065 3902 falsis

479 3932 806 3986 testimoniis
841 3931 1234 3988 calumniantes
1275 3941 1519 3988 sanctum
1562 3936 1731 3989 Deum
1759 3937 2067 4007 opprimere

487 4019 786 4091 Synagogae
810 4022 988 4091 populi
1017 4024 1412 4093 cogitaverunt.
1438 4023 1747 4078 Inviderunt
1772 4025 1851 4078 illi
1871 4027 2066 4080 haben-

482 4122 555 4165 tes
569 4113 776 4182 jacula.
805 4113 988 4183 Neque
1017 4115 1160 4168 enim
1192 4117 1479 4184 quisquam
1526 4116 1581 4168 in
1609 4113 1808 4185 Joseph
1832 4117 2068 4185 conjecit

486 4202 736 4270 sagittas,
785 4203 870 4256 vel
907 4203 1124 4272 aliquod
1181 4204 1420 4258 vulneris
1464 4203 1653 4269 telum,
1685 4206 1780 4260 sed
1809 4206 1912 4260 hoc
1949 4222 2069 4275 spe-

481 4290 693 4344 cialiter
746 4290 926 4346 evenit
977 4293 1031 4347 in
1077 4292 1374 4348 Christum.
1422 4293 1575 4348 Sedet
1644 4296 1700 4348 in
1729 4296 1855 4364 forti
1912 4313 2066 4351 arcus

480 4379 619 4447 ejus.
671 4378 919 4436 Christus
954 4383 1100 4436 enim
1153 4398 1339 4437 arcum
1400 4399 1555 4437 suum
1587 4393 1644 4439 et
1686 4401 1837 4440 arma
1887 4389 2069 4456 posuit

482 4469 538 4522 in
570 4467 704 4536 Deo,
738 4469 830 4540 qui
893 4470 1050 4527 fortis
1093 4482 1179 4527 est
1224 4485 1610 4543 propugnator.
1661 4475 1828 4547 Cujus
1863 4479 2068 4534 virtute

485 4558 802 4614 concidetur
823 4561 1000 4614 omnis
1022 4561 1263 4628 nequitia
1308 4562 1658 4632 perfidorum.
1701 4566 1772 4620 Et
1812 4569 2071 4624 dissoluta

485 4660 608 4703 sunt
655 4649 863 4704 vincula
907 4650 1238 4705 brachiorum
1283 4654 1420 4722 ejus,
1463 4655 1658 4724 quibus
1693 4657 1888 4714 fratres
1949 4676 2072 4717 eum

486 4741 730 4796 vinctum
798 4742 867 4796 ad
919 4740 1151 4797 Pilatum
1199 4743 1512 4811 duxerunt,
1569 4747 1653 4802 vel
1705 4749 1900 4818 quibus
1949 4766 2072 4807 eum

489 4849 811 4906 suspensum
838 4836 891 4889 in
920 4836 1059 4906 ligno
1079 4837 1481 4892 crucifixerunt.
1514 4838 1747 4894 Rescissa
1776 4853 1895 4896 sunt
1938 4846 2074 4897 enim

488 4941 580 4994 per
617 4941 832 4978 manum
856 4927 1220 4996 omnipotentis
1252 4927 1438 4993 Jacob,
1471 4929 1573 4984 hoc
1599 4938 1703 4996 est,
1730 4945 1828 5000 per
1854 4946 2074 4986 manum

489 5017 876 5086 omnipotentis
912 5017 1006 5070 Dei
1057 5016 1241 5082 Jacoh,
1281 5035 1343 5072 ex
1373 5021 1524 5090 cujus
1554 5021 1758 5077 femore
1793 5025 1906 5094 ipse
1959 5026 2065 5079 Do-

489 5107 670 5160 minus
700 5107 873 5162 bonus
916 5115 1101 5175 pastor
1149 5121 1397 5178 egressus
1426 5120 1523 5175 est,
1571 5111 1706 5181 lapis
1749 5123 1804 5167 et
1844 5117 2072 5171 lirmitas

494 5198 828 5252 credentium
884 5199 937 5252 in
979 5199 1162 5255 Israel.
1194 5201 1336 5256 Deus
1377 5206 1541 5273 patris
1584 5208 1660 5260 tui
1711 5211 1808 5262 erit
1857 5211 2073 5280 adjutor

494 5299 634 5341 tuus.
684 5287 816 5354 Quis
866 5291 1070 5359 adjuvit
1112 5293 1329 5360 Filium,
1371 5297 1473 5352 nisi
1523 5299 1669 5354 solus
1716 5302 1854 5358 Deus
1890 5303 2070 5372 Pater,

495 5379 584 5446 qui
636 5379 773 5432 dixit
804 5398 817 5433 :
853 5379 1019 5434 Iacob
1057 5401 1186 5452 puer
1221 5403 1387 5453 meus,
1443 5393 1689 5458 suscipiat
1743 5410 1861 5448 eum
1895 5397 2073 5450 anima

498 5485 655 5533 mea;
705 5481 752 5523 et
813 5475 1138 5542 omnipotens
1183 5479 1443 5534 benedicet
1492 5483 1584 5535 tibi
1633 5485 2072 5543 benedictionibus

499 5558 611 5610 ειεΙὶ
633 5561 869 5628 desuper,
897 5564 1334 5623 benedictionibus
1356 5573 1528 5640 abyssi
1546 5575 1774 5642 jacentis
1806 5582 2069 5636 deorsum.

502 5648 765 5703 Universa
790 5653 930 5706 enim
980 5655 1204 5722 subjecit
1230 5662 1301 5723 ei,
1349 5665 1587 5719 coelestia
1610 5685 1706 5737 per
1748 5673 2073 5732 benedictio-

503 5754 627 5792 nem
655 5741 798 5808 cwli,
830 5752 884 5798 et
934 5754 1144 5801 terrena
1197 5766 1292 5819 per
1335 5755 1757 5817 benedictionem
1790 5767 1967 5837 abyssi
1989 5773 2072 5840 ja-

2167 3308 2392 3364 nuntur,
2421 3312 2557 3368 quas
2582 3298 2892 3351 incarnatus
2918 3292 3148 3362 accepit.
3198 3291 3268 3345 Et
3310 3309 3466 3362 super
3513 3293 3763 3348 verticem

2169 3393 2443 3458 Nazartei,
2467 3391 2533 3446 de
2565 3402 2674 3459 quo
2707 3385 2964 3456 scriptum
3007 3392 3091 3439 est
3123 3400 3137 3436 :
3166 3382 3429 3450 Quoniam
3458 3384 3764 3442 Nazarwus

2167 3477 2709 3550 vocabitur(Malach.
2741 3475 2826 3546 ιι),
2850 3475 2906 3529 id
2939 3481 3040 3539 est,
3072 3480 3297 3529 sanctus
3320 3473 3437 3529 Dei.
3471 3473 3621 3529 Inter
3639 3476 3765 3543 fra-

2169 3587 2273 3631 tres
2295 3590 2438 3639 suos,
2477 3571 2602 3641 quia
2627 3571 2743 3639 ipse
2765 3577 2850 3625 est
2873 3575 3036 3639 caput
3071 3569 3313 3623 omnium
3337 3569 3602 3635 eminens,
3636 3571 3765 3626 uni-

2165 3677 2447 3720 versorum
2472 3660 2723 3716 videlicet
2747 3665 3094 3724 sanctorum;
3125 3673 3263 3714 auos
3282 3659 3446 3713 etiam
3473 3667 3531 3712 et
3557 3658 3764 3718 fratres

2167 3762 2325 3810 vocat
2351 3754 2406 3809 in
2432 3753 2674 3824 psalmis.

2239 3886 2536 3956 Benjamin,
2570 3891 2664 3959 qui
2716 3891 3103 3962 interpretatur
3146 3890 3288 3960 ﬁlius
3329 3889 3578 3953 dextera,
3609 3887 3764 3958 quod

2167 3989 2251 4035 est
2278 3981 2510 4036 virtutis.
2547 3980 2681 4038 Nam
2721 3991 2898 4039 mater
2920 3983 3036 4052 ejus
3066 3984 3305 4038 moriens
3331 3989 3618 4038 vocaverat
3658 3996 3764 4046 no-

2169 4087 2295 4125 men
2333 4071 2449 4140 ejus
2491 4073 2715 4140 Benoni,
2741 4075 2795 4129 id
2825 4083 2907 4130 est
2933 4075 3075 4143 ﬁlius
3098 4073 3293 4127 doloris
3320 4074 3454 4138 mei;
3476 4082 3628 4143 pater
3653 4085 3764 4126 au-

2172 4169 2278 4215 tem
2301 4162 2403 4215 hoc
2425 4163 2673 4228 mutavit,
2697 4163 2866 4231 [ilium
2888 4164 3117 4218 dextera:
3143 4163 3449 4219 nominans.
3474 4160 3763 4230 Benjamin

2171 4258 2348 4303 autem
2379 4250 2526 4304 Pauli
2557 4253 2784 4320 apostoli
2810 4253 3098 4320 imaginem
3129 4253 3387 4320 praetulit,
3416 4253 3540 4320 quia
3571 4261 3625 4306 et
3651 4252 3766 4306 mi-

2172 4339 2352 4393 nimus
2374 4340 2738 4408 apostolorum
2761 4340 2883 4405 fuit,
2901 4351 2956 4395 et
2977 4341 3042 4395 de
3062 4342 3206 4395 tribu
3219 4341 3334 4409 ejus
3357 4342 3617 4397 ascendit.
3648 4342 3764 4398 Iste

2172 4439 2256 4482 est
2283 4429 2440 4499 lupus
2470 4446 2661 4501 rapax,
2684 4446 2842 4486 mane
2876 4441 3189 4501 persecutor
3217 4433 3498 4502 diripiens,
3527 4447 3765 4502 vespere

2096 4547 2150 4606 D
2175 4521 2363 4576 doctor
2381 4536 2628 4592 pascens.
2651 4520 2804 4588 Quod
2834 4532 3014 4578 autem
3055 4524 3190 4578 dixit
3230 4523 3441 4596 Moyses
3483 4524 3539 4579 in
3587 4524 3763 4580 bene-

2177 4611 2410 4665 dictione
2456 4610 2765 4681 Benjamin:
2798 4613 3204 4668 Amantissimus
3237 4613 3448 4668 Domini
3501 4613 3762 4668 habitabit

2176 4702 2528 4769 conﬁdenter;
2558 4703 2615 4756 in
2641 4719 2700 4757 eo
2721 4705 2872 4773 quasi
2900 4705 2956 4757 in
2993 4704 3221 4758 thalamo
3249 4715 3360 4759 tota
3408 4707 3493 4760 die
3526 4708 3760 4764 morabi-

2175 4799 2283 4855 tur,
2319 4800 2366 4843 et
2394 4791 2528 4845 inter
2546 4793 2787 4847 humeros
2813 4794 2956 4848 illius
2987 4797 3265 4864 requiescet
3301 4795 3479 4866 (Deut.
3520 4799 3754 4869 xum),

2177 4882 2392 4936 videtur
2425 4884 2640 4952 quidem
2683 4887 2974 4941 secundum
3024 4888 3302 4942 historiam
3335 4897 3572 4960 tangere,
3611 4897 3758 4961 quod

2179 4972 2458 5042 Benjamin
2487 4991 2517 5030 a
2539 4977 2845 5045 patriarcha
2879 4978 3038 5032 simul
3057 4987 3114 5034 et
3146 4982 3406 5050 propheta
3436 4983 3626 5051 spiritu
3657 4985 3755 5040 Dei

2176 5063 2335 5130 pleno
2363 5065 2617 5120 videlicet
2641 5077 2795 5136 patre
2825 5083 2922 5122 suo
2946 5067 3111 5123 Jacob
3158 5079 3463 5134 amaretur;
3499 5079 3553 5126 et
3609 5076 3758 5141 quod

2177 5167 2274 5221 per
2304 5154 2759 5222 dispensationem
2814 5159 2907 5211 Dei
2967 5158 3118 5213 locus
3169 5159 3277 5225 ille,
3305 5160 3357 5213 in
3420 5177 3526 5229 quo
3575 5164 3756 5220 cultus

2180 5243 2412 5296 maxime
2437 5243 2647 5300 futurus
2674 5256 2812 5311 erat,
2833 5247 2998 5301 tribui
3026 5248 3202 5303 eidem
3223 5249 3621 5317 decerneretur,
3649 5253 3757 5309 hoc

2180 5337 2264 5382 est
2287 5328 2607 5398 Jerusalem,
2641 5335 2729 5388 ubi
2761 5335 3013 5403 templum
3043 5344 3097 5390 et
3145 5337 3315 5391 altare
3347 5337 3442 5392 Dei
3477 5350 3757 5399 construe-

2180 5419 2377 5485 batur;
2424 5432 2584 5492 atque
2627 5426 2744 5480 ideo
2786 5426 3128 5496 subjungitur
3165 5445 3180 5481 :
3221 5427 3388 5494 Quasi
3431 5431 3486 5484 in
3522 5431 3754 5488 thalamo

2181 5516 2290 5562 tota
2319 5510 2402 5562 die
2422 5513 2746 5578 morabitur:
2760 5514 2885 5582 quia
2913 5513 3212 5570 Jerusalem
3248 5514 3349 5569 fuit
3399 5531 3463 5572 eo
3515 5527 3755 5589 tempore

2182 5597 2345 5662 locus,
2374 5614 2531 5667 quem
2559 5601 2717 5670 elegit
2739 5602 3015 5670 Dominus,
3040 5613 3100 5658 ut
3126 5615 3270 5660 esset
3295 5622 3492 5662 nomen
3521 5605 3636 5675 ejus
3657 5612 3752 5668 ibi.

2178 5687 2477 5760 Allegorice
2499 5702 2678 5745 autem
2699 5693 2957 5748 Dominus
2980 5704 3163 5754 noster
3183 5694 3339 5753 Jesus
3366 5697 3613 5754 Christus
3642 5700 3756 5771 ipse

2179 5781 2580 5838 amantissimus
2612 5792 2694 5840 est
2721 5785 2814 5840 Dei
2845 5785 3041 5852 Patris,
3071 5787 3136 5842 de
3164 5802 3270 5854 quo
3318 5787 3479 5846 dixit:
3520 5789 3625 5845 Hic
3681 5802 3756 5848 est
