3896 6326
179 357 240 417 49
1142 355 1230 414 DE
1268 355 1613 414 UNIVEBSO
1650 354 1824 411 LIBRI
1866 353 2026 410 XXII.
2067 385 2135 395 --—
2169 355 2292 410 LIB.
2335 345 2395 409 ll.
3327 355 3396 411 50

178 474 330 529 Filius
377 491 520 530 meus
581 472 825 543 dilectus,
852 472 905 529 in
953 493 1054 545 quo
1111 475 1239 529 mihi
1284 475 1407 529 bene
1439 474 1726 542 complacui
1753 489 1802 545 Α
1821 473 2235 542 justiﬁeavit;et
2287 489 2413 541 quos
2453 469 2783 541 justifieavit,
2810 471 2926 526 illos
2980 482 3028 526 et
3088 472 3397 543 gloriﬁcavit

175 564 367 638 (lauit.
399 567 501 638 ιιι).
535 565 634 623 Hic
664 569 721 622 in
753 567 947 622 virtute
981 566 1157 622 Patris
1182 574 1481 636 permanet,
1513 566 1639 635 quia
1670 565 1724 618 in

173 656 373 713 dextera
401 658 613 714 virtutis
634 658 808 726 sedet,
837 668 891 714 et
928 659 1169 728 regnavit
1197 657 1432 731 [regnat]
1467 658 1520 711 in
1549 656 1724 712 excel-

171 750 256 806 sis.
302 747 404 806 Sed
471 759 526 806 et
579 753 648 807 de
714 751 1014 806 humilitate
1069 751 1188 822 ejus
1235 750 1457 822 intelligi
1524 756 1722 820 potest,

169 841 285 910 quia
338 840 394 896 in
467 856 532 897 ea
579 841 833 898 divinitas
895 842 1098 898 habitat
1159 841 1510 906 conﬁdenter,
1562 854 1724 910 quam

169 928 259 984 sibi
281 928 555 998 conjunxit
580 931 638 985 in
686 931 891 988 unitate
935 947 1202 1004 personae.
1233 932 1387 998 Quod
1439 938 1619 984 autem
1667 930 1723 984 in

169 1019 376 1073 thalamo
402 1022 715 1089 morabitur,
745 1031 794 1078 et
813 1023 948 1078 inter
983 1025 1225 1077 humeros
1253 1022 1396 1076 illius
1426 1022 1721 1092 requiescet,

170 1107 415 1178 signiﬁcat
434 1112 578 1180 quod
600 1112 656 1168 in
692 1120 848 1171 utero
865 1111 1104 1183 Virginis
1134 1112 1341 1168 caelesti
1369 1126 1566 1181 sponso
1592 1127 1723 1167 con-

163 1195 329 1268 juncta
358 1208 442 1254 est
471 1200 733 1268 Ecclesia,
765 1217 886 1274 quae
912 1203 965 1256 in
992 1202 1262 1258 fortudine
1290 1202 1543 1272 potentia:
1567 1201 1724 1257 Chri-

169 1288 247 1350 sti,
265 1297 314 1342 et
339 1288 391 1342 in
410 1292 661 1361 operibus
679 1292 793 1362 ejus
818 1294 1110 1349 maximam
1131 1293 1380 1350 fiduciam
1393 1309 1459 1349 ac
1486 1294 1724 1363 requiem

169 1379 346 1435 meritis
371 1379 557 1436 habet.

228 1471 488 1529 Manasses
519 1474 695 1532 dictus
719 1484 805 1532 est
822 1477 891 1534 ab
921 1491 987 1533 eo
1023 1477 1170 1548 quod
1191 1477 1262 1532 sit
1283 1485 1438 1547 pater
1460 1477 1576 1546 ejus
1598 1475 1727 1530 obli-

167 1565 242 1614 tus
272 1559 506 1616 laborum
533 1579 776 1620 suorum.
811 1565 891 1622 lta
915 1566 1179 1622 Hebraice
1230 1575 1452 1622 vocatur
1497 1564 1724 1630 oblivio;

165 1662 318 1723 gestat
341 1664 521 1710 autem
543 1657 773 1728 ﬁguram
800 1659 997 1729 prioris
1023 1659 1225 1730 populi.

226 1745 491 1816 Ephraim,
525 1748 620 1817 qui
648 1748 1038 1819 interpretatur
1058 1748 1306 1820 frugifer,
1334 1749 1448 1803 sive
1473 1763 1724 1818 augmen-

1826 565 1998 636 (Rom.
2021 566 2162 638 vui).
2190 563 2297 619 Sed
2348 565 2480 629 haec,
2509 575 2566 618 ut
2611 564 2745 630 dixi,
2777 565 2828 621 in
2858 564 3085 630 occulto,
3112 566 3200 619 ubi
3232 566 3291 619 lit
3343 577 3398 619 et

1824 657 2101 729 conceptio
2135 664 2336 712 sanctae
2391 658 2674 712 ubertatis.
2715 656 2944 711 Mittitur
2987 666 3166 712 autem
3212 657 3398 713 hmdus

1821 752 2118 821 promissus
2153 757 2411 818 tanquam
2437 749 2705 803 meretrici
2734 746 2886 820 (Gen.
2924 748 3172 822 xxxvm).
3201 747 3398 804 Haedus

1823 846 2186 914 exprobratio,
2222 842 2428 912 peccati
2449 855 2544 911 per
2561 842 2808 895 eamdem
2857 840 3256 906 Odollamitem,
3281 849 3398 894 tan-

1823 951 1987 1007 quam
2011 937 2376 1005 increpantem
2402 942 2457 989 ct
2480 933 2776 988 dicentem:
2798 930 3073 986 Generatio
3101 931 3398 1002 viperarum

1825 1026 2039 1098 (Matth.
2057 1026 2160 1097 ιιι).
2178 1025 2285 1080 Sed
2305 1039 2412 1079 non
2437 1039 2555 1079 eam
2582 1022 2784 1076 invenit
2801 1022 3007 1092 peccati
3025 1023 3395 1092 exprobratio,

1825 1131 1986 1185 quam
2012 1115 2240 1170 mutavit
2265 1112 2618 1169 confessioni;
2644 1113 2965 1168 amaritudo.
2988 1110 3115 1168 Post
3133 1127 3262 1168 vero
3283 1112 3397 1182 jam

1823 1207 2048 1276 publicis
2075 1207 2241 1278 signis
2272 1206 2455 1261 annuli
2485 1205 2796 1270 etutonilis,
2843 1213 2898 1258 et
2923 1205 3110 1275 virgae,
3141 1205 3272 1258 vicit
3310 1212 3396 1258 te-

1825 1313 1972 1354 mere
1994 1298 2296 1368 judicantes
2317 1297 2546 1361 Iudaeos,
2576 1311 2805 1366 quorum
2826 1296 2938 1366 jam
2971 1310 3261 1365 personam
3283 1294 3399 1363 ipse

1825 1387 1988 1445 Judas
2013 1373 2284 1460 gestabatll;
2311 1390 2402 1458 qui
2428 1388 2693 1458 hodieque
2717 1388 2924 1452 dicunt,
2946 1400 3052 1440 non
3104 1385 3249 1439 hunc
3297 1398 3399 1453 po-

1825 1481 2007 1552 pulum
2029 1496 2150 1536 esse
2186 1479 2406 1545 Christi,
2437 1495 2537 1535 nec
2570 1478 2767 1534 habere
2811 1493 2909 1533 nos
2939 1489 3123 1532 semen
3147 1474 3398 1531 Abrahar.

1827 1573 1932 1628 Sed
1954 1573 2176 1642 prolatis
2190 1571 2506 1626 certissimis
2525 1569 2858 1626 documentis
2884 1577 3082 1624 nostra:
3101 1566 3400 1622 vocationis

1817 1662 2325 1732 justiﬁcationisque
2350 1669 2404 1717 et
2442 1659 2866 1731 gloriﬁcationis,
2913 1657 3238 1713 erubescunt
3282 1657 3399 1712 sine

1825 1755 1986 1811 dubio
2018 1764 2074 1810 et
2089 1754 2506 1817 confunduntur,
2533 1761 2589 1808 et
2613 1767 2709 1807 nos
2742 1751 2914 1823 magis
2943 1765 3104 1820 quam
3127 1764 3186 1804 se
3204 1747 3402 1817 justiﬁ-

163 1844 288 1901 1⁸⁵ιὶ
326 1851 388 1890 θο
414 1839 562 1907 Ἶυοά
599 1839 814 1894 auxerit
856 1855 981 1895 eum
1025 1840 1186 1894 Deus.
1216 1839 1315 1894 Hic
1366 1848 1546 1894 autem
1590 1852 1715 1909 88η·
1745 1837 1793 1898 Β
1819 1855 1970 1902 catos
1991 1861 2111 1902 esse
2133 1845 2462 1900 fatebuntur.
2477 1843 2708 1914 Pignora
2736 1844 2880 1897 enim
2901 1840 3066 1897 refert
3087 1841 3287 1896 habere
3315 1854 3401 1896 se-

162 1923 280 1978 tium
330 1926 604 1997 signiﬁcat
650 1929 928 2000 populum,
977 1930 1073 2001 qui
1127 1944 1226 2000 per
1286 1928 1720 1985 benedictionem

160 2013 455 2083 patriarchae
506 2018 830 2088 praepositus
879 2027 963 2076 est
1014 2020 1209 2092 majori
1260 2020 1456 2092 populo
1511 2018 1724 2075 Judaeo—

162 2121 286 2162 rum.

221 2197 441 2255 Thamar
464 2202 853 2273 interpretatur
879 2207 1177 2260 amaritudo
1200 2222 1294 2277 pro
1330 2204 1451 2259 viris
1477 2203 1716 2258 mortuis.

162 2287 340 2345 Eadem
361 2301 413 2346 et
447 2305 810 2362 commutans;
834 2300 1062 2353 mutavit
1088 2299 1234 2354 enim
1263 2313 1322 2354 se
1371 2299 1425 2353 in
1477 2296 1719 2352 habitum

165 2382 464 2448 meretricis,
497 2386 717 2453 quando
750 2403 872 2442 cum
899 2403 1088 2443 socero
1112 2404 1213 2444 suo
1242 2389 1550 2444 concubuit.

220 2468 401 2528 Phares
433 2473 828 2547 interpretatur
849 2478 1058 2546 divisio,
1086 2481 1154 2535 ab
1192 2496 1257 2536 eo
1294 2483 1439 2552 quod
1474 2483 1722 2540 diviserit

162 2562 508 2620 membranula
581 2568 968 2634 secundarum;
1023 2571 1272 2628 divisoris
1329 2574 1495 2641 inde,
1546 2576 1600 2631 id
1635 2585 1722 2633 est

161 2650 358 2721 Phares,
404 2659 634 2716 sortitus
684 2670 767 2718 est
814 2677 1032 2719 nomen.
1060 2662 1216 2720 Unde
1237 2673 1292 2720 et
1318 2665 1596 2734 Pharisaei,
1627 2670 1720 2739 qui

160 2745 568 2818 sequasijustos
613 2764 647 2805 a
691 2751 888 2823 populo
912 2755 1254 2825 separabant,
1295 2756 1450 2814 divisi
1487 2758 1721 2830 appella-

159 2835 358 2892 bantur.

219 2926 360 2994 Zara,
391 2927 564 2987 frater
593 2930 730 3000 ejus,
762 2933 818 2989 in
846 2934 999 3003 cujus
1023 2951 1186 2991 manu
1207 2939 1510 3003 coccinum,
1547 2938 1718 2994 inter-

155 3026 375 3088 pretatur
398 3022 610 3087 oriens;
631 3023 744 3078 sive
764 3024 889 3094 quia
915 3025 1123 3095 primus
1147 3028 1412 3098 apparuit,
1443 3029 1555 3085 sive
1576 3031 1719 3099 quod

154 3105 349 3176 plurimi
375 3123 439 3164 ex
467 3125 534 3167 eo
549 3111 686 3182 justi
709 3114 821 3168 nati
844 3122 988 3180 sunt,
1019 3123 1079 3169 ut
1103 3115 1159 3170 in
1187 3115 1322 3172 libro
1347 3117 1713 3189 Paralipome-

1822 1956 1942 1996 cum
1956 1941 2216 1995 Ecclesia.
2245 1940 2546 1994 Accusatur
2564 1940 2708 1993 enim
2737 1954 2766 1991 a
2791 1936 2991 1993 Judmis
3009 1937 3161 2007 quasi
3184 1935 3397 1990 adulte-

1822 2031 1988 2086 ratrix
2008 2030 2171 2101 legis;
2205 2030 2300 2086 sed
2319 2029 2551 2086 ostendit
2569 2030 2773 2099 virgam
2803 2028 3012 2100 signum
3033 2027 3320 2098 passionis,
3343 2035 3400 2082 et

1821 2121 2018 2177 monile
2037 2120 2168 2192 legis
2189 2120 2456 2191 legitimae,
2473 2120 2793 2174 etannulum
2813 2120 3006 2189 pignus
3026 2118 3401 2174 immortalita-

1821 2211 1908 2266 tis.
1933 2209 2084 2278 Quod
2108 2220 2287 2264 autem
2308 2208 2583 2279 Scriptura
2605 2209 2734 2264 dicit
2756 2208 3054 2278 parientem
3079 2207 3316 2262 Thamar
3345 2215 3402 2263 et

1821 2302 1954 2356 duos
1979 2301 2034 2354 in
2050 2307 2202 2354 utero
2224 2297 2467 2368 geminos
2487 2298 2793 2363 habentem,
2808 2313 3035 2368 quorum
3056 2297 3259 2353 scilicet
3285 2296 3400 2367 pri-

1821 2406 1959 2453 mus,
1989 2389 2080 2459 qui
2104 2389 2302 2443 dicitur
2318 2387 2475 2453 Zara,
2499 2387 2647 2443 misit
2670 2403 2884 2442 manum
2913 2401 3064 2464 suam
3083 2425 3098 2452 ,
3121 2395 3176 2441 et
3218 2387 3399 2440 obste-

1823 2482 1930 2538 trix
1953 2481 2438 2552 ligavitcoccinum
2459 2497 2472 2546 ;
2497 2488 2551 2536 et
2570 2479 2766 2535 dehinc
2783 2479 2873 2533 illo
2900 2493 3119 2533 manum
3145 2477 3397 2531 intrinse-

1820 2589 1916 2629 cus
1962 2572 2270 2628 retrahente
2305 2571 2591 2642 posterior,
2628 2573 2719 2640 qui
2757 2570 2963 2626 Phares
2989 2576 3233 2632 vocatur,
3270 2582 3396 2637 por-

1821 2663 1963 2720 rexit
2009 2679 2227 2718 manum
2255 2704 2269 2727 ,
2304 2670 2359 2718 et
2402 2661 2672 2717 nascendo
2722 2661 2986 2731 processit
3035 2676 3048 2713 :
3098 2657 3397 2730 ﬁguraliter

1820 2755 2068 2825 congruit
2085 2753 2226 2824 quod
2249 2753 2553 2809 extenderit
2581 2752 2744 2807 Israel
2771 2752 2824 2806 in
2846 2751 2976 2821 legis
2995 2765 3158 2821 opera
3179 2764 3397 2803 manum

1821 2863 1996 2915 suam,
2024 2858 2078 2905 et
2101 2864 2222 2904 eam
2259 2849 2641 2919 prophetarum
2672 2855 2727 2903 et
2757 2846 2923 2918 ipsius
2952 2843 3248 2900 Salvatoris
3278 2843 3396 2913 pol-

1821 2939 1991 2995 lutam
2021 2954 2214 2996 cruore
2243 2941 2601 3006 contraxerit;
2650 2947 2834 3009 postea
2873 2953 3004 2994 vero
3040 2936 3187 3008 prior
3226 2935 3401 3006 aperit

1820 3031 2069 3102 populus,
2093 3031 2332 3102 gentium
2364 3030 2590 3095 scilicet,
2620 3037 2679 3083 ut
2709 3029 2876 3083 futuri
2911 3034 3092 3082 essent
3117 3025 3396 3081 novissimi

1824 3124 1917 3192 qui
1939 3131 2095 3178 erant
2117 3123 2299 3194 primi,
2335 3130 2390 3178 et
2423 3122 2584 3191 primi
2611 3119 2777 3175 futuri
2805 3126 2984 3175 essent
3008 3117 3100 3188 qui
3124 3124 3282 3172 erant
3310 3130 3400 3169 no-

154 3213 250 3254 non
271 3202 593 3258 continetur.
619 3202 852 3258 Thamar
872 3205 1114 3260 habitum
1141 3216 1337 3274 mutat,
1355 3217 1529 3264 mutat
1557 3219 1610 3266 et
1628 3227 1724 3267 no-
1750 3189 1796 3252 (ἶ
1827 3189 2053 3266 vissimi.

154 3308 291 3349 men:
313 3305 366 3350 et
385 3295 446 3350 ﬁt
473 3297 542 3353 de
582 3295 870 3369 Synagoga
895 3297 1160 3355 Ecclesia.
1195 3299 1302 3355 Sed
1330 3301 1386 3355 in
1412 3314 1476 3355 ea
1501 3318 1726 3372 prorsus

152 3398 331 3440 nomen
369 3387 752 3443 amaritudinis
783 3396 997 3456 manet;
1021 3405 1130 3446 non
1151 3389 1296 3445 illius
1319 3385 1720 3460 amaritudinis,

152 3475 200 3530 in
227 3492 324 3548 qua
361 3478 597 3535 Domino
640 3479 988 3546 ministravit,
1016 3482 1113 3538 sed
1138 3481 1280 3536 illius
1310 3483 1364 3537 in
1399 3498 1503 3552 qua
1529 3483 1721 3542 Petrus

149 3583 315 3627 amare
333 3570 510 3628 licvit.
526 3572 667 3628 Nam
687 3581 742 3630 et
761 3573 927 3630 Judas
957 3575 1148 3631 Latine
1173 3575 1428 3645 confessio
1457 3586 1558 3633 est.
1581 3577 1722 3634 Con-

151 3659 350 3719 fessioni
405 3679 536 3734 ergo
584 3666 889 3722 amaritudo
932 3668 1244 3734 misceatur,
1273 3675 1487 3723 utvera
1546 3671 1721 3739 ι)ωηὶ-

151 3756 304 3810 tentia
343 3758 734 3828 praesignetur:
764 3759 867 3814 hac
909 3761 1231 3830 paenitentis
1271 3760 1589 3817 fecundatur
1613 3762 1718 3819 Ec-

151 3842 295 3900 clesia
339 3846 392 3900 in
463 3846 724 3904 omnibus
767 3849 1016 3920 gentibus
1065 3852 1374 3907 constituta.
1437 3851 1718 3922 Oportebat

153 3938 272 3990 enim
292 3935 554 3994 Christum
581 3941 696 4009 pati
742 3950 790 3994 et
819 3957 1084 4013 resurgere
1127 3946 1281 3998 tertia
1301 3946 1416 4010 die;
1445 3957 1492 4000 et
1518 3947 1716 4016 ρηεαί-

155 4025 249 4077 ceri
267 4026 317 4080 in
338 4030 547 4082 nomine
577 4028 695 4098 ejus
719 4030 1072 4098 paenitentiam
1118 4042 1166 4087 et
1201 4035 1556 4089 remissionem
1599 4052 1716 4106 pec-

156 4126 362 4172 catorum
375 4137 467 4189 per
494 4135 681 4175 omnes
703 4132 875 4191 gentes
904 4124 1267 4194 incipientibus
1288 4127 1353 4180 ab
1377 4125 1714 4183 Hierusalem

158 4205 286 4275 (Luc.
317 4215 484 4282 xxiv).
511 4211 655 4267 Nam
673 4203 728 4268 et
759 4214 871 4285 ipse
907 4214 1123 4272 habitus
1159 4220 1458 4274 meretricis
1505 4220 1716 4277 confes-

157 4296 227 4352 sio
267 4310 612 4370 peccatorum
657 4311 759 4359 est.
803 4304 1011 4376 Typum
1061 4309 1256 4378 quippe
1283 4309 1538 4366 Ecclesiae
1577 4313 1716 4382 gerit

159 4385 363 4444 Thamar
389 4407 455 4446 ex
485 4391 746 4463 gentibus
770 4404 1026 4462 evocatae,
1055 4396 1247 4454 sedens
1271 4415 1393 4454 cum
1427 4402 1535 4457 hoc
1562 4401 1712 4457 habi-

161 4482 208 4528 tu
231 4478 288 4534 ad
308 4482 711 4550 portam-Euan
737 4483 821 4538 vel
855 4483 1118 4552 Enachin,
1141 4489 1283 4557 quod
1326 4489 1711 4560 interpretatur

161 4565 275 4634 fons.
294 4569 538 4629 Cucurrit
571 4574 723 4629 enim
747 4574 894 4630 velut
912 4591 1106 4632 cervus
1135 4578 1202 4633 ad
1240 4578 1414 4634 fontes
1449 4596 1710 4651 aquarum

160 4665 409 4728 pervenire
444 4665 513 4720 ad
543 4679 740 4720 semen
761 4663 1008 4722 Abrahae.
1033 4666 1127 4723 Illo
1152 4668 1298 4723 enim
1353 4684 1460 4724 non
1515 4685 1714 4740 cogno-

163 4763 319 4808 scente
335 4754 536 4812 feratur
559 4755 707 4829 (sic),
725 4758 849 4826 quia
873 4757 942 4813 de
966 4758 1387 4829 illo'praedictum
1406 4769 1488 4816 est
1508 4781 1520 4815 :
1541 4760 1717 4832 Popu-

163 4837 230 4894 lus
252 4858 388 4910 quem
416 4861 524 4900 non
565 4846 806 4914 cognovi,
834 4847 1018 4901 serviet
1045 4848 1170 4901 mihi
1195 4846 1366 4920 (Psal.
1405 4851 1574 4921 xuv).
1608 4850 1717 4906 Ac-

163 4930 286 4997 cepit
308 4932 360 4986 in
384 4932 607 4991 occulto
639 4934 895 4989 annulum
927 4943 983 4990 et
1008 4937 1206 4991 monile
1239 4945 1295 4991 et
1334 4938 1539 5009 virgam
1561 4937 1716 5008 (Gen.

165 5023 382 5094 xxxviii),
405 5026 535 5095 quia
564 5027 857 5084 vocatione
889 5027 1152 5098 signatur,
1184 5029 1571 5098 justiﬁcatione
1621 5031 1716 5086 de-

166 5119 368 5179 coratur,
398 5114 804 5185 gloriﬁcatione
823 5115 1112 5170 exaltatur.
1155 5116 1299 5181 Quos
1342 5118 1481 5171 enim
1517 5118 1717 5188 prwde-

165 5197 364 5273 “iussit,
388 5203 508 5262 illos
533 5215 588 5265 et
611 5205 844 5273 vocavit;
867 5221 996 5277 quos
1045 5215 1218 5263 autem
1264 5208 1480 5277 vocavit,
1501 5208 1620 5265 illos
1668 5219 1717 5266 et

1894 3296 1995 3354 Job
2021 3305 2224 3364 autem,
2253 3306 2314 3353 ut
2339 3298 2555 3366 quidam
2579 3298 2940 3368 suspicantur,
2973 3297 3027 3352 in
3057 3295 3196 3350 libro
3225 3294 3400 3350 Gene-

1823 3408 1946 3449 seos
1973 3393 2145 3450 Johab
2171 3393 2500 3455 nominatur,
2529 3399 2584 3445 et
2607 3391 2674 3445 de
2701 3390 2867 3458 stirpe
2889 3388 3029 3444 Esau
3053 3386 3399 3458 generatione

1823 3493 2016 3553 quarta
2035 3491 2192 3539 natus
2210 3484 2467 3538 creditur.
2495 3482 2537 3536 E
2559 3489 2744 3536 contra
2766 3479 2974 3533 Hebraei
2998 3484 3248 3532 asserunt
3273 3490 3398 3530 eum

1822 3575 1890 3631 de
1916 3574 2132 3631 Nachor
2152 3574 2320 3644 stirpe
2343 3587 2460 3628 esse
2497 3579 2830 3642 generatum.
2864 3568 2998 3622 Nam
3027 3567 3272 3637 Eliphaz,
3305 3565 3396 3634 qui

1821 3681 1961 3721 unus
1991 3666 2057 3721 de
2077 3666 2247 3720 tribus
2280 3664 2467 3719 amicis
2489 3662 2590 3719 Job
2617 3677 2737 3718 esse
2769 3661 2964 3731 legitur
2984 3699 2998 3723 ,
3029 3659 3082 3713 in
3119 3658 3258 3712 libro
3293 3653 3398 3709 He-

1820 3754 2127 3810 braicarum
2160 3753 2526 3820 Quaestionum
2564 3751 2822 3820 scriptum
2862 3748 3080 3818 reperi,
3112 3745 3255 3815 quod
3281 3745 3397 3814 ipse

1819 3845 1980 3900 fuerit
1996 3846 2136 3900 ﬁlius
2164 3846 2308 3899 Esau
2335 3859 2404 3899 ex
2425 3843 2542 3898 Ada
2561 3857 2730 3897 uxore
2751 3856 2868 3896 sua.
2895 3840 2955 3896 In
2979 3839 3227 3895 Latinum
3254 3852 3392 3907 quo-

1817 3950 1923 4004 que
1951 3935 2180 3989 vertitur
2209 3932 2340 4000 Joh,
2383 3932 2583 3988 dolens.
2629 3931 2696 3987 Et
2728 3939 2874 3987 recte
2909 3932 3128 3999 dolens,
3175 3941 3395 4003 propter

1815 4024 2218 4094 percussionem
2261 4023 2444 4078 carnis
2479 4031 2534 4077 et
2555 4023 2834 4093 passiones
2860 4021 3141 4086 dolorum;
3172 4023 3394 4078 calami-

1819 4121 1957 4169 tates
1998 4115 2144 4168 enim
2187 4129 2315 4170 suas
2361 4115 2594 4171 nominis
2622 4113 2942 4186 etymologia
2986 4113 3256 4182 ﬁguravit.
3287 4113 3390 4168 llic

1814 4221 1945 4278 ergo
1993 4206 2047 4260 in
2093 4205 2252 4261 factis
2299 4205 2562 4275 dictisque
2621 4205 2734 4261 suis
2795 4219 3081 4275 personam
3129 4203 3386 4273 exprimit

1812 4300 2210 4370 Redemptoris,
2241 4299 2308 4356 de
2340 4315 2448 4370 quo
2473 4299 2733 4369 scriptum
2760 4305 2844 4354 est
2876 4316 2888 4352 :
2924 4296 3044 4368 Ipse
3063 4295 3266 4351 dolores
3297 4310 3386 4349 no.

1812 4401 1946 4445 stros
1969 4389 2085 4443 tulit
2106 4398 2154 4444 et
2175 4389 2538 4460 wgrotationes
2559 4387 2780 4458 portavit
2804 4385 2941 4458 (Isa.
2965 4385 3104 4455 LIII).

1885 4478 2035 4534 Uxor
2063 4478 2262 4550 quippe
2288 4478 2455 4547 ipsius
2489 4475 2589 4532 Job
2611 4516 2626 4542 ,
2657 4490 2777 4546 quae
2804 4489 2928 4530 eum
2968 4477 3036 4529 ad
3061 4472 3386 4528 maledicen-

1818 4569 1946 4624 dum
1973 4557 2302 4639 provocavit,
2329 4567 2655 4638 pravitatem
2681 4564 2976 4621 carnalium
3005 4562 3268 4633 designat.

1891 4659 2026 4715 Tres
2071 4675 2199 4714 vero
2250 4659 2410 4714 amici
2457 4657 2600 4713 illius
2644 4666 2831 4728 typum
2877 4663 3063 4711 tenent
3106 4652 3390 4710 haeretico-

1823 4769 1944 4808 rum
1969 4793 1984 4818 ,
2013 4753 2106 4822 qui
2136 4753 2236 4808 sub
2265 4751 2446 4822 specie
2476 4749 2789 4807 consulendi
2819 4747 3055 4804 studium
3081 4751 3276 4816 gemat
3314 4758 3394 4799 se~

1827 4843 2072 4899 ducendi.

1897 4933 2052 4988 Eliud
2086 4947 2250 4998 vero,
2284 4931 2377 5002 qui
2400 4939 2588 4987 contra
2613 4945 2738 4986 eum
2775 4927 3002 4999 superbe
3041 4925 3248 4982 locutus
3287 4933 3390 4988 est,

1822 5027 2097 5081 doctorem
2139 5023 2428 5094 superbum
2447 5033 2503 5078 et
2537 5031 2879 5093 arrogantem
2913 5020 3266 5081 demonstrat,
3295 5017 3388 5086 qui

1823 5115 2009 5170 durius
2029 5115 2395 5184 increpatione
2414 5127 2510 5168 sua
2525 5111 2762 5168 fidelium
2781 5112 2924 5171 intra
2943 5116 3188 5168 sanctam
3208 5106 3392 5163 Eccle-

1825 5204 1960 5262 siam
1990 5204 2166 5276 arguit
2190 5214 2246 5262 et
2274 5205 2521 5275 increpat
2555 5202 2784 5260 turbam.
