3896 6334
481 358 542 411 Si
1117 360 1175 412 Β.
1216 357 1470 412 RABANI
1509 349 1728 413 MAURI
1765 355 2082 412 ARCHIEP.
2126 356 2433 414 MOGUNT.
2475 357 2760 414 OPERUM
2794 360 2972 417 PARS
3009 361 3072 416 ll.
3658 361 3740 418 52

826 483 3646 508 Μ

1685 579 1978 659 LIBER
2053 577 2528 660 TERTIUS.

1909 743 2283 765 ψ

981 858 1207 914 CAPUT
1244 857 1529 915 PRIMUM.

477 948 552 1005 De
571 949 689 1004 aliis
702 949 1025 1022 (quihusdam
1054 951 1177 1005 viris
1202 951 1307 1005 sive
1333 951 1570 1022 feminis,
1583 967 1806 1022 quorum
1833 953 2048 1006 nomina

694 1015 748 1073 in
787 1015 960 1072 Veteri
985 1019 1309 1074 Testamento
1333 1015 1528 1090 scripta
1551 1015 1813 1092 leguntur.

544 1128 757 1184 Pharao
778 1145 974 1184 nomen
997 1138 1081 1185 est
1102 1146 1210 1186 non
1236 1131 1491 1198 hominis,
1520 1132 1614 1187 sed
1643 1131 1886 1198 honoris,
1910 1132 2049 1188 sicut

473 1221 616 1289 apud
659 1237 757 1275 nos
797 1223 1020 1291 Augusti
1054 1223 1389 1293 appellantur
1427 1239 1611 1294 reges,
1653 1241 1776 1280 cum
1816 1226 2048 1296 prepriis

473 1309 777 1366 nominibus
791 1321 1134 1367 censeantur.
1156 1313 1489 1384 Exprimitur
1515 1324 1696 1378 autem
1721 1315 1773 1369 in
1797 1316 2046 1371 Latinum

471 1399 698 1467 Pharao,
723 1403 982 1474 denegans
1004 1421 1143 1471 eum,
1178 1407 1362 1476 utique
1383 1409 1550 1462 Deum
1570 1449 1584 1472 ,
1617 1408 1730 1463 sive
1763 1408 2041 1476 dissipans,

471 1507 563 1546 seu
583 1493 980 1564 discooperiens,
1006 1497 1213 1552 scilicet
1236 1500 1489 1568 populum
1520 1500 1633 1564 Dei,
1660 1499 1812 1569 cujus
1842 1500 1942 1554 fuit
1967 1499 2046 1552 af-

466 1581 658 1638 llictor.
691 1583 792 1641 Hic
815 1602 943 1658 ergo
969 1587 1198 1660 ﬁguram
1224 1591 1422 1646 diaboli
1447 1592 1671 1657 habuit,
1697 1593 1789 1661 qui
1812 1593 1866 1646 in
1889 1593 2046 1661 hujus

465 1672 647 1727 saeculi
685 1677 996 1745 captivitate
1033 1680 1287 1749 populum
1328 1681 1422 1736 Dei
1463 1683 1693 1753 perdere
1722 1692 1777 1738 et
1817 1684 2045 1740 terrenis

463 1764 718 1819 vitiorum
747 1769 1000 1836 operibus
1020 1785 1364 1840 praegravare
1393 1775 1638 1828 tentavit.
1669 1773 1835 1843 Cujus
1869 1789 2042 1828 eunu-

465 1853 598 1908 chus
625 1854 906 1924 Putiphar,
932 1859 1023 1926 qui
1046 1861 1432 1930 interpretatur
1472 1879 1528 1916 os
1567 1863 1827 1918 inclinans
1851 1865 1920 1917 ad
1943 1864 2046 1918 dis-

463 1944 704 2011 cendum,
727 1948 860 2002 emit
887 1945 1484 2017 Joseph,vendentibus
1507 1954 1768 2010 fratribus
1792 1956 1921 2010 suis.
1954 1954 2045 2011 Sic

463 2044 518 2087 et
569 2044 750 2092 castus
789 2039 842 2092 in
886 2038 1183 2109 disciplinis
1223 2043 1566 2113 evangelicus
1600 2044 1826 2112 pepulus
1871 2045 2044 2113 pretio

467 2124 591 2179 ﬁdei
613 2127 741 2180 emit
773 2128 1066 2194 Christum,
1099 2131 1458 2185 vendentibus
1491 2148 1614 2186 eum
1637 2133 1838 2189 Judzeis
1859 2135 2044 2204 proxi-

2075 863 2128 925 Α
2223 859 2359 914 Filia
2389 858 2704 928 Pharaonis,
2732 876 2852 930 qua:
2877 863 3181 932 expositum
3209 862 3427 935 Moysen
3450 864 3518 920 ad
3550 866 3738 936 ripam

2149 949 2384 1004 ﬁuminis
2419 951 2631 1022 collegit
2666 949 2858 1021 (Exod.
2900 953 3003 1025 ιι),
3041 953 3284 1010 Ecclesia
3319 959 3558 1027 gentium
3609 967 3736 1024 est,

2148 1055 2268 1109 qua:
2297 1041 2568 1096 Christum
2598 1042 2664 1096 ad
2693 1042 2890 1098 ﬁumen
2919 1044 3172 1101 salutaris
3190 1045 3390 1102 lavacri
3420 1049 3642 1118 reperit.

2217 1127 2433 1185 Jamnes
2465 1132 2847 1201 interpretatur
2871 1135 3129 1202 marinus,
3161 1137 3276 1191 sive
3298 1138 3384 1190 ubi
3399 1147 3472 1191 est
3492 1140 3732 1207 signum.

2147 1221 2340 1276 Coram
2378 1224 2524 1278 enim
2555 1226 2723 1296 signis
2766 1226 2934 1298 Moysi
2970 1230 3157 1295 cessit,
3192 1240 3249 1286 et
3289 1231 3484 1287 defecit
3511 1234 3737 1303 signum

2146 1315 2281 1384 ejus.
2326 1313 2472 1370 Unde
2517 1325 2572 1371 et
2617 1318 2868 1372 dixerunt
2903 1321 3090 1389 magi:
3123 1320 3226 1376 Hic
3269 1322 3461 1386 digitus
3510 1323 3604 1378 Dei
3653 1333 3737 1378 est

2147 1402 2343 1474 (Exod.
2376 1405 2516 1476 vni).

2217 1493 2483 1550 Mambres
2511 1495 2893 1566 interpretatur
2933 1516 3079 1554 mare
3107 1501 3400 1571 pelliceum,
3439 1507 3552 1556 sive
3579 1519 3737 1556 mare

2145 1582 2201 1636 in
2222 1584 2407 1651 capite.

2213 1672 2420 1743 Moyses
2466 1674 2850 1746 interpretatur
2903 1691 3139 1751 sumptus
3184 1699 3248 1735 ea:
3300 1700 3456 1751 aqua.
3512 1688 3736 1737 Invenit

2144 1777 2269 1816 eum
2316 1764 2381 1816 ad
2419 1765 2592 1832 ripam
2633 1765 2867 1823 ﬂuminis
2907 1772 3209 1838 expositum
3251 1772 3354 1826 ﬁlia
3401 1773 3727 1828 Pharaonis.

2145 1851 2317 1917 Quem
2369 1853 2624 1923 colligens
2669 1857 2942 1927 adoptavit
2989 1861 3113 1926 sibi,
3158 1864 3472 1931 vocavitque
3527 1878 3734 1916 nomen

2144 1942 2260 2012 ejus
2285 1944 2524 2015 Moyses,
2561 1961 2626 2001 eo
2646 1949 2786 2017 quod
2817 1951 2883 2003 de
2912 1965 3050 2018 aqua
3080 1952 3307 2020 sumpsit
3343 1968 3484 2007 eum.
3520 1953 3618 2008 [lic
3647 1962 3736 2024 ty-

2143 2048 2272 2102 pum
2293 2032 2494 2088 Christi
2519 2037 2780 2105 gestavit;
2811 2037 2901 2106 qui
2927 2039 3180 2109 p0pulum
3211 2041 3303 2094 Dei
3332 2057 3360 2095 a
3379 2040 3508 2112 jugo
3537 2044 3736 2097 diabo—

2130 2123 2263 2177 licae
2292 2126 2564 2181 servitutis
2596 2128 2812 2196 eripuit,
2844 2137 2898 2182 et
2928 2129 3100 2198 ipsum
3133 2131 3399 2186 diabolum
3431 2134 3482 2185 in
3511 2143 3726 2186 :eterna

467 2213 568 2268 mis
585 2216 864 2285 sanguinis
892 2218 993 2272 sui.
1021 2218 1122 2285 Qui
1151 2220 1344 2274 merito
1369 2237 1426 2273 os
1455 2220 1715 2275 inclinans
1749 2225 1818 2276 ad
1839 2225 2042 2277 discen-
2067 2205 2116 2263 Β
2142 2227 2301 2282 Pcena
2324 2215 2720 2282 (‘lamlmVit-Qm
2741 2219 3726 2292 ἀθοθιιιριειιζὶεροι·ουεείιΕςγριιιω,

461 2304 586 2356 dum
617 2303 837 2372 dicitur,
861 2308 984 2377 quia
1019 2309 1200 2364 subdit
1227 2325 1286 2364 se
1308 2311 1618 2365 doctoribus
1641 2313 1706 2366 ad
1731 2312 2042 2367 discendam

461 2394 782 2464 sapientiam
806 2399 1060 2452 divinam.
1079 2399 1292 2454 Pharao
1307 2415 1436 2471 ergo
1447 2401 1714 2456 somnium
1727 2402 1882 2468 vidit,
1900 2403 2044 2472 quod

462 2484 846 2554 interpretatus
882 2499 967 2544 est
1007 2489 1227 2560 Joseph,
1270 2492 1396 2560 quia
1439 2494 1755 2561 mysterium
1799 2493 2043 2561 incarna-

465 2575 628 2631 tionis
655 2577 971 2645 Dominicaa,
997 2581 1140 2650 quod
1176 2582 1456 2652 ignorabat
1479 2582 1724 2638 diabolus
1746 2623 1761 2648 ,
1790 2583 2041 2640 Christus

460 2667 709 2738 gentibus
746 2668 1132 2727 manife'stavit.
1182 2672 1316 2728 Nam
1352 2683 1555 2743 septem
1590 2675 1712 2728 anni
1753 2676 2039 2742 ubertatis,

461 2759 552 2827 qui
576 2760 631 2814 in
657 2770 862 2831 septem
886 2763 1048 2834 spicis
1078 2763 1273 2835 plenis,
1299 2780 1394 2820 seu
1421 2767 1474 2819 in
1498 2774 1701 2835 septem
1719 2767 1898 2821 vaccis
1919 2767 2040 2836 pin-

459 2851 652 2919 guibus
677 2855 1117 2921 ostendebantur,
1150 2865 1357 2927 septem
1394 2855 1784 2911 charismatum
1822 2858 2037 2927 spirita-

460 2943 590 2998 lium
621 2945 778 3012 dona,
810 2947 1004 3015 quibus
1033 2948 1251 3002 ubertas
1281 2947 1404 3003 ﬁdei
1439 2947 1587 3018 larga
1610 2948 1810 3016 pietate
1840 2949 2039 3004 redun-

462 3035 573 3097 dat,
603 3035 996 3104 signiﬁcabant.
1020 3036 1089 3090 At
1107 3043 1295 3091 contra
1319 3045 1523 3106 septem
1543 3037 1754 3092 steriles
1780 3045 1833 3090 et
1853 3045 2039 3092 tenues

461 3124 657 3179 famem
685 3127 924 3181 veritatis
945 3137 997 3182 et
1023 3128 1247 3197 justitiae
1279 3129 1588 3184 novissimis
1627 3130 1956 3199 temporibus
1979 3131 2039 3182 ﬁ-

459 3219 739 3284 gurahant.
769 3219 967 3288 Joseph
996 3229 1195 3288 autem,
1217 3222 1306 3292 qui
1336 3230 1519 3292 typum
1541 3222 1790 3276 induerat
1812 3221 2036 3288 Christi,

460 3323 679 3361 currum
721 3311 915 3364 meruit
955 3319 1008 3364 et
1037 3311 1386 3380 przeconiavit
1418 3320 1542 3366 ante
1567 3327 1690 3367 eum
1710 3353 1725 3378 ,
1752 3320 1808 3367 et
1832 3312 2035 3367 consti-

461 3396 563 3448 tuit
595 3397 740 3449 illum
773 3397 986 3452 Pharao
1014 3414 1176 3469 super
1202 3400 1508 3454 universam
1542 3407 1742 3454 terram
1772 3399 1987 3471 Egypti
2019 3415 2033 3453 :

459 3496 514 3538 et
541 3485 796 3541 Dominus
813 3498 995 3543 noster
1020 3497 1303 3558 postquam
1319 3497 1401 3544 est
1421 3489 1712 3544 distractus
1735 3504 1766 3544 a
1789 3487 1948 3552 Juda,
1975 3497 2034 3543 ut

459 3573 656 3645 Joseph
689 3592 719 3630 a
759 3577 1035 3643 fratribus,
1069 3589 1122 3632 et
1150 3579 1214 3634 de
1241 3577 1571 3635 infernarum
1600 3595 1819 3634 carcere
1849 3596 2030 3634 resur-

463 3666 621 3730 rexit,
654 3668 898 3722 ascendit
935 3685 1154 3722 currum
1184 3671 1331 3739 regni
1374 3670 1607 3725 cmlestis
1633 3689 1645 3721 :
1674 3670 1741 3723 de
1770 3684 1876 3738 quo
1904 3671 2038 3723 scri-

460 3764 551 3825 plu
561 3773 608 3810 ιιι
632 3765 714 3811 est
731 3776 742 3810 :
761 3755 961 3812 Curras
976 3757 1074 3812 Dei
1095 3758 1269 3812 decem
1288 3758 1454 3811 millia
1468 3757 1639 3829 (Psal.
1664 3758 1850 3830 xcvu);
1874 3768 1929 3813 et
1949 3774 2037 3814 ac—

460 3848 602 3916 cepit
647 3855 968 3916 potcstatem
1004 3862 1032 3898 a
1065 3845 1224 3900 Patre
1261 3847 1588 3916 przedicandi
1633 3856 1688 3902 et
1718 3847 1992 3916 iudicandi
2017 3890 2034 3916 ,

460 3938 598 3990 sicut
643 3935 914 4005 apostolus
953 3933 1147 3989 Paulus
1175 3935 1252 3989 ait
1279 3953 1292 3988 :
1323 3933 1394 3988 Et
1436 3935 1577 3989 dedit
1606 3936 1653 3990 ei
1684 3953 1869 3990 nomen
1897 3939 2034 4007 quod

458 4038 532 4080 est
572 4045 726 4098 super
753 4044 900 4082 omne
928 4043 1131 4092 nomen,
1165 4036 1220 4081 ut
1249 4027 1303 4079 in
1333 4027 1538 4081 nomine
1566 4026 1694 4080 Jesu
1732 4044 1880 4082 omne
1902 4046 2034 4098 genu

459 4123 699 4190 ﬂectatur
713 4121 1016 4186 caelestium,
1033 4121 1355 4174 terrestrium
1369 4127 1417 4172 et
1429 4117 1752 4186 infernorum
1769 4115 1932 4188 (Phil.
1951 4118 2030 4188 ιι).

457 4209 682 4279 Accepit
733 4225 944 4280 quoque
992 4217 1045 4263 et
1095 4208 1373 4272 annulum,
1418 4204 1788 4276 pontiﬁcatum
1830 4207 2038 4262 scilicet

458 4297 604 4363 ﬁdei,
633 4314 741 4368 quo
767 4298 1103 4353 credentium
1129 4297 1322 4351 anima:
1356 4297 1542 4351 salutis
1572 4297 1726 4367 signo
1754 4297 2036 4368 signantur

459 4387 725 4441 frontibus
741 4395 794 4442 et
814 4387 1084 4442 cordibus.
1105 4387 1207 4442 Per
1227 4387 1437 4457 signum
1459 4388 1634 4442 crucis
1657 4386 1825 4457 ﬁgura
1847 4387 2033 4442 interni

461 4479 602 4549 regis
635 4479 970 4548 exprimitur.
999 4479 1350 4549 lnduiturque
1382 4478 1517 4534 stola
1556 4479 1769 4549 byssina
1789 4520 1803 4545 ,
1839 4480 1892 4533 id
1928 4487 2030 4544 est,

459 4582 648 4648 sancta
679 4589 845 4627 carne
865 4575 1028 4643 bysso
1056 4573 1387 4638 candidiore,
1415 4581 1469 4627 et
1497 4572 1636 4626 stola
1661 4573 2033 4626 immortalita-

462 4664 550 4717 tis.
583 4663 803 4732 Accepit
824 4677 1036 4731 quoque
1069 4671 1314 4732 torquem
1345 4677 1586 4727 auream,
1618 4662 1670 4716 id
1699 4671 1802 4725 est,
1831 4662 2034 4716 intelle-

461 4765 606 4810 ctum
647 4757 868 4809 bonum.
901 4753 1085 4810 Prteco
1114 4765 1239 4810 ante
1263 4770 1386 4810 eum
1417 4755 1692 4824 prmcedit,
1722 4754 1772 4807 id
1811 4761 1912 4820 est,
1945 4763 2034 4807 aut

459 4845 694 4900 Joannes
721 4845 985 4914 Baptista,
1026 4845 1115 4914 qui
1152 4844 1255 4898 iter
1278 4845 1393 4915 ejus
1417 4843 1723 4912 przecedens
1742 4843 2034 4910 praeconia-

459 4933 552 4986 bat
569 4932 779 4986 dicens:
797 4930 990 4986 Parate
1003 4934 1140 4986 viam
1153 4932 1377 4988 Domino
1392 4930 1606 5003 (Matth.
1622 4929 1725 5000 ιιι).
1743 4930 2034 4986 Habebitet

461 5022 622 5080 alium
641 5041 965 5097 praeconem,
986 5026 1168 5080 tubam
1185 5026 1379 5096 angeli,
1396 5025 1520 5094 quia
1534 5025 1641 5093 ipse
1661 5026 1822 5076 veniet
1837 5025 1888 5077 in
1909 5025 2030 5076 tuba

460 5117 629 5185 angeli
671 5117 724 5187 (Ι
763 5115 942 5170 Thess.
989 5115 1084 5188 tv).
1121 5116 1264 5169 Dixit
1301 5130 1512 5185 quoque
1549 5129 1643 5168 rex
1686 5115 1752 5169 ad
1787 5113 1984 5183 Joseph
2014 5134 2026 5169 :

463 5207 574 5275 Ego
617 5224 733 5260 sum
774 5204 1006 5260 Pharao.
1040 5206 1243 5278 Absque
1286 5215 1374 5260 tuo
1412 5206 1627 5275 imperio
1669 5194 1771 5260 non
1817 5206 2032 5260 movebit

459 5299 732 5366 quisquam
767 5312 981 5351 manum
1029 5306 1119 5348 aut
1155 5298 1334 5366 pedem
1366 5296 1421 5348 in
1464 5296 1602 5348 omni
1631 5305 1768 5349 terra
1794 5295 2029 5366 Egypti.

472 5383 735 5456 Vertitque
765 5402 950 5440 nomen
977 5385 1142 5451 illius,
1175 5396 1220 5438 et
1250 5385 1443 5439 vocavit
1473 5402 1591 5438 eum
1631 5385 1806 5454 lingua
1859 5385 2031 5455 Αἰθυ-

462 5477 633 5547 ptiaca
661 5477 968 5532 salvatorem
989 5478 1169 5531 mundi
1201 5476 1352 5544 (Gen.
1371 5476 1503 5546 xu).
1529 5476 1666 5542 Quid
1699 5478 2034 5534 manifestius

464 5568 531 5620 de
559 5564 788 5630 Christo,
814 5567 1028 5634 quando
1053 5568 1151 5622 sub
1173 5567 1343 5638 ﬁgura
1370 5566 1566 5636 leseph
1589 5566 1833 5621 Salvator
1854 5576 2034 5622 osten-

465 5656 631 5721 ditur,
663 5671 768 5713 non
799 5665 1003 5711 tantum
1017 5659 1176 5713 unius
1197 5667 1355 5713 terra:
1383 5656 1622 5726 Egypti,
1645 5657 1738 5712 sed
1764 5659 1926 5713 etiam
1951 5666 2030 5713 t0-

467 5745 573 5799 tius
602 5744 821 5800 mundi?

2144 2310 2197 2356 et
2217 2303 2398 2357 decem
2425 2306 2706 2375 praeceptis
2728 2307 2963 2360 erudivit
2990 2308 3242 2377 populum
3267 2310 3362 2362 Dei
3394 2310 3446 2363 in
3468 2312 3726 2377 deserto;

2143 2395 2268 2462 quia
2297 2394 2545 2450 Christus
2576 2398 2628 2451 in
2661 2399 2926 2453 mandatis
2963 2400 3260 2469 Evangelii,
3299 2401 3489 2467 quibus
3535 2403 3587 2455 iu
3619 2403 3728 2457 de-

2143 2492 2289 2538 serto
2317 2485 2472 2540 istius
2500 2487 2684 2540 mundi
2715 2488 2884 2541 nutrit
2914 2490 3228 2554 credentes,
3266 2491 3443 2560 arguit
3472 2507 3534 2545 ac
3567 2493 3733 2545 dam-

2141 2581 2238 2626 nat
2264 2573 2582 2628 incrcdulos.
2623 2574 2721 2629 Hic
2764 2576 2914 2646 virga
2937 2577 3245 2645 percutiens
3273 2589 3479 2649 petram
3514 2581 3731 2635 fontem

2141 2662 2370 2716 viventis
2397 2679 2593 2732 aquam
2616 2665 2867 2734 produxit
2897 2684 2909 2720 :
2939 2667 3016 2722 sic
3039 2680 3092 2722 et
3116 2669 3361 2723 Christus
3383 2686 3480 2738 per
3509 2670 3733 2738 passio-

2141 2767 2264 2806 nem
2288 2754 2466 2807 crucis
2495 2765 2722 2809 mortem
2750 2757 3062 2826 degustans,
3101 2760 3419 2829 sanguinem
3439 2770 3493 2813 et
3518 2774 3732 2828 aquam

2142 2845 2209 2899 de
2245 2843 2412 2900 latere
2452 2862 2548 2900 suo
2576 2848 2847 2915 produxit,
2880 2850 3076 2917 quibus
3115 2851 3321 2906 duobus
3364 2855 3732 2908 sacramentis

2143 2946 2330 2992 sancta
2360 2938 2599 2994 induitur
2643 2940 2900 2996 Ecclesia.
2944 2942 3156 3013 Moyses
3194 2945 3446 3014 populum
3490 2960 3583 3013 per
3621 2945 3734 3001 de-

2140 3036 2347 3084 sertum
2387 3029 2570 3095 duxit,
2608 3031 2701 3085 sed
2743 3040 2923 3085 tamen
2951 3033 3090 3086 ultra
3114 3033 3405 3088 Iordanem
3429 3036 3482 3088 in
3514 3043 3730 3090 terram

2141 3119 2574 3188 repromissionis
2622 3137 2730 3175 non
2776 3122 3078 3178 introduxit
3109 3142 3122 3176 :
3163 3126 3288 3193 quia
3319 3124 3484 3180 Vetus
3520 3126 3724 3181 Testa-

2139 3215 2378 3262 mentum
2422 3209 2549 3264 licet
2589 3209 2824 3264 futuram
2858 3213 2914 3265 in
2943 3214 3094 3267 etelis
3136 3215 3364 3282 patriam
3405 3217 3458 3268 in
3499 3217 3728 3283 scriptis

2140 3299 2252 3353 suis
2294 3302 2637 3368 promiserit,
2685 3311 2862 3357 tamen
2891 3318 3020 3368 non,
3063 3304 3164 3358 nisi
3213 3321 3310 3373 per
3349 3304 3474 3360 Jesu
3508 3306 3726 3361 Christi

2139 3388 2413 3458 ducatum,
2458 3394 2662 3448 aditum
2703 3395 2853 3466 regni
2883 3395 3120 3451 caelestis
3161 3396 3298 3451 ullus
3339 3399 3561 3466 adeptus
3603 3409 3724 3453 est.

2138 3476 2238 3537 Hic
2273 3498 2485 3552 quoque
2528 3498 2626 3551 per
2664 3483 2862 3538 ﬁuenta
2894 3485 3238 3554 baptismatis
3269 3488 3521 3555 populum
3555 3503 3726 3543 suum

2137 3573 2192 3626 in
2216 3583 2414 3628 terram
2452 3574 2706 3629 Ecclesia:
2735 3561 3106 3642 introducens,
3140 3578 3260 3631 vitae
3285 3587 3499 3632 aeterna:
3523 3578 3728 3634 electis

2138 3662 2250 3716 suis
2273 3663 2416 3716 dedit
2439 3664 2873 3733 promissionem,
2903 3674 2956 3720 et
2988 3666 3286 3736 terrigenas
3308 3666 3435 3722 fecit
3457 3682 3573 3722 esse
3597 3683 3726 3722 ca:-

2135 3752 2339 3808 licolas.
2382 3754 2603 3825 Accepit
2630 3770 2756 3826 ergo
2795 3757 3002 3828 Moyses
3037 3775 3198 3812 unam
3240 3760 3306 3814 de
3336 3769 3539 3829 septem
3570 3760 3724 3815 ﬁlia-

2135 3843 2237 3899 bus
2261 3843 2482 3915 Raguel,
2512 3847 2604 3915 qui
2633 3847 3016 3916 interpretatur
3033 3851 3203 3918 pastio
3229 3849 3344 3916 Dei,
3378 3852 3491 3906 sive
3511 3852 3724 3906 amicus

2135 3935 2247 4004 ejus
2293 3934 2456 4000 Deus,
2500 3937 2717 3991 nomine
2770 3937 3105 4008 Sephoram,
3149 3955 3267 4008 qua:
3325 3941 3726 4007 interpretatur

2133 4024 2486 4094 pulchritudo,
2519 4027 2630 4080 sive
2662 4026 2890 4096 placens.
2916 4027 3044 4094 Qua:
3064 4030 3247 4099 genuit
3267 4029 3315 4083 ei
3337 4029 3522 4096 ﬁlium,
3550 4044 3721 4098 quem

2137 4117 2350 4169 vocavit
2374 4115 2602 4181 Gersan,
2633 4117 2774 4186 quod
2811 4118 3202 4188 interpretatur
3231 4119 3450 4173 advena.
3495 4119 3724 4189 Peperit

2136 4213 2190 4260 ct
2215 4205 2441 4260 alterum
2463 4248 2476 4272 ,
2508 4208 2598 4276 qui
2625 4216 2844 4262 vocatus
2869 4218 2952 4263 est
2982 4211 3209 4274 Eliezer,
3241 4220 3296 4264 et
3323 4212 3723 4281 interpretatur

2135 4292 2276 4352 Deus
2299 4315 2440 4351 meus
2466 4298 2697 4367 adjutor,
2723 4313 2843 4352 cum
2866 4296 3192 4369 Redemptor
3217 4300 3283 4355 de
3307 4303 3493 4371 gentili
3507 4303 3719 4371 populo

2135 4388 2431 4443 Ecclesiam
2462 4388 2829 4459 septiformem
2859 4391 3089 4459 spiritali
3122 4391 3367 4464 conjugio
3401 4394 3500 4449 sibi
3537 4410 3716 4463 copu-

2135 4477 2304 4543 lavit,
2344 4494 2462 4546 qua:
2497 4478 2622 4532 licet
2648 4494 2869 4534 munere
2912 4481 3079 4534 sancti
3113 4480 3344 4550 Spiritus
3378 4484 3720 4554 septiformis

2135 4569 2223 4632 sit,
2271 4575 2445 4622 tamen
2490 4584 2594 4622 una
2641 4578 2725 4623 est
2765 4570 2818 4623 in
2870 4570 2973 4626 ﬁde
3019 4572 3282 4627 catholica
3323 4591 3334 4624 :
3377 4575 3442 4628 de
3489 4590 3589 4642 qua
3653 4576 3715 4631 in

2135 4656 2355 4712 Cantico
2385 4662 2716 4713 canticorum
2755 4660 2885 4714 dicit
2912 4679 2924 4714 :
2961 4659 3076 4714 Una
3095 4672 3169 4715 est
3197 4662 3430 4716 columba
3461 4680 3573 4717 mea
3602 4664 3717 4718 ele-

2137 4755 2218 4798 cta
2249 4748 2482 4816 genitrici
2505 4764 2614 4802 sua:
2641 4746 2815 4818 (Cant.
2844 4750 2940 4821 vi).
2965 4750 3088 4805 Haec
3110 4767 3276 4805 unum
3298 4753 3482 4823 genuit
3507 4753 3712 4821 ﬁlium,

2137 4837 2227 4905 qui
2271 4846 2494 4891 vocatur
2547 4838 2765 4905 advena,
2815 4849 2869 4894 et
2920 4839 3148 4895 alterum
3193 4841 3285 4911 qui
3339 4851 3559 4896 vocatur
3605 4841 3715 4898 Dei

2138 4926 2475 4994 adjutorium.
2530 4927 2658 4996 Quae
2708 4931 2925 4985 nomina
2972 4933 3110 4986 bene
3142 4933 3465 4987 conveniunt
3509 4934 3716 5002 populo

2139 5014 2448 5071 Christiano
2478 5033 2545 5071 ex
2568 5017 2977 5072 circumcisione
3009 5028 3061 5071 et
3087 5019 3348 5088 praeputio
3387 5027 3709 5075 convocato.

2138 5104 2368 5161 Advena:
2397 5109 2538 5162 enim
2581 5117 2736 5175 sunt,
2768 5111 2892 5179 quia
2930 5111 2983 5163 in
3014 5109 3244 5164 incolatu
3280 5111 3435 5166 istius
3462 5111 3642 5165 mundi
3675 5127 3708 5166 a

2139 5197 2344 5253 cmlesti
2380 5201 2551 5266 patria
2587 5201 2744 5254 modo
2773 5201 3216 5270 peregrinantur;
3257 5201 3350 5257 sed
3391 5208 3568 5256 tamen
3604 5199 3707 5256 Dei

2141 5287 2404 5357 adjutorio
2435 5307 2705 5360 nunquam
2729 5293 3003 5346 carebunt.

2206 5380 2384 5435 Aaron
2436 5399 2581 5434 mons
2641 5381 2963 5449 fortitudinis
3012 5381 3422 5450 interpretatur;
3486 5389 3709 5451 propter

2139 5475 2280 5543 quod
2336 5474 2665 5527 thuribulum
2721 5474 2990 5542 accipiens
3036 5476 3090 5529 in
3135 5474 3310 5528 medio
3350 5475 3703 5543 superstitum

2135 5573 2190 5617 et
2228 5564 2671 5631 interemptorum
2701 5564 2913 5618 obviam
2943 5565 3128 5628 stetit;
3159 5571 3213 5617 et
3248 5563 3458 5618 ruinam
3487 5561 3702 5629 mortis,

2137 5653 2286 5722 quasi
2319 5653 2535 5721 quidam
2573 5669 2725 5707 mons
2756 5651 2930 5718 fortis,
2961 5652 3205 5708 exclusit.
3251 5652 3352 5708 Hic
3401 5651 3706 5708 sacerdotio

2137 5761 2235 5799 suo
2281 5745 2477 5800 Christi
2531 5745 2783 5813 exprimit
2824 5743 3199 5810 sacerdotium,
3252 5743 3378 5813 quia
3427 5742 3566 5798 sicut
3611 5741 3705 5800 ille
