3896 6334
191 388 257 440 ἔνι’»
1211 384 1298 440 DE
1338 381 1686 441 UNIVERSO
1729 380 1910 436 LIBRI
1949 378 2109 437 XXII.
2150 412 2221 420 —
2261 380 2386 434 LIB.
2429 380 2512 434 lll.
3419 382 3488 437 54

197 510 395 551 cruore
443 498 806 552 victimarum
844 498 1090 567 populum
1126 496 1399 567 eXpiabat,
1443 496 1515 550 ita
1556 504 1612 550 et
1645 494 1799 551 Chri«
1826 494 1879 553 Α
1976 492 2263 547 Duodecim
2302 491 2669 563 exploratores
2710 492 3011 550 scribarum
3066 509 3129 548 ac
3190 495 3488 550 Pharisaeo-

204 599 319 644 stus
357 588 647 644 sacriﬁcio
681 588 962 658 sanguinis
998 587 1077 643 sui
1124 595 1346 657 peccata
1387 585 1543 641 diluit
1590 586 1795 641 mundi.

212 682 345 738 Nam
379 681 544 753 virga
572 682 760 737 Aaron
787 682 1023 739 abscissa
1063 679 1304 735 reﬂoruit
1349 694 1413 734 ac
1441 680 1647 734 fructus
1673 694 1800 749 pro-

211 775 335 833 aulit
366 790 381 827 ς
423 774 508 828 sic
537 781 594 828 et
628 774 794 828 arbor
827 772 1005 827 crucis
1032 770 1234 826 Christi
1271 778 1488 825 aeternae
1514 770 1804 825 viriditatis

215 874 266 921 ct
315 862 560 921 fructum
614 864 739 918 vitae
788 870 1060 933 perpetuae
1106 878 1201 933 per
1247 861 1551 931 passionem
1600 859 1801 914 Christi

217 958 474 1012 universo
516 954 745 1026 protulit
790 954 1010 1020 mundo,
1060 954 1554 1025 demonstravitque
1600 953 1799 1009 Christi

216 1044 591 1100 sacerdotium
628 1051 892 1115 perpetuo
920 1059 1038 1099 esse
1070 1059 1407 1111 mansurum,
1439 1051 1495 1097 et
1534 1043 1799 1098 credenti-

216 1139 318 1193 bus
342 1139 393 1191 in
425 1152 551 1193 eum
580 1152 701 1193 esse
726 1136 1043 1206 proﬁcuum.

288 1226 460 1280 Maria
483 1242 641 1282 soror
669 1225 848 1281 Aaron
876 1226 1174 1296 Synagoga:
1204 1225 1436 1294 speciem
1465 1222 1731 1293 praztulit.

291 1314 441 1370 Uxor
485 1315 655 1384 Moysi
699 1314 1032 1385 Ethiopissa
1087 1314 1337 1385 ﬁguravit
1392 1314 1686 1369 Ecclesiam
1731 1329 1797 1369 ex

214 1406 510 1474 gentilibus
532 1405 745 1461 Christo
766 1404 1129 1473 conjunctam,
1161 1410 1312 1473 cujus
1338 1404 1405 1460 ob
1434 1420 1651 1460 causam
1684 1405 1798 1461 zelo

216 1496 503 1566 Synagoga
539 1503 855 1551 obtrectans
888 1497 1149 1551 adversus
1180 1497 1455 1551 Christum
1494 1496 1639 1552 illico
1665 1512 1795 1552 con-

215 1586 436 1655 tagione
462 1587 625 1657 lepra:
646 1586 1005 1657 perfunditur.

283 1675 514 1730 Eleazar
539 1677 925 1747 interpretatur
948 1677 1091 1732 Deus
1122 1695 1268 1732 meus
1294 1679 1532 1748 adjutor,
1568 1679 1682 1735 sive
1704 1679 1798 1734 Del

214 1768 566 1837 adjutorium.
603 1769 705 1831 Hic
743 1781 928 1841 typum
956 1778 1104 1826 tenet
1139 1781 1449 1827 sanctorum
1480 1774 1759 1829 doctorum
1781 1815 1796 1839 ,

1907 596 2024 636 rum
2058 582 2344 652 imaginem
2375 589 2696 647 tenuerunt,
2736 581 2829 652 qui
2853 580 3204 639 lsiaeliticum
3230 585 3485 655 populum

1904 681 2258 736 averterunt,
2301 686 2370 727 ne
2411 672 2746 728 conﬁderent
2793 674 3021 743 gratiam
3072 675 3266 729 divinae
3304 690 3488 745 repro-

1904 762 2175 817 missionis
2199 761 2421 831 adipisci
2451 776 2607 831 posse
2632 778 2729 832 per
2758 761 3053 819 Christum.

1972 855 2088 909 Duo
2126 852 2418 925 portitores
2447 894 2461 919 ,
2493 854 2583 923 qui
2609 855 2673 909 de
2710 864 2856 911 terra
2906 857 3340 926 repromissionis
3388 857 3484 913 bo-

1903 952 2045 999 trum
2073 946 2127 999 in
2161 943 2307 1014 ligno
2333 943 2572 999 humeris
2602 942 2976 1021 gestaverunt,
3010 946 3237 1002 duorum
3265 947 3489 1017 p0pulo-

1904 1051 2024 1089 rum
2076 1034 2519 1106 significationem
2575 1043 2976 1107 expresserunt.
3050 1036 3289 1105 Quorum
3338 1038 3487 1108 prior

1901 1123 2157 1181 Iudaicus
2212 1124 2462 1197 gradiens
2518 1127 2777 1183 adversus
2827 1126 3101 1183 Christum
3152 1129 3243 1183 dat
3294 1138 3484 1201 terga;

1896 1217 2166 1285 posterior
2199 1211 2541 1273 Christianus
2570 1233 2715 1285 eum,
2738 1226 2863 1289 post
2893 1233 3055 1289 quem
3078 1218 3243 1285 vehit,
3271 1219 3490 1289 inspicit

1899 1316 1955 1362 et
1982 1308 2226 1376 sequitur
2253 1307 2547 1363 Christum.

1969 1396 2133 1452 Josue
2170 1399 2331 1462 enim,
2365 1400 2456 1469 qui
2488 1401 2880 1470 interpretatur
2907 1400 3162 1468 salvator,
3194 1404 3307 1473 ipse
3334 1404 3389 1457 in
3420 1408 3486 1457 ti-

1901 1502 2092 1557 guram
2128 1486 2325 1543 Christi
2350 1488 2607 1559 populum
2637 1505 2667 1543 a
2698 1490 2914 1547 deserto
2940 1492 3187 1558 salvavit,
3212 1501 3265 1547 et
3296 1494 3351 1547 in
3380 1501 3487 1548 ter-

1899 1592 2015 1630 ram
2058 1579 2490 1647 repromissionis
2538 1581 2767 1635 induxit.
2806 1582 2913 1637 lste
2946 1580 3102 1639 Jesus
3147 1584 3309 1638 mittit
3352 1584 3488 1641 duos

1898 1664 2267 1735 exploratores
2313 1667 2380 1721 ad
2420 1666 2634 1722 Jericho
2663 1670 2850 1724 urbem
2877 1711 2891 1735 ,
2939 1671 3031 1739 qui
3066 1672 3432 1742 suscipiuntur
3455 1688 3486 1726 a

1898 1757 2183 1812 meretrice
2214 1757 2386 1812 Raab.
2437 1758 2593 1813 Jesus
2637 1759 2723 1813 ille
2760 1760 2865 1813 dux
2898 1761 3077 1830 populi
3117 1763 3171 1816 in
3197 1764 3486 1834 semetipso

213 1858 307 1931 qui
347 1860 511 1916 verba
536 1861 854 1932 διεχθωριο
891 1871 1134 1917 meum
1172 1863 1429 1931 adjuvant
1468 1864 1794 1933 Ecclesiam;
1826 1848 1872 1907 B
1901 1848 2189 1902 Dominum
2221 1848 2497 1903 Christum
2547 1857 2602 1905 et
2646 1850 2907 1904 vocabulo
2944 1852 3177 1906 ostendit
3220 1861 3275 1906 et
3321 1851 3483 1907 facto.

211 1966 446 2022 quorum
477 1968 614 2008 unus
636 1955 715 2007 ait
743 1971 757 2008 :
788 1954 887 2008 Dei
915 1972 1095 2009 sumus
1122 1956 1410 2026 adjutores,
1447 1957 1548 2013 Dei
1574 1960 1798 2030 agricul-

212 2048 336 2094 tura
354 2043 498 2103 estis,
528 2043 626 2096 Dei
656 2044 936 2111 a’diﬁcatio
957 2047 1079 2100 estis
1101 2045 1151 2115 (I
1179 2046 1300 2100 Cor.
1330 2048 1433 2119 ιιι).

276 2130 523 2197 Amalec,
562 2134 655 2202 qui
701 2133 1095 2205 interpretatur
1123 2138 1347 2207 populus
1376 2138 1630 2206 lambens,
1683 2142 1797 2197 sive

210 2220 416 2293 (ingens
454 2240 575 2279 cum
597 2226 827 2280 exercitu
853 2243 969 2281 suo.
1006 2228 1107 2296 Qui
1141 2229 1430 2285 humanam
1460 2246 1676 2302 semper
1704 2234 1798 2288 de-

209 2314 419 2389 siderat
453 2318 842 2386 perditionem,
868 2330 922 2373 et
944 2335 1043 2390 per
1064 2320 1171 2377 doli
1206 2324 1660 2380 machinationem
1700 2342 1795 2395 po-

211 2406 399 2474 pulum
440 2404 537 2460 Dei
570 2407 821 2478 decipere
855 2410 1036 2480 gestit,
1069 2412 1342 2468 diabolum
1376 2406 1661 2484 signiﬁcat.
1697 2417 1793 2471 llic

212 2494 406 2550 obvius
428 2495 524 2550 Dei
547 2497 744 2567 p0pulo
780 2498 1067 2568 resistens,
1098 2501 1166 2555 ad
1196 2502 1409 2573 signum
1435 2505 1611 2559 crucis
1640 2505 1790 2560 evin-

213 2586 379 2642 citur.

286 2677 432 2735 Seon
457 2695 669 2751 quoque
697 2696 795 2737 rex
825 2683 1286 2755 Amor-rimorum,
1319 2686 1412 2757 qui
1435 2688 1500 2742 in
1541 2688 1790 2746 Latinum

211 2772 431 2825 tentatio
459 2772 682 2829 vertitur
707 2774 977 2829 oculorum
996 2817 1010 2843 ,
1044 2778 1294 2832 eumdem
1323 2777 1596 2834 diabolum
1626 2782 1792 2852 signi—

210 2857 364 2925 ﬁcat,
393 2862 487 2931 qui
522 2863 803 2920 mendacio
824 2864 1038 2922 fallendi
1063 2882 1121 2923 se
1152 2867 1296 2922 velut
1324 2869 1577 2937 angelum
1610 2878 1788 2927 trans-

211 2947 489 3021 ﬁguravit.

285 3042 366 3106 Oa
388 3059 484 3099 rex
511 3046 709 3112 Basan,
737 3047 831 3116 qui
855 3048 1548 3118 interpretatur‘conclusio.
1578 3050 1677 3105 Hie
1703 3051 1789 3105 in—

210 3133 517 3191 tercludere
560 3137 780 3193 molitur
821 3138 1129 3194 dilﬁeultate
1175 3141 1427 3196 vitiorum
1474 3142 1615 3196 viam
1665 3142 1786 3198 ﬁdei

1896 1934 2115 1994 Jericho
2159 1948 2341 1993 autem
2382 1940 2580 1994 civitas
2608 1941 2842 1995 mundus
2873 1949 2956 1995 est
2982 1982 2996 2005 ,
3055 1943 3121 1995 ad
3168 1958 3329 2012 quem
3376 1943 3485 1997 Do-

1896 2028 2074 2082 minus
2120 2028 2367 2083 Christus
2422 2032 2489 2083 ad
2533 2032 2951 2099 perscrutandos
2986 2045 3167 2087 mores
3207 2032 3485 2086 hominum

1898 2117 2006 2171 duo
2037 2126 2361 2174 testamenta
2413 2119 2630 2175 direxit.
2669 2120 2804 2177 Nam
2850 2123 2903 2175 in
2951 2136 3015 2177 eo
3052 2130 3108 2175 ut
3152 2124 3485 2178 credentium

1897 2207 2059 2264 ﬁdem
2093 2218 2187 2264 aut
2212 2210 2494 2266 rebellium
2518 2212 2883 2280 pervicaciam
2928 2212 3138 2282 plenius
3169 2214 3485 2282 comproba—

1895 2308 1997 2363 ret,
2030 2310 2155 2353 ante
2197 2301 2488 2356 adventum
2533 2300 2727 2369 judicii
2769 2303 2871 2367 sui,
2929 2304 3082 2373 quasi
3111 2305 3483 2375 exploratores

1894 2391 2050 2454 duos,
2086 2391 2285 2462 Legem
2316 2401 2370 2446 et
2401 2392 2751 2462 Evangelium
2782 2396 3091 2450 destinavit.
3124 2396 3275 2450 Raab
3313 2412 3444 2451 vero
3467 2437 3480 2461 ,

1895 2498 2013 2552 qua:
2046 2484 2431 2552 interpretatur
2451 2484 2698 2551 latitudo,
2740 2485 2824 2540 vel
2861 2486 3047 2555 fames,
3078 2488 3191 2542 sive
3218 2490 3439 2558 impetus
3466 2529 3481 2553 ,

1897 2580 2079 2643 typum
2110 2581 2253 2628 tenet
2274 2574 2548 2639 Ecclesiae,
2570 2591 2689 2646 quae
2719 2576 2784 2630 de
2812 2577 3085 2631 extraneis
3111 2584 3271 2649 atque
3294 2577 3483 2632 alienis

1892 2668 2142 2738 gentibus
2173 2677 2497 2738 congregata
2521 2678 2606 2724 est
2634 2686 2648 2734 ;
2684 2684 2803 2738 qua:
2832 2678 2989 2723 antea
3033 2670 3217 2724 vivens
3262 2671 3314 2723 in
3345 2670 3486 2725 desi-

1892 2757 2059 2812 deriis
2079 2757 2261 2812 carnis
2305 2757 2677 2814 fornicabatur
2712 2760 2768 2813 in
2807 2758 2981 2814 idolis.
3013 2759 3089 2813 De
3123 2759 3370 2829 qnalibus
3408 2761 3484 2813 ait

1890 2841 2154 2901 Dominus
2174 2845 2241 2899 ad
2270 2843 2504 2913 Iudaeos,
2529 2847 2671 2917 quod
2694 2847 3064 2915 praecederent
3092 2847 3144 2900 in
3177 2861 3343 2917 regno
3372 2862 3481 2902 coe-

1891 2936 2087 2990 lorum.
2122 2936 2245 2991 Hmc
2279 2937 2444 3008 igitur
2487 2948 2805 2994 testamenta
2834 2938 3045 2994 Domini
3078 2939 3188 2993 sola
3216 2940 3480 3007 suscipit,

1890 3033 1947 3079 et
1987 3040 2049 3079 ea
2080 3024 2311 3081 ﬁdeliter
2339 3038 2656 3093 conservat;
2691 3028 2927 3083 inimicis
2970 3029 3190 3083 omnino
3226 3043 3333 3083 non
3368 3038 3479 3083 tra-

1897 3114 1996 3180 dit,
2026 3114 2139 3184 ipsa
2171 3116 2465 3186 periclitari
2491 3126 2706 3187 optans,
2731 3117 3024 3173 dummodo
3053 3116 3213 3172 illmsa
3243 3132 3307 3172 ac
3335 3118 3481 3171 salva

208 3234 413 3279 nm
434 3264 450 3290 ,
494 3242 564 3282 ne
594 3238 779 3297 pateat
815 3230 972 3286 nobis
1003 3231 1265 3288 "ansiws
1300 3233 1365 3288 ad
1411 3248 1637 3304 regnum
1668 3196 1790 3303 Ρέο,
1819 3196 1863 3259 C
1898 3216 2159 3261 servaret.
2185 3207 2309 3262 Haec
2332 3223 2585 3263 casurum
2618 3207 2896 3273 mundum,
2928 3209 3069 3263 sicut
3092 3207 3178 3261 illa
3207 3208 3479 3264 civitatem

207 3317 442 3372 missurn
476 3318 603 3374 vitae
628 3328 861 3376 eterna.

282 3406 637 3477 Septuaginta
665 3411 767 3465 viri
818 3412 1073 3478 seniores,
1104 3428 1265 3483 super
1290 3428 1424 3484 quos
1455 3414 1649 3469 cecidit
1687 3414 1794 3485 spi-

205 3501 355 3556 ritus
382 3500 500 3565 Dei,
537 3503 872 3573 septuaginta
902 3506 1306 3576 generationqu
1354 3506 1565 3576 linguas
1602 3507 1658 3561 in
1689 3506 1792 3562 hoc

208 3592 420 3646 mundo
449 3590 670 3649 diﬁ‘usas
693 3594 931 3650 ostendit
952 3635 965 3660 ,
998 3610 1064 3650 ex
1095 3595 1289 3664 quibus
1334 3595 1487 3651 multi
1516 3597 1794 3652 credentes

206 3680 446 3749 gratiam
484 3680 715 3749 Spiritus
744 3684 915 3739 sancti
937 3693 1276 3753 acceperunt.

288 3769 501 3825 Dathan
528 3779 582 3825 et
606 3772 807 3828 Abiron
832 3815 846 3836 ,
901 3784 955 3829 et
1004 3776 1183 3830 caeteri
1232 3777 1324 3846 qui
1367 3791 1425 3833 se
1469 3792 1500 3831 a
1529 3777 1713 3849 Moyse
1742 3788 1798 3834 et

209 3857 401 3914 Aaron
430 3872 796 3932 segregantes,
822 3864 1146 3920 sacriﬁcium
1166 3881 1427 3936 usurpare
1450 3868 1631 3923 conati
1649 3879 1792 3935 sunt,

212 3951 596 4007 haereticorum
646 3954 966 4024 pravitatem
1020 3956 1342 4028 designant,
1395 3958 1797 4027 perniciemque

212 4054 404 4097 eorum
445 4042 537 4111 qui
564 4058 623 4099 se
677 4058 710 4098 a
763 4045 1130 4102 sacerdotibus
1185 4045 1385 4101 Christi
1430 4055 1484 4103 et
1536 4049 1795 4104 societate

215 4128 474 4185 Ecclesia:
501 4130 769 4197 dividunt,
799 4142 853 4188 et
884 4135 1145 4193 sacriﬁcia
1179 4135 1406 4205 profana
1437 4138 1729 4209 accipiunt.

288 4218 509 4273 Balaam
532 4220 624 4289 qui
650 4220 1034 4291 interpretatur
1055 4241 1219 4279 vanus
1245 4226 1486 4296 populus,
1518 4236 1572 4282 et
1597 4228 1796 4284 cadens

216 4320 437 4380 apertos
472 4311 662 4367 habuit
689 4312 894 4380 oculos,
917 4323 1099 4386 typum
1129 4331 1316 4371 eorum
1349 4319 1541 4385 tenuit,
1570 4320 1661 4388 qui
1697 4333 1794 4388 per

216 4401 384 4460 ﬁdem
409 4404 770 4473 cognitionem
805 4404 902 4461 Dei
935 4407 1165 4474 habent,
1197 4410 1292 4465 sed
1318 4411 1591 4467 obscurati
1621 4411 1796 4480 operi-

216 4491 322 4549 bus
359 4502 635 4549 corruunt.

289 4582 524 4639 Pbinees
558 4585 639 4636 ori
671 4600 888 4653 parcens
914 4585 1317 4656 intrepretatur.
1351 4588 1648 4645 Transﬁxit
1672 4605 1794 4645 cum

217 4675 453 4747 pugione
502 4674 719 4730 Zambri
762 4689 887 4731 cum
935 4686 1113 4733 scorto
1162 4677 1537 4745 Madianitide;
1572 4680 1625 4734 id
1678 4688 1791 4743 est,

220 4764 435 4821 Domini
485 4763 723 4821 furorem
764 4764 1039 4835 placavit,
1097 4776 1155 4822 ut
1204 4777 1470 4837 parceret.
1514 4767 1649 4823 Nam
1693 4772 1796 4824 iste

218 4854 478 4919 Phinees,
500 4854 592 4923 qui
612 4854 827 4909 Zambri
846 4864 900 4910 et
930 4865 1166 4912 scortum
1193 4858 1247 4913 in
1279 4858 1543 4914 adulterio
1565 4874 1795 4915 conver-

220 4953 407 5001 santes
444 4942 623 4998 taliter
655 4943 957 5009 interemit,
996 4944 1223 5015 ﬁguram
1268 4946 1440 5001 tenuit
1484 4956 1793 5001 sanctorum

221 5033 506 5087 doctorum
537 5033 629 5103 qui
654 5030 863 5087 Judaeos
891 5040 947 5087 et
969 5033 1251 5088 haereticos
1280 5033 1506 5104 spiritali
1535 5049 1795 5089 mucrone

221 5121 376 5175 verbi
416 5122 511 5176 Dei
542 5123 595 5176 in
631 5120 880 5193 amplexu
914 5119 1062 5177 falsae
1102 5121 1360 5177 doctrinae
1409 5129 1465 5177 et
1508 5121 1796 5178 concubitu

222 5211 632 5269 interfecerunt.

295 5301 514 5358 Zambri
540 5303 921 5373 interpretatur
937 5302 1087 5358 stella
1099 5304 1355 5358 lacescens
1379 5304 1463 5359 vel
1475 5310 1791 5360 amaricans.

223 5392 451 5463 PrOprie
496 5393 639 5448 enim
692 5407 892 5447 nomen
949 5394 1016 5448 ab
1068 5393 1426 5449 amaritudine
1478 5394 1792 5464 ﬁguratum,

223 5486 368 5558 quod
401 5486 675 5555 peccando
696 5484 1073 5539 amaricaverit
1096 5486 1370 5555 populum.

295 5580 384 5637 Ille
425 5594 673 5650 quoque,
711 5578 805 5648 qui
840 5578 1062 5632 sabbato
1089 5578 1231 5647 ligna
1257 5578 1504 5648 collegit,
1532 5579 1797 5650 signiﬁcat

224 5687 348 5731 eam
378 5686 542 5744 quem
572 5686 695 5728 cum
720 5678 947 5742 peccato
969 5668 1155 5738 iudicii
1182 5668 1296 5723 dies
1322 5671 1627 5737 invenerit,
1656 5671 1799 5726 unde

225 5768 411 5829 merui
437 5764 651 5825 sabbati
678 5763 925 5835 requiem
950 5773 1056 5817 non
1081 5766 1318 5816 meretur
1347 5762 1589 5818 accipere

1824 4532 1877 4591 D

1895 3299 2126 3355 ﬁrmiter
2155 3302 2403 3356 credidit.
2434 3301 2560 3356 Haec
2584 3316 2681 3372 pro
2716 3317 2775 3356 se
2808 3317 2873 3357 ac
2898 3308 3118 3357 suorum
3149 3301 3322 3357 salute
3363 3318 3479 3357 om-

1895 3390 2044 3444 nium
2092 3399 2309 3460 pactum
2354 3408 2477 3447 cum
2522 3394 2862 3448 testamentis
2898 3388 3107 3448 Domini
3149 3393 3320 3459 fecit;
3363 3394 3478 3449 haec

1896 3484 1953 3539 in
1975 3486 2133 3541 domo
2159 3502 2255 3541 sua
2282 3501 2501 3542 coccum
2525 3528 2539 3548 ,
2571 3487 2625 3542 id
2662 3496 2765 3553 est,
2816 3489 3029 3559 signum
3065 3487 3338 3557 sanguine
3378 3502 3477 3556 po-

1894 3576 2037 3641 suit;
2092 3589 2245 3631 extra
2302 3578 2441 3632 hanc
2474 3578 2518 3632 si
2550 3578 2671 3647 quis
2708 3577 2872 3633 fuerit
2926 3578 3174 3632 inventus
3200 3618 3213 3642 ,
3235 3578 3473 3631 ‘ruinam

1897 3665 2077 3722 sceculi
2108 3677 2270 3735 atque
2304 3667 2612 3722 incendium
2635 3668 2821 3723 mundi
2853 3667 2995 3721 nulla
3028 3667 3236 3722 ratione
3262 3666 3473 3722 vitabit.

1967 3757 2177 3821 Achan,
2207 3756 2299 3824 qui
2348 3757 2413 3811 de
2463 3755 2680 3810 Jericho
2731 3755 3076 3810 anathemate
3127 3755 3473 3825 concupivit,

1898 3849 2168 3921 signiﬁcat
2214 3863 2446 3917 nequam
2472 3846 2869 3911 Christianum,
2901 3848 2990 3916 qui
3020 3855 3139 3917 post
3165 3857 3473 3917 perceptam

1897 3936 2057 3992 ﬁdem
2090 3936 2375 3991 saeculares
2405 3951 2585 3991 mores
2610 3936 2695 3989 vel
2732 3936 2918 3991 mundi
2948 3935 3227 3991 illecebras
3253 3937 3473 4005 appetit.

1969 4027 2133 4083 Caleh
2161 4042 2307 4093 vero,
2336 4028 2428 4095 qui
2466 4028 2853 4097 interpretatur
2876 4029 3027 4098 quasi
3049 4045 3157 4094 cor,
3184 4037 3278 4084 aut
3309 4030 3473 4093 canis,

1899 4118 2171 4186 signiﬁcat
2195 4116 2472 4171 doctorem
2511 4116 2835 4172 catholicum
2870 4117 3173 4186 sapientem
3212 4118 3375 4173 corde
3422 4128 3477 4173 et

1900 4208 2095 4263 fortem
2145 4223 2208 4263 ac
2251 4216 2528 4263 strenuum
2559 4208 2611 4262 in
2641 4209 2900 4264 exercitlo
2927 4209 3203 4264 virtutum.
3250 4208 3353 4264 Iste
3388 4210 3478 4264 de-

1898 4302 2074 4373 poscit
2102 4301 2204 4355 sibi
2242 4316 2274 4355 a
2304 4300 2466 4356 Josue
2506 4300 2746 4370 permitti
2795 4299 3105 4355 facultatem
3153 4308 3209 4353 ut
3250 4315 3477 4369 congre-

1899 4400 2081 4454 diatur
2118 4414 2241 4453 cum
2271 4398 2564 4455 dialecticis
2607 4398 2810 4464 saeculi,
2842 4413 2966 4453 eum
2992 4398 3077 4453 his
3100 4398 3190 4467 qui
3214 4414 3312 4469 pro
3334 4401 3478 4454 veris

1901 4490 2036 4545 falsa
2062 4492 2406 4556 conﬁrmant,
2434 4498 2494 4544 ut
2518 4505 2610 4545 eos
2640 4489 2881 4545 confutet
2908 4498 2963 4544 et
2986 4499 3234 4559 superet,
3261 4498 3314 4545 et
3355 4490 3479 4545 sub-

1902 4592 2079 4639 vertet
2103 4583 2282 4639 omnia
2303 4598 2422 4652 quse
2446 4583 2551 4638 illis
2577 4582 2726 4638 falsis
2750 4582 3137 4637 assertionibus
3161 4591 3477 4638 construxe-

1901 4680 2047 4729 runt.
2080 4671 2204 4727 Ideo
2233 4672 2463 4740 denique
2514 4672 2723 4726 videns.
2744 4671 3077 4726 alacritatem
3126 4671 3241 4740 ejus
3280 4671 3435 4727 Jesus
3463 4714 3477 4739 ,

1900 4762 2194 4827 benedixit,
2256 4761 2450 4831 inquit,
2481 4777 2603 4816 eum
2633 4760 2865 4827 scilicet,
2893 4762 3035 4832 quod
3063 4762 3187 4816 talia
3229 4763 3479 4832 deposcat

1901 4864 1956 4910 et
1987 4854 2189 4910 audiat.
2221 4853 2328 4909 Sed
2363 4862 2419 4911 et
2452 4862 2507 4908 tu
2544 4853 2589 4908 si
2632 4853 2714 4908 vis
2749 4853 2881 4908 dare
2903 4868 3122 4923 operam
3158 4854 3348 4908 studiis
3371 4894 3384 4918 ,
3424 4864 3480 4909 et

1899 4945 2075 5016 legem
2110 4947 2405 5015 prudenter
2432 4945 2712 5009 meditari,
2748 4954 2802 5001 et
2829 4944 2965 5000 eﬂici
2997 4944 3248 5001 cordatus
3278 4946 3331 5000 in
3363 4946 3478 5018 lege

1904 5037 2024 5103 Dei,
2054 5044 2207 5106 potes
2236 5037 2367 5092 istas
2392 5035 2707 5108 magniﬁcas
2736 5043 2790 5089 et
2816 5037 3048 5091 munitas
3072 5037 3256 5102 urbes,
3291 5036 3345 5092 id
3372 5047 3475 5103 est,

1905 5126 2234 5182 assertiones
2275 5127 2589 5181 subvertere
2625 5124 2877 5180 falsitatis
2905 5165 2921 5191 ,
2967 5133 3027 5179 ut
3049 5134 3104 5179 et
3133 5133 3190 5178 tu
3220 5127 3478 5181 merearis

1902 5216 2148 5274 benedici
2177 5217 2245 5272 ab
2265 5216 2391 5273 Jesu
2409 5257 2424 5281 ,
2458 5224 2513 5270 et
2553 5215 2797 5286 accipere
2826 5214 3061 5269 Hebron.
3093 5215 3478 5285 interpretatur

1905 5317 2083 5364 autem
2114 5307 2331 5363 Hebron
2359 5307 2655 5376 conjunctio
2674 5346 2690 5371 ,
2735 5305 2820 5360 vel
2848 5305 3169 5376 conjugium.
3198 5300 3303 5361 Per
3339 5308 3479 5375 quod

1904 5399 2136 5454 fortasse
2166 5405 2341 5470 potest
2388 5397 2515 5451 illud
2551 5397 2778 5461 ostendi,
2812 5397 2953 5465 quod
2999 5397 3250 5465 spelunca
3279 5396 3479 5466 duplex

1903 5498 2215 5559 comparata
2240 5490 2307 5544 ab
2339 5488 2611 5543 Abraham
2640 5488 2949 5559 patriarcha
2975 5488 3029 5541 in
3060 5502 3122 5541 ea
3146 5496 3248 5552 est,
3285 5486 3339 5540 in
3372 5502 3476 5556 qua

1903 5589 2116 5649 patrum
2151 5579 2386 5648 reliquis:
2408 5577 2612 5645 jacent,
2645 5577 2699 5632 id
2721 5586 2834 5644 est,
2864 5578 3134 5632 Abraham
3160 5591 3282 5631 cum
3320 5575 3475 5644 Sara,

1902 5669 2052 5727 Isaac
2068 5683 2192 5723 cum
2217 5666 2485 5730 Rebecca,
2512 5664 2677 5720 Jacob
2705 5680 2826 5719 cum
2851 5664 2969 5719 Lia.
2996 5663 3116 5743 Ipse
3136 5678 3262 5734 ergo
3284 5664 3340 5717 in
3366 5677 3479 5717 me-

1904 5759 2093 5817 moriis
2119 5767 2335 5830 patrum
2364 5757 2731 5814 haereditatem
2761 5756 2905 5827 capit
2928 5755 3164 5827 prudens
3183 5763 3239 5812 et
3258 5752 3475 5828 sapiens
