3896 6358
405 397 476 456 55
1046 404 1105 458 Β.
1147 402 1400 463 RABANI
1439 404 1659 462 MAURI
1696 402 2011 459 ARCHIEP.
2051 403 2356 467 MOGUNT.
2398 403 2680 468 OPERUM
2718 412 2897 470 PARS
2933 414 2996 469 ll.
3594 419 3662 479 56

400 513 598 581 Caleb;
626 515 727 585 ipsi
754 513 911 572 Jesus
938 515 1324 572 Enachitarum
1361 518 1604 587 gentium
1649 515 1988 584 metropolim
2015 518 2067 577 Α
2092 516 2337 586 pervenit
2365 517 2418 570 in
2444 527 2727 575 sexcentos
2750 559 2764 585 ,
2814 521 2997 574 mundi
3036 519 3192 590 hujus
3222 522 3447 591 ﬁguram
3478 534 3622 581 tenet
3648 567 3664 595 ,

399 607 594 662 tribuit
622 606 873 677 Hebron,
904 615 958 663 et
979 607 1210 664 eilicitur
1234 609 1284 663 ei
1327 624 1446 665 sors
1470 624 1643 679 usque
1676 608 1732 663 in
1767 605 1985 663 hodier-

399 713 532 753 num
558 698 721 753 diem.

472 787 746 851 Othoniel,
785 789 878 858 qui
925 790 1314 860 interpretatur
1338 799 1541 861 tempus
1565 792 1681 862 ejus
1712 792 1877 858 Deus,
1903 789 1989 847 vel

399 880 673 948 responsio
708 878 825 934 Dei.
855 880 959 936 Iste
987 880 1258 951 signiﬁcat
1287 890 1528 938 rectores
1552 882 1904 938 ecclesiarum
1923 897 1989 937 ac

394 970 627 1040 judices,
654 971 852 1040 quibus
877 984 974 1041 per
1000 971 1236 1041 Spiritus
1267 973 1442 1029 sancti
1470 974 1698 1046 gratiam
1722 973 1989 1043 judicium

398 1077 508 1116 non
534 1063 708 1116 solum
734 1075 916 1118 rerum
956 1073 1231 1134 gestarum
1255 1066 1442 1121 datum
1465 1075 1550 1122 est
1574 1107 1589 1132 ,
1637 1065 1734 1121 sed
1775 1074 1832 1121 et
1867 1065 1984 1121 ani-

398 1166 632 1207 marum.
686 1152 821 1207 Nam
869 1154 1130 1224 scriptum
1176 1163 1261 1211 est
1307 1157 1375 1212 de
1417 1157 1534 1226 ipso
1577 1153 1828 1212 Othoniel
1870 1155 1988 1210 :Et

401 1244 572 1312 factus
615 1253 688 1298 est
724 1245 939 1314 spiritus
981 1246 1196 1301 Domini
1259 1264 1415 1318 super
1452 1265 1590 1313 eum,
1601 1257 1682 1332 [et
1728 1247 1988 1315 judicavit

399 1337 591 1403 Israel,
620 1347 669 1393 et
691 1339 819 1394 exiit
844 1340 914 1393 ad
954 1338 1145 1394 bellum
1163 1381 1177 1405 ,
1204 1349 1251 1396 et
1271 1341 1494 1395 tradidit
1515 1340 1772 1395 Dominus
1798 1341 1853 1393 in
1874 1355 1989 1393 ma-

401 1447 499 1483 nus
521 1431 636 1500 ejus
659 1430 867 1486 Chusar
897 1429 1103 1486 Sathon
1128 1448 1317 1502 regem.
1343 1431 1523 1497 Quare
1549 1431 1653 1486 hoc
1674 1430 1696 1486 ?
1718 1431 1845 1500 quia
1873 1431 1985 1500 Spi-

398 1521 539 1576 ritus
576 1521 791 1577 Domini
819 1523 875 1577 in
917 1539 982 1578 eo
1007 1563 1022 1588 ,
1069 1532 1124 1577 et
1157 1522 1462 1578 confortata
1511 1531 1598 1578 est
1643 1537 1835 1577 manus
1871 1522 1988 1592 ejus

399 1624 562 1679 super
588 1610 798 1666 Chusar
839 1605 1169 1667 Sathon.'Et
1215 1613 1332 1668 hac
1383 1613 1514 1667 dicit
1563 1629 1576 1665 :
1629 1610 1768 1677 Quia
1799 1612 1988 1682 quievit

396 1707 536 1752 terra
556 1699 650 1752 sub
674 1717 733 1754 eo
752 1701 928 1768 iudice
953 1701 1308 1771 quadraginta
1340 1702 1493 1755 annis
1525 1700 1677 1771 (Iud.
1715 1699 1791 1769 v).
1824 1699 1986 1755 Vides

398 1807 558 1859 quain
600 1791 748 1862 larga
803 1803 886 1847 est
931 1792 1115 1848 divina
1164 1792 1470 1848 clementia.
1521 1791 1654 1848 Octo
1702 1792 1859 1847 annis
1891 1791 1985 1846 ﬁlii

2091 609 2183 678 qui
2229 609 2285 663 in
2333 623 2428 663 sex
2468 608 2658 665 diebus
2686 611 2882 666 dicitur
2910 620 3334 668 consummatus.
3374 613 3669 674 Sexcentas

2091 711 2217 768 ergo
2239 697 2295 752 in
2321 707 2505 753 aratro
2532 699 2729 755 dicitur
2750 703 3088 771 percussisse
3107 702 3198 761 ille
3220 705 3309 762 cui
3334 718 3433 777 per
3451 720 3669 765 crucem

2091 785 2289 844 Christi
2317 789 2608 846 cruciﬁxus
2636 801 2721 847 est
2743 793 2994 849 mundus.

2161 877 2394 946 Debora,
2425 896 2545 950 qua
2584 880 2971 951 interpretatur
2995 887 3129 954 apis,
3153 887 3421 958 signiﬁcat
3441 889 3670 961 prophe-

2091 969 2181 1023 tiae
2217 969 2542 1026 suavitatem
2563 1010 2579 1038 ,
2622 981 2678 1027 et
2720 973 2956 1030 caelestis
3003 975 3264 1033 doctrina
3310 981 3666 1037 dulcedinem.

2091 1060 2217 1116 Haec
2269 1063 2548 1119 habitabat
2592 1065 2692 1121 sub
2737 1066 2914 1136 palma
2966 1069 3109 1124 inter
3148 1070 3321 1126 Rama
3358 1080 3415 1128 et
3457 1073 3665 1130 Betbel.

2091 1151 2261 1207 Rama
2301 1155 2686 1225 interpretatur
2708 1157 2931 1223 excelsa,
2954 1160 3140 1219 Bethel
3168 1162 3354 1218 domus
3402 1164 3522 1220 Dei.
3557 1165 3667 1224 Sub

2089 1245 2266 1314 palma
2309 1247 2490 1302 sedem
2529 1248 2692 1303 habet
2724 1252 3024 1319 prophetia,
3053 1254 3180 1324 quia
3199 1255 3380 1324 justus
3411 1266 3466 1311 ut
3492 1260 3666 1327 palma

2089 1339 2292 1407 ﬂorebit
2340 1338 2512 1410 (Psal.
2558 1338 2693 1410 xcr),
2745 1342 2890 1397 inter
2929 1344 3144 1401 excelsa
3189 1346 3440 1405 videlicet
3481 1356 3538 1405 et
3574 1349 3667 1406 do-

2090 1444 2239 1485 mum
2261 1429 2357 1484 Dei
2381 1447 2396 1496 ;
2425 1430 2548 1499 quia
2576 1431 2710 1487 nihil
2733 1433 2838 1488 vile
2862 1434 3023 1491 habet
3051 1438 3354 1508 prophetia,
3387 1454 3488 1495 nec
3514 1440 3666 1498 docet

2089 1534 2189 1575 nos
2228 1535 2348 1589 qua
2392 1528 2518 1574 sunt
2547 1535 2708 1591 super
2735 1532 2935 1579 terram
2983 1541 3226 1596 quarere
3253 1569 3270 1596 ,
3322 1531 3418 1586 sed
3453 1545 3573 1600 qua
3611 1530 3667 1589 in

2090 1610 2241 1665 caelis
2283 1621 2409 1667 sunt
2439 1620 2492 1667 et
2521 1613 2576 1668 in
2601 1614 2848 1670 excelsis.
2901 1616 3026 1672 Hac
3063 1634 3191 1689 ergo
3232 1620 3409 1691 primo
3453 1622 3666 1679 vocavit

2091 1699 2157 1754 ad
2193 1716 2250 1755 se
2287 1699 2490 1756 Barutb
2516 1743 2532 1768 ,
2576 1704 2668 1772 qui
2697 1704 3080 1775 interpretatur
3109 1711 3420 1764 coruscatio.
3463 1711 3663 1768 Corus-

2092 1790 2234 1845 catio
2262 1805 2391 1845 vero
2415 1805 2535 1860 qua
2564 1791 2728 1848 habet
2768 1793 2984 1864 quidem
3027 1796 3222 1863 lucem,
3264 1799 3359 1854 sed
3397 1815 3502 1856 non
3537 1815 3662 1872 per-
3697 1807 3700 1812 ’

397 1881 560 1936 lsraei
589 1884 894 1937 servierunt
920 1898 1019 1952 pro
1043 1883 1334 1938 multorum
1358 1881 1601 1947 delictis;
1627 1881 1984 1954 quadraginta
2012 1866 2060 1926 Β
2088 1887 2436 1947 manentem;
2480 1880 2548 1935 ad
2584 1882 2856 1938 modicum
2881 1885 3025 1939 enim
3052 1888 3309 1956 temporis
3341 1866 3660 1959 resplendet,

396 1972 552 2028 annis
575 1987 673 2041 pro
695 1972 853 2027 unius
871 1970 1081 2040 iustitia
1111 1972 1166 2026 in
1191 1987 1326 2043 pace
1347 1972 1664 2042 perdurant.

465 2061 826 2128 Adonibezec,
859 2061 952 2130 qui
1000 2061 1388 2130 interpretatur
1418 2059 1659 2115 dominus
1708 2061 1944 2129 fulminis
1969 2101 1987 2129 ,

395 2154 663 2224 signiﬁcat
689 2151 978 2216 diabolum,
1011 2151 1078 2207 de
1106 2166 1215 2221 quo
1242 2150 1530 2221 Apostolus
1559 2151 1636 2206 ait
1660 2168 1674 2205 :
1703 2150 1822 2221 Ipse
1851 2152 1988 2207 enim

398 2246 633 2301 Satanas
660 2244 1006 2313 transﬁgurat
1036 2258 1090 2297 se
1121 2244 1178 2296 in
1198 2240 1441 2312 angelum
1465 2241 1599 2296 lucis
1621 2241 1708 2313 (II
1733 2241 1856 2297 Cor.
1881 2243 1984 2303 xtl.

397 2336 534 2391 Tota
560 2343 741 2390 autem
769 2332 884 2402 ejus
917 2333 1157 2403 potentia
1186 2340 1347 2402 atque
1374 2338 1617 2401 potestas
1643 2331 1852 2386 vanitas
1878 2341 1982 2387 est.

397 2428 567 2496 Quem
595 2427 691 2482 ﬁlii
715 2425 871 2491 Juda,
901 2427 1003 2480 hoc
1029 2432 1128 2487 est,
1160 2421 1255 2477 ﬁlii
1276 2421 1639 2491 confessionis,
1671 2437 1735 2476 ac
1768 2421 1862 2476 ﬁlii
1895 2421 1984 2477 Si-

395 2535 576 2585 meon,
607 2519 659 2573 id
683 2526 787 2585 est,
817 2516 912 2571 ﬁlii
936 2515 1289 2570 exauditionis
1331 2512 1622 2579 debellant,
1652 2528 1776 2568 cum
1798 2511 1983 2569 ﬁdeles

395 2615 596 2684 quique
634 2619 789 2668 scuto
818 2611 940 2666 ﬁdei
985 2614 1148 2678 atque
1168 2608 1335 2663 armis
1361 2609 1622 2663 virtutum
1651 2617 1839 2663 contra
1858 2623 1984 2664 eum

395 2704 681 2766 dimicant;
713 2690 1336 2770 comprehendentesque
1381 2714 1508 2754 eum
1533 2740 1548 2765 ,
1579 2699 1794 2754 cadunt
1830 2714 1981 2755 sum-

395 2793 612 2847 mitates
636 2805 892 2845 manuum
919 2803 984 2844 ac
1009 2787 1204 2857 pedum
1228 2785 1359 2856 ejus,
1379 2801 1501 2842 cum
1524 2786 1820 2856 primordia
1841 2786 1985 2842 male

394 2884 724 2955 operationis
756 2890 917 2953 atque
961 2881 1116 2952 pravi
1155 2879 1389 2951 exempli
1435 2880 1721 2936 abscidere
1753 2880 1982 2937 viriliter

392 2976 766 3041 contendunt,
811 2981 1081 3044 quatenus
1122 2972 1372 3043 maligna
1431 2970 1640 3028 fraudis
1685 2970 1980 3027 efﬁcaciam

391 3067 691 3137 repentina
717 3065 1052 3135 deceptionis
1077 3078 1186 3119 non
1215 3063 1496 3120 inveniant
1521 3104 1537 3131 ,
1568 3079 1692 3120 cum
1722 3063 1878 3136 vigor
1902 3064 1978 3121 illi

390 3155 621 3213 nocendi
651 3154 884 3226 spiritali
921 3154 1268 3210 dimicatione
1295 3153 1557 3210 aufertur.

456 3245 628 3318 Eglon
663 3260 792 3317 ergo
832 3260 930 3301 rex
969 3244 1326 3302 Moabitarum
1353 3284 1369 3310 ,
1427 3245 1521 3314 qui
1587 3245 1977 3315 interpretatur

390 3347 614 3404 rotatus,
636 3336 721 3392 vel
751 3337 978 3402 orbitas,
1022 3343 1207 3406 typum
1242 3342 1391 3389 tenet
1418 3333 1636 3400 diaboli,
1669 3334 1760 3403 qui
1787 3333 1978 3406 fatigat

388 3429 646 3499 populum
682 3427 802 3492 Dei,
854 3436 908 3482 et
941 3434 1162 3495 propter
1202 3433 1424 3494 peccata
1453 3439 1548 3479 sua
1586 3425 1686 3480 sub
1714 3425 1976 3480 servitute

387 3519 688 3575 constituit.
733 3517 890 3573 Hunc
920 3517 1036 3572 Aod
1058 3516 1224 3585 judex
1256 3555 1270 3581 ,
1299 3516 1391 3585 qui
1440 3517 1832 3586 interpretatur
1857 3517 1971 3587 glo-

385 3613 581 3685 riosus,
611 3619 665 3664 et
694 3616 776 3664 est
804 3606 1142 3663 ambidexter
1170 3605 1376 3661 habens
1397 3606 1635 3676 gladium
1662 3607 1971 3677 ancipitem,

385 3700 676 3756 interiecit.
710 3697 802 3753 Sic
827 3699 1016 3753 doctor
1044 3695 1344 3750 catholicus
1383 3704 1654 3752 rotantem
1703 3695 1974 3751 diabolum

387 3795 444 3850 in
495 3791 830 3863 argumentis
867 3788 1314 3860 phi1050pborum
1365 3802 1616 3842 sermone
1665 3786 1973 3858 evangelico

387 3893 549 3953 atque
563 3881 881 3954 prophetico
901 3877 1199 3942 concludit,
1214 3885 1269 3932 et
1279 3877 1574 3947 exstinguit
1591 3892 1807 3932 omnem
1820 3878 1972 3948 pravi

385 3977 650 4047 dogmatis
675 3982 730 4029 et
754 3987 950 4028 crassa
975 3968 1342 4041 intelligentia
1368 3984 1606 4035 sensum,
1636 3970 1728 4040 qui
1768 3984 1827 4024 se
1871 3985 1969 4024 ex-

385 4069 526 4124 tollit
553 4076 610 4121 et
637 4066 797 4136 erigit
819 4065 1107 4120 adversum
1122 4061 1421 4130 spiritalem
1439 4061 1720 4115 scientiam
1743 4059 1967 4115 Christi.

382 4158 618 4214 Possunt
645 4166 700 4211 et
743 4155 922 4226 angeli
969 4152 1234 4209 salutares
1263 4151 1319 4205 in
1348 4147 1647 4206 Othonielis
1677 4149 1761 4204 vel
1804 4148 1970 4204 Jacob

383 4248 562 4318 specie
591 4244 883 4316 designari,
914 4243 1059 4312 quia,
1099 4241 1240 4298 sicut
1262 4255 1405 4309 saepe
1431 4239 1767 4294 ostendimus
1800 4277 1815 4303 ,
1860 4252 1968 4291 non

381 4339 556 4395 solum
596 4351 628 4392 a
664 4333 955 4392 contrariis
1001 4329 1296 4385 virtutibus
1344 4329 1755 4399 impugnamur,
1792 4326 1887 4382 sed
1912 4333 1968 4382 et

383 4432 577 4486 divina
604 4430 867 4496 bonaeque
891 4425 1121 4479 virtutes
1158 4422 1226 4477 ad
1255 4420 1515 4476 auxilium
1562 4428 1808 4474 nostrum
1841 4419 1966 4473 mit-

382 4531 572 4577 tuntur
602 4536 632 4574 a
662 4519 908 4574 Domino.
959 4514 1121 4569 Mittit
1153 4513 1320 4569 etiam
1349 4511 1506 4567 nobis
1552 4511 1812 4566 Dominus
1855 4511 1966 4564 vir-
1989 4547 2044 4607 Β

380 4632 548 4676 tutem
588 4634 740 4675 suam
777 4615 1053 4670 caelestem
1077 4651 1092 4676 ,
1122 4625 1220 4680 per
1247 4624 1410 4678 quam
1440 4609 1732 4663 liberemur
1775 4622 1806 4660 a
1834 4605 1964 4677 jugo

380 4710 654 4767 servitutis
701 4703 1019 4768 diabolica;
1068 4713 1188 4770 qua
1233 4700 1406 4754 virtus
1435 4697 1618 4753 omnia
1654 4712 1754 4767 pro
1809 4695 1967 4750 nobis

379 4809 519 4870 agat,
546 4798 768 4852 dextera
792 4801 847 4848 et
873 4805 1162 4863 prospera;
1187 4803 1308 4858 qua
1335 4786 1483 4842 ducit
1508 4786 1566 4839 in
1582 4783 1965 4854 perditionem,

378 4910 431 4949 et
461 4899 677 4948 revocet
703 4903 803 4945 nos
830 4886 898 4942 ad
919 4885 1068 4940 illam
1098 4897 1284 4939 veram
1316 4881 1458 4935 viam
1477 4919 1493 4945 ,
1518 4877 1612 4948 qui
1641 4877 1770 4932 dicit
1801 4893 1815 4931 :
1849 4875 1963 4945 Ego

378 5001 493 5038 sum
520 4984 624 5045 uia,
647 4982 835 5034 veritas
871 4985 920 5032 et
939 4977 1047 5031 vita
1069 4974 1248 5046 (Joan.
1268 4969 1403 5043 11v),
1431 4967 1617 5026 Iesum
1645 4966 1920 5024 Christum
1946 5005 1962 5034 ,

379 5072 665 5128 Dominum
690 5076 955 5123 nostrum.

452 5165 704 5232 Samgar,
727 5159 820 5228 qui
849 5158 1235 5225 interpretatur
1255 5169 1443 5208 nomen
1473 5152 1686 5206 aduente
1708 5190 1725 5217 ,
1753 5150 1867 5206 sive
1891 5148 1963 5203 ibi

381 5256 688 5318 colonus,et
707 5253 798 5322 qui
821 5258 1104 5306 sexcentos
1129 5249 1276 5304 viros
1303 5248 1369 5303 de
1390 5244 1718 5301 Philisthiim
1743 5257 1961 5298 vomere

380 5342 666 5415 percussit,
695 5348 750 5393 ct
777 5338 1015 5394 defendit
1038 5337 1223 5401 lsrael,
1249 5337 1363 5406 ipse
1399 5332 1670 5404 signiﬁcat
1708 5333 1959 5388 doctores

380 5450 448 5489 ex
473 5431 720 5502 gentibus
746 5470 758 5493 ,
794 5428 888 5498 qui
918 5428 1103 5482 colunt
1137 5442 1322 5494 agrum
1351 5426 1710 5489 Dominicum,
1744 5432 1799 5477 et
1849 5437 1956 5476 non

382 5542 596 5593 semper
633 5524 805 5594 gladio
855 5521 1082 5577 districti
1114 5520 1377 5574 examinis
1404 5526 1592 5572 contra
1620 5515 1958 5570 adversarios

383 5625 610 5668 utuntur
632 5654 646 5676 ,
690 5615 783 5667 sed
825 5610 1113 5680 aliquando
1141 5608 1339 5676 agresti
1367 5615 1421 5665 et
1448 5607 1681 5676 simplici
1723 5621 1960 5660 commo-

383 5708 585 5760 nitionc
616 5705 682 5758 de
711 5703 904 5756 animis
950 5702 1254 5756 auditorum
1288 5699 1415 5752 vitia
1472 5707 1526 5751 et
1579 5705 1800 5766 peccata
1836 5710 1961 5766 pro-

383 5796 605 5871 pellunt.
629 5795 871 5866 Namque
895 5795 1139 5850 senarius
1161 5804 1432 5854 numerus,
1457 5789 1548 5857 qui
1579 5786 1960 5856 multiplicatus

2087 1979 2143 2028 ct
2180 1971 2396 2027 desinit.
2440 1971 2594 2028 Unde
2639 1973 2849 2029 Barach
2879 1975 3012 2031 mihi
3041 1975 3256 2033 videtur
3299 1977 3534 2036 formam
3574 1996 3664 2054 ge-

2088 2077 2209 2118 rere
2231 2061 2430 2133 prioris
2452 2063 2657 2134 populi,
2687 2064 2779 2134 qui
2805 2065 2985 2136 primo
3018 2068 3261 2124 omnium
3302 2085 3399 2141 per
3432 2073 3665 2143 prophe-

2087 2154 2219 2208 tiam
2246 2162 2471 2212 vocatus
2491 2165 2576 2211 est
2601 2195 2617 2221 ,
2663 2163 2718 2210 et
2747 2155 2879 2228 legis
2904 2157 3188 2228 splendore
3215 2165 3541 2231 coruscavit,
3568 2166 3663 2222 sed

2087 2258 2195 2298 non
2219 2245 2534 2312 permansit.
2557 2244 2692 2300 Cum
2717 2260 2846 2316 ergo
2865 2246 3092 2303 dixisset
3119 2248 3328 2305 Debora
3354 2261 3410 2306 et
3428 2252 3660 2322 Barach,

2086 2334 2140 2390 id
2168 2344 2270 2401 est,
2291 2336 2600 2406 prophetia,
2631 2337 2699 2391 ad
2724 2338 2960 2408 priorem
2987 2340 3244 2411 populum
3277 2359 3290 2395 :
3323 2341 3438 2397 Tibi
3468 2361 3661 2414 praece-

2084 2427 2160 2494 pit
2187 2426 2443 2480 Dominus
2476 2425 2619 2481 Deus
2656 2425 2870 2483 Israel:
2897 2438 2945 2483 et
2991 2438 3048 2483 tu
3096 2431 3316 2486 ascende
3342 2432 3398 2485 in
3437 2443 3658 2490 montem

2087 2511 2316 2580 Thabor,
2340 2523 2386 2567 et
2414 2516 2587 2585 accipe
2611 2515 2786 2570 decem
2815 2515 2985 2571 millia
3026 2519 3182 2585 viros,
3227 2527 3282 2574 et
3311 2519 3517 2591 reliqua
3541 2537 3660 2593 qua

2084 2604 2285 2673 scripta
2327 2613 2451 2660 sunt
2492 2606 2689 2676 (Judic.
2717 2607 2826 2678 tv);
2858 2607 2988 2677 quid
3027 2610 3306 2679 respondit
3342 2610 3554 2669 Barach
3591 2627 3657 2670 ex

2083 2708 2310 2764 persona
2349 2695 2531 2766 populi
2558 2697 2626 2752 ad
2650 2696 3018 2768 prophetiam,
3065 2698 3365 2757 audiamus.
3401 2701 3548 2769 Non,
3579 2703 3660 2760 in-

2083 2786 2219 2854 quit,
2265 2787 2566 2848 ascendarn,
2620 2789 2721 2842 nisi
2764 2798 2811 2843 et
2858 2797 2915 2842 tu
2939 2789 3235 2846 ascenderis
3277 2809 3507 2861 mecum,
3535 2796 3661 2866 quia

2085 2877 2253 2930 nescio
2279 2875 2416 2930 diem
2453 2877 2507 2930 in
2539 2895 2642 2948 qua
2663 2878 2802 2933 misit
2835 2877 3093 2934 Dominus
3117 2881 3358 2951 angelum
3381 2899 3535 2938 suum
3555 2900 3660 2942 me-

2083 2985 2220 3024 cum.
2238 2969 2314 3024 De
2335 2971 2682 3026 excusatione
2697 2971 2915 3042 quidem
2935 2986 3124 3027 verum
3144 2982 3249 3039 est,
3275 2974 3368 3030 sed
3389 2975 3455 3030 de
3477 2990 3661 3047 repro-

2080 3061 2336 3116 missione
2357 3059 2553 3116 i‘alsum
2575 3068 2677 3116 est.
2703 3059 2859 3128 Quod
2879 3062 3022 3116 enim
3053 3062 3393 3118 ascenderint
3420 3064 3476 3119 in
3507 3080 3660 3122 mon-

2082 3159 2190 3207 tem
2245 3150 2362 3217 Dei,
2409 3159 2618 3206 certum
2664 3160 2785 3217 est;
2829 3152 2975 3221 quod
3021 3161 3201 3209 autem
3246 3154 3567 3224 pollicentur
3599 3170 3659 3213 se

2081 3257 2402 3300 ascensuros
2440 3257 2560 3299 esse
2606 3258 2727 3298 cum
2779 3244 3084 3314 prophetia,
3143 3243 3341 3300 falsum
3393 3256 3496 3303 est.
3538 3246 3657 3305 Non

2081 3334 2224 3389 enim
2251 3333 2421 3388 secuti
2446 3341 2569 3388 sunt
2590 3333 2946 3405 prophetiam,
2979 3341 3036 3389 ut
3054 3334 3338 3390 crederent
3366 3337 3437 3403 ei,
3462 3338 3528 3393 de
3550 3353 3658 3410 quo

2079 3427 2256 3483 omnis
2283 3425 2565 3495 prophetia
2607 3425 2922 3496 prascripta
2947 3433 3053 3490 est,
3092 3423 3329 3482 Christo.
3361 3425 3656 3498 Propterea

2078 3532 2205 3587 ergo
2230 3516 2360 3571 dicit
2382 3518 2451 3571 ad
2488 3531 2610 3571 eum
2649 3515 2859 3572 Debora
2889 3533 2900 3568 :
2936 3513 3034 3569 Ibo
3057 3523 3264 3582 tecum;
3302 3528 3658 3576 verumtamen

2076 3608 2226 3672 scito,
2249 3607 2374 3676 quia
2394 3621 2498 3660 non
2521 3607 2617 3660 erit
2658 3607 2911 3676 primatus
2945 3614 3065 3660 tuus
3101 3607 3160 3660 in
3192 3608 3276 3661 via
3302 3608 3399 3662 hac
3427 3624 3532 3680 qua
3567 3611 3654 3666 in—

2077 3698 2249 3764 cedis,
2294 3697 2385 3750 sed
2429 3696 2485 3748 in
2524 3712 2684 3750 manu
2728 3694 2961 3750 mulieris
3000 3696 3171 3751 tradet
3211 3696 3468 3753 Dominus
3507 3697 3656 3756 Sisa-

2077 3804 2211 3842 ram.
2255 3786 2544 3842 Evidenter
2588 3785 2824 3843 ostendit
2859 3785 2986 3857 quia
3016 3801 3125 3843 non
3156 3787 3260 3843 erit
3310 3789 3452 3858 apud
3502 3790 3655 3847 illum

2074 3880 2327 3950 populum
2351 3880 2613 3950 primatus
2631 3919 2647 3946 ,
2682 3893 2783 3934 nec
2808 3877 3146 3949 permanebit
3170 3879 3310 3949 apud
3329 3893 3452 3934 eum
3483 3880 3656 3938 victo-

2075 3972 2169 4026 ria
2196 3972 2396 4042 palma,
2427 3973 2521 4028 sed
2551 3972 2605 4026 in
2633 3985 2823 4026 manus
2848 3970 3120 4038 mulieris,
3166 3971 3253 4027 cui
3287 3987 3482 4028 nomen
3510 3973 3651 4041 Jael,

2074 4063 2318 4117 tradetur
2364 4062 2566 4118 Sisara.
2594 4061 2711 4117 Jael
2741 4076 2956 4132 quoque
2982 4061 3369 4132 interpretatur
3394 4065 3649 4133 ascensio,

2073 4163 2129 4208 et
2157 4153 2421 4223 signiﬁcat
2447 4154 2742 4209 Ecclesium
2763 4195 2778 4220 ,
2820 4169 2927 4222 qua
2973 4154 3283 4210 ascenditur
3320 4155 3375 4210 in
3409 4156 3602 4212 calum
3632 4175 3650 4224 ;

2073 4245 2159 4300 cui
2188 4246 2417 4300 traditur
2447 4244 2654 4310 Sisara,
2694 4245 2786 4314 qui
2807 4245 3196 4315 interpretatur
3224 4248 3354 4302 visio
3381 4250 3518 4319 equi,
3544 4250 3653 4306 hoc

2071 4344 2174 4402 est,
2206 4335 2446 4392 diabolus
2484 4336 2744 4406 superbus
2772 4343 2827 4391 et
2871 4335 3118 4392 incentor
3145 4337 3443 4393 carnalium
3486 4339 3652 4396 vitio—

2070 4440 2211 4479 rum.
2242 4424 2395 4492 Quod
2424 4433 2604 4480 autem
2628 4422 2744 4479 Jael
2770 4423 2914 4496 ligno
2939 4434 3184 4496 tempora
3232 4425 3431 4482 Sisara
3473 4435 3653 4486 trans-

2071 4513 2223 4578 fodit,
2273 4512 2528 4569 Ecclesia
2562 4513 2896 4584 triumphum
2943 4516 3230 4583 expressit,
3282 4529 3401 4586 qua
3453 4515 3653 4574 vexillo

2069 4603 2245 4659 crucis
2278 4603 2472 4658 diaboli
2509 4604 2791 4673 imperium
2825 4602 3114 4659 interfecit.

2139 4693 2357 4749 Gedeon
2380 4693 2767 4762 interpretatur
2794 4693 3200 4762 experimentum
3235 4693 3525 4763 iniquitatis
3554 4710 3648 4750 eo-

2068 4801 2205 4839 rum.
2237 4783 2628 4854 Frequentibus
2663 4785 2808 4840 enim
2834 4786 3169 4843 documentis
3196 4786 3518 4856 informatus
3538 4799 3646 4856 est,

2068 4874 2222 4942 quasi
2266 4875 2530 4945 prasagio
2590 4883 2780 4932 contra
2829 4876 3015 4932 hostes
3067 4876 3303 4944 futuram
3357 4879 3647 4936 victoriam

2071 4962 2346 5032 expediret
2376 4982 2389 5017 :
2419 4979 2483 5018 ex
2511 4980 2616 5033 quo
2651 4964 2833 5020 futuro
2859 4965 3225 5035 experimento
3262 4967 3645 5038 etymologiam

2071 5055 2304 5110 nominis
2332 5056 2579 5125 sumpsit.
2611 5055 2827 5111 Gedeon
2847 5070 2977 5126 ergo
3004 5056 3124 5121 iste,
3158 5057 3250 5124 qui
3284 5071 3408 5111 cum
3431 5066 3646 5113 trecen-

2070 5144 2139 5199 tis
2159 5143 2396 5213 perrexit
2425 5144 2491 5198 ad
2530 5143 2794 5213 pralium,
2826 5154 3010 5215 typum
3043 5143 3242 5199 Clu-isti
3270 5147 3516 5215 gestavit,
3546 5147 3644 5217 qui

2069 5237 2123 5291 in
2152 5236 2304 5306 signo
2335 5235 2510 5292 crucis
2538 5236 2603 5291 de
2630 5235 2830 5290 mundo
2864 5235 3145 5290 victoriam
3172 5239 3485 5305 reportavit.
3509 5237 3644 5293 Tre-

2067 5334 2345 5381 centorum
2373 5325 2517 5378 enim
2543 5338 2799 5378 numerus
2824 5322 2938 5378 Tan
2963 5323 3140 5380 littera
3168 5324 3495 5392 continetur,
3517 5339 3642 5395 qua

2065 5415 2295 5482 speciem
2319 5413 2494 5468 crucis
2520 5412 2772 5467 ostendit.

2133 5503 2442 5558 Abimelech
2493 5502 2878 5570 interpretatur
2924 5512 3072 5570 pater
3099 5518 3244 5555 meus
3275 5518 3383 5556 rex.
3415 5502 3642 5557 Videtur

2065 5611 2192 5665 ergo
2215 5593 2431 5649 Gedeon
2458 5591 2653 5646 Christi
2678 5592 2965 5662 imaginem
2991 5591 3276 5658 habuisse;
3298 5591 3641 5664 septuaginta

2066 5703 2192 5742 vero
2222 5686 2314 5739 ﬁlii
2367 5683 2704 5753 septuaginta
2734 5682 2926 5753 lingua
2953 5680 3036 5735 vel
3065 5681 3334 5746 nationes;
3386 5681 3478 5750 qui
3519 5694 3642 5738 cre-

2070 5783 2253 5836 dentes
2293 5792 2387 5847 per
2416 5775 2704 5831 secundam
2733 5773 3191 5845 regenerationem
3243 5771 3337 5832 ﬁlii
3382 5769 3478 5831 Dei
3516 5782 3643 5834 esse
