3896 6336
192 369 253 425 51
1182 363 1271 418 nn
1311 356 1658 418 umvsnso
1693 352 1875 410 unm
1911 352 2074 407 xxu.
2114 383 2179 392 —
2219 354 2345 409 LIB.
2387 357 2474 412 ιιι.
3373 361 3441 421 δε

190 489 512 542 meruerunt.
544 482 863 538 Ahimelech
884 496 1011 537 vero
1034 480 1174 534 ﬁlius
1201 478 1407 533 ancillae
1440 485 1624 546 typum
1650 475 1763 526 An-
1792 472 1846 533 A
1869 474 2058 530 effecta
2092 483 2192 539 est,
2226 474 2478 531 Ecclesia:
2508 477 2708 533 Christi
2745 487 2925 549 typum
2961 486 3122 544 tenet,
3152 495 3272 550 quae
3294 482 3445 552 prius

190 576 407 632 tichristi
437 584 688 644 portasse
724 575 1060 643 intelligitur,
1094 572 1186 641 qui
1223 570 1564 641 congregatis
1590 567 1771 637 pcrdi-

190 668 255 723 tis
278 665 588 720 nationibus
625 681 855 736 regnum
890 665 992 718 sibi
1028 661 1274 732 improbe
1320 657 1625 728 usurpabit,
1655 668 1771 710 om-

191 770 381 826 nesque
408 766 628 812 sanctos
655 757 709 810 vi
735 765 789 811 et
829 752 1235 824 persecutione,
1284 749 1539 818 omnique
1581 746 1774 802 crude-

190 848 333 917 litate
354 847 667 902 trucidabit.
705 846 978 902 Jonathan
1011 860 1140 900 vero
1159 843 1344 914 junior
1366 841 1538 912 ﬁgura
1559 847 1776 895 sancto-

194 953 303 992 rum
353 936 470 992 fuit.
528 936 683 992 Sicut
725 935 872 990 enim
907 933 1180 990 Jonathan
1201 947 1299 1003 per
1317 931 1498 1003 fugam
1525 927 1770 993 recessit,

191 1039 242 1084 et
269 1028 458 1098 reliqui
508 1027 784 1084 interfecti
819 1035 944 1083 sunt
971 1025 1190 1089 fratres,
1236 1023 1314 1078 sic
1351 1036 1509 1076 nemo
1544 1018 1770 1074 evadere

191 1119 375 1188 poterit
394 1119 830 1188 persecutionem
853 1115 1198 1179 Antichristi,
1216 1113 1320 1168 nisi
1347 1111 1439 1182 qui
1463 1124 1559 1181 per
1588 1108 1769 1178 fugam

195 1209 493 1274 recesserit,
529 1217 586 1263 et
622 1208 677 1263 in
723 1215 960 1264 montem
1005 1203 1397 1261 benedictionis
1444 1198 1766 1256 ascenderit.

194 1300 284 1357 Hic
305 1311 385 1357 est
411 1317 572 1357 mons
598 1342 612 1369 ,
649 1318 807 1374 quem
853 1300 1027 1356 sancti
1061 1298 1496 1362 circumdabunt,
1527 1309 1688 1364 quem
1716 1302 1772 1348 et

196 1400 401 1448 sanctus
446 1391 659 1463 Moyses
690 1394 742 1447 in
772 1391 1262 1456 benedictionibus,
1308 1387 1451 1443 sicut
1469 1384 1584 1456 jam
1606 1398 1766 1453 supe-

195 1484 299 1539 rius
322 1483 527 1539 dictum
547 1492 650 1548 est,
684 1483 739 1538 in
765 1482 1184 1538 Deuteronomio
1208 1479 1407 1550 posuit.

256 1572 440 1639 Thola,
463 1574 559 1643 qui
587 1573 974 1644 interpretatur
994 1570 1353 1635 vermiculum,
1369 1570 1455 1625 vel
1479 1569 1762 1631 coccinum,

196 1663 449 1736 signiﬁcat
473 1679 572 1720 eos
598 1664 690 1733 qui
733 1664 960 1734 geminae
1006 1661 1286 1718 charitatis
1326 1659 1522 1714 ardore
1552 1654 1766 1712 accensi

195 1758 320 1812 bene
343 1756 602 1812 ducatum
639 1755 821 1824 populi
849 1753 1141 1810 Christiani
1166 1758 1376 1822 gerunt.

257 1847 383 1912 Jair,
411 1849 506 1919 qui
536 1849 927 1918 interpretatur
962 1845 1269 1900 illuminans
1300 1884 1315 1911 ,
1366 1842 1455 1898 hic
1499 1839 1770 1913 signiﬁcat
1794 1830 1845 1892 Β
1872 1838 2142 1907 Propheta
2186 1852 2200 1890 ε

196 1939 595 2008 Redemptorem
625 1946 890 2004 nostrum,
920 1937 1012 2006 qui
1060 1938 1168 1991 dux
1199 1944 1254 1991 et
1303 1950 1399 1990 rex
1451 1942 1530 1990 est
1583 1932 1766 2004 populi

196 2029 495 2083 Christiani.
554 2028 709 2094 Quod
751 2029 888 2083 bene
935 2028 1051 2096 ipsa
1101 2027 1476 2082 demonstrant
1524 2025 1764 2079 nomina.

197 2117 299 2171 Jair
318 2118 459 2172 enim
489 2119 880 2188 interpretatur
907 2117 1233 2183 illuminans,
1257 2127 1311 2173 et
1325 2117 1529 2172 Galaad
1556 2133 1766 2171 acervus

198 2210 480 2263 testimonii.
512 2209 829 2264 llluminans
867 2209 1003 2265 bene
1028 2209 1223 2264 dicitur
1258 2209 1517 2264 Dominus
1543 2215 1728 2262 noster
1749 2246 1767 2274 ,

198 2299 256 2352 de
278 2314 376 2368 quo
409 2300 673 2369 scriptum
717 2307 802 2354 est
844 2299 900 2353 in
948 2299 1237 2366 Evangelio
1265 2316 1278 2351 :
1311 2297 1444 2351 Erat
1472 2297 1566 2350 tua;
1599 2313 1719 2350 uera
1747 2335 1762 2362 ,

198 2409 300 2461 qua:
345 2393 610 2446 illuminat
652 2410 854 2448 omnem
890 2394 1153 2448 hominem
1193 2394 1477 2448 venientem
1523 2394 1580 2446 in
1629 2393 1765 2445 hunc

199 2480 430 2533 mundum
454 2479 638 2551 (Joan.
673 2481 744 2551 ι);
771 2488 825 2536 et
856 2480 923 2534 ad
967 2495 1128 2549 quem
1162 2479 1217 2534 in
1249 2479 1471 2548 psalmis
1494 2477 1767 2546 Propheta

201 2570 300 2623 ait:
338 2568 657 2624 Illuminans
712 2579 767 2624 tu
817 2569 1127 2623 mirabiliter
1175 2586 1208 2622 a
1255 2568 1518 2644 montibus
1558 2568 1766 2622 ceternis

201 2656 356 2727 (Psal.
386 2656 571 2732 Lxxv).
606 2660 705 2716 Hic
742 2674 873 2729 ergo
911 2673 978 2714 ex
1006 2657 1214 2716 Galaad
1239 2666 1341 2723 est,
1371 2659 1497 2728 quia
1525 2672 1593 2712 ex
1619 2655 1767 2713 Scri-

199 2749 354 2816 pturis
395 2750 570 2806 sacris
598 2750 716 2820 ejus
762 2750 953 2804 notitia
988 2748 1329 2818 percipitur:
1363 2762 1524 2817 quem
1552 2747 1645 2817 qui
1690 2746 1765 2802 ibi

198 2842 345 2896 corde
368 2841 588 2897 credulo
613 2842 829 2911 quaerit,
851 2841 967 2896 sine
988 2839 1151 2895 dubio
1180 2838 1407 2894 invenit.

260 2930 439 3001 Jephte
464 2932 560 3001 qui
587 2931 971 3002 interpretatur
995 2929 1250 3000 aperiens,
1282 2928 1367 2984 vel
1392 2939 1627 2998 apertum
1667 2938 1761 2984 est.

198 3017 286 3075 Hic
322 3031 439 3090 post
468 3022 755 3076 victoriam
797 3020 962 3076 ﬁliam
1002 3020 1341 3084 immolavit,
1389 3019 1764 3091 Redemptoris

199 3113 466 3168 ostendens
492 3112 755 3184 ﬁguram,
794 3113 942 3182 quia
965 3111 1104 3167 facie
1131 3112 1359 3166 fratrum
1397 3126 1617 3167 suorum
1639 3153 1654 3178 ,
1707 3112 1763 3170 id

1874 567 1927 620 in
1965 567 2212 634 gentibus
2240 575 2357 621 erat
2390 568 2619 636 sterilis,
2677 585 2820 624 nunc
2872 569 3093 642 largiter
3138 571 3302 642 pollet
3350 588 3447 645 per

1873 658 2182 712 universam
2210 665 2410 712 terram
2438 659 2588 729 prole
2615 660 2976 716 innumerosae
3012 661 3372 719 fecunditatis.

1943 748 2061 804 Heli
2090 749 2476 818 interpretatur
2513 749 2654 805 Deus
2678 767 2844 805 meus.
2869 750 2969 806 Hic
2990 751 3241 808 sacerdos
3262 766 3449 824 repro-

1873 839 2031 893 batus
2056 837 2413 909 abjectionem
2441 840 2728 896 sacerdotii
2749 842 2949 898 veteris
2977 844 3284 899 testamenti
3314 857 3451 914 pra-

1875 929 2152 998 ﬁguravit;
2186 931 2314 1000 quia
2343 931 2466 984 licet
2495 930 2623 986 illud
2658 947 2689 985 a
2719 933 2827 987 Deo
2854 946 2952 1003 per
2994 932 3214 1006 Moysen
3263 948 3454 990 secun-

1873 1021 2001 1075 dum
2044 1030 2254 1093 tempus
2282 1023 2589 1079 ordinatum
2614 1023 2825 1091 fuisset,
2855 1033 3035 1080 tamen
3071 1041 3176 1082 non
3203 1040 3456 1098 perman-

1874 1112 1945 1166 sit
1970 1153 1985 1178 ,
2013 1113 2139 1182 quia
2166 1113 2309 1167 aliud
2338 1113 2531 1169 melius
2576 1113 2818 1169 futurum
2858 1126 2978 1170 erat
3008 1123 3066 1169 ut
3094 1115 3151 1170 in
3191 1125 3453 1173 aeternum

1873 1214 2214 1275 permaneret
2240 1223 2252 1258 :
2278 1204 2490 1261 Domini
2519 1205 2768 1261 videlicet
2787 1207 2961 1261 nostri
2982 1203 3111 1261 Jesu
3139 1206 3364 1273 Christi,
3388 1209 3456 1264 de

1874 1309 1981 1364 quo
2010 1295 2269 1364 scriptum
2299 1303 2383 1349 est
2409 1313 2421 1348 :
2456 1293 2535 1348 Tu
2555 1312 2608 1350 es
2635 1295 2876 1350 sacerdos
2899 1297 2956 1350 in
2995 1305 3247 1352 teternum
3270 1313 3455 1353 secun-

1872 1384 1998 1438 dum
2029 1385 2261 1439 ordinem
2284 1384 2665 1440 Melchisedech
2690 1383 2863 1456 (Psal.
2893 1386 3027 1458 CIX).

1941 1474 2136 1545 Ophni,
2172 1475 2528 1541 discalciatus,
2565 1474 2707 1530 ﬁlius
2749 1475 2896 1531 enim
2922 1473 3038 1530 Heli
3079 1475 3204 1542 fuit,
3248 1474 3455 1533 electus

1870 1565 1926 1621 in
1982 1564 2341 1620 ministerium
2381 1564 2702 1629 sacerdotii;
2750 1563 2902 1632 cuius
2951 1564 3297 1621 amissionem
3355 1580 3456 1622 suo

1870 1657 2137 1728 expressit
2169 1656 2448 1712 vocabulo.
2507 1655 2795 1726 Apostolus
2842 1656 2989 1711 enim
3039 1656 3118 1712 ait
3163 1674 3176 1711 :
3228 1655 3454 1712 Calciati

1867 1748 2020 1818 pedes
2050 1749 2107 1802 in
2146 1746 2530 1817 praeparatione
2557 1744 2831 1817 Evangelii
2862 1747 3009 1816 pacis
3078 1747 3238 1818 (Eph.
3282 1746 3345 1818 ι).
3385 1746 3456 1802 Et

2250 1835 2423 1902 Quam
2475 1836 2697 1906 speciosi
2755 1836 2909 1907 pedes
2930 1876 2945 1903 ,
3001 1837 3090 1908 qui
3138 1837 3456 1891 annuntiant

1869 1928 2090 1999 pacem!
2117 1925 2271 1999 (Isai.
2312 1924 2429 1996 ιιι.)
2471 1925 2576 1981 Iste
2627 1939 2756 1995 ergo
2805 1925 3162 1982 discalceatus
3189 1927 3456 1995 interpre-

1871 2028 2038 2084 tatur,
2079 2025 2140 2072 ut
2169 2017 2284 2085 ejus
2333 2016 2551 2071 nomine
2595 2017 2798 2071 veteris
2839 2018 3152 2072 testamenti
3198 2027 3450 2072 sacerdo-

1871 2109 2005 2163 tium
2031 2122 2061 2161 a
2087 2107 2257 2163 veteri
2288 2105 2484 2176 populo
2505 2104 2903 2178 signiﬁcaretur
2925 2106 3182 2162 ablatum.

1939 2199 2168 2254 Phinees
2226 2213 2388 2266 super
2431 2196 2608 2267 Ophni
2658 2213 2714 2251 os
2771 2206 2975 2252 mutum
3024 2199 3450 2268 interpretatur;

1867 2308 1973 2364 quo
2011 2294 2348 2365 signiﬁcatur
2372 2291 2661 2349 sacerdotii
2694 2292 2894 2350 veteris
2919 2301 2976 2348 et
2996 2294 3259 2349 doctrina:
3284 2293 3452 2351 silen-

1871 2386 2024 2439 tium.
2047 2383 2112 2437 Hi
2136 2399 2264 2454 ergo
2287 2383 2624 2448 sacerdotes,
2651 2383 2744 2453 qui
2767 2390 2925 2453 capta
2951 2398 3020 2439 ex
3043 2385 3294 2455 gentibus
3321 2398 3449 2442 arca

1865 2481 2128 2552 perempti
2161 2488 2304 2546 sunt,
2336 2480 2552 2550 signant
2587 2478 2966 2550 posteritatem
2993 2479 3279 2535 sacerdotii
3301 2480 3447 2550 prio-

1867 2573 1944 2627 ris
1989 2571 2154 2627 fuisse
2204 2571 2549 2639 exstinctam,
2600 2579 2654 2626 et
2691 2569 2828 2643 legis
2884 2577 3268 2627 testamentum
3322 2584 3446 2630 esse

1866 2662 2186 2718 translatum
2215 2662 2283 2718 ad
2313 2661 2517 2720 cultum
2545 2663 2808 2733 gentium.

1938 2752 2157 2806 Samuel
2199 2752 2586 2821 interpretatur
2619 2768 2810 2806 nomen
2841 2751 2954 2822 ejus
3005 2751 3168 2808 Deus.
3213 2751 3314 2809 Hic
3359 2767 3449 2810 re-

1865 2844 2092 2914 probate
2140 2842 2258 2899 lIeli
2302 2843 2359 2898 in
2420 2843 2723 2900 ministerio
2796 2844 3114 2902 sacerdotali
3167 2847 3448 2903 successit.

1866 2932 2002 2988 Novi
2035 2932 2322 2989 sacerdotii
2359 2934 2757 2992 successionem
2792 2933 3003 3004 abiecto
3047 2936 3219 2994 veteri
3268 2951 3450 2995 sacer-

1864 3025 2013 3079 dotio
2039 3023 2442 3096 praenuntiavit.

1877 3129 1880 3132 ’
1934 3118 2059 3185 lsai,
2087 3119 2178 3188 qui
2216 3119 2601 3190 interpretatur
2633 3120 2822 3176 insula:
2865 3121 3217 3191 sacri/icium,
3250 3120 3336 3178 vel
3365 3121 3438 3177 its-

199 3212 302 3269 est,
323 3181 630 3261 Iudaeorum
655 3181 950 3262 abscedens
981 3247 998 3272 ,
1029 3206 1085 3261 in
1124 3207 1375 3279 gentibus
1401 3208 1761 3277 principatum
1788 3181 1835 3245 C
1866 3181 2122 3274 censum;
2149 3181 2402 3278 populum
2452 3208 2719 3282 signiﬁcat
2756 3181 3026 3280 priorem,
3053 3210 3147 3280 qui
3174 3181 3270 3280 per
3293 3223 3439 3267 mare

198 3294 415 3363 accepit;
445 3295 538 3364 qui
565 3295 748 3350 omnia
774 3295 1023 3350 humanae
1051 3293 1241 3350 salutis
1281 3304 1618 3352 sacramenta
1649 3305 1767 3352 tan-

198 3397 347 3451 quam
369 3384 585 3452 iuratus
612 3384 873 3454 explevit,
926 3393 980 3439 et
1008 3385 1160 3455 quasi
1190 3383 1355 3440 ﬁliam
1380 3426 1394 3447 ,
1445 3386 1520 3440 ita
1546 3402 1766 3442 carnem

196 3472 457 3542 propriam
484 3488 587 3543 pro
616 3473 786 3529 salute
811 3473 978 3528 Israel
1009 3474 1235 3529 Domino
1281 3473 1494 3528 obtulit.
1545 3472 1765 3531 Jurasse

195 3561 331 3616 Patri
355 3563 692 3633 unigenitum
715 3563 940 3634 legimus
959 3563 1171 3634 psalmo
1199 3563 1410 3618 dicente
1452 3581 1464 3616 :
1506 3561 1650 3617 Sicut
1675 3565 1765 3633 ju-

197 3655 318 3707 ravit
339 3655 584 3721 Domino,
608 3665 782 3709 uotum
821 3657 955 3710 uouit
986 3655 1096 3710 Deo
1135 3655 1300 3709 Jacob
1333 3653 1505 3726 (Psal.
1534 3655 1718 3726 cxxxt)
1745 3672 1761 3721 ;

199 3747 390 3801 scilicet
407 3755 466 3800 ut
487 3754 889 3801 sacramentum
917 3746 1191 3816 religionis
1219 3745 1274 3800 in
1300 3747 1480 3802 carnis
1509 3761 1617 3802 suae
1642 3761 1766 3816 pas-

201 3838 336 3893 sione
361 3853 456 3908 pro
485 3838 662 3894 salute
690 3838 901 3908 generis
926 3837 1150 3891 humani
1175 3837 1431 3906 expleret.

261 3928 481 3984 Samson
504 3930 896 3997 interpretatur
914 3926 991 3983 sol
1011 3928 1310 3994 eorum,vel
1331 3929 1457 3983 solis
1487 3929 1760 3998 fortitudo.

203 4019 312 4074 Fuit
333 4021 474 4076 enim
502 4021 708 4076 virtute
735 4019 933 4084 clarus,
965 4027 1021 4073 et
1048 4018 1293 4072 liberavit
1313 4019 1479 4073 lsrael
1503 4020 1569 4073 de
1590 4021 1760 4075 hosti-

201 4111 288 4164 hus
317 4130 329 4162 :
363 4109 661 4164 Salvatoris
689 4109 857 4164 nostri
890 4115 1119 4163 mortem
1154 4115 1210 4162 et
1255 4107 1535 4163 victoriam
1565 4109 1762 4178 ﬁgura-

203 4199 287 4262 vit,
311 4199 416 4254 sive
440 4201 569 4269 quia
600 4199 667 4253 de
694 4198 937 4253 faucibus
966 4197 1162 4253 diaboli
1193 4206 1378 4269 gentes
1398 4197 1553 4267 quasi
1581 4197 1763 4254 favum

204 4286 261 4340 ab
283 4302 370 4344 ore
395 4289 648 4358 przecepti
673 4288 843 4344 leonis
866 4289 1148 4353 abstraxit,
1181 4289 1294 4345 sive
1319 4288 1446 4360 quia
1468 4297 1591 4359 post
1618 4305 1762 4346 mor-

206 4386 295 4430 tem
333 4380 508 4448 plures
558 4379 804 4434 lucratur
828 4419 843 4446 ,
891 4378 1259 4450 plurimosque
1313 4381 1550 4437 moriens
1597 4396 1761 4451 quam

205 4468 336 4523 vivus
353 4471 634 4526 exstinxit.
823 4540 833 4548 .

263 4558 434 4625 Dalila,
465 4574 590 4628 quae
619 4560 1002 4629 interpretatur
1025 4559 1362 4631 paupercula,
1391 4560 1476 4617 vel
1501 4563 1683 4628 situla,
1705 4571 1761 4619 et

207 4643 406 4702 Samson
453 4648 723 4704 verticem
753 4648 1068 4715 decalvavit,
1102 4648 1441 4720 Synagogam
1469 4651 1756 4721 signiﬁcat,

204 4750 304 4803 qua:
327 4737 600 4793 Christum
623 4738 680 4792 in
707 4737 825 4792 loco
854 4738 1115 4793 Calvariae
1152 4739 1440 4794 cruciﬁxit.

262 4827 388 4884 Boos
410 4871 423 4892 ,
449 4831 540 4899 qui
569 4829 956 4898 interpretatur
982 4831 1040 4883 in
1065 4831 1374 4899 fortitudine
1392 4872 1408 4896 ,
1435 4832 1548 4887 sive
1574 4833 1632 4887 in
1654 4849 1757 4904 quo

205 4917 358 4984 robur,
383 4919 659 4974 Christum
687 4933 877 4973 verum
905 4918 1160 4974 Ecclesiae
1185 4935 1441 4989 sponsum
1467 4923 1754 4992 expressit.

260 5006 388 5064 Ruth
422 5012 810 5080 interpretatur
832 5010 1104 5080 festinam.
1137 5011 1448 5082 Alienigena
1475 5014 1620 5067 enim
1639 5023 1756 5068 erat

205 5111 258 5150 ex
291 5101 462 5167 gentili
502 5099 734 5170 populo;
769 5115 888 5169 qua:
915 5141 932 5166 ,
976 5100 1164 5156 relicta
1215 5101 1390 5169 patria
1412 5142 1426 5167 ,
1483 5102 1755 5158 festinavit

205 5189 444 5245 transilire
471 5192 525 5244 in
557 5200 766 5247 terram
789 5192 985 5257 Israel,
1013 5193 1195 5248 dicens
1217 5193 1396 5246 socrui
1427 5209 1538 5248 suae
1566 5210 1580 5248 :
1612 5193 1754 5260 Quo-

205 5292 378 5346 cumque
397 5281 686 5349 perrexeris
712 5297 921 5350 pergam
946 5279 1128 5351 (Ruth.
1164 5279 1225 5352 ι).
1251 5279 1376 5335 Haec
1405 5281 1703 5353 alienigena
1734 5325 1750 5351 ,

205 5377 305 5430 qua:
340 5367 630 5424 Israelitico
659 5369 778 5423 viro
804 5371 1006 5438 nupsit,
1042 5369 1338 5426 Ecclesium
1382 5372 1450 5425 ad
1474 5370 1749 5428 Christum

205 5456 478 5512 venientem
505 5458 763 5514 ostendit.

261 5548 399 5602 Anna
447 5553 619 5619 gratia
661 5552 778 5621 ejus
828 5550 1234 5618 interpretatur.
1291 5553 1418 5618 Quae
1447 5552 1574 5608 dum
1602 5554 1752 5621 prius

204 5648 326 5692 esset
349 5641 541 5696 sterilis
566 5649 799 5706 natura,
827 5650 1100 5710 postremo
1131 5644 1224 5698 Dei
1262 5646 1430 5713 gratia
1469 5645 1750 5698 fecundata

203 5732 290 5779 est.
331 5726 446 5785 Haec
488 5745 606 5800 qua:
636 5725 742 5785 fuit
771 5729 967 5787 sterilis
994 5770 1010 5800 ,
1056 5738 1110 5787 et
1141 5734 1477 5802 postmodum
1523 5733 1749 5793 fecunda

1783 4524 1837 4585 D

1865 3297 2107 3376 Rubrum
2149 3314 2246 3369 per
2275 3299 2493 3371 Moysen
2523 3300 2849 3366 translatus,
2898 3301 3224 3357 sacriﬁcium
3253 3315 3440 3358 secun-

1866 3387 1994 3443 dum
2022 3388 2194 3459 legem
2225 3389 2337 3444 Deo
2361 3389 2603 3444 exhibuit
2647 3389 2703 3443 in
2746 3389 2982 3446 deserto.
3014 3390 3090 3445 De
3118 3404 3224 3459 quo
3248 3403 3439 3446 secun-

1866 3479 1992 3534 dum
2025 3494 2241 3534 carnem
2281 3487 2439 3533 natus
2461 3486 2544 3534 est
2572 3478 2740 3534 David
2766 3487 2982 3544 noster,
3011 3479 3272 3538 Dominus
3292 3477 3442 3534 vide-

1864 3570 1989 3625 licet
2011 3569 2165 3625 Jesus
2215 3571 2481 3638 Christus,
2516 3571 2608 3640 qui
2645 3578 2730 3625 est
2753 3575 2869 3625 ilex
2895 3585 3085 3642 regum
3108 3578 3164 3626 et
3187 3568 3445 3627 Dominus

1867 3659 2276 3714 dominantium.

1939 3747 2066 3803 Saul
2114 3748 2289 3817 petitio
2325 3748 2730 3817 interpretatur.
2779 3746 2979 3804 Notum
3008 3755 3093 3804 est
3113 3749 3258 3804 enim
3293 3750 3438 3818 quod

1867 3837 2211 3893 Hebraeorum
2237 3837 2463 3906 populus
2491 3851 2614 3891 eum
2639 3836 2743 3892 sibi
2774 3851 2957 3908 regem
2981 3845 3190 3918 peteret
3209 3845 3264 3892 et
3291 3851 3445 3893 acce-

1864 3933 1962 4000 pit,
1993 3946 2099 3984 non
2121 3929 2416 3984 secundum
2456 3928 2646 3994 Deum,
2693 3927 3113 3985 sed-secundum
3160 3944 3314 3985 suam
3348 3942 3445 3983 vo-

1864 4021 2144 4074 luntatem.
2187 4018 2288 4074 Hic
2332 4034 2426 4073 rex
2455 4015 2664 4072 Iudaici
2695 4017 2874 4088 populi
2908 4019 3148 4094 insinuat
3181 4021 3444 4090 reproba-

1865 4109 2067 4164 tionem
2095 4149 2112 4175 ,
2155 4108 2270 4163 sive
2325 4108 2563 4178 ejusdem
2607 4106 2788 4178 populi
2853 4106 3248 4163 aemulationem
3280 4148 3296 4174 ,
3350 4109 3442 4179 qui

1865 4201 2034 4257 David
2052 4241 2068 4267 ,
2111 4201 2165 4256 id
2196 4207 2298 4266 est,
2327 4199 2601 4255 Christum
2643 4197 2845 4263 iniusto
2878 4197 3082 4265 judicio
3106 4208 3332 4256 conatus
3358 4207 3443 4255 est

1863 4289 2108 4360 perdere.

1934 4379 2102 4434 David
2127 4379 2513 4449 interpretatur
2540 4377 2692 4447 fortis
2724 4394 2918 4445 manu,
2943 4379 3130 4449 utique
3167 4379 3294 4449 quia
3335 4378 3441 4434 for-

1863 4471 2102 4527 tissimus
2126 4471 2182 4525 in
2210 4470 2408 4540 praeliis
2437 4469 2559 4535 fuit,
2589 4471 2703 4540 ipse
2723 4478 2778 4524 et
2799 4471 3160 4526 desiderabilis
3189 4473 3245 4528 in
3273 4473 3441 4543 stirpe

1862 4561 2070 4618 scilicet
2105 4575 2202 4616 sua
2231 4599 2247 4626 ,
2291 4560 2356 4616 de
2390 4574 2494 4629 qua
2547 4560 2872 4630 praedixerat
2909 4561 3174 4631 propheta
3205 4579 3218 4615 :
3255 4560 3438 4616 Veniet

1860 4653 2184 4708 desideratus
2217 4653 2416 4706 cunctis
2442 4650 2675 4721 gentibus
2712 4649 2866 4721 (Agg.
2897 4649 2982 4720 ιι).
3009 4649 3108 4706 Hic
3139 4649 3438 4706 Salvatoris

1860 4741 2031 4796 nostri
2077 4739 2342 4810 expressit
2387 4737 2694 4808 imaginem,
2727 4737 2842 4793 sive
2868 4738 3011 4807 quod
3049 4739 3104 4793 in
3141 4739 3437 4794 sectatione

1859 4829 2162 4885 Iudaeorum
2214 4828 2465 4896 injustam
2515 4828 2940 4896 persecutionem
2986 4828 3276 4893 sustinuit,
3323 4831 3437 4883 sive

1860 4921 2001 4991 quod
2044 4935 2207 4974 manu
2257 4920 2413 4974 fortis
2447 4917 2642 4972 fortem
2674 4917 2804 4972 vicit
2831 4917 3103 4972 diabolum
3132 4926 3293 4979 atque
3317 4917 3436 4973 alli-

1863 5012 2028 5084 gavit,
2063 5009 2284 5079 ejusque
2311 5009 2479 5080 spolia
2509 5009 2561 5062 in
2591 5017 2704 5063 toto
2727 5008 2858 5064 orbe
2879 5009 3168 5068 distribuit.

1931 5103 2139 5160 Goliath
2165 5103 2408 5172 designat
2435 5100 2734 5166 diabolum;
2758 5100 2913 5168 cujus
2937 5100 3248 5171 superbiam
3270 5099 3428 5157 Chri-

1856 5195 1926 5252 sti
1953 5195 2244 5264 prostravit
2276 5191 2570 5248 humilitas.

1925 5285 2193 5341 Jonathan
2217 5285 2600 5354 interpretatur
2630 5282 2873 5338 columba:
2893 5283 3110 5337 donum.
3151 5281 3428 5354 Signiﬁcat

1855 5393 1949 5433 eos
1972 5416 1986 5441 ,
2031 5377 2121 5445 qui
2149 5390 2245 5445 per
2273 5375 2497 5443 gratiam
2530 5372 2759 5442 Spiritus
2802 5377 2976 5427 sancti
3004 5387 3147 5427 vera:
3173 5371 3296 5426 ﬁdei
3327 5370 3426 5426 do-

1854 5481 1981 5519 num
2021 5472 2075 5517 et
2109 5463 2448 5518 devotionem
2472 5475 2600 5531 erga
2637 5461 2803 5515 David
2833 5469 3077 5516 nostrum
3101 5459 3422 5529 percipiunt.

1926 5553 2083 5608 Urias
2125 5554 2506 5622 interpretatur
2555 5549 2645 5603 lux
2698 5567 2809 5604 mea
2857 5549 2957 5605 Dei
2999 5557 3093 5605 est.
3151 5548 3425 5619 Signiﬁcat

1856 5642 2123 5698 diabolum
2148 5683 2162 5708 ,
2210 5642 2301 5711 qui
2347 5656 2405 5696 se
2452 5656 2550 5710 per
2587 5640 2857 5695 ﬁctionem
2911 5640 2968 5695 in
3003 5639 3249 5710 angelum
3288 5637 3424 5694 lucis

1857 5731 2149 5792 transtulit.
2179 5729 2342 5801 Cujus
2365 5729 2615 5800 conjugio
2640 5730 2791 5800 prius
2817 5739 2936 5786 erat
2956 5728 3202 5798 copulata
3235 5725 3423 5787 Eccle-
