3896 6352
392 383 466 444 59
1066 382 1129 437 Β.
1171 380 1426 438 RABANI
1468 379 1688 437 MAURI
1725 332 2045 436 ARCHIEP.
2089 378 2398 436 MOGUNT.
2441 379 2726 434 OPERUM
2764 379 2941 436 PARS
2980 381 3043 435 ll.
3591 382 3655 437 60

391 501 495 569 si'a,
526 507 689 571 quam
708 497 968 555 Christus
994 496 1302 567 concupivit
1337 495 1639 560 lavantem,
1680 494 1733 549 id
1763 501 1868 559 est,
1892 506 1979 546 se-
2004 498 2052 552 A
2081 490 2207 560 fuit,
2239 498 2425 561 typum
2473 499 2621 546 tenet
2664 493 2969 548 scribarum
2997 501 3052 547 et
3098 491 3518 560 Pharisaorum,
3570 497 3659 565 qui

391 591 681 663 nretipsam
713 602 746 644 ι
793 588 1044 645 sordibus
1073 587 1255 644 saculi
1283 599 1381 657 per
1402 586 1606 643 lavacri
1639 586 1836 641 undam
1882 599 1980 655 pu-

393 685 719 741 riﬁcantem.

464 773 699 830 Absalon
723 773 893 844 patris
912 782 1020 844 pa:
1044 771 1438 840 interpretatur
1473 783 1573 840 per
1604 767 1979 837 antiphrasim,

392 875 461 923 eo
494 866 643 937 quod
700 863 901 920 bellum
959 863 1219 919 adversus
1271 871 1485 934 patrem
1538 863 1816 934 gessisset,
1870 861 1985 917 sive

393 954 541 1029 quod
586 958 644 1013 in
684 958 806 1027 ipso
856 955 996 1012 bello
1044 954 1216 1010 David
1264 961 1519 1024 pacatum
1571 953 1737 1009 fuisse
1790 952 1987 1025 legitur

393 1048 524 1114 ﬁti'a,
561 1050 697 1103 adeo
743 1047 997 1102 utetiam
1040 1061 1237 1118 magno
1266 1062 1392 1102 cum
1444 1047 1630 1104 dolore
1658 1048 1985 1103 exstinctum

391 1141 694 1212 plangeret.
726 1139 827 1196 ilic
857 1152 1045 1212 typum
1074 1143 1221 1195 tenet
1243 1138 1554 1211 Judaorum
1579 1140 1667 1197 vel
1687 1139 1837 1194 Juda
1860 1152 1987 1208 pro-

396 1231 589 1289 ditoris
617 1231 707 1302 qui
738 1231 1058 1288 seditionem
1087 1230 1407 1288 levaverunt
1453 1238 1642 1286 contra
1667 1243 1854 1284 verum
1884 1228 1987 1282 Da-

393 1322 506 1389 vid,
542 1322 844 1381 invidentes
899 1325 970 1392 ei,
1016 1332 1071 1381 et
1096 1325 1427 1397 principatui
1456 1322 1574 1393 ejus
1611 1316 1837 1378 insidias
1865 1338 1985 1377 mo-

396 1417 613 1473 lientes.

456 1500 733 1562 Salomon
764 1505 937 1561 tribus
956 1505 1268 1561 nominibus
1298 1504 1464 1561 fuisse
1496 1504 1831 1574 perhibetur.
1865 1504 1987 1558 Pri-

400 1604 549 1655 mum
586 1597 910 1654 vocabulum
938 1596 1056 1668 ejus
1090 1596 1363 1662 Salomon,
1411 1596 1466 1649 id
1503 1604 1586 1650 est
1611 1596 1886 1665 oaeiﬁcus,
1926 1609 1991 1649 eo

403 1691 547 1761 quod
574 1690 630 1746 in
675 1704 843 1763 regno
880 1685 999 1757 ejus
1032 1700 1140 1760 pax
1196 1687 1379 1743 fuerit.
1434 1685 1743 1741 Secundum
1793 1700 1991 1739 nomen

401 1792 483 1841 est
503 1785 684 1852 Idida,
710 1800 775 1842 eo
795 1786 939 1857 quod
958 1785 1127 1840 fuerit
1145 1784 1373 1839 dilectus
1394 1790 1449 1838 et
1472 1782 1718 1838 amabilis
1740 1780 1987 1836 Domino.

2082 583 2405 638 videbantur
2454 597 2643 655 regere
2682 582 2964 640 Judaicum
2996 586 3275 657 populum,
3305 588 3398 643 sed
3424 590 3662 658 paterni-

2084 686 2250 733 tatem
2279 692 2345 732 ac
2383 676 2701 746 dignitatem
2753 678 2989 734 nominis
3015 680 3096 733 sui
3123 679 3663 751 perdiderunt.‘Cum

2085 769 2462 826 traditionibus
2491 769 2601 825 suis
2622 769 2961 825 violaverunt
2985 771 3158 843 legem
3182 789 3194 825 :
3229 772 3308 828 sic
3326 773 3483 837 Abia,
3506 782 3663 843 capta

2082 861 2290 927 Bethel,
2354 860 2496 915 idola
2535 860 2722 916 lsraeii
2778 861 2834 915 in
2883 862 3195 917 scandalum
3247 863 3567 931 reservavit,
3606 873 3666 920 ut

2085 949 2298 1007 Hebrai
2332 958 2602 1018 asserunt,
2627 959 2685 1007 et
2730 950 2850 1007 ideo
2888 966 3176 1022 percussus
3205 967 3237 1009 a
3262 953 3493 1012 Domino
3516 969 3667 1012 mor-

2085 1052 2211 1100 tuus
2246 1052 2349 1101 est.

2155 1136 2286 1203 Asa,
2318 1136 2411 1206 qui
2443 1136 2833 1206 interpretatur
2864 1140 3073 1206 tollens,
3102 1139 3219 1194 sive
3248 1138 3546 1206 sustollens,
3576 1138 3667 1196 hic

2087 1228 2143 1282 in
2170 1227 2447 1299 principio
2474 1228 2627 1298 regni
2685 1229 2768 1283 sui
2795 1230 3121 1285 restauravit
3170 1230 3374 1286 cultum
3405 1230 3667 1296 divinum,

2088 1327 2138 1373 et
2176 1319 2297 1388 fecit
2322 1318 2462 1390 quod
2485 1318 2676 1373 bonum
2695 1327 2744 1373 et
2769 1319 3144 1389 beneplacitum
3167 1331 3276 1376 erat
3310 1324 3366 1376 in
3393 1331 3673 1391 conspectu

2088 1411 2325 1477 Domini,
2365 1413 2714 1482 subvertitque
2759 1412 2954 1467 altaria
3004 1413 3282 1479 idolorum,
3337 1426 3388 1469 et
3415 1415 3674 1485 confregit

2088 1502 2375 1557 simulacra
2408 1502 2526 1573 (III
2556 1502 2683 1574 Reg.
2728 1503 2840 1575 xv).
2882 1503 3033 1560 Unde
3052 1506 3287 1577 gratiam
3312 1505 3524 1560 Domini
3545 1520 3678 1575 pro-

2090 1592 2311 1658 meruit,
2362 1592 2438 1646 ita
2467 1602 2528 1647 ut
2556 1608 2803 1664 pugnans
2848 1606 3038 1649 contra
3074 1592 3361 1664 Ethiopes
3390 1594 3677 1654 victoriam

2094 1689 2329 1751 caperet,
2378 1690 2433 1735 et
2480 1697 2573 1737 eos
2631 1698 2803 1753 usque
2852 1684 2919 1737 ad
2945 1684 3367 1740 internecionem
3423 1683 3678 1749 caderet,

2095 1772 2223 1841 quia
2245 1771 2473 1828 Domino
2494 1788 2593 1842 pro
2624 1790 2690 1830 eo
2733 1782 3005 1846 pugnante
3033 1782 3088 1830 et
3115 1775 3413 1831 exercitum
3446 1775 3565 1845 ejus
3586 1774 3676 1829 ad-

401 1872 647 1933 Tcrlium
670 1850 899 1945 Coeleth,
925 1878 1073 1949 quod
1105 1877 1293 1932 Graec
1320 1875 1621 1946 appellatur
1645 1874 1987 1941 ecclesiastes,
2017 1850 2067 1913 Β
2090 1864 2315 1936 jUVanle
2359 1866 2582 1921 Οοῐὶῐΐίῐί
2612 1875 2739 1921 sum
2763 1882 2777 1931 ;
2810 1866 2903 1920 53d
2932 1875 3117 1935 Ροεῐθδ
3158 1869 3211 1921 in
3262 1866 3502 1920 deterius
3542 1865 3681 1919 "313'

400 1964 595 2026 Latine
625 1970 988 2037 concionator,
1042 1968 1189 2039 quOd
1240 1971 1307 2023 ad
1341 1967 1597 2038 p0pulum
1658 1966 1987 2036 loqueretur.

404 2052 531 2115 Hac
554 2075 684 2129 ergo
711 2058 914 2115 Christi
943 2059 1314 2130 praenuntiant
1363 2057 1612 2126 ﬁguram,
1645 2057 1735 2124 qui
1762 2056 1994 2110 aediﬁca-

404 2152 484 2205 vit
513 2152 732 2206 domum
770 2151 999 2205 Domino
1056 2150 1113 2205 in
1142 2149 1351 2205 caelesti
1399 2148 1759 2214 Hierusalem,
1793 2163 1901 2203 non
1930 2148 1996 2203 de

403 2240 567 2311 lignis
626 2247 681 2295 et
726 2239 1019 2310 lapidibus,
1051 2239 1146 2295 sed
1194 2240 1262 2294 de
1300 2239 1502 2293 sanctis
1554 2238 1885 2293 hominibus.
1914 2238 1997 2291 Ad

406 2331 559 2403 cujus
589 2331 910 2402 sapientiam
941 2330 1265 2386 audiendam
1297 2329 1485 2401 regina
1511 2329 1657 2383 venit
1682 2327 1993 2398 Ethiopia,

404 2423 512 2480 hec
563 2431 664 2489 est,
696 2422 937 2479 Ecclesia
981 2423 1048 2478 de
1092 2421 1359 2493 gentibbs.
1396 2418 1523 2475 Hac
1543 2434 1671 2491 ergo
1697 2420 1766 2473 ad
1806 2418 1996 2488 paciﬁ-

408 2520 533 2569 eum
565 2521 809 2568 nostrum
833 2521 887 2568 et
940 2512 1223 2567 amabilem
1278 2512 1527 2575 Domino,
1577 2511 1645 2565 de
1691 2525 1799 2580 quo
1837 2509 2000 2563 Pater

408 2604 486 2657 ait
515 2619 533 2656 :
563 2601 664 2657 Hic
686 2612 759 2657 est
785 2601 962 2657 Filius
1002 2616 1148 2656 meus
1185 2600 1427 2667 dilectus,
1480 2602 1535 2655 in
1570 2617 1672 2672 quo
1712 2599 1842 2655 mihi
1876 2601 1999 2653 bene

417 2692 710 2764 complacui
738 2684 954 2762 (Mat'th.
1002 2693 1109 2765 ιιι),
1141 2701 1201 2747 ιιι
1238 2692 1451 2748 audiret
1499 2692 1819 2762 sapientiam
1856 2691 1995 2762 ejus,

412 2786 561 2840 venit
590 2785 657 2841 de
686 2782 890 2841 ultimis
914 2793 1076 2842 terra
1101 2784 1324 2852 ﬁnibus,
1361 2794 1414 2842 et
1440 2785 1625 2841 audito
1648 2800 1732 2851 eo,
1758 2785 1999 2854 visisque

410 2875 730 2932 ministeriis
758 2875 891 2947 ejus,
925 2878 980 2933 in
1032 2877 1244 2934 laudem
1284 2878 1454 2948 ipsius
1490 2872 1741 2949 prorupit
1771 2876 1997 2931 dicens:

412 2965 565 3020 Beati
595 2966 693 3021 viri
729 2968 826 3034 tui,
875 2971 922 3022 et
953 2968 1090 3023 beati
1135 2969 1269 3024 servi
1305 2969 1403 3033 tui,
1451 2969 1540 3039 qui
1578 2976 1720 3022 stant
1744 2978 1924 3023 coram
1953 2974 2001 3021 te

412 3072 634 3127 semper,
662 3066 710 3111 et
759 3059 982 3112 audiunt
1030 3059 1342 3129 sapientiam
1386 3070 1553 3113 tuam.
1606 3057 1688 3114 Sit
1736 3058 1996 3113 Dominus

414 3148 560 3206 Deus
600 3158 723 3205 tuus
750 3151 1066 3219 benedictus,
1113 3153 1196 3207 cui
1239 3152 1509 3223 placuisti,
1538 3162 1586 3208 et
1623 3156 1796 3225 posuit
1837 3162 1887 3209 te
1906 3169 1996 3208 su-

410 3250 504 3313 per
542 3241 786 3297 thronum
832 3241 1045 3298 Israel:
1074 3259 1133 3298 eo
1175 3244 1314 3315 quod
1345 3244 1588 3299 dilexerit
1627 3244 1883 3299 Dominus
1920 3243 2000 3299 Ie-

415 3330 528 3386 rael
555 3332 613 3386 in
637 3332 1026 3404 sempiternum,
1067 3343 1115 3389 et
1148 3336 1416 3390 constituit
1440 3345 1489 3390 te
1530 3350 1729 3407 regem,
1765 3344 1822 3391 ut
1866 3336 2002 3406 face-

414 3424 783 3495 resjadicium
810 3436 858 3481 et
880 3426 1166 3496 justitiam,
1205 3436 1312 3483 etc.
1340 3426 1462 3498 (III
1497 3427 1625 3498 Reg.
1654 3428 1733 3499 x).

492 3510 735 3573 Roboam
764 3515 1155 3588 interpretatur
1204 3517 1428 3572 latitudo
1480 3518 1683 3589 populi,
1722 3527 1780 3575 et
1826 3520 2000 3591 ipsum

412 3614 513 3678 per
540 3607 898 3679 antiphrasin,
941 3624 1007 3664 eo
1035 3610 1176 3679 quod
1231 3609 1419 3665 decem
1466 3609 1714 3665 tribubus
1743 3611 1810 3666 ab
1834 3625 1899 3666 eo
1920 3625 2003 3666 se-

414 3700 643 3770 paratis,
694 3698 811 3754 dua
854 3707 1062 3755 tantum
1090 3701 1141 3756 ei
1172 3700 1375 3756 relicta
1421 3702 1549 3757 sint.
1581 3701 1682 3756 ilic
1730 3716 1861 3772 ergo
1900 3703 2004 3757 Ro-

412 3784 573 3847 boam
601 3782 742 3845 illius
769 3780 1073 3847 Salomonis
1103 3792 1157 3847 et
1187 3791 1476 3849 Jeroboam
1504 3808 1718 3861 servus,
1756 3795 1855 3849 sub
1882 3797 2001 3865 qui-

411 3879 516 3937 bus
546 3875 714 3938 lsrael
739 3881 795 3936 in
818 3882 952 3937 duas
978 3891 1161 3951 partes
1212 3882 1417 3939 divisus
1452 3890 1555 3951 est,
1588 3884 1873 3956 designant
1894 3887 2002 3943 dis-

413 3970 725 4027 sensiOnem
752 3966 898 4025 illam
932 3969 988 4025 in
1016 3970 1230 4027 Domini
1280 3971 1517 4029 adventu
1552 3972 1773 4042 factam,
1803 3975 1857 4030 in
1894 3992 2001 4047 qua

413 4076 541 4132 pars
564 4058 901 4117 credentium
933 4075 1001 4117 ex
1028 4061 1230 4118 Judais
1260 4064 1451 4134 regnat
1497 4074 1618 4120 cum
1645 4066 1886 4133 Christo,
1910 4069 2002 4138 qui

416 4145 587 4209 David
614 4159 811 4225 genere
832 4156 985 4209 crtus
1008 4170 1023 4220 ;
1050 4164 1180 4225 pars
1218 4162 1349 4209 vero
1373 4163 1558 4212 secuta
1601 4164 1684 4211 est
1725 4156 2000 4213 Antichri-

415 4250 578 4310 stum,
613 4240 767 4316 cuius
813 4244 981 4302 cultui
1038 4244 1283 4302 nefanda
1320 4249 1600 4305 servitutis
1652 4258 1840 4306 errore
1867 4266 1999 4306 con-

416 4338 594 4394 stricti
622 4346 764 4393 sunt.
797 4337 970 4393 Aliter
997 4346 1178 4394 autem
1220 4338 1463 4396 Roboam
1512 4341 1783 4413 signiﬁcat
1830 4340 2000 4399 malos

416 4430 660 4485 rectores
687 4429 744 4483 in
776 4422 1040 4496 Ecclesia,
1070 4427 1165 4501 qui
1219 4432 1453 4487 terrenis
1497 4428 1885 4503 cupiditatibus
1909 4435 1999 4490 de-

415 4520 521 4578 diti”
560 4517 836 4594 negligant
888 4534 1075 4578 curam
1124 4524 1330 4580 habere
1361 4525 1726 4595 subditorum,
1765 4529 1821 4583 et
1846 4527 1996 4584 dele-

421 4612 639 4668 ctantur
688 4612 743 4667 in
789 4606 1134 4669 multitudine
1186 4602 1287 4668 sibi
1327 4614 1738 4686 obsequentium
1771 4632 1871 4674 nec
1920 4627 1999 4673 ta-

417 4718 546 4759 men
584 4703 908 4775 condignam
944 4703 1147 4761 habent
1171 4700 1591 4762 sollicitudinem
1621 4707 1721 4763 sibi
1743 4708 1996 4765 commis-

420 4798 625 4849 eorum.

415 4935 417 4939 Α
485 4881 772 4940 Jeroboam
806 4884 1194 4957 interpretatur
1232 4887 1517 4957 iudicatio,
1551 4889 1665 4945 slve
1716 4906 1879 4945 causa
1906 4907 1997 4962 ρορ

414 4974 550 5046 puli,
580 4974 681 5040 vel,
714 4984 775 5031 ut
793 4978 1010 5048 quidam
1037 4980 1211 5046 aiunt,
1237 4980 1447 5048 divisio,
1480 4994 1544 5037 eo
1572 4982 1715 5052 quod
1742 4982 1798 5038 in
1829 4997 1997 5055 regno

415 5063 534 5135 ejus
558 5065 761 5122 divisus
808 5065 880 5123 sit
906 5065 1134 5139 populus
1165 5068 1354 5137 Israel,
1406 5079 1462 5127 et
1485 5073 1745 5141 praecisus
1772 5089 1804 5130 a
1832 5089 1996 5146 regno

418 5154 605 5226 Stirpis
660 5155 871 5224 David;
929 5157 1210 5215 divisiOnis
1254 5161 1400 5216 enim
1454 5160 1639 5234 populi
1688 5178 1853 5221 causa
1894 5165 1998 5223 iste

416 5246 647 5302 exstitit.
718 5247 1001 5320 Signiﬁcat
1062 5251 1367 5319 hareticos,
1437 5253 1530 5323 qui
1604 5254 1997 5314 dissensionem

418 5344 622 5403 amant,
650 5340 704 5393 et
752 5338 1013 5396 unitatem
1040 5334 1163 5396 ﬁdei
1192 5341 1471 5399 catholica
1511 5343 1805 5403 haresibus
1848 5349 1995 5404 scin-

417 5420 569 5495 dunt,
599 5428 769 5485 ac'sic
798 5429 963 5485 cultui
1009 5432 1366 5504 malignorum
1424 5435 1711 5505 spirituum
1761 5439 1862 5493 sibi
1890 5438 1992 5511 [se]

420 5517 778 5587 obsequentes
814 5518 1054 5574 tradunt.
1085 5520 1474 5593 interpretatur
1503 5533 1683 5580 autem
1711 5524 1997 5582 Jeroboam

420 5606 720 5680 dijudicans
753 5609 1023 5683 papulum.
1057 5610 1193 5666 Nam
1228 5612 1471 5671 haretici
1508 5616 1802 5685 dijudicare
1830 5634 1998 5689 popu—

419 5690 534 5756 lum
559 5698 830 5767 videntur,
858 5715 982 5756 cum
1003 5703 1203 5758 erroris
1233 5704 1315 5758 sui
1347 5719 1633 5774 sequacem
1663 5708 1887 5763 faciunt.

492 5786 648 5859 Abin,
692 5789 790 5865 Qui
819 5789 1205 5864 interpretatur
1229 5802 1378 5866 pater
1404 5795 1681 5866 Dominus,
1725 5798 1809 5858 vel
1848 5808 1997 5872 pater

2022 3200 2074 3267 (ι

2094 1958 2255 2023 bens,
2290 1972 2414 2013 cum
2461 1956 2717 2021 auxilium
2746 1956 3094 2027 Assyriorum
3118 1964 3305 2013 contra
3334 1956 3470 2012 Basa
3496 1971 3683 2027 regem

2095 2049 2264 2105 Israel
2320 2050 2643 2118 quasisset;
2681 2056 2735 2102 et
2764 2048 2941 2101 Anani
2982 2049 3306 2118 prophetam
3334 2048 3404 2102 ad
3427 2063 3484 2102 se
3513 2062 3546 2100 a
3577 2046 3683 2101 Do-

2096 2140 2245 2195 mino
2272 2124 2518 2204 missum,
2561 2147 2621 2192 ut
2646 2153 2769 2194 eum
2796 2138 2919 2192 inde
2945 2140 3267 2209 corriperet,
3296 2146 3351 2192 et
3385 2138 3440 2191 in
3467 2136 3685 2191 vincula

2098 2231 2360 2295 misisset,
2398 2230 2633 2301 graviter
2663 2229 2788 2285 inde
2823 2229 3111 2284 Dominum
3146 2228 3390 2283 offendit.
3421 2228 3573 2283 Unde
3596 2228 3685 2298 ju-

2098 2329 2181 2376 ste
2207 2321 2310 2375 sibi
2334 2321 2444 2375 Deo
2469 2321 2799 2375 retribuente
2827 2320 3017 2375 incidit
3042 2321 3097 2374 in
3134 2318 3448 2390 languorem
3478 2321 3684 2391 gravis-

2100 2399 2319 2479 simum,
2372 2422 2427 2469 et
2474 2414 2673 2483 pedum
2726 2413 2965 2469 dolorem
3008 2412 3587 2467 vehementissimum:
3628 2412 3689 2467 in

2099 2518 2207 2573 quo
2233 2511 2289 2559 et
2309 2504 2461 2558 obiit.
2490 2503 2601 2558 Nec
2620 2511 2675 2559 et
2702 2502 2805 2576 [in]
2831 2504 3150 2561 inﬁrmitate
3178 2519 3277 2560 sua
3308 2504 3557 2574 quasivit
3579 2502 3689 2559 Do-

2098 2595 2330 2659 minum,
2361 2594 2455 2649 sed
2501 2596 2674 2664 magis
2702 2594 2758 2648 in
2810 2595 3142 2650 medicorum
3192 2603 3367 2651 artem
3411 2593 3690 2651 conﬁdens

2100 2687 2319 2743 delusus
2362 2695 2466 2742 est.
2499 2686 2550 2741 Is
2577 2686 2761 2757 itaque
2808 2700 2901 2742 eos
2930 2690 3129 2759 ﬁgurat
3173 2687 3369 2759 typice,
3408 2687 3502 2758 qui
3542 2687 3691 2743 bono

2100 2782 2360 2836 inchoant
2390 2781 2565 2846 initio,
2605 2781 2700 2837 sed
2746 2782 2889 2838 malo
2922 2782 3116 2837 ﬁniunt
3145 2784 3410 2849 termino;
3438 2782 3529 2853 qui
3560 2790 3691 2852 post

2102 2873 2502 2928 abdicationem
2569 2872 2907 2939 idololatria,
2970 2883 3026 2928 et
3073 2882 3308 2943 spretam
3365 2873 3691 2930 servitutem

2100 2964 2508 3029 daemoniorum,
2554 2973 2806 3035 percepta
2852 2965 3024 3035 gratia
3057 2965 3404 3035 baptismatis
3449 2972 3506 3020 et
3539 2964 3691 3020 chri-

2101 3054 2295 3109 smatis
2325 3054 2468 3110 sacri
2490 3056 2763 3122 unctione,
2790 3056 2973 3111 statim
3002 3057 3056 3111 in
3103 3056 3401 3127 primordio
3426 3071 3536 3111 sua
3561 3056 3691 3111 vita

2100 3146 2318 3214 pietatis
2344 3146 2609 3216 arripiunt
2635 3162 2800 3217 Opera
2826 3164 2841 3213 ;
2874 3149 2970 3203 sed
2996 3147 3220 3203 fortiore
3239 3155 3422 3214 atate,
3448 3163 3512 3203 ac
3529 3146 3691 3217 juxta

2102 3237 2390 3308 prasentis
2413 3237 2536 3292 vita
2564 3241 2877 3306 terminum,
2907 3241 3120 3309 quando
3144 3241 3433 3299 virtutibus
3462 3256 3690 3311 operam

2103 3330 2234 3387 dare
2258 3330 2575 3398 debuerant,
2609 3332 2677 3386 ad
2704 3332 2834 3386 vitia
2866 3332 3268 3390 rebellabuntur
3299 3330 3689 3406 [relabuntur],

2102 3431 2159 3479 et
2188 3423 2243 3477 in
2269 3423 2453 3492 pravis
2474 3423 2814 3479 delectantur
2834 3424 3061 3478 actibus.

2174 3512 2459 3584 Josaphat,
2496 3516 2589 3585 qui
2637 3515 3026 3586 interpretatur
3074 3515 3218 3570 Deus
3248 3515 3533 3586 judicium.
3586 3515 3692 3573 Hie

2103 3621 2234 3677 ergo
2277 3619 2372 3660 rex
2407 3615 2590 3676 typum
2619 3605 2839 3677 prafert
2883 3607 3066 3679 populi
3097 3608 3430 3663 credentium
3460 3610 3526 3665 de
3560 3624 3694 3680 gen-

2104 3699 2273 3765 tibus,
2296 3698 2389 3768 qui
2418 3698 2486 3754 ad
2514 3698 2935 3770 Redemptorem
2958 3709 3223 3768 nostrum,
3255 3701 3447 3757 relicto
3484 3717 3689 3772 paren-

2104 3796 2221 3844 tum
2263 3805 2471 3857 errore,
2501 3793 2789 3859 convenit;
2833 3808 2989 3849 sacro
3015 3794 3339 3865 baptismate
3370 3794 3603 3861 ablutus,
3630 3802 3693 3851 et

2104 3883 2279 3937 sancti
2322 3882 2632 3940 chrismatis
2673 3885 2929 3939 unctione
2972 3885 3176 3951 linitus,
3207 3902 3236 3940 a
3262 3884 3480 3942 Christo
3528 3886 3690 3947 Chri-

2104 3974 2341 4029 stianam
2395 3989 2591 4030 nomen
2632 3982 2687 4030 et
2706 3976 2912 4045 regiam
2959 3976 3271 4047 dignitatem
3320 3978 3531 4048 accepit
3556 3996 3569 4032 :
3594 3979 3690 4033 cui

2102 4056 2297 4122 Petrus
2317 4066 2592 4135 apostolus
2624 4068 2680 4121 in
2707 4067 2947 4138 Epistola
2980 4081 3076 4123 sua
3106 4070 3218 4124 ait:
3255 4067 3357 4124 Vos
3376 4070 3499 4124 estis
3523 4083 3689 4140 genus

2103 4158 2344 4225 electum,
2404 4160 2577 4230 regale
2624 4162 3000 4229 sacerdotium,
3048 4174 3171 4234 gens
3210 4173 3416 4231 sancta,
3459 4164 3689 4235 papulas

2103 4249 2463 4320 acquisltionis
2504 4251 2553 4322 (1
2582 4249 2727 4306 Petr.
2763 4253 2845 4323 ιι).
2880 4253 3032 4321 Quod
3060 4256 3293 4311 nominis
3319 4258 3487 4326 ipsius
3512 4257 3686 4312 inter-

2102 4340 2334 4408 pretatio
2362 4340 2498 4396 bene
2527 4342 2830 4397 conﬁrmat.
2883 4344 3276 4415 Interpretatur
3305 4356 3487 4403 autem
3525 4349 3673 4419 juxta

2101 4431 2367 4509 quosdam
2415 4431 2673 4503 Josaphat
2706 4433 2921 4488 Domini
2940 4436 3057 4501 dos,
3083 4436 3197 4491 sive
3223 4438 3314 4509 qui
3344 4447 3421 4493 est
3444 4438 3662 4499 dolatus.

2104 4505 2345 4577 Ecclesia
2367 4524 2604 4593 gentium
2643 4539 2771 4595 ergo
2800 4526 2973 4594 pretio
3002 4505 3278 4597 sanguinis
3307 4527 3511 4585 Christi
3538 4543 3665 4586 com

2104 4622 2317 4686 parata,
2348 4617 2403 4669 et
2423 4613 2656 4685 Spiritus
2683 4618 2855 4672 sanati
2877 4618 3101 4688 pignore
3121 4620 3323 4687 detata,
3351 4622 3681 4680 consortium

2103 4708 2290 4778 sponsi
2317 4708 2555 4765 caelestis
2600 4719 2655 4766 et
2682 4712 2998 4767 societatem
3054 4715 3205 4783 regni
3232 4716 3552 4784 promeruit.
3580 4714 3685 4771 Cui

2105 4796 2260 4853 facta
2287 4808 2412 4853 sunt
2459 4799 2683 4856 inﬁnita
2719 4799 2942 4867 divitia,
2974 4802 3085 4858 sive
3118 4803 3174 4858 in
3209 4812 3479 4860 conventu
3503 4790 3683 4860 diver-

2104 4902 2287 4943 sarum
2317 4891 2595 4948 nationum
2617 4892 2684 4948 ad
2709 4891 2892 4959 ﬁdem,
2923 4908 3020 4949 seu
3042 4894 3096 4949 in
3115 4894 3471 4966 acquisltione
3498 4896 3680 4951 varia-

2104 4994 2226 5034 rum
2259 4980 2542 5050 virtutum,
2583 4990 2640 5038 et
2704 4982 2871 5039 multa
2916 4982 3087 5057 gloria
3150 4985 3407 5057 spiritalis
3458 4986 3681 5057 sapien-

2100 5068 2208 5125 tia.

2171 5161 2359 5219 Achab
2386 5172 2567 5219 autem
2611 5165 2828 5236 impius,
2864 5166 2957 5237 qui
3014 5167 3072 5221 in
3102 5164 3347 5224 Samaria
3388 5170 3675 5243 regnabat,

2100 5254 2491 5311 haeresiarchas
2527 5256 2799 5327 exprimit,
2832 5252 2923 5326 qui
2950 5257 3284 5328 perditorum
3334 5262 3548 5316 turbam
3577 5276 3679 5332 per

2100 5359 2341 5401 errorem
2366 5344 2519 5402 devia
2548 5346 2771 5414 ducunt,
2797 5354 2852 5403 et
2881 5348 2935 5403 in
2963 5358 3281 5421 perpetuum
3309 5352 3502 5409 mortis
3529 5368 3672 5424 pra-

2101 5436 2344 5507 cipitium
2374 5446 2640 5509 mergunt.
2695 5438 2847 5505 Quod
2897 5447 3079 5495 autem
3113 5424 3388 5511 .Josapbat
3413 5441 3675 5499 afﬁnitate

2101 5526 2418 5595 conjunctus
2454 5536 2538 5583 est
2560 5528 2767 5595 Achab,
2799 5530 3183 5600 descenditque
3229 5530 3296 5585 ad
3322 5547 3445 5587 eum
3471 5533 3528 5587 in
3567 5531 3669 5589 Sa-

2099 5616 2349 5681 mariam,
2380 5626 2565 5671 contra
2612 5618 2799 5674 hostes
2846 5621 3090 5688 prabens
3136 5619 3187 5673 ei
3221 5620 3497 5687 auxilium,
3553 5622 3671 5678 illos

2099 5708 2398 5780 ﬁguraliter
2422 5709 2757 5764 demonstrat
2781 5710 2871 5779 qui
2894 5710 2959 5765 de
2984 5710 3263 5768 catholicis
3300 5712 3370 5767 ad
3393 5712 3672 5771 haeretico-

2098 5816 2220 5861 rum
2274 5800 2567 5857 amicitiam
2598 5814 2655 5859 se
2684 5801 2977 5865 inclinant;
3009 5803 3102 5876 qui
3140 5802 3267 5863 licet
3292 5818 3322 5862 a
3351 5812 3516 5870 recta
3544 5805 3671 5868 fidei
