3896 6326
237 355 298 411 ﬁl
1257 364 1344 418 DE
1383 363 1726 419 UNIVEBSO
1760 365 1935 421 LIBRI
1973 365 2135 421 XXII.
2192 396 2248 406 —
2283 366 2411 421 LIB.
2454 367 2535 423 III.
3417 374 3484 428 62

242 476 459 533 tramite
486 494 601 533 non
634 480 911 547 recedant,
941 489 1119 537 tamen
1160 483 1458 537 errantium
1505 485 1815 541 societatem
1844 491 1922 563 Α,
1989 487 2258 550 Amasias,
2287 488 2379 556 qui
2412 489 2792 557 interpretatur
2810 487 3053 556 populum
3076 486 3280 551 tollens,
3311 490 3477 558 signi-

245 574 407 635 atque
462 570 901 624 communionem
947 570 1183 641 perfecte
1230 588 1333 627 non
1375 573 1633 628 devitant.
1668 574 1819 640 Quod

248 655 392 711 nullo
439 658 608 714 modo
659 658 778 713 sine
820 660 971 729 culpa
1005 675 1123 715 esse
1172 663 1387 729 poterit,
1436 664 1669 717 maxime
1699 679 1817 717 cum

245 744 448 803 Paulus
472 749 550 804 ait
586 749 859 819 apostolus
886 750 1195 805 haereticum
1217 750 1488 807 hominem
1515 762 1639 821 post
1660 767 1819 807 unam

247 843 305 892 et
328 838 620 894 secundam
649 840 1042 911 eorreptionem
1068 841 1410 899 devitandum
1440 842 1566 915 (Tit.
1592 847 1695 915 ιιι).

320 926 527 994 Joratn,
553 929 647 999 qui
685 930 1070 1000 interpretatur
1090 934 1204 1003 quis
1255 942 1330 988 est
1380 934 1636 1000 excelsus,
1670 942 1724 990 et
1754 935 1820 989 de

250 1018 507 1087 religioso
533 1018 687 1091 patre
714 1020 969 1090 Josaphat
1010 1025 1220 1093 genitus
1249 1026 1315 1079 ad
1342 1026 1622 1094 perﬁdiam
1651 1027 1816 1081 decli-

248 1108 423 1174 navit,
439 1116 490 1165 et
511 1107 769 1165 fornicari
788 1109 919 1171 fecit
934 1111 1070 1168 ﬁlios
1082 1110 1110 1166 Ι
1116 1114 1238 1177 uda,
1257 1114 1496 1170 imitatus
1512 1115 1820 1171 fornicatio-

246 1212 375 1253 nem
390 1200 578 1256 domus
591 1200 799 1267 Achab,
815 1216 907 1257 eos
918 1210 1098 1271 potest
1118 1203 1423 1274 signiﬁcare
1444 1207 1534 1275 qui
1557 1207 1819 1263 catholica

249 1291 359 1347 ﬁde
381 1293 594 1359 imbuti,
624 1308 687 1349 ac
700 1292 1007 1351 Christiano
1031 1296 1351 1367 baptismate
1368 1303 1689 1370 regenerati,
1719 1302 1821 1356 Ec-

247 1384 431 1439 clesiae
466 1385 885 1441 instituebantur
912 1390 1303 1452 sacramentis;
1338 1391 1428 1444 sed
1460 1391 1821 1460 relinquentes

246 1474 377 1555 fidei
404 1478 710 1542 veritatem,
742 1493 954 1533 errores
1000 1488 1299 1548 sequuntur
1340 1480 1736 1547 hatreticorum,
1765 1491 1820 1537 et

244 1581 358 1621 non
384 1566 557 1623 solum
588 1569 689 1639 ipsi
722 1585 754 1624 a
787 1570 1000 1625 tramite
1031 1570 1147 1625 sani
1179 1571 1441 1641 dogmatis
1492 1572 1815 1638 exorbitant,

246 1658 356 1732 imo
386 1656 519 1714 alios
548 1674 729 1714 secum
778 1676 875 1730 per
904 1676 1151 1715 errorum
1177 1663 1329 1716 devia
1362 1663 1558 1717 ducere
1586 1672 1815 1717 certant.

248 1746 400 1832 Unde
424 1747 543 1805 illos
566 1749 729 1815 Elias,
781 1749 885 1804 hoc
913 1758 1016 1818 est,
1042 1766 1221 1807 sermo
1240 1782 1243 1785 -
1262 1752 1607 1821 propheticus
1635 1753 1818 1807 redar-

1924 575 2051 631 ﬁcat
2085 577 2257 631 malos
2288 585 2545 644 rectores,
2581 579 2671 648 qui
2699 577 2951 648 populum
2993 578 3087 632 Dei
3115 579 3275 634 noxio
3298 594 3482 637 errore

1921 666 2037 721 sive
2066 668 2248 735 pravis
2280 669 2538 740 exemplis
2579 670 2690 725 suis
2742 668 2933 723 tollunt
2961 685 2992 723 a
3022 685 3149 724 vera
3200 671 3477 741 religione,

1920 764 1975 811 et
2003 758 2263 813 inducunt
2288 759 2343 813 in
2386 775 2624 816 errorem
2649 770 2810 832 atque
2856 772 3077 831 pravam
3109 767 3476 821 conversatio-

1920 864 2082 914 nem;
2111 851 2204 921 qui
2232 850 2500 919 videlicet,
2529 854 2666 909 sicut
2697 852 2965 920 Amasias,
3014 854 3267 909 simulant
3296 858 3347 911 in
3376 858 3477 911 ali-

1920 939 2115 1007 quibus
2142 941 2314 995 bonos
2336 957 2394 997 se
2416 958 2552 1009 esse,
2582 945 2675 998 sed
2703 954 2880 997 tamen
2902 960 3007 998 non
3039 954 3182 1009 sunt,
3215 945 3337 1014 quia
3361 962 3482 1015 per-

1921 1028 2118 1084 fectum
2161 1047 2257 1086 cor
2307 1047 2412 1087 non
2451 1033 2652 1088 habent
2698 1034 2751 1087 in
2778 1034 2922 1087 cultu
2953 1035 3069 1099 Dei,
3107 1036 3199 1089 sed
3232 1044 3483 1091 nutantes

1921 1127 2079 1188 atque
2105 1123 2418 1179 vacillantes
2464 1139 2677 1192 semper
2705 1124 2981 1179 instabiles
3026 1124 3181 1191 ﬁunt,
3233 1136 3287 1182 et
3313 1130 3487 1198 magis

1921 1210 2133 1265 diabolo
2162 1228 2322 1282 quam
2359 1213 2470 1269 Deo
2499 1215 2700 1269 servire
2726 1216 3039 1283 probantur.

1980 1300 2169 1366 .Ozias,
2197 1303 2288 1373 qui
2318 1304 2702 1374 interpretatur
2731 1304 2980 1372 fortitudo
3029 1305 3259 1372 Domini,
3290 1308 3480 1377 diony—

1921 1406 2041 1445 mus
2066 1400 2220 1457 erat;
2247 1394 2371 1461 quia
2399 1394 2490 1463 qui
2528 1394 2582 1447 in
2627 1394 3069 1463 Paralipomenon
3124 1395 3302 1459 Ozias,
3340 1398 3478 1451 idem

1921 1482 1974 1535 in
2004 1480 2140 1535 libro
2160 1481 2365 1550 Regum
2395 1483 2617 1538 Azarias
2656 1484 2987 1537 nominatur.
3019 1484 3179 1538 Ozias
3216 1485 3480 1552 interpre-

1922 1566 2067 1622 tatur
2121 1571 2281 1625 virtus
2308 1571 2537 1636 Domini,
2564 1580 2619 1626 et
2666 1572 2889 1627 Azarias
2939 1573 3196 1627 aumilium
3251 1573 3482 1628 Domini.

1919 1659 1987 1713 Et
2011 1669 2156 1714 recte
2182 1661 2351 1716 virtus
2380 1662 2589 1717 Domini
2616 1663 2699 1717 vel
2718 1665 2972 1719 auxilium
3002 1666 3211 1721 Domini
3242 1674 3483 1731 vocatur,

1919 1749 2043 1818 quia
2072 1752 2313 1819 quandiu
2365 1762 2513 1807 recta
2550 1754 2678 1823 egit,
2729 1754 2905 1809 divina
2956 1770 3055 1825 ope
3101 1756 3335 1825 adjutus,
3366 1757 3484 1825 plu-

244 1840 381 1909 guit,
410 1841 535 1909 quia
583 1841 758 1896 omnis
785 1842 1084 1897 divinorum
1121 1842 1384 1897 librorum
1428 1844 1632 1899 sanctio
1684 1843 1818 1898 tales
1845 1842 1893 1903 B
1921 1842 2057 1896 rima
2087 1844 2358 1899 commisit
2386 1844 2615 1901 feliciter
2641 1846 2800 1913 bella,
2848 1854 2903 1901 et
2923 1847 3122 1916 ubique
3151 1848 3216 1902 de
3239 1846 3481 1903 hostibus

245 1930 619 2001 reprehendit,
650 1946 714 1986 ac
742 1932 936 1987 merito
967 1947 1076 1987 suae
1096 1933 1466 2003 perversitatis
1488 1933 1815 2003 gravissimis

247 2021 625 2076 testationibus
652 2022 917 2090 increpat.

314 2112 600 2179 Achazias,
651 2113 743 2183 qui
795 2113 1181 2182 interpretatur
1220 2113 1606 2185 apprehendens
1636 2112 1817 2167 Domi-

244 2220 389 2269 num,
418 2203 688 2274 signiﬁcat
713 2204 918 2259 scribas
966 2213 1021 2259 et
1050 2204 1350 2260 Pharisacos
1391 2204 1640 2261 doctores
1685 2206 1817 2275 legis

244 2295 463 2360 veteris,
501 2296 593 2366 qui
626 2304 866 2351 tenentes
896 2296 1250 2368 Scripturam,
1280 2298 1448 2369 legem
1473 2298 1684 2353 Domini
1710 2314 1816 2353 non

247 2396 428 2442 tamen
459 2398 830 2443 servaverunt.
859 2390 1065 2445 Idcirco
1092 2389 1227 2444 Jehu
1256 2405 1415 2458 quem
1447 2390 1703 2445 Dominus
1722 2406 1817 2459 per

246 2477 499 2532 Elisaeum
528 2479 847 2548 prophetam
875 2480 939 2533 ad
967 2481 1366 2549 exstirpandam
1395 2480 1611 2535 domum
1635 2480 1819 2535 Achab

244 2576 299 2623 et
322 2570 630 2625 sacerdotes
650 2570 777 2624 Baal
804 2570 1202 2626 interﬁciendos
1233 2573 1397 2636 misit,
1433 2575 1699 2641 percussit
1724 2573 1817 2629 Jo-

246 2677 366 2716 ram
395 2677 575 2732 regem
622 2661 808 2727 Israel,
856 2671 911 2717 et
934 2661 1224 2718 Achaziam
1260 2678 1437 2733 regem
1468 2663 1622 2730 Juda,
1652 2674 1703 2720 et
1731 2663 1819 2720 Je-

244 2752 399 2807 zabel
455 2752 829 2822 impiissimum
889 2753 1128 2822 reginam
1176 2755 1241 2808 de
1285 2754 1484 2826 palatio
1526 2755 1577 2807 in
1609 2752 1818 2809 Jezracl

243 2841 587 2912 praecipitare
609 2840 756 2897 fecit.
783 2840 918 2896 Jehu
955 2843 1097 2897 enim
1122 2843 1298 2913 typice
1324 2843 1603 2913 designare
1640 2851 1818 2913 potest

244 2933 487 3005 gentium
513 2932 896 3003 principatum,
927 2948 1087 3003 quem
1118 2932 1376 2987 Dominus
1406 2948 1470 2987 ac
1497 2932 1818 3001 Redemptor

245 3032 435 3079 noster
459 3023 765 3089 destinavit,
794 3031 854 3079 ut
884 3025 937 3077 in
979 3024 1235 3096 sacrilega
1264 3025 1504 3090 civitate,
1550 3040 1667 3093 qua;
1694 3040 1819 3094 pro-

243 3115 437 3184 phetas
465 3124 520 3170 et
548 3116 725 3185 ipsum
775 3115 1059 3170 Dominum
1108 3118 1489 3186 prophetarum
1514 3117 1731 3183 occidit,
1765 3124 1818 3171 et

247 3204 520 3274 apostolos
543 3204 661 3273 ejus
694 3215 979 3274 persecuta
1031 3213 1134 3271 est,
1180 3206 1382 3274 judicia
1430 3215 1730 3273 exerceret,
1762 3216 1817 3262 et

250 3308 373 3349 eam
396 3293 603 3349 ultione
632 3292 779 3361 justa
802 3294 1111 3363 perimeret,
1143 3304 1302 3365 atque
1331 3298 1689 3352 sacerdotium
1718 3311 1815 3350 va-

246 3401 400 3447 num,
430 3385 571 3454 quod
594 3392 713 3454 post
737 3383 938 3440 Christi
970 3386 1253 3441 adventum
1277 3389 1509 3443 inaniter
1535 3387 1812 3454 habuerat,

247 3476 576 3542 destrueret,
606 3476 968 3546 templumque
996 3479 1351 3544 subverteret,
1380 3495 1481 3534 nec
1511 3494 1615 3535 non
1643 3487 1696 3534 et
1717 3480 1816 3534 im-

244 3568 392 3637 piam
421 3582 744 3638 synagogam
766 3582 887 3636 quae.
914 3568 1229 3639 sanguinem
1265 3577 1572 3624 sanctorum
1602 3580 1816 3640 semper

248 3660 489 3723 sitiebat,
512 3660 578 3713 de
611 3659 760 3728 regni
812 3658 1047 3714 culmine
1077 3659 1452 3728 praecipitaret,
1486 3674 1550 3713 ac
1582 3667 1817 3714 rectores

249 3750 424 3821 ipsius
452 3750 799 3806 interﬁceret.

316 3842 532 3897 Athalia
573 3842 735 3913 igitur
762 3842 894 3909 haec,
925 3853 1046 3912 quae
1067 3856 1249 3897 semen
1283 3842 1450 3896 David
1476 3842 1819 3910 exstinguere

249 3934 577 3991 moliebatur
604 3944 657 3989 et
688 3934 887 4005 regiam
913 3934 1133 4003 stirpem
1171 3933 1369 3997 delere,
1396 3933 1532 3987 bene
1575 3933 1818 4000 impieta-

250 4034 363 4081 tem
391 4024 648 4095 exprimit
677 4024 989 4095 Synagogaz,
1022 4036 1139 4093 quae
1174 4038 1271 4093 per
1301 4023 1593 4091 nequitiam
1625 4022 1818 4074 mentis

249 4114 472 4172 seminis
510 4113 696 4179 David,
748 4113 849 4167 hoc
877 4121 961 4167 est
994 4111 1213 4175 Christi,
1261 4110 1562 4164 insidiatrix
1597 4116 1732 4172 erat,
1764 4116 1818 4162 et

249 4207 435 4261 odium
461 4213 649 4261 contra
692 4219 813 4259 eum
864 4216 1077 4273 semper
1106 4204 1159 4257 in
1190 4203 1347 4257 corde
1397 4201 1639 4271 gerebat,
1694 4199 1819 4269 quia

250 4296 539 4367 aliquando
563 4309 789 4367 regnare
815 4296 1118 4358 videbatur,
1156 4311 1276 4349 cum
1311 4293 1445 4363 legis
1474 4291 1820 4348 caeremonias

250 4387 622 4459 temporaliter
656 4385 997 4442 observabat.
1032 4384 1419 4452 Interpretatur
1445 4381 1656 4436 Athalia
1691 4390 1818 4433 tem-

251 4477 449 4550 poralis
486 4475 716 4529 Domini.
770 4473 875 4528 Sed
906 4472 1158 4527 Josabeth
1204 4471 1540 4532 strenuitate,
1588 4484 1706 4538 quae
1734 4469 1818 4521 in-

253 4571 583 4635 terpretatur
606 4563 853 4617 saturitas
878 4560 1109 4624 Domini,
1140 4560 1190 4613 id
1228 4568 1309 4613 est
1335 4559 1604 4622 Ecclesiae,
1638 4558 1688 4611 in
1713 4571 1817 4626 qua

252 4672 399 4711 vera:
416 4664 544 4710 sunt
563 4650 785 4717 delicias,
813 4660 1059 4708 servatur
1088 4648 1232 4714 Joas,
1288 4650 1378 4717 qui
1432 4649 1821 4717 interpretatur

254 4746 509 4801 memoria
535 4740 769 4809 Domini,
814 4742 1061 4797 Christus
1088 4740 1354 4805 videlicet,
1393 4740 1446 4793 in
1479 4754 1585 4809 quo
1611 4753 1819 4792 memo-

258 4839 338 4893 ria
370 4847 457 4893 est
504 4836 736 4893 nominis
777 4834 1007 4897 Domini,
1055 4847 1122 4887 ne
1168 4847 1265 4903 per
1306 4830 1681 4886 credulitatem
1721 4845 1820 4883 sae.

256 4929 457 4985 vientis
510 4926 681 4984 hostis
736 4924 1078 4980 interimatur
1107 4923 1163 4976 in
1215 4922 1465 4977 cordibus
1504 4920 1819 4985 electorum,

258 5021 541 5091 magisque
584 5018 853 5072 nutriatur
877 5016 929 5070 in
956 5015 1116 5069 domo
1162 5012 1362 5067 Joiadae
1402 5010 1689 5085 pontiﬁcis,
1733 5010 1821 5079 qui

257 5112 480 5167 dilectus
501 5110 714 5166 Domini
748 5110 1149 5179 interpretatur.
1210 5107 1284 5159 De
1335 5117 1442 5173 quo
1493 5102 1670 5157 Patris
1721 5117 1824 5155 vox

259 5205 339 5261 ait
365 5222 380 5259 :
414 5201 515 5257 Hie
542 5212 617 5258 est
646 5202 815 5257 Filius
863 5216 1008 5256 meus
1059 5199 1295 5262 dilectus,
1325 5199 1379 5251 in
1414 5212 1516 5266 quo
1546 5195 1673 5249 mihi
1703 5194 1827 5248 bene

260 5294 554 5365 corripienti
584 5291 795 5364 (lauit.
821 5293 928 5363 ιιι).
957 5290 1120 5362 Cujus
1146 5290 1334 5344 domus
1358 5295 1547 5342 sancta
1580 5284 1824 5340 Ecclesia

260 5394 367 5453 est,
397 5384 487 5439 ubi
510 5385 565 5439 in
591 5382 695 5438 ﬁde
717 5382 1013 5437 electorum
1040 5393 1263 5435 manens
1297 5376 1534 5447 quotidie
1585 5376 1714 5430 facit
1732 5390 1827 5428 au-

259 5488 539 5553 gmentum
590 5475 830 5548 corporis
857 5474 965 5539 sui,
1014 5475 1185 5528 donec
1210 5481 1449 5540 tempore
1496 5467 1683 5537 judicii
1710 5482 1828 5522 sce-

264 5580 443 5643 ptrum
468 5571 621 5643 regni
650 5579 705 5628 et
740 5568 1039 5642 potentiam
1072 5568 1331 5621 adversus
1355 5579 1448 5618 eos
1476 5559 1697 5617 extollat
1733 5558 1825 5628 qui

263 5664 562 5735 deprimere
604 5662 936 5734 cogitabant,
984 5665 1038 5713 et
1069 5656 1823 5712 interlectricem‘sanctorum

260 5755 477 5813 uternis
503 5752 840 5827 deputaverit
856 5748 1055 5824 plenis.

1917 1939 2287 2009 triumphavit.
2338 1939 2443 1996 Sed
2481 1949 2763 2012 postquam
2812 1955 2908 2013 per
2961 1944 3267 2013 superbiam
3299 1943 3481 1998 illicita
3539 1948 3545 1957 ‘

1918 2031 2181 2095 tentabat,
2204 2031 2350 2100 lepra
2372 2046 2681 2100 percussus,
2706 2041 2762 2086 et
2791 2034 3021 2087 nominis
3057 2040 3111 2087 et
3139 2033 3361 2090 honoris
3402 2032 3479 2086 si-

1918 2121 2287 2177 muli'uscavit
2314 2123 2643 2194 dignitatem.
2680 2122 2781 2177 llic
2836 2138 2948 2188 rex,
2982 2116 3073 2192 qui
3116 2123 3187 2178 ob
3232 2122 3483 2177 meritum

1919 2215 2178 2271 scelerdm
2211 2228 2426 2269 suorum
2458 2214 2511 2269 in
2535 2213 2709 2269 fronte
2745 2215 2992 2284 contagio
3013 2215 3173 2285 lepra:
3212 2212 3483 2284 perfundi-

1919 2314 2028 2370 tur,
2060 2318 2284 2372 regnum
2339 2302 2539 2359 indicat
2568 2302 2891 2368 Judaeorum,
2935 2304 3023 2372 qui
3048 2304 3277 2361 dedecus
3301 2310 3354 2357 et
3374 2317 3487 2356 ma-

1920 2394 2068 2450 culas
2092 2394 2331 2463 perﬁdiae
2360 2394 2413 2447 in
2444 2394 2618 2449 fronte
2666 2403 2876 2465 gerunt,
2906 2394 2997 2449 ubi
3049 2394 3261 2463 signum
3308 2393 3485 2449 crucis

1920 2492 2134 2554 portare
2164 2485 2467 2540 noluerunt.

1991 2576 2243 2641 Joathan,
2271 2577 2362 2646 qui
2388 2576 2770 2645 interpretatur
2790 2582 3176 2629 consummatus
3211 2571 3292 2629 vel
3314 2573 3482 2644 perfe-

1920 2675 2056 2733 ctus,
2114 2675 2329 2732 secutus
2375 2675 2459 2722 est
2488 2666 2769 2736 pulchram
2819 2666 3193 2737 etymologiam
3225 2663 3478 2718 nominis.

1920 2756 2073 2812 Fecit
2099 2756 2241 2812 enim
2269 2762 2477 2811 rectum
2509 2756 2564 2811 in
2585 2765 2873 2826 conspectu
2913 2755 3147 2819 Domini,
3190 2762 3245 2809 et
3271 2760 3483 2822 portam

1922 2847 2104 2917 templi
2134 2848 2419 2903 aediﬁcavit
2438 2846 2727 2904 excelsam.
2757 2845 2916 2902 Juxta
2941 2846 3225 2917 mysticum
3247 2858 3481 2907 sensum,

1919 2952 2078 3006 quem
2106 2939 2297 2994 melius
2342 2955 2439 2994 rex
2480 2940 2581 2995 iste
2633 2939 2880 3001 Joathan,
2914 2937 3065 3006 cujus
3094 2936 3202 2991 vita
3243 2943 3297 2990 et
3322 2947 3485 3005 opera

1920 3028 2229 3094 laudantur,
2285 3045 2444 3099 quam
2494 3030 2901 3099 Redemptorem
2960 3024 3245 3082 nostrum?
3287 3026 3352 3079 de
3377 3038 3482 3094 quo

1921 3119 2208 3175 Psalmista
2242 3120 2319 3174 ait
2349 3138 2362 3173 :
2406 3119 2667 3184 Quoniam
2696 3135 2915 3189 magnus
2942 3118 3194 3171 Dominus
3222 3123 3271 3169 et
3295 3114 3480 3168 lauda-

1844 3184 1889 3248 Ο
1921 3209 2038 3263 bilis
2094 3210 2248 3263 nimis
2294 3218 2340 3263 et
2367 3209 2613 3263 terribilis
2638 3217 2711 3263 est
2753 3184 2905 3278 super
2944 3222 3117 3260 omnes
3164 3205 3284 3259 deos
3309 3202 3479 3275 (Psal.

1921 3296 2064 3367 xcv).
2097 3296 2260 3367 Cujus
2315 3298 2735 3367 persecutionem
2789 3306 2980 3350 nomen
3027 3296 3200 3364 ipsum
3249 3292 3476 3349 Joatban

1920 3387 2192 3458 exprimit.
2221 3387 2612 3456 Interpretatur
2631 3386 2774 3440 enim
2795 3392 3201 3447 consummatus,
3227 3382 3339 3437 sive
3365 3397 3481 3451 per-

1919 3479 2102 3547 fectus.
2138 3477 2205 3531 Et
2232 3480 2298 3534 de
2323 3478 2548 3532 Domino
2582 3476 2860 3530 Salvatore
2910 3473 3107 3530 Paulus
3136 3473 3202 3529 ad
3230 3470 3481 3527 Hebraeos

1917 3569 2159 3624 scribens
2187 3572 2264 3624 ait
2293 3589 2305 3623 :
2340 3569 2409 3624 Et
2438 3570 2642 3639 quidem
2678 3583 2792 3621 cum
2821 3573 2950 3620 esset
2997 3563 3046 3616 F
3049 3564 3169 3617 ilius
3198 3563 3314 3629 Dei,
3346 3563 3481 3616 didi-

1920 3659 1988 3711 cit
2023 3675 2087 3711 ea:
2113 3659 2214 3722 his,
2257 3675 2370 3729 quia
2398 3673 2580 3726 passus
2619 3664 2713 3719 est,
2762 3652 3125 3716 obedientiam,
3167 3659 3215 3704 et
3245 3665 3482 3703 consum-

1919 3756 2089 3800 matus
2117 3747 2286 3815 factus
2322 3755 2396 3800 est
2428 3746 2662 3799 omnibus
2690 3742 3155 3813 obtemperantibus
3196 3740 3295 3796 sibi
3322 3755 3481 3793 causa

1919 3836 2102 3891 salutis
2126 3845 2333 3890 (sternte
2364 3834 2520 3905 (Heb.
2561 3833 2636 3905 v).
2678 3834 2796 3903 Ipse
2836 3831 3118 3887 aediﬁcavit
3142 3833 3353 3901 partam
3382 3831 3480 3885 do-

1918 3941 2036 3981 mus
2067 3925 2277 3978 Domini
2300 3924 2586 3987 excelsam,
2616 3923 2740 3990 quia
2782 3930 2879 3989 per
2908 3921 3081 3989 ipsum
3105 3919 3353 3974 introitus
3381 3933 3480 3987 pa-

1918 4022 1996 4070 tet
2049 4013 2292 4069 ﬁdelibus
2355 4012 2503 4081 regni
2574 4010 2857 4066 coelestis:
2918 4009 3031 4079 Ego
3091 4024 3222 4071 sum,
3286 4006 3482 4076 inquit,

1920 4105 2108 4159 ostium
2133 4120 2151 4158 :
2180 4119 2271 4174 per
2292 4118 2373 4156 me
2397 4102 2442 4156 si
2466 4098 2579 4171 quis
2618 4099 2953 4170 ingredietur,
2980 4096 3267 4153 salvabitur
3296 4094 3476 4167 (Joan.

1920 4197 1997 4267 x).
2026 4198 2092 4251 Et
2118 4203 2262 4251 recte
2297 4197 2411 4250 haec
2436 4193 2645 4262 excelsa
2672 4198 2826 4262 porta
2855 4198 3099 4254 vocatur,
3138 4188 3262 4257 quia
3291 4187 3356 4241 de
3380 4186 3481 4240 hac

1920 4287 2106 4344 eadem
2132 4286 2416 4340 Psalmista
2446 4284 2521 4338 ait
2549 4301 2561 4338 :
2590 4280 2849 4337 Excelsus
2896 4293 3050 4349 super
3092 4291 3267 4331 omnes
3310 4282 3483 4344 gentes

1921 4386 1993 4431 est
2031 4375 2304 4439 Dominus,
2355 4389 2507 4442 super
2545 4371 2697 4425 caelos
2748 4369 2916 4441 gloria
2944 4368 3056 4438 ejus
3110 4364 3283 4438 (Psal.
3326 4362 3481 4434 exn).

1923 4469 2186 4523 Dicuntur
2212 4476 2267 4522 et
2305 4466 2475 4521 sancti
2516 4466 2759 4519 doctores
2786 4468 2976 4531 portas,
3017 4460 3141 4526 quia
3170 4472 3266 4526 per
3296 4462 3480 4509 eorum

1921 4561 2362 4631 prmdicationem
2417 4557 2539 4611 vita:
2593 4553 2846 4609 discimus
2906 4548 3222 4611 introitum;
3265 4546 3405 4600 sicut
3430 4555 3482 4596 et

1922 4660 2091 4725 portae
2117 4650 2273 4706 inferi
2298 4650 2549 4704 dicuntur
2574 4643 2831 4707 haeretici,
2870 4640 2957 4710 qui
2979 4646 3164 4693 contra
3189 4634 3481 4725 Ecclesium

1921 4723 2084 4813 super
2111 4748 2318 4812 petram
2346 4737 2682 4800 aediﬁcatam,
2708 4734 2873 4802 ipsius
2906 4729 3115 4785 Domini
3143 4723 3484 4781 attestatione

1920 4833 2215 4906 praevalere
2241 4836 2343 4885 non
2367 4835 2611 4899 possunt.

1990 4922 2170 4976 Achas
2197 4920 2579 4987 interpretatur
2606 4910 3008 4984 apprehendens.
3039 4906 3280 4975 Denique
3306 4903 3482 4957 Achas

1926 5012 2013 5082 qui
2057 5025 2122 5064 ex
2146 5008 2293 5077 justo
2326 5014 2479 5076 patre
2506 5004 2680 5060 editus
2704 5003 2759 5056 in
2785 4999 3066 5071 perﬁdiam
3095 5002 3150 5050 et
3172 4993 3345 5050 scelus
3373 4992 3485 5082 ido-

1926 5081 2149 5157 lolatriae
2196 5097 2444 5167 delapsus
2491 5102 2597 5159 est,
2647 5090 2913 5163 signiﬁcat
2963 5086 3263 5148 haereticos,
3300 5081 3389 5151 qui
3416 5085 3480 5134 ex

1928 5190 2205 5249 catholicis
2253 5188 2493 5259 patribus
2538 5188 2873 5239 sacramento
2921 5178 3043 5232 ﬁdei
3095 5172 3285 5229 imbuti
3336 5179 3478 5234 sunt,

1928 5282 2021 5339 sed
2048 5282 2116 5336 ad
2144 5279 2462 5350 apostasiam
2511 5275 2838 5331 declinantes
2890 5270 3094 5325 cultum
3146 5264 3383 5320 divinum
3413 5261 3485 5315 si-

1928 5372 2181 5429 mulacris
2208 5382 2449 5425 errorum
2489 5380 2704 5422 suorum
2730 5363 2971 5434 praebere
2996 5374 3103 5415 non
3133 5358 3360 5417 timent;
3390 5352 3482 5421 qui

1923 5464 2157 5518 fructum
2196 5460 2333 5514 uteri
2353 5458 2457 5523 sui,
2488 5457 2590 5511 hoc
2616 5462 2717 5519 est,
2746 5451 2992 5507 eﬁ‘ectum
3034 5460 3210 5520 pravas
3256 5441 3483 5497 medita-

1926 5553 2084 5609 tionis
2137 5551 2190 5604 iu
2221 5550 2343 5619 igne
2379 5547 2477 5601 zeli
2508 5544 2780 5600 daemoniis
2828 5538 3139 5601 immolant;
3167 5533 3295 5604 quia
3341 5531 3481 5619 sicut

1924 5644 2119 5707 Achas,
2149 5618 2374 5711 Spoliata
2399 5637 2555 5690 domo
2576 5633 2784 5688 Domini
2802 5638 2857 5685 et
2880 5629 3039 5683 domo
3062 5639 3243 5696 regum
3264 5628 3317 5675 et
3336 5618 3484 5688 prin-

1925 5737 2122 5807 cipum,
2175 5729 2322 5784 dedit
2372 5726 2485 5795 regi
2533 5723 2875 5795 Assyriorum
2923 5731 3164 5783 munera,
3217 5720 3273 5770 et
3302 5717 3481 5766 tamen
