3896 6328
258 361 322 417 65
1241 345 1332 403 DE
1370 340 1721 403 UNIVERSO
1757 337 1938 398 LIBRI
1977 337 2142 395 XXII.
2179 367 2254 382 —
2288 334 2418 393 LIB.
2457 334 2546 391 III.
3447 336 3518 395 6ο

257 471 640 539 interpretatur
701 463 1027 536 perspicuus,
1078 460 1192 516 sive
1238 459 1494 528 confessio
1525 471 1542 508 :
1581 456 1835 512 Iezrahe—
1862 460 1916 518 Α
1940 463 2079 520 ster;
2113 453 2260 507 babel
2285 451 2500 522 proprie
2533 449 2858 521 Babylonem
2891 461 3184 508 consonat:
3214 462 3267 509 et
3293 454 3518 511 efﬁcitur

257 560 379 625 litae,
397 561 497 614 hoc
526 566 635 623 εει,
663 555 942 610 honestatis
964 553 1080 619 Dei,
1099 553 1212 607 sive
1242 549 1453 604 seminis
1481 548 1595 613 Dei,
1618 546 1833 602 Domini

254 650 501 705 videlicet
526 647 704 704 nostri
726 645 848 701 Iesu
876 645 1091 706 Christi,
1121 641 1234 697 veri
1267 640 1391 695 Filii
1424 640 1540 706 Dei,
1568 640 1723 710 cujus
1747 638 1832 690 vi-

257 755 352 796 nea
394 739 546 809 plebs
598 747 685 793 est
722 737 1026 793 Israelitica.
1064 734 1141 788 De
1180 749 1283 802 qua
1321 731 1486 786 Isaias
1520 730 1631 784 ait:
1670 726 1832 782 Vinea

254 830 461 886 Domini
494 828 726 884 Sabaoth
759 829 941 882 domus
966 822 1137 879 Israel
1158 833 1231 877 est
1257 820 1393 894 (Isa.
1423 821 1499 892 v).
1525 820 1597 877 Ut
1617 819 1834 873 fecisset

255 918 305 974 in
329 909 451 974 eam
477 919 697 973 hortum
723 915 944 979 olerum,
969 913 1074 967 hoc
1101 919 1204 974 est,
1235 918 1296 964 ut
1314 910 1405 964 ubi
1432 909 1618 963 vinum
1644 906 1832 977 gratim

253 1006 505 1078 apiritalis
537 1007 842 1078 germinare
876 1002 1080 1067 debuit,
1111 1000 1184 1055 ibi
1235 998 1444 1068 fragilia
1475 1011 1702 1068 qumque
1737 997 1831 1050 do—

253 1105 422 1171 gmata
438 1112 538 1166 per
550 1095 917 1151 Pharisaicam
935 1090 1372 1162 superstitionem
1389 1087 1826 1158 transplantaret.

252 1187 350 1243 Sed
381 1187 595 1244 Naboth
615 1189 757 1243 hanc
771 1187 983 1242 vineam
1004 1186 1133 1240 dare
1157 1182 1381 1248 nolenti,
1412 1181 1466 1236 id
1489 1189 1592 1246 est,
1614 1180 1830 1235 Christo

249 1277 644 1334 Pharisaeorum
677 1273 1148 1347 superstitionibus
1175 1287 1282 1327 non
1312 1271 1693 1336 consentienti,
1729 1271 1829 1324 im-

247 1369 327 1440 pia
356 1383 496 1423 uxor
518 1367 756 1433 Iezabel,
780 1368 881 1422 hoc
910 1373 1011 1431 est,
1043 1363 1326 1435 Synagoga
1359 1361 1684 1426 Iudaeorum,
1713 1376 1828 1414 ma-

247 1461 458 1515 chinata
494 1468 582 1515 est
609 1469 856 1516 mortem.
899 1457 1289 1526 Interpretatur
1314 1454 1458 1509 enim
1489 1453 1705 1508 Iezabel
1743 1469 1828 1506 co-

245 1549 550 1615 habitatrix,
573 1549 684 1605 sive
703 1551 880 1619 ﬂuxus
903 1561 1103 1601 vanus:
1130 1546 1274 1616 quod
1295 1545 1432 1600 bene
1455 1541 1705 1599 convenit
1728 1541 1829 1613 Sy-

244 1656 477 1713 nagogae,
519 1655 642 1712 quae
685 1641 932 1696 habitare
966 1637 1250 1694 videbatur
1291 1637 1348 1691 in
1387 1637 1544 1691 domo
1591 1634 1827 1700 Domini,

243 1731 333 1788 sed
377 1747 476 1802 per
516 1733 670 1788 varia
723 1728 990 1788 desideria
1043 1728 1300 1784 vanitatis
1343 1725 1626 1782 deﬂuebat.
1685 1724 1829 1779 Misit

1937 559 2130 599 nomen
2156 541 2468 606 Zorobabel,
2491 541 2592 595 hoc
2622 548 2724 606 est,
2750 541 2846 594 iste
2871 543 3117 612 magister
3135 544 3200 597 de
3228 542 3510 614 Babylone.

1932 633 1990 688 In
2016 633 2286 704 Babylone
2326 631 2470 685 enim
2496 639 2646 685 ortus
2683 639 2786 697 est,
2834 631 2922 685 ubi
2951 634 3202 706 princeps
3226 637 3400 706 gentis
3427 635 3516 693 Iuo

1934 727 2060 781 datae
2084 725 2310 781 exstitit.

2002 816 2187 871 Iudith
2212 815 2594 882 interpretatur
2618 813 2839 869 laudans
2870 813 2956 870 vel
2983 816 3256 884 conﬁtens.

2001 906 2198 959 Esther
2226 903 2613 972 interpretatur
2638 903 2908 958 absconsa.
2944 904 3039 960 Hae
3079 920 3293 974 quoque
3322 908 3512 963 mulie-

1931 1013 2040 1064 res,
2070 1012 2192 1067 quae
2234 1003 2420 1067 typum
2456 1002 2661 1064 gestant
2699 994 2969 1060 Ecclesiae,
3017 996 3203 1051 hostes
3248 996 3372 1053 ﬁdei
3417 1014 3515 1068 pu-

1931 1089 2108 1155 niunt,
2132 1103 2197 1142 ac
2221 1085 2477 1158 populum
2505 1086 2572 1140 ab
2599 1085 2822 1139 interitu
2847 1095 3062 1140 eruunt.

2003 1180 2251 1234 Susanna
2297 1178 2683 1246 interpretatur
2717 1175 2832 1229 lilia
2880 1175 2964 1230 vel
2998 1177 3171 1246 gratia
3209 1178 3343 1247 ejus.
3390 1177 3518 1234 Haec

1931 1269 2182 1341 ﬁguravit
2209 1269 2532 1335 Ecclesiam,
2579 1283 2740 1338 quam
2783 1266 3017 1324 falsitate
3053 1267 3221 1324 Judaei
3249 1269 3399 1340 quasi
3425 1271 3518 1325 ad-

1929 1363 2159 1418 ulteram
2183 1371 2456 1418 accusant.

2001 1455 2199 1510 Tobias
2235 1454 2429 1524 priscae
2452 1451 2586 1523 legis
2625 1452 2916 1523 imaginem
2941 1460 3119 1520 tenet;
3158 1454 3310 1525 cujus
3333 1455 3518 1512 oculos

1929 1544 2138 1602 Iudaici
2163 1560 2412 1616 passeres
2456 1546 2751 1610 obcaecant,
2784 1545 2911 1599 dum
2951 1561 3046 1602 eos
3084 1545 3300 1603 luminis
3338 1563 3518 1602 sacra-

1928 1646 2170 1693 mentum
2197 1637 2338 1692 male
2370 1639 2730 1710 intelligentes
2755 1641 3054 1696 obcaecant.

2003 1727 2200 1783 Tobias
2231 1727 2370 1784 ﬁlius
2405 1727 2521 1797 ejus
2548 1728 2764 1783 Domini
2789 1731 2962 1784 nostri
3009 1728 3135 1785 Iesu
3160 1730 3360 1786 Christi
3383 1732 3519 1787 ima;

243 1837 364 1894 ergo
397 1822 619 1880 Iezabel
663 1822 873 1879 litteras
907 1821 977 1877 ad
1002 1820 1236 1890 majores
1264 1827 1393 1873 natu
1421 1827 1477 1873 et
1500 1818 1567 1873 ad
1596 1818 1825 1887 optima-
1852 1815 1899 1876 B
1927 1821 2107 1891 ginem
2141 1820 2350 1886 habuit,
2388 1821 2480 1892 qui
2505 1821 2650 1877 velut
2675 1822 3044 1878 absconditam
3092 1833 3146 1880 et
3188 1826 3516 1882 obcaecatam

243 1922 318 1970 tes
338 1916 432 1985 qui
455 1924 618 1972 erant
647 1916 701 1970 in
722 1915 956 1978 civitate,
998 1920 1079 1981 ut,
1105 1910 1526 1968 subintroductis
1567 1909 1715 1966 falsis
1746 1919 1824 1966 te-

241 2006 424 2072 stibus,
459 2007 830 2062 testimonium
859 2005 1054 2060 falsum
1094 2011 1282 2058 contra
1322 2001 1534 2058 Naboth
1561 2011 1826 2072 ponerent

241 2096 378 2166 quod
403 2095 775 2152 benedixisset
810 2094 982 2150 Deum
1029 2101 1081 2149 et
1117 2106 1323 2162 regem,
1352 2099 1409 2146 et
1450 2091 1528 2146 sic
1571 2091 1825 2146 eductum

242 2189 303 2244 de
328 2187 552 2244 civitate
580 2187 902 2257 lapidarent,
931 2192 991 2240 ut
1026 2190 1348 2247 moreretur,
1390 2196 1513 2236 cum
1544 2180 1824 2252 Synagoga

241 2291 331 2346 per
368 2275 696 2347 pontiﬁces,
747 2271 954 2329 scribas
991 2279 1046 2326 et
1089 2272 1388 2326 Pharisaeos
1432 2269 1688 2324 meditata
1742 2277 1825 2324 est

241 2376 464 2424 mortem
512 2367 740 2423 Christi.
780 2365 882 2421 Hic
923 2378 1052 2434 ergo
1099 2363 1304 2427 Achab,
1335 2377 1492 2418 veros
1532 2362 1824 2432 prophetas

241 2459 330 2514 Dei
357 2473 647 2529 spernens,
683 2457 847 2513 falsos
885 2457 1177 2526 prophetas
1212 2456 1433 2520 audivit,
1473 2463 1526 2509 et
1565 2455 1643 2509 sic
1670 2453 1824 2508 delu-

242 2563 327 2605 sus
354 2565 384 2604 a
416 2548 658 2615 diabolo,
690 2548 868 2619 gladio
909 2548 1080 2602 hostis
1117 2547 1338 2602 interiit.
1373 2545 1464 2602 Sic
1506 2555 1562 2601 et
1599 2545 1825 2616 populus

242 2638 543 2695 Iudaeorum
565 2639 871 2710 spernendo
893 2638 1139 2692 doctores
1159 2635 1456 2707 Evangelii,
1478 2644 1534 2690 et
1551 2634 1824 2704 sequendo

239 2743 602 2800 prtecursores
628 2726 962 2792 Antichristi,
997 2741 1205 2782 necnon
1237 2733 1292 2780 et
1316 2725 1489 2794 ipsum
1517 2732 1680 2794 caput
1699 2723 1824 2778 οἱοὶ-

238 2836 484 2891 quorum,
516 2821 576 2875 in
607 2828 838 2877 mortem
861 2827 1080 2876 corruet
1105 2819 1507 2888 sempiternam.

304 2911 593 2979 Ochosias,
622 2911 714 2981 qui
762 2911 1150 2981 interpretatur
1197 2908 1583 2980 apprehendens
1627 2908 1821 2974 Deum,

238 3003 373 3060 ﬁlius
395 3016 519 3058 erat
539 3003 747 3066 Achab,
779 3012 836 3057 et
852 3001 1276 3072 persequebatur
1300 3001 1590 3070 prophetas
1624 3000 1740 3064 Dei,
1769 3007 1824 3053 et

239 3093 464 3149 maxime
487 3092 689 3157 Eliam,
709 3091 976 3163 signiﬁcat
994 3090 1247 3160 p0pulum
1269 3088 1597 3155 Iudaeorum,
1624 3097 1678 3143 et
1703 3100 1822 3142 ma-

238 3187 374 3240 xime
393 3186 674 3255 principes
687 3159 1009 3253 Synagogae,
1022 3159 1109 3250 qui
1131 3181 1365 3249 peccatis
1385 3188 1440 3234 et
1462 3181 1608 3235 vitiis
1634 3179 1819 3246 dediti,
1850 3159 1896 3222 C

237 3287 290 3333 et
314 3277 605 3332 veritatem
633 3289 664 3328 a
698 3288 758 3328 se
782 3271 1130 3341 repellebant,
1179 3271 1287 3324 imo
1335 3271 1818 3340 persequebantur.

238 3365 385 3423 Unde
410 3365 615 3437 legitur
638 3363 694 3417 in
717 3361 1007 3432 Evangelio
1037 3360 1181 3430 quod
1203 3361 1456 3414 miserunt
1489 3361 1744 3430 principes
1773 3369 1822 3414 et

239 3459 496 3515 Pharisaei
521 3458 814 3522 ministros,
838 3437 1358 3524 ut'apprehenderent
1383 3452 1582 3506 Iesum.
1620 3452 1824 3507 Domus

238 3566 363 3621 ergo
390 3549 650 3606 Ochoziaz
679 3547 961 3617 Synagoga
1003 3550 1087 3598 est
1126 3540 1455 3605 Iudaeorum,
1486 3556 1604 3610 quae
1645 3541 1823 3613 legali-

237 3642 334 3697 bus
361 3640 654 3712 praeceptis
694 3636 850 3707 quasi
888 3633 1143 3690 cancellis
1163 3631 1426 3686 coenaeuli
1455 3631 1691 3702 undique
1715 3633 1822 3687 cir-

237 3732 483 3788 cumdata
503 3736 659 3792 erat;
694 3725 791 3784 sed
815 3726 956 3781 sicut
982 3722 1246 3778 Ochozias
1269 3736 1368 3790 per
1390 3721 1680 3786 cancellos,
1711 3721 1828 3789 qui-

239 3822 333 3878 bus
372 3821 514 3876 tueri
542 3818 756 3883 debuit,
785 3831 949 3871 ruens
989 3811 1359 3884 aegritudinem
1389 3811 1610 3864 nimiam
1647 3812 1827 3866 incur-

238 3913 328 3978 rit,
352 3913 427 3967 ita
454 3919 512 3966 et
549 3907 785 3979 populus
823 3904 1152 3967 Iudaeorum,
1180 3901 1315 3972 legis
1342 3901 1640 3956 custodiam
1671 3915 1828 3955 exce-

239 4003 386 4068 dens,
407 4002 465 4056 in
484 4001 808 4070 languorem
831 3993 1218 4064 desperabilem
1237 4000 1578 4060 peccatorum
1608 3991 1823 4054 cecidit,

239 4092 324 4146 ubi
350 4092 476 4160 quia
502 4089 692 4144 divina
734 4084 984 4155 praesidia
1017 4081 1319 4150 dereliquit,
1363 4079 1552 4133 salutis
1589 4080 1824 4133 remedia

241 4183 476 4238 invenire
502 4196 618 4236 non
645 4178 864 4233 meruit.

303 4269 824 4333 Nabuchodonosor,
874 4264 965 4334 qui
1011 4264 1392 4332 interpretatur
1435 4262 1702 4330 prophetia
1741 4260 1824 4314 la-

240 4363 474 4435 gunculis
499 4366 765 4430 angustat,
790 4356 903 4411 sive
923 4354 1234 4423 prophetam
1263 4352 1413 4404 istius
1436 4351 1575 4404 modi
1595 4351 1824 4419 signum,

240 4467 332 4523 pro
365 4450 584 4506 somnio
618 4445 825 4501 scilicet
852 4443 1174 4507 futurorum,
1211 4440 1354 4509 quod
1395 4439 1596 4496 vidisse
1640 4454 1825 4493 narra-

1928 1917 2159 1988 ﬁguram
2184 1915 2412 1986 caligine
2456 1916 2609 1985 legis,
2655 1915 2902 1972 claritate
2937 1931 3048 1972 suae
3082 1917 3297 1972 virtutis
3319 1917 3515 1973 illumi-

1927 2015 2040 2060 nat.

1999 2097 2290 2155 Machabaei
2328 2104 2552 2168 septem,
2585 2100 2676 2168 qui
2723 2101 2823 2155 sub
2867 2100 3135 2156 Antiocho
3168 2101 3514 2158 acerbissima

1926 2190 2166 2259 perpessi
2191 2199 2460 2246 tormenta
2487 2190 2873 2260 gloriosissime
2903 2193 3147 2247 coronati
3174 2203 3321 2260 sunt,
3349 2195 3512 2265 signi-

1925 2280 2093 2336 ﬁcant
2117 2280 2415 2336 Ecclesiam
2447 2281 2832 2352 septiformcm,
2865 2297 2984 2353 quae
3005 2283 3073 2339 ab
3098 2284 3331 2341 inimicis
3354 2285 3513 2341 Chri-

1925 2371 1994 2425 sti
2023 2371 2248 2425 multam
2269 2380 2568 2442 martyrum
2595 2380 2828 2443 stragem
2847 2374 3090 2444 pertulit,
3115 2384 3169 2432 et
3189 2375 3373 2447 gloria:
3398 2389 3510 2432 coe-

1925 2461 2076 2519 lestis
2103 2477 2360 2520 coronam
2387 2465 2616 2536 accepit.

2554 2598 2783 2656 CAPUT
2819 2599 2882 2655 II.

2522 2717 2598 2764 De
2634 2710 2916 2779 prophetis.

1996 2817 2143 2886 Quos
2172 2819 2440 2890 gentilitas
2472 2829 2614 2875 vates
2660 2821 2911 2892 appellat,
2956 2820 3056 2877 hos
3086 2823 3258 2879 nostri
3295 2827 3512 2895 prophe-

1923 2917 2004 2964 tas
2056 2912 2476 2982 vocantzquasi
2513 2912 2841 2982 prtefatores,
2901 2913 3045 2982 quod
3087 2930 3250 2984 porro
3309 2916 3509 2984 fantur,

1922 3008 1977 3053 et
2024 3000 2092 3055 de
2135 3000 2329 3056 futuris
2358 3016 2486 3056 vera
2538 3002 2856 3072 praedicunt.
2906 3005 3006 3072 Qui
3054 3013 3237 3060 autem
3277 3021 3308 3060 a
3357 3007 3514 3062 nobis

1923 3093 2202 3162 prophetae,
2232 3093 2288 3147 in
2316 3093 2497 3148 Veteri
2538 3093 2883 3150 Testamento
2913 3095 3140 3152 videntes
3170 3097 3512 3167 appellaban-

1927 3189 2052 3233 tur:
2082 3183 2207 3249 quia
2233 3183 2487 3237 videbant
2534 3197 2598 3238 ea
2646 3198 2765 3253 qua:
2807 3186 2986 3240 caeteri
3015 3200 3124 3239 non
3154 3187 3429 3254 videbant,
3461 3196 3516 3242 et

1922 3273 2340 3342 praespiciebant
2370 3289 2432 3328 ea
2463 3289 2580 3342 quae
2625 3275 2680 3329 in
2706 3275 3008 3331 ministerio
3049 3275 3354 3349 [mysterio]
3389 3279 3514 3333 abs-

1924 3361 2141 3415 condita
2189 3371 2362 3417 erant.
2405 3362 2543 3418 Hinc
2587 3371 2671 3418 est
2712 3365 2852 3433 quod
2885 3367 3147 3435 scriptum
3189 3375 3271 3422 est
3312 3368 3368 3421 in
3419 3367 3516 3422 Sa-

1925 3452 2102 3506 muele
2131 3469 2144 3506 :
2174 3452 2374 3507 Eamus
2404 3454 2471 3507 ad
2500 3453 2754 3509 videntem
2781 3453 2835 3525 (ι
2856 3455 2984 3526 Reg.
3013 3455 3115 3526 rx).
3145 3455 3284 3513 Hinc
3310 3458 3474 3513 Isaias
3499 3475 3512 3512 :

1933 3541 2077 3606 Vidi,
2117 3544 2308 3612 inquit,
2350 3543 2629 3597 Dominum
2657 3545 2918 3598 sedentem
2945 3561 3101 3613 super
3139 3547 3386 3599 thronum
3415 3564 3509 3601 ea:-

1925 3627 2121 3682 celsum
2161 3638 2212 3682 et
2252 3629 2503 3684 eleuatum
2532 3630 2685 3701 (Isai.
2717 3631 2820 3704 vl).
2861 3632 3131 3687 Ezechieli
3176 3636 3346 3702 aperti
3390 3643 3518 3690 sunt

1928 3720 2071 3786 coeli,
2116 3727 2172 3775 et
2196 3721 2331 3776 vidit
2358 3723 2591 3779 visiones
2621 3724 2736 3778 Dei.
2769 3723 3139 3791 Quorumdam
3181 3735 3361 3782 autem
3388 3743 3515 3798 pro-

1926 3812 2214 3880 phetarum
2261 3812 2598 3883 etymologiae
2654 3815 2932 3868 nominum
2992 3817 3313 3871 annotandae
3367 3827 3511 3873 sunt.

1929 3901 2200 3956 Vocabula
2228 3903 2372 3955 enim
2397 3918 2582 3957 eorum
2609 3905 2741 3957 satis
2770 3907 3084 3972 ostendunt,
3115 3907 3243 3977 quid
3271 3908 3324 3962 in
3367 3907 3514 3964 futu-

1928 3990 2003 4044 ris
2031 3990 2188 4046 factis
2217 3992 2482 4062 dictisque
2517 3995 2628 4048 suis
2652 3997 3112 4063 pronuntiassent.

1998 4083 2142 4137 Elias
2171 4083 2553 4152 interpretatur
2594 4085 2849 4140 Dominus
2892 4088 3052 4142 Deus.
3095 4088 3174 4143 Ex
3218 4089 3384 4145 futuri
3416 4091 3516 4161 igi-

1927 4180 2017 4224 tur
2059 4173 2321 4242 prazsagio
2364 4173 2442 4228 sic
2480 4183 2720 4229 vocatus.
2758 4175 2893 4230 Nam
2931 4193 3052 4231 cum
3080 4177 3435 4233 altercaretur
3461 4181 3514 4234 ia

1929 4260 2194 4314 sacriﬁcio
2235 4277 2358 4315 cum
2389 4263 2792 4334 quadringentis
2826 4265 3195 4320 sacerdotibus
3238 4266 3382 4332 Baal,
3424 4269 3509 4320 in-

1927 4359 2121 4405 vocato
2140 4351 2362 4406 nomine
2385 4351 2618 4419 Domini,
2649 4354 2912 4409 descendit
2940 4356 3076 4425 ignis
3113 4356 3176 4410 de
3202 4355 3328 4411 cosio
3356 4374 3515 4428 super

1928 4442 2310 4497 holocaustum.
2340 4443 2492 4510 Quod
2525 4460 2640 4498 cum
2669 4447 2879 4500 vidisset
2907 4449 3074 4501 omnis
3102 4448 3344 4518 populus,
3378 4450 3508 4503 ceci-

243 4501 326 4597 ἶιιι⁵
353 4551 408 4598 ει
441 4537 642 4596 Daniel
669 4537 1051 4606 interpretatus
1082 4541 1194 4598 est;
1241 4533 1354 4587 sive
1397 4534 1556 4586 sessio
1579 4533 1635 4586 in
1669 4533 1824 4602 agni-
1848 4501 1902 4561 Β
1928 4535 2004 4587 dit
2053 4535 2107 4588 in
2145 4535 2335 4604 faciem
2379 4553 2528 4590 suam
2577 4546 2625 4590 et
2667 4539 2740 4590 ait
2767 4551 2785 4588 :
2822 4537 3079 4592 Dominus
3103 4501 3231 4609 'iprse
3265 4551 3340 4594 est
3375 4540 3516 4596 Deus

243 4634 374 4687 tione
415 4629 703 4702 angustiis,
747 4641 846 4696 pro
886 4625 973 4680 his
1016 4624 1108 4694 qui
1155 4625 1209 4677 in
1243 4623 1607 4692 captivitatem
1657 4623 1726 4676 ab
1762 4637 1830 4678 eo

245 4723 383 4778 ducti
406 4731 584 4779 sunt:
625 4728 809 4789 typum
854 4726 1002 4772 tenet
1049 4715 1270 4780 diaboli,
1313 4715 1403 4784 qui
1448 4715 1827 4770 haereticorum

243 4813 445 4883 plebem
488 4809 700 4866 erroris
725 4807 1037 4876 captivitate
1062 4805 1328 4861 devictam
1357 4805 1425 4860 ab
1466 4805 1823 4872 Hierusalem,

245 4904 341 4959 hoc
361 4911 465 4969 est,
495 4901 570 4956 ab
603 4898 843 4953 Ecclesia
872 4897 928 4950 in
963 4894 1330 4964 Babyloniam,
1364 4895 1418 4950 id
1441 4905 1548 4960 est,
1576 4895 1828 4964 ignoran-

246 4992 325 5045 tiae
370 4989 753 5047 confusionem
792 4984 1033 5040 abduxit.

308 5083 573 5152 Princeps
613 5096 926 5152 coquorum,
955 5079 1046 5148 qui
1087 5093 1272 5134 muros
1317 5078 1650 5135 Hierusalem
1696 5082 1826 5134 sub-

246 5175 419 5238 vertit,
449 5174 559 5228 hoc
591 5173 875 5241 signiﬁcat,
909 5171 1032 5239 quia
1059 5183 1246 5224 omnes
1272 5170 1364 5239 qui
1392 5170 1595 5226 ventris
1618 5169 1828 5225 deside-

248 5264 326 5319 rio
349 5262 619 5324 serviunt,
648 5261 877 5315 virtutes
910 5261 1102 5315 anima:
1127 5260 1427 5316 destruunt.

311 5351 490 5418 Iesus,
521 5349 780 5406 sacerdos
817 5364 1062 5418 magnus,
1092 5350 1314 5420 figuram
1356 5351 1578 5421 gerebat
1605 5351 1828 5417 Christi,

249 5457 340 5511 per
357 5457 520 5510 quem
547 5457 617 5496 ex
638 5438 1066 5509 peregrinatione
1087 5439 1264 5493 saeculi
1290 5439 1445 5508 hujus
1467 5441 1533 5494 ad
1555 5442 1829 5495 caelestem

249 5531 585 5588 Hierusalem
615 5531 774 5587 nobis
803 5528 967 5582 fuisse
992 5539 1267 5598 regressus
1298 5530 1614 5585 ostenditur.

317 5623 616 5679 Zorobabel
645 5623 792 5692 apud
822 5621 1072 5675 Hebraeos
1101 5635 1168 5674 ex
1203 5622 1373 5676 tribus
1410 5623 1631 5692 integris
1661 5625 1831 5678 nomi-

250 5715 404 5772 nibus
447 5715 680 5771 traditur
719 5728 844 5767 esse
876 5711 1217 5781 compositus,
1246 5711 1341 5778 Zo,
1377 5714 1518 5778 iste;
1552 5730 1631 5779 ro,
1664 5716 1832 5784 magi-

1932 4622 2049 4694 (ΙΙΙ
2077 4623 2204 4693 Reg.
2234 4625 2408 4695 xvm).
2440 4626 2517 4679 Ex
2564 4627 2668 4682 hac
2716 4627 2878 4698 igitur
2905 4642 3064 4683 causa
3112 4629 3218 4683 tale
3240 4630 3391 4699 prius
3415 4647 3514 4686 no-

1932 4728 2054 4768 men
2093 4714 2322 4783 accepit,
2363 4729 2463 4784 pro
2507 4729 2572 4770 eo
2601 4717 2742 4785 quod
2771 4731 2867 4785 per
2911 4732 3034 4772 eum
3082 4727 3269 4789 postea
3321 4734 3520 4788 cogno-

1929 4803 2072 4856 verit
2090 4804 2319 4872 populus
2348 4803 2634 4860 Dominum
2673 4807 2862 4861 Deum.
2893 4807 3037 4861 Idem
3078 4817 3131 4860 et
3161 4808 3312 4876 fortis
3337 4807 3516 4860 Domi-

1932 4909 2029 4946 nus
2052 4893 2459 4962 interpretatur,
2491 4895 2574 4948 vel
2600 4906 2818 4965 propter
2842 4897 2984 4965 quod
3004 4896 3272 4951 interfecit
3299 4897 3516 4951 eosdem

1935 4984 2278 5046 sacerdotes,
2326 4983 2410 5037 vel
2451 4993 2670 5053 propter
2719 4986 2861 5054 quod
2905 4985 3093 5040 Achab
3139 4986 3515 5041 adversitatem

1936 5070 2203 5125 toleravit.
2243 5071 2343 5126 Hic
2383 5072 2655 5128 Christum
2707 5077 3060 5141 demonstrat,
3091 5076 3213 5144 quia
3248 5076 3387 5130 sicut
3429 5077 3517 5132 hic

1937 5165 2284 5235 igneo'curru
2333 5164 2401 5218 ad
2442 5179 2671 5233 superna
2720 5166 2961 5220 sublatus
2995 5175 3101 5230 est,
3151 5166 3225 5220 ita
3271 5165 3514 5222 Christus

1937 5269 2156 5310 carnem
2192 5269 2361 5321 suam,
2393 5255 2448 5310 in
2480 5270 2584 5324 qua
2627 5263 2786 5310 natus
2809 5264 2894 5312 est
2932 5265 2989 5311 et
3015 5270 3209 5325 passus
3249 5264 3304 5311 et
3329 5269 3513 5310 resur-

1937 5349 2098 5414 rexit,
2123 5347 2413 5418 assumpsit
2443 5348 2494 5400 in
2523 5348 2737 5402 coelum.

2008 5442 2202 5508 Vidua,
2227 5443 2294 5497 ad
2319 5456 2480 5511 quam
2507 5443 2737 5495 mittitur
2765 5441 2906 5496 Elias
2930 5440 3248 5510 pascendus,
3271 5438 3510 5494 Ecclesia

1937 5542 2039 5597 est,
2073 5534 2139 5587 ad
2161 5547 2319 5600 quam
2346 5547 2441 5600 per
2478 5531 2634 5585 ﬁdem
2660 5533 2869 5586 venisse
2895 5531 3138 5586 Christus
3163 5529 3376 5600 legitur.
3407 5528 3510 5582 Cu-

1931 5624 2020 5692 jus
2046 5622 2233 5676 farina:
2251 5621 2335 5675 vel
2359 5620 2530 5673 farina
2567 5629 2621 5674 et
2648 5621 2820 5674 oleum
2846 5621 3178 5675 benedicitur
3203 5628 3256 5672 et
3292 5632 3398 5671 non
3420 5618 3513 5671 de-

1939 5715 2084 5778 fecit,
2118 5713 2171 5767 id
2200 5719 2304 5775 est,
2343 5710 2512 5779 gratia
2540 5711 2735 5764 Christi
2778 5711 3036 5779 corporis,
3068 5719 3122 5763 et
3152 5707 3330 5763 unctio
3368 5704 3512 5762 chri-
