3896 6334
401 380 473 439 67
1064 368 1125 424 Β.
1164 364 1424 423 RABANI
1462 361 1682 421 MAURI
1718 357 2041 417 ARCHIEP.
2081 354 2389 413 MOGUNT.
2424 353 2711 409 OPERUM
2748 351 2928 408 PARS
2965 351 3029 407 ll.
3603 352 3668 411 68

400 489 611 555 smmis,
639 500 759 557 qua;
783 491 897 541 ιοιο
931 481 1130 538 mundo
1159 478 1397 552 quotidie
1420 472 1751 545 impenditur
1774 482 1829 527 et
1847 484 1984 526 nun-
2012 470 2062 530 Α
2090 466 2210 520 tria:
2229 464 2622 557 proplietasset,
2647 463 2825 557 domui
2854 464 3005 520 Judaz
3025 464 3251 557 salutem
3273 466 3670 557 praenuntiavit.

402 598 566 656 quam
598 578 880 637 minuitur.

473 674 692 743 Septem
744 667 911 727 millia
972 665 1253 729 virorum,
1303 662 1370 718 de
1413 658 1609 730 quibus
1658 657 1859 713 dictum
1906 662 1993 711 est

400 765 532 820 Eliae
554 762 645 832 qui
673 775 779 815 non
799 761 1161 813 curvaverunt
1188 768 1328 824 genu
1356 759 1489 833 ante,
1508 748 1660 814 Baal,
1684 747 1992 817 signiﬁcant

402 867 686 909 numerum
720 856 1031 906 sanctorum
1059 845 1172 915 qui,
1200 841 1406 911 Spiritu
1432 838 1762 910 septiformis
1805 836 1992 903 gratiae

401 944 633 1014 impleti,
664 939 876 996 diabolo
905 935 1371 992 renuntiaverunt.

471 1033 695 1088 Elisaeus
742 1027 959 1084 Domini
1006 1025 1150 1089 solus
1202 1025 1607 1096 interpretatur.
1659 1016 1992 1079 Vocabulum

402 1135 581 1182 autem
610 1132 663 1179 et
690 1123 831 1178 idem
867 1136 933 1175 ex
956 1118 1120 1175 futuri
1158 1114 1421 1187 praesagio
1463 1111 1718 1184 suscepit.
1747 1108 1995 1179 Denique

402 1227 456 1276 et
485 1218 684 1274 multas
711 1215 945 1271 virtutes
986 1211 1137 1276 fecit,
1182 1217 1237 1265 et
1269 1206 1470 1263 famem
1506 1203 1712 1276 pellens
1738 1200 1995 1279 populum

402 1324 435 1370 a
459 1315 636 1363 morte
657 1303 903 1361 salvavit.
944 1299 1044 1356 Hic
1070 1297 1318 1354 eumdem
1352 1294 1770 1362 Redemptorem
1807 1288 1992 1344 Domi-

402 1414 531 1455 num
558 1394 831 1465 ﬁguravit,
859 1392 953 1463 qui
994 1392 1060 1446 de
1100 1387 1301 1443 montis
1329 1383 1631 1448 altitudine,
1662 1380 1715 1434 id
1748 1387 1854 1445 est,
1885 1392 1996 1434 coe—

401 1488 578 1547 lorum
608 1485 942 1544 descendens
983 1480 1335 1544 sublimitate,
1364 1471 1671 1535 humiliavit
1696 1471 1935 1542 seipsum
1964 1482 1995 1522 a

401 1578 578 1641 forma
628 1580 723 1636 Dei
755 1592 925 1648 usque
971 1576 1040 1632 ad
1084 1574 1309 1631 formam
1361 1567 1617 1633 hominis,
1664 1580 1730 1620 ac
1769 1562 1996 1619 mortuis

403 1669 663 1725 membris
703 1682 801 1724 sua
837 1667 1089 1722 membra
1134 1660 1456 1733 composuit,
1482 1665 1539 1719 et
1564 1662 1764 1711 nostrae
1794 1658 1997 1708 morta-

402 1760 540 1815 litati
565 1760 648 1818 sui
674 1757 921 1832 corporis
947 1754 1274 1813 medicinam
1306 1750 1529 1833 aptavit.

2090 558 2315 627 Propter
2363 556 2506 626 quod
2559 554 2821 610 Ezechias
2868 570 2965 616 rex
3016 555 3176 621 Juda,
3227 556 3452 612 sublatis
3497 558 3671 626 idolis,

2092 664 2226 720 quos
2267 647 2431 721 [quae]
2456 647 2823 719 praecedentes
2853 662 3010 719 reges
3038 657 3517 715 consecraverant,
3544 656 3675 705 tern-

2090 740 2235 812 plum
2278 739 2492 795 Domini
2518 753 2780 809 purgasse
2810 754 2873 794 ac
2914 736 3231 809 puriﬁcasse
3256 737 3673 794 demonstratur.

2092 831 2193 887 Hic
2222 830 2422 885 Christi
2469 829 2857 884 demonstravit
2906 828 3151 899 ﬁguram,
3202 829 3297 899 qui
3334 843 3402 886 ex
3442 828 3678 891 fornica-

2094 922 2238 977 tione
2259 920 2497 990 gentium
2519 920 2809 989 assumpsit
2837 920 2893 975 in
2919 933 3146 991 corpore
3167 934 3265 976 suo
3287 906 3607 977 Ecclesiam.

2162 1012 2277 1068 Jeel
2328 1013 2712 1083 interpretatur
2757 1002 3014 1069 Deminus
3058 1012 3221 1080 Deus,
3266 1013 3382 1069 sive
3428 1013 3677 1085 incipiens

2092 1102 2224 1170 Deo,
2248 1103 2332 1158 vel
2359 1103 2460 1174 fuit
2491 1102 2610 1163 Dei.
2643 1102 2756 1160 Hoc
2792 1104 2936 1160 enim
2969 1104 3086 1174 ejus
3110 1104 3429 1163 vocabulum
3459 1113 3680 1162 resonat

2094 1193 2413 1264 etymologia
2460 1194 2687 1250 incerta.
2733 1192 2833 1249 Hic
2865 1193 3069 1250 indicat
3105 1195 3281 1267 typice
3329 1208 3424 1250 eos
3451 1194 3544 1265 qui
3586 1209 3681 1265 per

2094 1282 2217 1337 ﬁdei
2241 1284 2439 1338 ostium
2465 1284 2659 1339 divinae
2687 1284 2928 1340 scientia:
2958 1284 3571 1357 incipiuntchgnoscere
3598 1298 3681 1339 sa-

2094 1380 2455 1427 cramentum.

2163 1462 2330 1517 Amos
2388 1463 2785 1533 interpretatur
2826 1462 3051 1537 papulus
3110 1466 3342 1520 avulsus.
3391 1463 3681 1535 Prophetia

2095 1553 2240 1610 enim
2286 1554 2403 1625 ejus
2439 1554 2505 1608 ad
2546 1554 2800 1626 populum
2831 1552 2934 1610 fuit
2956 1554 3142 1621 lsrael,
3182 1556 3272 1625 qui
3313 1553 3431 1626 jam
3470 1553 3684 1610 avulsus

2096 1652 2215 1701 erat
2251 1658 2281 1698 a
2320 1644 2570 1710 Domino,
2598 1653 2655 1700 et
2678 1645 2857 1700 aureis
2894 1644 3077 1699 vitulis
3116 1644 3357 1709 servivit,
3390 1645 3506 1714 sive
3536 1643 3683 1698 avul-

2098 1749 2193 1792 sus
2217 1751 2249 1789 a
2279 1751 2448 1808 regno
2474 1737 2660 1807 stirpis
2688 1737 2874 1792 David.
2925 1736 3025 1792 llic
3060 1752 3190 1809 ergo
3226 1745 3410 1807 pastor
3443 1738 3499 1791 et
3524 1736 3686 1791 rusti-

474 1853 637 1908 Pueri
659 1854 748 1923 qui
773 1820 1100 1910 insultantes
1124 1820 1701 1912 Elisaeojctamabam:
1730 1839 1989 1905 Ascende,
2020 1820 2070 1893 Β
2097 1842 2194 1883 cus
2230 1827 2433 1923 Οιξιῖίειί
2471 1830 2996 1923 est_13'r}1§,quiab
3033 1828 3210 1923 cilicio
3234 1828 3492 1923 pastorali
3523 1842 3691 1923 peco-

402 1941 563 2009 calve,
586 1941 824 2007 ascende,
853 1940 996 1994 calve
1023 1936 1127 2010 (IV
1148 1936 1275 2006 Reg.
1318 1933 1405 2007 tt),
1439 1942 1494 1989 et
1529 1930 1705 1987 invasi
1732 1945 1764 1984 a
1801 1928 1991 1985 bestiis

402 2037 700 2106 perierunt,
753 2034 993 2089 indicant
1032 2030 1287 2101 populum
1321 2027 1625 2093 Judaicum,
1668 2025 1761 2095 qui
1795 2022 1990 2095 puerili

405 2126 632 2181 stultitia
675 2124 961 2178 irriserunt
1004 2121 1279 2176 Christum
1306 2119 1363 2174 in
1389 2118 1508 2173 loco
1534 2115 1795 2180 Calvariae
1817 2113 1992 2168 cruci-

406 2215 602 2279 ﬁxum;
632 2222 686 2267 et
714 2212 858 2285 capti
884 2227 916 2265 a
942 2210 1149 2265 duobus
1181 2209 1342 2272 ursis,
1371 2208 1475 2270 hoc
1504 2215 1588 2262 est
1611 2205 1735 2260 Tito
1794 2211 1849 2258 et
1886 2203 1991 2260 Ve—

405 2305 675 2368 spasiano.
708 2301 1046 2359 interierunt.

474 2396 618 2450 Puer
662 2394 859 2459 Elisaei,
907 2391 1000 2463 qui
1050 2404 1172 2445 cum
1214 2390 1406 2443 baculo
1452 2386 1519 2443 ad
1557 2383 1989 2440 resuscitandum

405 2487 646 2543 mulieris
667 2495 749 2542 est
776 2486 942 2538 ﬁlium
972 2484 1192 2546 missus,
1216 2489 1402 2550 typum
1426 2478 1619 2549 priscas
1651 2476 1787 2542 legis
1810 2483 1993 2532 osten-

407 2579 520 2633 dit:
551 2594 669 2647 quac
697 2575 882 2647 generi
918 2576 1153 2628 humano
1196 2570 1513 2625 transmissa
1548 2567 1683 2623 nihil
1716 2568 1990 2638 praestitit,

411 2669 509 2723 nisi
532 2668 675 2737 quod
702 2667 753 2719 in
777 2664 926 2735 virga
948 2662 1115 2717 solam
1141 2660 1509 2716 austeritatem
1540 2658 1816 2712 servitutis
1842 2673 1994 2712 mon-

407 2760 619 2817 stravit.
656 2757 952 2813 Sunamitis
996 2756 1135 2810 ﬁlius
1166 2763 1411 2810 mortuus
1442 2753 1661 2808 humani
1690 2751 1905 2823 generis
1934 2750 1995 2804 ﬁ-

406 2863 597 2923 guram
626 2855 789 2912 tenet,
819 2861 982 2916 super
1010 2852 1169 2914 quem
1198 2842 1445 2899 Christus
1468 2842 1706 2899 oscitans
1734 2840 1996 2899 Spiritum

407 2937 737 3009 septiformis
782 2936 970 3006 gratia:
1008 2934 1322 3005 spiritaliter
1371 2933 1596 3003 aspirat,
1639 2945 1735 3003 per
1764 2945 1923 2990 auem
1964 2945 1997 2984 a

409 3035 583 3084 morte
609 3034 860 3097 peccator
889 3024 1193 3080 reviviscat.

481 3118 719 3172 Naaman
784 3115 953 3188 Syrus
993 3114 1263 3186 signiﬁcat
1322 3113 1685 3185 erigentibus
1739 3112 1998 3184 populum

2095 1932 2240 1985 rum,
2289 1917 2344 1972 id
2388 1924 2490 1983 est,
2545 1916 2613 1972 ab
2666 1916 3015 1973 Hebrmorum
3059 1917 3321 1990 regimine
3371 1916 3686 1983 translatus,

2093 2023 2238 2063 nunc
2263 2006 2397 2063 alios
2424 2021 2615 2079 greges
2649 2008 2825 2078 pascit
2857 2008 2911 2062 in
2941 2009 3209 2082 gentibus.

2164 2100 2365 2154 Abdias
2407 2100 2797 2169 interpretatur
2838 2115 3015 2153 servus
3068 2099 3301 2156 Domini.
3354 2101 3507 2157 Sicut
3543 2101 3689 2156 enim

2093 2191 2306 2261 Moyses
2333 2190 2566 2246 famulus
2590 2191 2823 2261 Domini,
2849 2200 2904 2245 et
2933 2191 3221 2263 Apostolus
3250 2202 3438 2250 servus
3462 2194 3689 2261 Christi,

2094 2283 2170 2346 ita
2217 2283 2320 2337 iste
2364 2283 2574 2352 legatus
2609 2282 2676 2337 ad
2712 2290 2898 2352 gentes
2940 2283 3139 2338 missus
3166 2284 3313 2339 videt
3345 2295 3401 2340 et
3433 2286 3694 2359 praedicat

2095 2386 2217 2443 quae
2252 2372 2555 2443 prophetali
2599 2373 2759 2445 digna
2810 2382 2935 2430 sunt
2980 2375 3284 2447 ministerio
3309 2386 3363 2432 et
3396 2378 3689 2435 servituti:

2096 2463 2222 2518 inde
2251 2478 2439 2520 servus
2466 2464 2679 2521 Domini
2708 2473 2951 2520 vocatur.
2984 2466 3084 2521 llic
3113 2468 3331 2538 quidem
3355 2470 3411 2525 in
3441 2470 3691 2533 Samaria

2098 2566 2315 2626 centum
2363 2556 2511 2627 pavit
2554 2557 2969 2628 prophetas,-et
3016 2559 3285 2629 signiﬁcat
3328 2576 3516 2618 omnes
3566 2563 3692 2619 ﬁdei

2097 2647 2497 2715 praedicatores,
2545 2648 2638 2716 qui
2687 2650 2740 2702 in
2788 2651 2890 2705 hoc
2935 2651 3136 2707 m’undo
3169 2650 3438 2709 alimentis
3474 2662 3691 2711 sancta-

2100 2751 2219 2790 rum
2247 2732 2653 2807 Scripturarum
2682 2752 2869 2794 omnes
2907 2740 3189 2797 credentes
3216 2741 3485 2797 reﬁciunt.

2172 2827 2358 2895 Jonas,
2416 2829 2506 2899 qui
2561 2830 2950 2901 interpretatur
3005 2831 3264 2901 columba,
3317 2834 3434 2890 sive
3486 2836 3687 2893 dolens.

2102 2920 2361 2975 Columba
2395 2935 2493 2991 pro
2522 2922 2744 2992 gemitu,
2773 2923 3029 2992 quoniam
3058 2925 3111 2979 in
3137 2933 3325 2980 ventre
3365 2926 3470 2987 ceti
3510 2928 3689 2983 triduo

2104 3008 2236 3077 fuit;
2265 3010 2451 3066 dolens
2496 3020 2676 3067 autem
2716 3029 2800 3069 vei
2825 3022 3046 3088 propter
3091 3017 3388 3084 tristitiam,
3412 3034 3572 3088 quam
3594 3019 3689 3073 ha-

2102 3099 2224 3154 buit
2253 3100 2318 3155 de
2353 3100 2523 3156 salute
2552 3101 2933 3167 Ninivitarum,
2960 3105 3046 3158 vel
3068 3115 3291 3176 propter
3314 3107 3571 3163 hederam
3596 3124 3687 3163 su-

410 3216 816 3281 congrcgamm,
860 3206 1089 3262 maculis
1116 3206 1434 3261 delictorum
1465 3205 1747 3277 ροιιυιιιιη,
1777 3215 1939 3274 atque
1970 3218 2001 3258 ει
2028 3188 2077 3252 C
2105 3191 2221 3249 bito
2265 3201 2625 3259 arescentem,
2669 3195 2820 3264 cujus
2846 3195 3160 3251 umbraculo
3198 3197 3477 3268 tegebatur
3500 3207 3689 3254 contra

412 3298 628 3356 Christo
662 3315 759 3371 per
786 3306 1123 3354 sacramenta
1149 3297 1492 3368 baptismatis
1515 3295 1880 3367 puriﬁeatum.

481 3391 650 3460 Isaias
688 3391 1078 3462 interpretatur
1107 3389 1249 3444 salus
1292 3388 1527 3456 Domini,
1554 3396 1610 3443 et
1635 3388 1849 3449 merito.
1879 3386 2000 3443 Sal-

413 3494 654 3540 vatorem
681 3486 827 3539 enim
857 3486 1234 3539 universarum
1273 3483 1533 3554 gentium,
1567 3470 1790 3554 ejusque
1821 3497 2003 3539 sacra-

413 3582 596 3630 menta
643 3574 873 3643 amplius
918 3588 1080 3643 quam
1109 3572 1290 3627 caeteri
1331 3571 1605 3642 praedicat.
1649 3571 1749 3626 Hic
1789 3586 2004 3641 quoque

416 3665 646 3719 formam
692 3663 1141 3735 evangelistarum
1197 3670 1252 3718 et
1298 3662 1664 3735 apostolorum
1711 3664 2001 3733 expressit,

416 3757 507 3826 qui
540 3755 791 3809 universa
818 3762 1157 3809 sacramenta
1184 3752 1386 3807 Christi
1430 3770 1537 3811 non
1563 3754 1717 3824 quasi
1740 3769 1840 3820 per
1871 3754 2004 3827 ﬁgu-

418 3862 554 3912 ram,
586 3846 682 3900 sed
716 3845 862 3901 velut
891 3846 1197 3916 prmsentia,
1226 3846 1558 3913 praedicavit.

488 3937 748 3992 Jcremias
790 3936 1175 4005 interpretatur
1220 3934 1452 3989 excelsus
1501 3935 1755 4001 Domini,
1800 3948 1901 4004 pro
1941 3950 2006 3991 eo

418 4028 561 4097 quod
586 4027 786 4081 dictum
811 4033 894 4080 est
920 4026 969 4080 ei
1001 4042 1014 4078 :
1046 4023 1303 4079 Constitui
1341 4032 1389 4077 te
1429 4040 1585 4093 super
1618 4032 1794 4095 gentes
1833 4034 1881 4078 et
1925 4041 2006 4078 re-

417 4135 519 4189 gna
551 4117 684 4188 (Jer.
717 4114 757 4185 ι)
810 4113 912 4169 Hic
954 4122 1133 4169 autem
1172 4113 1227 4166 in
1257 4113 1421 4167 verbo
1445 4121 1500 4167 et
1527 4114 1867 4182 passionibus
1894 4113 2006 4168 suis

419 4216 649 4262 mortem
681 4213 735 4259 et
763 4205 1071 4273 passionem
1094 4203 1346 4271 ﬁguravit
1374 4202 1585 4257 Domini
1616 4202 1932 4257 Salvatoris.

489 4296 739 4353 Ezechiel
769 4296 1156 4364 interpretatur
1194 4292 1450 4364 fortitudo
1488 4293 1603 4346 Dei.
1652 4292 1752 4347 Hic
1793 4307 2007 4363 quoque

421 4388 708 4459 imaginem
753 4385 955 4441 Christi
986 4384 1239 4456 gestavit,
1267 4383 1359 4454 qui
1398 4383 1633 4454 positum
1674 4384 1727 4437 in
1765 4384 1866 4441 hac
1900 4393 2008 4438 ter-

422 4496 554 4534 rena
597 4476 1028 4547 peregrinatione
1054 4476 1313 4547 populum
1362 4475 1687 4539 salutaribus
1718 4476 2006 4547 praeceptis

423 4571 661 4640 instigat.

492 4659 679 4716 Daniel
714 4660 1102 4729 interpretatur
1128 4657 1391 4727 judicium
1438 4656 1557 4721 Dei,
1607 4658 1722 4712 sive
1759 4660 1903 4729 quod
1948 4660 2005 4713 in

423 4754 856 4826 presbyterorum
898 4750 1103 4819 judicio
1141 4748 1464 4803 sententiam
1506 4746 1699 4801 divinae
1728 4750 2006 4803 examina-

425 4844 587 4897 tiouis
613 4840 876 4906 exhibuit,
921 4841 1049 4894 dum
1076 4846 1287 4908 reperta
1314 4852 1500 4893 eorum
1538 4835 1775 4896 falsitate
1805 4837 2007 4897 Susan-

427 4951 552 4990 nain
576 4936 642 4987 ab
663 4932 884 4987 interitu
912 4930 1179 4995 liberavit,
1205 4929 1317 4985 sive
1354 4928 1495 4999 quod
1521 4928 1755 4984 visiones
1780 4937 1834 4984 et
1863 4945 2005 4984 som-

428 5026 535 5088 nia,
551 5023 745 5092 quibus
764 5037 861 5093 per
879 5021 1084 5091 singula
1102 5020 1345 5090 quaedam
1362 5020 1647 5091 enigmata
1668 5020 1847 5075 futura
1864 5036 2011 5076 mon-

430 5115 759 5179 strabantur,
777 5112 955 5183 sagaci
975 5119 1152 5165 mente
1174 5111 1484 5165 discernens
1507 5111 1714 5181 aperuit
1731 5110 1892 5183 (Dan.
1908 5112 2007 5183 lx).

432 5210 531 5265 llic
559 5208 936 5262 desideriorum
979 5206 1058 5259 vir
1089 5204 1385 5275 appellatus
1406 5210 1507 5270 est,
1536 5203 1660 5275 quia
1684 5220 1879 5274 panem
1915 5206 2009 5261 de-

432 5298 615 5354 siderii
664 5312 771 5351 non
820 5294 1184 5361 manducavit,
1236 5302 1289 5348 et
1336 5295 1521 5350 vinum
1563 5296 2011 5365 concupiscentia:

434 5405 541 5444 non
564 5388 714 5443 bibit.
742 5385 884 5439 idem
909 5386 1071 5439 vitam
1099 5384 1337 5439 caelibem
1366 5385 1538 5439 tenuit
1557 5370 1832 5459 [tenendo]
1862 5387 2010 5441 simi-

436 5483 715 5536 litudinem
746 5478 932 5534 habuit
957 5478 1296 5533 continentia:
1324 5492 1508 5532 eorum
1538 5478 1628 5548 qui
1656 5488 1783 5533 sunt
1816 5480 1869 5533 in
1899 5480 2009 5535 otio

438 5580 645 5637 sancto,
676 5580 731 5625 et
753 5586 858 5625 non
890 5570 1117 5624 terrenis
1142 5584 1320 5623 rerum
1358 5569 1527 5639 c0piis
1557 5568 1865 5623 abutuntur.

509 5662 647 5715 Osee
696 5661 1076 5729 interpretatur
1136 5658 1398 5723 salvator,
1451 5668 1542 5713 aut
1592 5658 1819 5713 salvam.
1874 5659 2010 5713 Dum

444 5752 584 5806 enim
608 5752 742 5806 iram
772 5751 863 5805 Dei
892 5752 943 5805 in
974 5751 1224 5821 populum
1264 5750 1424 5805 lsrael
1466 5750 1533 5805 ob
1558 5750 1763 5806 crimen
1791 5751 2011 5807 idolola-

2105 3282 2235 3341 solis
2260 3283 2529 3340 ardorem.
2560 3283 2678 3353 Ipse
2706 3292 2789 3339 est
2820 3284 2962 3340 ﬁlius
2999 3286 3235 3353 Amathi,
3270 3288 3411 3343 idem
3437 3304 3560 3344 cum
3588 3290 3689 3346 hoc

2105 3375 2418 3447 Sareptanm
2460 3375 2635 3431 viduae
2675 3375 2838 3442 ﬁlius,
2881 3383 2941 3430 ut
2964 3374 3151 3453 Judaei
3197 3376 3490 3445 aliirmant,
3530 3394 3687 3449 quem

2106 3464 2449 3523 resuscitai‘it
2492 3466 2657 3533 Elias,
2713 3473 2886 3522 matre
2924 3475 3111 3537 postea
3151 3468 3219 3522 ad
3263 3483 3385 3523 eum
3434 3469 3685 3525 dicente:

2107 3560 2265 3615 Nunc
2295 3560 2509 3630 cognovi
2534 3560 2672 3629 quod
2706 3559 2783 3612 vir
2805 3558 2903 3613 Dei
2930 3575 2984 3612 es
3010 3568 3088 3626 tu,
3133 3569 3181 3613 et
3223 3561 3431 3615 verbum
3461 3562 3687 3617 veritatis

2104 3652 2161 3707 in
2182 3668 2270 3705 ore
2294 3660 2382 3704 tuo
2412 3658 2484 3704 est
2511 3648 2631 3721 (III
2659 3648 2780 3719 Reg.
2808 3649 2964 3721 xvn).
2990 3650 3071 3706 Ob
3107 3652 3242 3707 hanc
3266 3667 3484 3707 causam
3516 3654 3687 3722 ipsum

2102 3754 2331 3811 puerum
2359 3738 2571 3793 Amatbi
2602 3739 2914 3794 vocitatum.
2946 3738 3165 3795 Amatlli
3194 3742 3337 3795 enim
3368 3757 3434 3796 ex
3466 3742 3687 3798 Hebraeo

2106 3816 2160 3884 in
2205 3829 2453 3884 Latinam
2495 3828 2732 3900 linguam
2771 3832 2959 3884 veritas
3004 3831 3221 3897 dicitur,
3261 3840 3314 3886 et
3344 3847 3407 3886 ex
3440 3848 3505 3888 eo
3546 3833 3689 3903 quod

2104 3940 2293 3980 verum
2330 3923 2476 3977 Elias
2524 3922 2735 3977 locutus
2772 3930 2874 3987 est,
2904 3922 2992 3976 ille
3021 3923 3115 3994 qui
3149 3925 3439 3980 suscitatus
3478 3934 3581 3992 est,
3622 3926 3690 3981 ﬁ-

2107 4013 2209 4070 lius
2238 4019 2577 4083 nuncupatus
2605 4020 2688 4066 est
2718 4012 2983 4067 veritatis.
3008 4011 3173 4067 Jonas
3200 4028 3413 4084 quoque
3440 4024 3549 4070 tam
3575 4030 3689 4071 ser-

2106 4120 2265 4160 mone
2303 4119 2465 4173 quam
2509 4101 2789 4173 naufragio
2815 4118 2913 4158 suo
2953 4104 3257 4174 passionem
3299 4104 3519 4164 Christi.
3550 4121 3690 4161 mor-

2107 4207 2324 4267 temque
2349 4204 2404 4250 et
2426 4196 2878 4250 resurrectionem
2901 4194 3098 4266 ﬁgurat
3122 4216 3133 4249 :
3170 4198 3282 4250 sive
3309 4197 3450 4265 quod
3472 4197 3537 4252 de
3564 4197 3688 4252 navi

2107 4287 2175 4341 ad
2198 4300 2367 4351 mare,
2399 4293 2654 4353 tanquam
2677 4285 2742 4339 de
2767 4299 2928 4339 cruce
2949 4286 3014 4338 ad
3050 4294 3245 4339 terram
3268 4288 3541 4357 projectus
3569 4296 3686 4355 est;

2108 4380 2221 4435 sive
2249 4379 2391 4449 quod
2421 4379 2474 4432 in
2509 4387 2700 4433 ventre
2737 4380 2839 4433 ceti
2882 4386 3140 4447 exceptus
3180 4386 3279 4443 est,
3328 4388 3581 4449 tanquam
3630 4383 3685 4437 in

2109 4471 2381 4541 sepultura
2410 4479 2585 4535 terrae,
2617 4469 2786 4524 tribus
2814 4469 3003 4525 diebus
3041 4480 3097 4525 et
3132 4470 3301 4526 tribus
3326 4472 3572 4527 noctibus
3598 4489 3689 4529 re-

2030 4540 2084 4604 Ῑ)
2108 4540 2356 4623 conditus
2392 4571 2495 4629 est,
2530 4572 2586 4617 et
2614 4562 2756 4632 quod
2783 4576 2879 4639 per
2907 4561 3134 4633 ﬁguram
3171 4562 3399 4618 Niniven
3422 4564 3693 4639 poeniten-

2111 4657 2240 4711 tiam
2286 4655 2469 4710 mundi
2514 4642 2791 4724 praedixit.
2823 4651 2885 4707 1n
2932 4654 3279 4723 sequentibus
3324 4664 3509 4726 typum
3552 4659 3692 4727 gerit

2110 4748 2435 4813 Judacorum,
2478 4747 2571 4817 qui
2610 4746 2836 4801 salutem
2883 4746 3121 4817 gentium
3152 4762 3262 4802 non
3290 4754 3500 4802 tantum
3527 4748 3692 4806 adve-

2112 4839 2229 4894 nire
2274 4839 2592 4901 noluerunt,
2632 4837 2727 4891 sed
2755 4851 2879 4892 cum
2920 4838 3087 4904 venit,
3125 4838 3284 4894 invisi
3312 4848 3457 4893 sunt.
3495 4837 3690 4895 Ninive

2112 4944 2324 4999 quoque
2368 4928 2607 5001 gentium
2652 4926 2917 4999 signiﬁcat
2959 4928 3214 4998 speciem,
3249 4928 3414 4986 Jonas
3445 4944 3575 4987 vero
3628 4932 3687 4987 in

2112 5020 2229 5075 loco
2279 5019 2605 5075 Judaeorum.
2654 5018 2789 5072 Nam
2832 5019 3281 5087 quemadmodum
3326 5020 3687 5078 Ninivitarum

2114 5112 2256 5179 salus
2276 5113 2340 5166 ad
2369 5111 2763 5167 aemulationem
2786 5111 3098 5181 provocavit
3124 5109 3338 5177 Jonam,
3366 5113 3441 5165 ita
3475 5114 3687 5173 redem-

2111 5203 2223 5273 ptio
2249 5202 2487 5273 geutium
2529 5201 2842 5258 scandalum
2884 5200 3094 5257 exstitit
3122 5198 3449 5257 Judaeorum.
3494 5200 3686 5260 Merito

2111 5305 2167 5349 et
2204 5303 2388 5350 contra
2411 5295 2674 5349 orientem
2703 5294 2937 5351 civitatis
2979 5293 3183 5349 sedisse
3209 5292 3402 5364 legitur
3433 5293 3533 5350 sub
3558 5311 3685 5351 um-

2110 5386 2207 5441 bra
2233 5388 2445 5443 hederae
2467 5386 2523 5459 (Ι
2526 5404 2611 5440 on.
2648 5386 2723 5457 1v)
2750 5402 2765 5451 ;
2794 5385 2868 5441 ita
2895 5384 3081 5441 eadem
3105 5385 3257 5455 plebs
3283 5399 3540 5456 separans
3567 5401 3623 5443 se
3649 5404 3683 5444 a

2112 5480 2283 5535 salute
2329 5478 2581 5535 Ecclesiae
2623 5477 2807 5533 dolore
2848 5478 3029 5532 tabida
3075 5487 3261 5533 contra
3303 5476 3597 5544 Christum,
3627 5479 3685 5535 id

2109 5578 2212 5633 est,
2245 5571 2506 5625 orientem
2553 5568 2789 5637 linguam
2824 5582 2975 5622 suam
3017 5580 3234 5621 movere
3271 5566 3463 5621 nititur
3491 5564 3686 5624 sedens

2110 5661 2210 5715 sub
2238 5660 2426 5714 umbra
2464 5658 2614 5729 legis.
2653 5657 2781 5724 Quae
2824 5658 3013 5712 umbra
3060 5671 3242 5712 verme
3297 5656 3532 5713 arefacta
3576 5667 3679 5722 est,

2112 5750 2236 5819 quia
2278 5750 2590 5805 adveniente
2638 5750 2849 5809 Christo
2878 5761 3045 5805 vetera
3074 5753 3390 5811 transierunt
3424 5769 3442 5807 :
3484 5763 3531 5806 et
3568 5769 3685 5809 ecca
