  <div class='ocr_page' id='page_1' title='image "/cluster/home/n/w/nwhite01/storage/ocr_20150623/111/uva.x000827067/042.png"; bbox 0 0 3896 6360; ppageno 0'>
   <div class='ocr_carea' id='block_1_1' title="bbox 174 354 1783 434">
    <p class='ocr_par' dir='ltr' id='par_1_1' title="bbox 174 355 1775 429">
     <span class='ocr_line' id='line_1_1' title="bbox 174 355 1775 429; baseline -0.015 0"><span class='ocrx_word' id='word_1_1' title='bbox 174 373 237 429; x_wconf 75' lang='lat'><strong>69</strong></span> <span class='ocrx_word' id='word_1_2' title='bbox 1203 361 1290 414; x_wconf 84' lang='lat' dir='ltr'><strong>DF.</strong></span> <span class='ocrx_word' id='word_1_3' title='bbox 1330 355 1676 413; x_wconf 68' lang='lat' dir='ltr'><strong>UNlVl&#39;lllS‘J</strong></span> <span class='ocrx_word' id='word_1_4' title='bbox 1720 355 1775 407; x_wconf 55' lang='lat' dir='ltr'><strong>Li</strong></span> 
     </span>
    </p>
   </div>
   <div class='ocr_carea' id='block_1_2' title="bbox 1899 354 3458 434">
    <p class='ocr_par' dir='ltr' id='par_1_2' title="bbox 1934 354 3458 434">
     <span class='ocr_line' id='line_1_2' title="bbox 1934 354 3458 434; baseline 0.005 -28"><span class='ocrx_word' id='word_1_5' title='bbox 1934 354 2096 408; x_wconf 70' lang='lat' dir='ltr'><strong>xxn.</strong></span> <span class='ocrx_word' id='word_1_6' title='bbox 2138 388 2208 396; x_wconf 85' lang='grc'><strong><em>-</em></strong></span> <span class='ocrx_word' id='word_1_7' title='bbox 2247 357 2375 411; x_wconf 84' lang='lat' dir='ltr'><strong>LIB.</strong></span> <span class='ocrx_word' id='word_1_8' title='bbox 2419 356 2504 410; x_wconf 91' lang='grc' dir='ltr'><strong><em>ιιι.</em></strong></span> <span class='ocrx_word' id='word_1_9' title='bbox 3389 360 3458 434; x_wconf 83' lang='lat' dir='ltr'><strong>7o</strong></span> 
     </span>
    </p>
   </div>
   <div class='ocr_carea' id='block_1_3' title="bbox 184 468 3461 557">
    <p class='ocr_par' dir='ltr' id='par_1_3' title="bbox 184 468 3461 557">
     <span class='ocr_line' id='line_1_3' title="bbox 184 468 3461 557; baseline -0.003 -17"><span class='ocrx_word' id='word_1_10' title='bbox 184 489 315 557; x_wconf 74' lang='lat' dir='ltr'><strong>facta</strong></span> <span class='ocrx_word' id='word_1_11' title='bbox 343 493 474 540; x_wconf 83' lang='lat' dir='ltr'><strong>sunt</strong></span> <span class='ocrx_word' id='word_1_12' title='bbox 507 484 694 545; x_wconf 87' lang='lat' dir='ltr'><strong>omnia</strong></span> <span class='ocrx_word' id='word_1_13' title='bbox 726 496 854 535; x_wconf 86' lang='lat' dir='ltr'><strong>nova</strong></span> <span class='ocrx_word' id='word_1_14' title='bbox 885 476 966 550; x_wconf 90' lang='lat' dir='ltr'><strong>(II</strong></span> <span class='ocrx_word' id='word_1_15' title='bbox 981 477 1101 533; x_wconf 88' lang='lat' dir='ltr'><strong>Cor.</strong></span> <span class='ocrx_word' id='word_1_16' title='bbox 1125 476 1200 545; x_wconf 93' lang='lat' dir='ltr'><strong>v).</strong></span> <span class='ocrx_word' id='word_1_17' title='bbox 1232 470 1579 541; x_wconf 88' lang='lat' dir='ltr'><strong>Prophetavit</strong></span> <span class='ocrx_word' id='word_1_18' title='bbox 1605 478 1780 522; x_wconf 81' lang='lat' dir='ltr'><strong>autem</strong></span> <span class='ocrx_word' id='word_1_19' title='bbox 1809 470 1858 528; x_wconf 78' lang='grc' dir='ltr'><strong>Λ</strong></span> <span class='ocrx_word' id='word_1_20' title='bbox 1885 468 2057 537; x_wconf 69' lang='lat' dir='ltr'><strong>pineae</strong></span> <span class='ocrx_word' id='word_1_21' title='bbox 2103 470 2327 540; x_wconf 83' lang='lat' dir='ltr'><strong>ﬁguram</strong></span> <span class='ocrx_word' id='word_1_22' title='bbox 2361 478 2711 545; x_wconf 83' lang='lat' dir='ltr'><strong>gestaverunt</strong></span> <span class='ocrx_word' id='word_1_23' title='bbox 2733 478 3063 537; x_wconf 88' lang='lat' dir='ltr'><strong>sanctorum,</strong></span> <span class='ocrx_word' id='word_1_24' title='bbox 3097 474 3187 543; x_wconf 87' lang='lat' dir='ltr'><strong>qui</strong></span> <span class='ocrx_word' id='word_1_25' title='bbox 3229 473 3283 528; x_wconf 89' lang='lat' dir='ltr'><strong>in</strong></span> <span class='ocrx_word' id='word_1_26' title='bbox 3306 474 3461 531; x_wconf 90' lang='lat' dir='ltr'><strong>nobis</strong></span> 
     </span>
    </p>
   </div>
   <div class='ocr_carea' id='block_1_4' title="bbox 187 563 1780 644">
    <p class='ocr_par' dir='ltr' id='par_1_4' title="bbox 187 563 1780 644">
     <span class='ocr_line' id='line_1_4' title="bbox 187 563 1780 644; baseline -0.014 -8"><span class='ocrx_word' id='word_1_27' title='bbox 187 580 280 636; x_wconf 88' lang='lat' dir='ltr'><strong>sub</strong></span> <span class='ocrx_word' id='word_1_28' title='bbox 304 577 441 634; x_wconf 87' lang='lat' dir='ltr'><strong>Ozia</strong></span> <span class='ocrx_word' id='word_1_29' title='bbox 487 589 620 644; x_wconf 87' lang='lat' dir='ltr'><strong>rege</strong></span> <span class='ocrx_word' id='word_1_30' title='bbox 656 571 815 636; x_wconf 77' lang='lat' dir='ltr'><strong>Juda,</strong></span> <span class='ocrx_word' id='word_1_31' title='bbox 866 569 1077 639; x_wconf 79' lang='lat' dir='ltr'><strong>quando</strong></span> <span class='ocrx_word' id='word_1_32' title='bbox 1127 576 1183 622; x_wconf 90' lang='lat' dir='ltr'><strong>et</strong></span> <span class='ocrx_word' id='word_1_33' title='bbox 1233 565 1370 620; x_wconf 88' lang='lat' dir='ltr'><strong>Osee</strong></span> <span class='ocrx_word' id='word_1_34' title='bbox 1408 572 1462 618; x_wconf 90' lang='lat' dir='ltr'><strong>et</strong></span> <span class='ocrx_word' id='word_1_35' title='bbox 1508 563 1672 617; x_wconf 81' lang='lat' dir='ltr'><strong>Amos</strong></span> <span class='ocrx_word' id='word_1_36' title='bbox 1725 568 1780 614; x_wconf 91' lang='lat' dir='ltr'><strong>et</strong></span> 
     </span>
    </p>
   </div>
   <div class='ocr_carea' id='block_1_5' title="bbox 192 666 867 737">
    <p class='ocr_par' dir='ltr' id='par_1_5' title="bbox 192 666 867 737">
     <span class='ocr_line' id='line_1_5' title="bbox 192 666 867 737; baseline -0.018 -9"><span class='ocrx_word' id='word_1_37' title='bbox 192 672 351 728; x_wconf 81' lang='lat' dir='ltr'><strong>Isaias</strong></span> <span class='ocrx_word' id='word_1_38' title='bbox 378 666 867 737; x_wconf 87' lang='lat' dir='ltr'><strong>prophetaverunt.</strong></span> 
     </span>
    </p>
   </div>
   <div class='ocr_carea' id='block_1_6' title="bbox 261 746 1776 825">
    <p class='ocr_par' dir='ltr' id='par_1_6' title="bbox 261 746 1776 825">
     <span class='ocr_line' id='line_1_6' title="bbox 261 746 1776 825; baseline -0.011 -11"><span class='ocrx_word' id='word_1_39' title='bbox 261 759 523 821; x_wconf 78' lang='lat' dir='ltr'><strong>Micheas,</strong></span> <span class='ocrx_word' id='word_1_40' title='bbox 548 755 641 825; x_wconf 88' lang='lat' dir='ltr'><strong>qui</strong></span> <span class='ocrx_word' id='word_1_41' title='bbox 662 754 1042 823; x_wconf 74' lang='lat' dir='ltr'><strong>interpretator</strong></span> <span class='ocrx_word' id='word_1_42' title='bbox 1069 750 1186 821; x_wconf 89' lang='lat' dir='ltr'><strong>quis</strong></span> <span class='ocrx_word' id='word_1_43' title='bbox 1232 748 1339 813; x_wconf 80' lang='lat' dir='ltr'><strong>hic,</strong></span> <span class='ocrx_word' id='word_1_44' title='bbox 1376 746 1461 803; x_wconf 91' lang='lat' dir='ltr'><strong>vel</strong></span> <span class='ocrx_word' id='word_1_45' title='bbox 1495 750 1610 817; x_wconf 88' lang='lat' dir='ltr'><strong>quis</strong></span> <span class='ocrx_word' id='word_1_46' title='bbox 1660 748 1776 810; x_wconf 86' lang='lat' dir='ltr'><strong>iste,</strong></span> 
     </span>
    </p>
   </div>
   <div class='ocr_carea' id='block_1_7' title="bbox 192 834 1776 914">
    <p class='ocr_par' dir='ltr' id='par_1_7' title="bbox 192 834 1776 914">
     <span class='ocr_line' id='line_1_7' title="bbox 192 834 1776 914; baseline -0.011 -9"><span class='ocrx_word' id='word_1_47' title='bbox 192 860 286 905; x_wconf 86' lang='lat' dir='ltr'><strong>aut</strong></span> <span class='ocrx_word' id='word_1_48' title='bbox 321 842 616 909; x_wconf 72' lang='lat' dir='ltr'><strong>humilitas,</strong></span> <span class='ocrx_word' id='word_1_49' title='bbox 644 843 912 914; x_wconf 89' lang='lat' dir='ltr'><strong>signiﬁcat</strong></span> <span class='ocrx_word' id='word_1_50' title='bbox 938 839 1085 894; x_wconf 89' lang='lat' dir='ltr'><strong>illum</strong></span> <span class='ocrx_word' id='word_1_51' title='bbox 1121 838 1213 909; x_wconf 87' lang='lat' dir='ltr'><strong>qui</strong></span> <span class='ocrx_word' id='word_1_52' title='bbox 1261 838 1315 891; x_wconf 93' lang='lat' dir='ltr'><strong>in</strong></span> <span class='ocrx_word' id='word_1_53' title='bbox 1345 836 1633 908; x_wconf 85' lang='lat' dir='ltr'><strong>Evangelio</strong></span> <span class='ocrx_word' id='word_1_54' title='bbox 1658 834 1734 889; x_wconf 91' lang='lat' dir='ltr'><strong>ait</strong></span> <span class='ocrx_word' id='word_1_55' title='bbox 1762 851 1776 889; x_wconf 91' lang='lat'>:</span> 
     </span>
    </p>
   </div>
   <div class='ocr_carea' id='block_1_8' title="bbox 191 926 1774 1005">
    <p class='ocr_par' dir='ltr' id='par_1_8' title="bbox 191 926 1774 1005">
     <span class='ocr_line' id='line_1_8' title="bbox 191 926 1774 1005; baseline -0.009 -11"><span class='ocrx_word' id='word_1_56' title='bbox 191 940 391 995; x_wconf 77' lang='lat' dir='ltr'><strong>Discite</strong></span> <span class='ocrx_word' id='word_1_57' title='bbox 420 955 453 990; x_wconf 90' lang='lat' dir='ltr'><strong>a</strong></span> <span class='ocrx_word' id='word_1_58' title='bbox 477 952 558 1005; x_wconf 83' lang='lat' dir='ltr'><strong>me</strong></span> <span class='ocrx_word' id='word_1_59' title='bbox 585 935 708 1005; x_wconf 87' lang='lat' dir='ltr'><strong>quia</strong></span> <span class='ocrx_word' id='word_1_60' title='bbox 749 933 889 985; x_wconf 82' lang='lat' dir='ltr'><strong>mitis</strong></span> <span class='ocrx_word' id='word_1_61' title='bbox 918 948 1033 985; x_wconf 88' lang='lat' dir='ltr'><strong>sum</strong></span> <span class='ocrx_word' id='word_1_62' title='bbox 1061 939 1109 985; x_wconf 86' lang='lat' dir='ltr'><strong>et</strong></span> <span class='ocrx_word' id='word_1_63' title='bbox 1138 929 1349 985; x_wconf 79' lang='lat' dir='ltr'><strong>humilis</strong></span> <span class='ocrx_word' id='word_1_64' title='bbox 1385 929 1537 982; x_wconf 84' lang='lat' dir='ltr'><strong>corde</strong></span> <span class='ocrx_word' id='word_1_65' title='bbox 1560 926 1774 999; x_wconf 76' lang='lat' dir='ltr'><strong>(Matth.</strong></span> 
     </span>
    </p>
   </div>
   <div class='ocr_carea' id='block_1_9' title="bbox 196 1022 1779 1112">
    <p class='ocr_par' dir='ltr' id='par_1_9' title="bbox 196 1022 1777 1100">
     <span class='ocr_line' id='line_1_9' title="bbox 196 1022 1777 1100; baseline -0.008 -17"><span class='ocrx_word' id='word_1_66' title='bbox 196 1028 273 1100; x_wconf 76' lang='grc' dir='ltr'><strong>ιι)</strong></span> <span class='ocrx_word' id='word_1_67' title='bbox 294 1036 393 1093; x_wconf 79' lang='grc' dir='ltr'><strong>,ἐι</strong></span> <span class='ocrx_word' id='word_1_68' title='bbox 420 1026 485 1080; x_wconf 89' lang='lat' dir='ltr'><strong>de</strong></span> <span class='ocrx_word' id='word_1_69' title='bbox 511 1039 619 1095; x_wconf 92' lang='lat' dir='ltr'><strong>quo</strong></span> <span class='ocrx_word' id='word_1_70' title='bbox 648 1023 913 1093; x_wconf 78' lang='lat' dir='ltr'><strong>Propheta</strong></span> <span class='ocrx_word' id='word_1_71' title='bbox 961 1022 1094 1076; x_wconf 83' lang='lat' dir='ltr'><strong>dixit</strong></span> <span class='ocrx_word' id='word_1_72' title='bbox 1122 1040 1135 1074; x_wconf 90' lang='lat'><strong>:</strong></span> <span class='ocrx_word' id='word_1_73' title='bbox 1170 1023 1565 1075; x_wconf 75' lang='lat' dir='ltr'><strong>Cenerationem</strong></span> <span class='ocrx_word' id='word_1_74' title='bbox 1606 1028 1777 1072; x_wconf 88' lang='lat' dir='ltr'><strong>autem</strong></span> 
     </span>
    </p>
   </div>
   <div class='ocr_carea' id='block_1_10' title="bbox 196 1112 1778 1192">
    <p class='ocr_par' dir='ltr' id='par_1_10' title="bbox 196 1112 1778 1192">
     <span class='ocr_line' id='line_1_10' title="bbox 196 1112 1778 1192; baseline -0.005 -17"><span class='ocrx_word' id='word_1_75' title='bbox 196 1123 313 1191; x_wconf 87' lang='lat' dir='ltr'><strong>ejus</strong></span> <span class='ocrx_word' id='word_1_76' title='bbox 339 1122 450 1192; x_wconf 78' lang='lat' dir='ltr'><strong>quis</strong></span> <span class='ocrx_word' id='word_1_77' title='bbox 481 1115 923 1186; x_wconf 84' lang='lat' dir='ltr'><strong>enarrabit(1sai.</strong></span> <span class='ocrx_word' id='word_1_78' title='bbox 953 1116 1107 1187; x_wconf 78' lang='lat' dir='ltr'><strong>mn)?</strong></span> <span class='ocrx_word' id='word_1_79' title='bbox 1138 1116 1204 1171; x_wconf 91' lang='lat' dir='ltr'><strong>ad</strong></span> <span class='ocrx_word' id='word_1_80' title='bbox 1235 1130 1395 1185; x_wconf 86' lang='lat' dir='ltr'><strong>quem</strong></span> <span class='ocrx_word' id='word_1_81' title='bbox 1424 1114 1646 1169; x_wconf 89' lang='lat' dir='ltr'><strong>verbum</strong></span> <span class='ocrx_word' id='word_1_82' title='bbox 1683 1112 1778 1167; x_wconf 87' lang='lat' dir='ltr'><strong>Dei</strong></span> 
     </span>
    </p>
   </div>
   <div class='ocr_carea' id='block_1_11' title="bbox 196 1204 1780 1278">
    <p class='ocr_par' dir='ltr' id='par_1_11' title="bbox 196 1204 1780 1278">
     <span class='ocr_line' id='line_1_11' title="bbox 196 1204 1780 1278; baseline -0.006 -12"><span class='ocrx_word' id='word_1_83' title='bbox 196 1212 404 1267; x_wconf 83' lang='lat' dir='ltr'><strong>factum</strong></span> <span class='ocrx_word' id='word_1_84' title='bbox 428 1218 533 1275; x_wconf 86' lang='lat' dir='ltr'><strong>est,</strong></span> <span class='ocrx_word' id='word_1_85' title='bbox 559 1209 685 1278; x_wconf 87' lang='lat' dir='ltr'><strong>quia</strong></span> <span class='ocrx_word' id='word_1_86' title='bbox 743 1206 960 1261; x_wconf 81' lang='lat' dir='ltr'><strong>Verbum</strong></span> <span class='ocrx_word' id='word_1_87' title='bbox 987 1223 1109 1261; x_wconf 89' lang='lat' dir='ltr'><strong>caro</strong></span> <span class='ocrx_word' id='word_1_88' title='bbox 1140 1206 1337 1276; x_wconf 74' lang='lat' dir='ltr'><strong>factum</strong></span> <span class='ocrx_word' id='word_1_89' title='bbox 1363 1214 1459 1269; x_wconf 88' lang='lat' dir='ltr'><strong>est,</strong></span> <span class='ocrx_word' id='word_1_90' title='bbox 1493 1214 1540 1258; x_wconf 91' lang='lat' dir='ltr'><strong>et</strong></span> <span class='ocrx_word' id='word_1_91' title='bbox 1577 1204 1780 1258; x_wconf 84' lang='lat' dir='ltr'><strong>habita-</strong></span> 
     </span>
    </p>
   </div>
   <div class='ocr_carea' id='block_1_12' title="bbox 196 1295 1780 1369">
    <p class='ocr_par' dir='ltr' id='par_1_12' title="bbox 196 1295 1780 1369">
     <span class='ocr_line' id='line_1_12' title="bbox 196 1295 1780 1369; baseline -0.004 -13"><span class='ocrx_word' id='word_1_92' title='bbox 196 1302 266 1356; x_wconf 78' lang='lat' dir='ltr'><strong>vit</strong></span> <span class='ocrx_word' id='word_1_93' title='bbox 309 1302 365 1353; x_wconf 88' lang='lat' dir='ltr'><strong>in</strong></span> <span class='ocrx_word' id='word_1_94' title='bbox 392 1300 535 1353; x_wconf 86' lang='lat' dir='ltr'><strong>nobis</strong></span> <span class='ocrx_word' id='word_1_95' title='bbox 572 1296 751 1369; x_wconf 84' lang='lat' dir='ltr'><strong>(Joan.</strong></span> <span class='ocrx_word' id='word_1_96' title='bbox 782 1296 854 1368; x_wconf 89' lang='grc' dir='ltr'><strong><em>ι);</em></strong></span> <span class='ocrx_word' id='word_1_97' title='bbox 887 1312 985 1365; x_wconf 88' lang='lat' dir='ltr'><strong>per</strong></span> <span class='ocrx_word' id='word_1_98' title='bbox 1013 1295 1163 1365; x_wconf 86' lang='lat' dir='ltr'><strong>cujus</strong></span> <span class='ocrx_word' id='word_1_99' title='bbox 1191 1299 1643 1367; x_wconf 88' lang='lat' dir='ltr'><strong>dispensationem</strong></span> <span class='ocrx_word' id='word_1_100' title='bbox 1671 1302 1780 1363; x_wconf 85' lang='lat' dir='ltr'><strong>pri-</strong></span> 
     </span>
    </p>
   </div>
   <div class='ocr_carea' id='block_1_13' title="bbox 198 1385 1779 1458">
    <p class='ocr_par' dir='ltr' id='par_1_13' title="bbox 198 1385 1779 1458">
     <span class='ocr_line' id='line_1_13' title="bbox 198 1385 1779 1458; baseline -0.004 -13"><span class='ocrx_word' id='word_1_101' title='bbox 198 1405 346 1445; x_wconf 89' lang='lat' dir='ltr'><strong>mum</strong></span> <span class='ocrx_word' id='word_1_102' title='bbox 395 1388 671 1458; x_wconf 75' lang='lat' dir='ltr'><strong>prophetae</strong></span> <span class='ocrx_word' id='word_1_103' title='bbox 716 1395 769 1442; x_wconf 87' lang='lat' dir='ltr'><strong>et</strong></span> <span class='ocrx_word' id='word_1_104' title='bbox 808 1393 992 1457; x_wconf 91' lang='lat' dir='ltr'><strong>postea</strong></span> <span class='ocrx_word' id='word_1_105' title='bbox 1020 1386 1242 1455; x_wconf 63' lang='lat' dir='ltr'><strong>apostoli</strong></span> <span class='ocrx_word' id='word_1_106' title='bbox 1287 1387 1353 1440; x_wconf 88' lang='lat' dir='ltr'><strong>ad</strong></span> <span class='ocrx_word' id='word_1_107' title='bbox 1382 1385 1779 1455; x_wconf 82' lang='lat' dir='ltr'><strong>praedicandum</strong></span> 
     </span>
    </p>
   </div>
   <div class='ocr_carea' id='block_1_14' title="bbox 198 1474 1781 1549">
    <p class='ocr_par' dir='ltr' id='par_1_14' title="bbox 198 1474 1781 1549">
     <span class='ocr_line' id='line_1_14' title="bbox 198 1474 1781 1549; baseline -0.003 -17"><span class='ocrx_word' id='word_1_108' title='bbox 198 1482 427 1536; x_wconf 77' lang='lat' dir='ltr'><strong>verbum</strong></span> <span class='ocrx_word' id='word_1_109' title='bbox 454 1474 547 1533; x_wconf 81' lang='lat' dir='ltr'><strong>Dei</strong></span> <span class='ocrx_word' id='word_1_110' title='bbox 578 1479 725 1533; x_wconf 81' lang='lat' dir='ltr'><strong>missi</strong></span> <span class='ocrx_word' id='word_1_111' title='bbox 769 1487 911 1532; x_wconf 88' lang='lat' dir='ltr'><strong>sunt.</strong></span> <span class='ocrx_word' id='word_1_112' title='bbox 944 1478 1213 1544; x_wconf 85' lang='lat' dir='ltr'><strong>Quantum</strong></span> <span class='ocrx_word' id='word_1_113' title='bbox 1243 1492 1370 1549; x_wconf 87' lang='lat' dir='ltr'><strong>ergo</strong></span> <span class='ocrx_word' id='word_1_114' title='bbox 1410 1476 1477 1530; x_wconf 86' lang='lat' dir='ltr'><strong>ad</strong></span> <span class='ocrx_word' id='word_1_115' title='bbox 1502 1475 1781 1529; x_wconf 83' lang='lat' dir='ltr'><strong>historiam</strong></span> 
     </span>
    </p>
   </div>
   <div class='ocr_carea' id='block_1_15' title="bbox 192 1564 1782 1643">
    <p class='ocr_par' dir='ltr' id='par_1_15' title="bbox 192 1564 1782 1643">
     <span class='ocr_line' id='line_1_15' title="bbox 192 1564 1782 1643; baseline -0.006 -17"><span class='ocrx_word' id='word_1_116' title='bbox 192 1572 434 1643; x_wconf 87' lang='lat' dir='ltr'><strong>pertinet</strong></span> <span class='ocrx_word' id='word_1_117' title='bbox 480 1567 775 1624; x_wconf 88' lang='lat' dir='ltr'><strong>secundum</strong></span> <span class='ocrx_word' id='word_1_118' title='bbox 807 1566 1064 1621; x_wconf 56' lang='lat' dir='ltr'><strong>.ordinem</strong></span> <span class='ocrx_word' id='word_1_119' title='bbox 1103 1565 1459 1634; x_wconf 81' lang='lat' dir='ltr'><strong>captivitatis,</strong></span> <span class='ocrx_word' id='word_1_120' title='bbox 1508 1564 1633 1624; x_wconf 84' lang='lat' dir='ltr'><strong>quia</strong></span> <span class='ocrx_word' id='word_1_121' title='bbox 1672 1564 1782 1632; x_wconf 87' lang='lat' dir='ltr'><strong>pri-</strong></span> 
     </span>
    </p>
   </div>
   <div class='ocr_carea' id='block_1_16' title="bbox 195 1658 1783 1733">
    <p class='ocr_par' dir='ltr' id='par_1_16' title="bbox 195 1658 1783 1733">
     <span class='ocr_line' id='line_1_16' title="bbox 195 1658 1783 1733; baseline -0.006 -12"><span class='ocrx_word' id='word_1_122' title='bbox 195 1664 347 1725; x_wconf 86' lang='lat' dir='ltr'><strong>mum</strong></span> <span class='ocrx_word' id='word_1_123' title='bbox 402 1674 487 1719; x_wconf 90' lang='lat' dir='ltr'><strong>est</strong></span> <span class='ocrx_word' id='word_1_124' title='bbox 535 1672 690 1733; x_wconf 86' lang='lat' dir='ltr'><strong>capta</strong></span> <span class='ocrx_word' id='word_1_125' title='bbox 732 1663 975 1728; x_wconf 79' lang='lat' dir='ltr'><strong>Samaria</strong></span> <span class='ocrx_word' id='word_1_126' title='bbox 1027 1660 1335 1730; x_wconf 83' lang='lat' dir='ltr'><strong>metmpolis</strong></span> <span class='ocrx_word' id='word_1_127' title='bbox 1378 1658 1560 1724; x_wconf 79' lang='lat' dir='ltr'><strong>Israel,</strong></span> <span class='ocrx_word' id='word_1_128' title='bbox 1598 1669 1783 1727; x_wconf 86' lang='lat' dir='ltr'><strong>postea</strong></span> 
     </span>
    </p>
   </div>
   <div class='ocr_carea' id='block_1_17' title="bbox 198 1744 1782 1822">
    <p class='ocr_par' dir='ltr' id='par_1_17' title="bbox 198 1744 1782 1822">
     <span class='ocr_line' id='line_1_17' title="bbox 198 1744 1782 1822; baseline -0.007 -10"><span class='ocrx_word' id='word_1_129' title='bbox 198 1755 541 1813; x_wconf 74' lang='lat' dir='ltr'><strong>Hierusalem</strong></span> <span class='ocrx_word' id='word_1_130' title='bbox 568 1744 702 1813; x_wconf 83' lang='lat' dir='ltr'><strong>urbs</strong></span> <span class='ocrx_word' id='word_1_131' title='bbox 719 1753 893 1818; x_wconf 68' lang='lat' dir='ltr'><strong>Iudae,</strong></span> <span class='ocrx_word' id='word_1_132' title='bbox 908 1752 1206 1822; x_wconf 73' lang='lat' dir='ltr'><strong>prophetia:</strong></span> <span class='ocrx_word' id='word_1_133' title='bbox 1227 1748 1410 1805; x_wconf 88' lang='lat' dir='ltr'><strong>titulus</strong></span> <span class='ocrx_word' id='word_1_134' title='bbox 1434 1749 1654 1821; x_wconf 83' lang='lat' dir='ltr'><strong>ponitur</strong></span> <span class='ocrx_word' id='word_1_135' title='bbox 1675 1748 1782 1817; x_wconf 90' lang='lat' dir='ltr'><strong>pri-</strong></span> 
     </span>
    </p>
   </div>
   <div class='ocr_carea' id='block_1_18' title="bbox 1881 559 3463 634">
    <p class='ocr_par' dir='ltr' id='par_1_18' title="bbox 1881 559 3463 634">
     <span class='ocr_line' id='line_1_18' title="bbox 1881 559 3463 634; baseline 0.006 -21"><span class='ocrx_word' id='word_1_136' title='bbox 1881 559 2036 627; x_wconf 75' lang='lat' dir='ltr'><strong>hujus</strong></span> <span class='ocrx_word' id='word_1_137' title='bbox 2061 562 2507 633; x_wconf 88' lang='lat' dir='ltr'><strong>peregrinationis</strong></span> <span class='ocrx_word' id='word_1_138' title='bbox 2536 564 2647 618; x_wconf 92' lang='lat' dir='ltr'><strong>vita</strong></span> <span class='ocrx_word' id='word_1_139' title='bbox 2686 563 2929 619; x_wconf 80' lang='lat' dir='ltr'><strong>futurum</strong></span> <span class='ocrx_word' id='word_1_140' title='bbox 2959 571 3171 634; x_wconf 88' lang='lat' dir='ltr'><strong>tempus</strong></span> <span class='ocrx_word' id='word_1_141' title='bbox 3191 565 3463 623; x_wconf 58' lang='lat' dir='ltr'><strong>liberatim</strong></span> 
     </span>
    </p>
   </div>
   <div class='ocr_carea' id='block_1_19' title="bbox 1879 653 2300 709">
    <p class='ocr_par' dir='ltr' id='par_1_19' title="bbox 1879 653 2300 709">
     <span class='ocr_line' id='line_1_19' title="bbox 1879 653 2300 709; baseline 0.005 -3"><span class='ocrx_word' id='word_1_142' title='bbox 1879 653 1962 707; x_wconf 88' lang='lat' dir='ltr'><strong>nis</strong></span> <span class='ocrx_word' id='word_1_143' title='bbox 1990 654 2300 709; x_wconf 88' lang='lat' dir='ltr'><strong>decantant.</strong></span> 
     </span>
    </p>
   </div>
   <div class='ocr_carea' id='block_1_20' title="bbox 1950 743 3460 817">
    <p class='ocr_par' dir='ltr' id='par_1_20' title="bbox 1950 743 3460 817">
     <span class='ocr_line' id='line_1_20' title="bbox 1950 743 3460 817; baseline 0.006 -21"><span class='ocrx_word' id='word_1_144' title='bbox 1950 743 2241 800; x_wconf 88' lang='lat' dir='ltr'><strong>Malachias</strong></span> <span class='ocrx_word' id='word_1_145' title='bbox 2293 746 2674 815; x_wconf 82' lang='lat' dir='ltr'><strong>interpretatur</strong></span> <span class='ocrx_word' id='word_1_146' title='bbox 2718 746 2935 817; x_wconf 85' lang='lat' dir='ltr'><strong>angelus</strong></span> <span class='ocrx_word' id='word_1_147' title='bbox 2980 747 3216 816; x_wconf 85' lang='lat' dir='ltr'><strong>Domini,</strong></span> <span class='ocrx_word' id='word_1_148' title='bbox 3260 749 3317 805; x_wconf 90' lang='lat' dir='ltr'><strong>id</strong></span> <span class='ocrx_word' id='word_1_149' title='bbox 3358 759 3460 815; x_wconf 90' lang='lat' dir='ltr'><strong>est,</strong></span> 
     </span>
    </p>
   </div>
   <div class='ocr_carea' id='block_1_21' title="bbox 1880 835 3465 911">
    <p class='ocr_par' dir='ltr' id='par_1_21' title="bbox 1880 835 3465 911">
     <span class='ocr_line' id='line_1_21' title="bbox 1880 835 3465 911; baseline 0.004 -23"><span class='ocrx_word' id='word_1_150' title='bbox 1880 838 2113 892; x_wconf 84' lang='lat' dir='ltr'><strong>nuntius.</strong></span> <span class='ocrx_word' id='word_1_151' title='bbox 2145 835 2413 906; x_wconf 83' lang='lat' dir='ltr'><strong>Quidquid</strong></span> <span class='ocrx_word' id='word_1_152' title='bbox 2438 838 2582 892; x_wconf 89' lang='lat' dir='ltr'><strong>enim</strong></span> <span class='ocrx_word' id='word_1_153' title='bbox 2602 838 2955 908; x_wconf 79' lang='lat' dir='ltr'><strong>loquebatur,</strong></span> <span class='ocrx_word' id='word_1_154' title='bbox 2985 840 3139 911; x_wconf 89' lang='lat' dir='ltr'><strong>quasi</strong></span> <span class='ocrx_word' id='word_1_155' title='bbox 3174 854 3204 892; x_wconf 89' lang='lat' dir='ltr'><strong>a</strong></span> <span class='ocrx_word' id='word_1_156' title='bbox 3238 838 3465 894; x_wconf 90' lang='lat' dir='ltr'><strong>Domino</strong></span> 
     </span>
    </p>
   </div>
   <div class='ocr_carea' id='block_1_22' title="bbox 1880 926 3461 1002">
    <p class='ocr_par' dir='ltr' id='par_1_22' title="bbox 1880 926 3461 1002">
     <span class='ocr_line' id='line_1_22' title="bbox 1880 926 3461 1002; baseline 0.003 -22"><span class='ocrx_word' id='word_1_157' title='bbox 1880 934 2057 980; x_wconf 86' lang='lat' dir='ltr'><strong>essent</strong></span> <span class='ocrx_word' id='word_1_158' title='bbox 2085 927 2357 992; x_wconf 86' lang='lat' dir='ltr'><strong>mandata,</strong></span> <span class='ocrx_word' id='word_1_159' title='bbox 2391 926 2467 981; x_wconf 88' lang='lat' dir='ltr'><strong>ita</strong></span> <span class='ocrx_word' id='word_1_160' title='bbox 2496 927 2889 1002; x_wconf 85' lang='lat' dir='ltr'><strong>credebantur:</strong></span> <span class='ocrx_word' id='word_1_161' title='bbox 2916 935 2971 983; x_wconf 90' lang='lat' dir='ltr'><strong>et</strong></span> <span class='ocrx_word' id='word_1_162' title='bbox 3008 928 3133 984; x_wconf 80' lang='lat' dir='ltr'><strong>inde</strong></span> <span class='ocrx_word' id='word_1_163' title='bbox 3159 929 3233 983; x_wconf 88' lang='lat' dir='ltr'><strong>ita</strong></span> <span class='ocrx_word' id='word_1_164' title='bbox 3264 943 3461 985; x_wconf 89' lang='lat' dir='ltr'><strong>nomen</strong></span> 
     </span>
    </p>
   </div>
   <div class='ocr_carea' id='block_1_23' title="bbox 1880 1016 3460 1091">
    <p class='ocr_par' dir='ltr' id='par_1_23' title="bbox 1880 1016 3460 1091">
     <span class='ocr_line' id='line_1_23' title="bbox 1880 1016 3460 1091; baseline 0.003 -20"><span class='ocrx_word' id='word_1_165' title='bbox 1880 1017 1995 1087; x_wconf 85' lang='lat' dir='ltr'><strong>ejus</strong></span> <span class='ocrx_word' id='word_1_166' title='bbox 2027 1016 2375 1089; x_wconf 83' lang='lat' dir='ltr'><strong>Septuaginta</strong></span> <span class='ocrx_word' id='word_1_167' title='bbox 2397 1020 2718 1091; x_wconf 83' lang='lat' dir='ltr'><strong>interpretes</strong></span> <span class='ocrx_word' id='word_1_168' title='bbox 2741 1020 3154 1088; x_wconf 87' lang='lat' dir='ltr'><strong>transtulerunt,</strong></span> <span class='ocrx_word' id='word_1_169' title='bbox 3182 1021 3420 1078; x_wconf 88' lang='lat' dir='ltr'><strong>dicentes</strong></span> <span class='ocrx_word' id='word_1_170' title='bbox 3448 1042 3460 1076; x_wconf 91' lang='lat'>:</span> 
     </span>
    </p>
   </div>
   <div class='ocr_carea' id='block_1_24' title="bbox 1882 1108 3467 1188">
    <p class='ocr_par' dir='ltr' id='par_1_24' title="bbox 1882 1108 3467 1188">
     <span class='ocr_line' id='line_1_24' title="bbox 1882 1108 3467 1188; baseline 0.006 -26"><span class='ocrx_word' id='word_1_171' title='bbox 1882 1108 2178 1182; x_wconf 83' lang='lat' dir='ltr'><strong>Assumptio</strong></span> <span class='ocrx_word' id='word_1_172' title='bbox 2221 1112 2359 1166; x_wconf 80' lang='lat' dir='ltr'><strong>verbi</strong></span> <span class='ocrx_word' id='word_1_173' title='bbox 2398 1113 2610 1167; x_wconf 83' lang='lat' dir='ltr'><strong>Domini</strong></span> <span class='ocrx_word' id='word_1_174' title='bbox 2642 1131 2800 1184; x_wconf 83' lang='lat' dir='ltr'><strong>super</strong></span> <span class='ocrx_word' id='word_1_175' title='bbox 2821 1113 2992 1169; x_wconf 73' lang='lat' dir='ltr'><strong>Israel</strong></span> <span class='ocrx_word' id='word_1_176' title='bbox 3019 1115 3073 1170; x_wconf 86' lang='lat' dir='ltr'><strong>in</strong></span> <span class='ocrx_word' id='word_1_177' title='bbox 3112 1132 3271 1171; x_wconf 90' lang='lat' dir='ltr'><strong>manu</strong></span> <span class='ocrx_word' id='word_1_178' title='bbox 3294 1116 3467 1188; x_wconf 84' lang='lat' dir='ltr'><strong>angeli</strong></span> 
     </span>
    </p>
   </div>
   <div class='ocr_carea' id='block_1_25' title="bbox 1882 1204 3465 1279">
    <p class='ocr_par' dir='ltr' id='par_1_25' title="bbox 1882 1204 3465 1279">
     <span class='ocr_line' id='line_1_25' title="bbox 1882 1204 3465 1279; baseline 0.004 -23"><span class='ocrx_word' id='word_1_179' title='bbox 1882 1204 2013 1273; x_wconf 86' lang='lat' dir='ltr'><strong>ejus.</strong></span> <span class='ocrx_word' id='word_1_180' title='bbox 2045 1205 2148 1259; x_wconf 81' lang='lat' dir='ltr'><strong>lste</strong></span> <span class='ocrx_word' id='word_1_181' title='bbox 2180 1206 2323 1260; x_wconf 88' lang='lat' dir='ltr'><strong>enim</strong></span> <span class='ocrx_word' id='word_1_182' title='bbox 2368 1215 2551 1278; x_wconf 84' lang='lat' dir='ltr'><strong>typum</strong></span> <span class='ocrx_word' id='word_1_183' title='bbox 2596 1206 2893 1263; x_wconf 85' lang='lat' dir='ltr'><strong>Salvatoris</strong></span> <span class='ocrx_word' id='word_1_184' title='bbox 2932 1207 3105 1269; x_wconf 87' lang='lat' dir='ltr'><strong>nostri</strong></span> <span class='ocrx_word' id='word_1_185' title='bbox 3148 1208 3339 1275; x_wconf 81' lang='lat' dir='ltr'><strong>tenuit,</strong></span> <span class='ocrx_word' id='word_1_186' title='bbox 3372 1209 3465 1279; x_wconf 90' lang='lat' dir='ltr'><strong>qui</strong></span> 
     </span>
    </p>
   </div>
   <div class='ocr_carea' id='block_1_26' title="bbox 1886 1294 2774 1367">
    <p class='ocr_par' dir='ltr' id='par_1_26' title="bbox 1886 1294 2774 1367">
     <span class='ocr_line' id='line_1_26' title="bbox 1886 1294 2774 1367; baseline 0.006 -20"><span class='ocrx_word' id='word_1_187' title='bbox 1886 1294 2098 1364; x_wconf 79' lang='lat' dir='ltr'><strong>angelus</strong></span> <span class='ocrx_word' id='word_1_188' title='bbox 2120 1298 2299 1367; x_wconf 83' lang='lat' dir='ltr'><strong>magni</strong></span> <span class='ocrx_word' id='word_1_189' title='bbox 2320 1296 2527 1351; x_wconf 80' lang='lat' dir='ltr'><strong>consilii</strong></span> <span class='ocrx_word' id='word_1_190' title='bbox 2558 1298 2774 1353; x_wconf 89' lang='lat' dir='ltr'><strong>dicitur.</strong></span> 
     </span>
    </p>
   </div>
   <div class='ocr_carea' id='block_1_27' title="bbox 1952 1386 2809 1459">
    <p class='ocr_par' dir='ltr' id='par_1_27' title="bbox 1952 1386 2809 1459">
     <span class='ocr_line' id='line_1_27' title="bbox 1952 1386 2809 1459; baseline 0.005 -21"><span class='ocrx_word' id='word_1_191' title='bbox 1952 1386 2151 1441; x_wconf 85' lang='lat' dir='ltr'><strong>Esdras</strong></span> <span class='ocrx_word' id='word_1_192' title='bbox 2180 1387 2569 1458; x_wconf 83' lang='lat' dir='ltr'><strong>interpretatur</strong></span> <span class='ocrx_word' id='word_1_193' title='bbox 2597 1389 2809 1459; x_wconf 72' lang='lat' dir='ltr'><strong>adjutor-</strong></span> 
     </span>
    </p>
   </div>
   <div class='ocr_carea' id='block_1_28' title="bbox 1957 1472 3467 1547">
    <p class='ocr_par' dir='ltr' id='par_1_28' title="bbox 1957 1472 3467 1547">
     <span class='ocr_line' id='line_1_28' title="bbox 1957 1472 3467 1547; baseline 0.005 -21"><span class='ocrx_word' id='word_1_194' title='bbox 1957 1472 2244 1530; x_wconf 82' lang='lat' dir='ltr'><strong>Nehemias</strong></span> <span class='ocrx_word' id='word_1_195' title='bbox 2264 1476 2652 1547; x_wconf 83' lang='lat' dir='ltr'><strong>interpretatur</strong></span> <span class='ocrx_word' id='word_1_196' title='bbox 2677 1478 2975 1533; x_wconf 83' lang='lat' dir='ltr'><strong>consolator</strong></span> <span class='ocrx_word' id='word_1_197' title='bbox 2994 1496 3027 1532; x_wconf 91' lang='lat' dir='ltr'><strong>a</strong></span> <span class='ocrx_word' id='word_1_198' title='bbox 3051 1477 3296 1533; x_wconf 88' lang='lat' dir='ltr'><strong>Domino.</strong></span> <span class='ocrx_word' id='word_1_199' title='bbox 3327 1477 3467 1546; x_wconf 83' lang='lat' dir='ltr'><strong>Quo-</strong></span> 
     </span>
    </p>
   </div>
   <div class='ocr_carea' id='block_1_29' title="bbox 1885 1562 3467 1636">
    <p class='ocr_par' dir='ltr' id='par_1_29' title="bbox 1885 1562 3467 1636">
     <span class='ocr_line' id='line_1_29' title="bbox 1885 1562 3467 1636; baseline 0.006 -20"><span class='ocrx_word' id='word_1_200' title='bbox 1885 1562 2010 1617; x_wconf 85' lang='lat' dir='ltr'><strong>dam</strong></span> <span class='ocrx_word' id='word_1_201' title='bbox 2038 1563 2180 1618; x_wconf 91' lang='lat' dir='ltr'><strong>enim</strong></span> <span class='ocrx_word' id='word_1_202' title='bbox 2214 1568 2476 1636; x_wconf 77' lang='lat' dir='ltr'><strong>praesagio</strong></span> <span class='ocrx_word' id='word_1_203' title='bbox 2511 1566 2813 1623; x_wconf 78' lang='lat' dir='ltr'><strong>futurorum</strong></span> <span class='ocrx_word' id='word_1_204' title='bbox 2864 1570 3085 1625; x_wconf 88' lang='lat' dir='ltr'><strong>nomina</strong></span> <span class='ocrx_word' id='word_1_205' title='bbox 3128 1569 3230 1625; x_wconf 89' lang='lat' dir='ltr'><strong>ista</strong></span> <span class='ocrx_word' id='word_1_206' title='bbox 3276 1570 3467 1625; x_wconf 89' lang='lat' dir='ltr'><strong>sortita</strong></span> 
     </span>
    </p>
   </div>
   <div class='ocr_carea' id='block_1_30' title="bbox 1886 1648 3469 1729">
    <p class='ocr_par' dir='ltr' id='par_1_30' title="bbox 1886 1648 3469 1729">
     <span class='ocr_line' id='line_1_30' title="bbox 1886 1648 3469 1729; baseline 0.004 -18"><span class='ocrx_word' id='word_1_207' title='bbox 1886 1664 2029 1712; x_wconf 91' lang='lat' dir='ltr'><strong>sunt.</strong></span> <span class='ocrx_word' id='word_1_208' title='bbox 2062 1648 2301 1713; x_wconf 79' lang='lat' dir='ltr'><strong>Fuerunt</strong></span> <span class='ocrx_word' id='word_1_209' title='bbox 2331 1659 2474 1713; x_wconf 90' lang='lat' dir='ltr'><strong>enim</strong></span> <span class='ocrx_word' id='word_1_210' title='bbox 2517 1660 2570 1714; x_wconf 90' lang='lat' dir='ltr'><strong>in</strong></span> <span class='ocrx_word' id='word_1_211' title='bbox 2607 1660 2935 1729; x_wconf 74' lang='lat' dir='ltr'><strong>adiutorium</strong></span> <span class='ocrx_word' id='word_1_212' title='bbox 2963 1669 3017 1718; x_wconf 90' lang='lat' dir='ltr'><strong>et</strong></span> <span class='ocrx_word' id='word_1_213' title='bbox 3046 1661 3469 1719; x_wconf 88' lang='lat' dir='ltr'><strong>consolationem</strong></span> 
     </span>
    </p>
   </div>
   <div class='ocr_carea' id='block_1_31' title="bbox 1885 1740 3470 1821">
    <p class='ocr_par' dir='ltr' id='par_1_31' title="bbox 1885 1740 3470 1821">
     <span class='ocr_line' id='line_1_31' title="bbox 1885 1740 3470 1821; baseline 0.003 -19"><span class='ocrx_word' id='word_1_214' title='bbox 1885 1748 2032 1802; x_wconf 92' lang='lat' dir='ltr'><strong>omni</strong></span> <span class='ocrx_word' id='word_1_215' title='bbox 2066 1740 2141 1802; x_wconf 87' lang='lat' dir='ltr'><strong>illi</strong></span> <span class='ocrx_word' id='word_1_216' title='bbox 2172 1748 2366 1818; x_wconf 85' lang='lat' dir='ltr'><strong>populo</strong></span> <span class='ocrx_word' id='word_1_217' title='bbox 2396 1750 2642 1806; x_wconf 89' lang='lat' dir='ltr'><strong>redeunti</strong></span> <span class='ocrx_word' id='word_1_218' title='bbox 2683 1752 2749 1805; x_wconf 89' lang='lat' dir='ltr'><strong>ad</strong></span> <span class='ocrx_word' id='word_1_219' title='bbox 2788 1751 3041 1821; x_wconf 87' lang='lat' dir='ltr'><strong>patriam.</strong></span> <span class='ocrx_word' id='word_1_220' title='bbox 3072 1751 3208 1808; x_wconf 88' lang='lat' dir='ltr'><strong>Nam</strong></span> <span class='ocrx_word' id='word_1_221' title='bbox 3238 1759 3294 1808; x_wconf 92' lang='lat' dir='ltr'><strong>et</strong></span> <span class='ocrx_word' id='word_1_222' title='bbox 3334 1761 3470 1809; x_wconf 90' lang='lat' dir='ltr'><strong>tem-</strong></span> 
     </span>
    </p>
   </div>
   <div class='ocr_carea' id='block_1_32' title="bbox 200 1830 3472 1917">
    <p class='ocr_par' dir='ltr' id='par_1_32' title="bbox 200 1830 3472 1917">
     <span class='ocr_line' id='line_1_32' title="bbox 200 1830 3472 1917; baseline -0.001 -16"><span class='ocrx_word' id='word_1_223' title='bbox 200 1862 350 1901; x_wconf 90' lang='lat' dir='ltr'><strong>mum</strong></span> <span class='ocrx_word' id='word_1_224' title='bbox 382 1846 447 1901; x_wconf 89' lang='lat' dir='ltr'><strong>de</strong></span> <span class='ocrx_word' id='word_1_225' title='bbox 478 1844 748 1910; x_wconf 86' lang='lat' dir='ltr'><strong>Samaria,</strong></span> <span class='ocrx_word' id='word_1_226' title='bbox 780 1843 1016 1909; x_wconf 83' lang='lat' dir='ltr'><strong>secundo</strong></span> <span class='ocrx_word' id='word_1_227' title='bbox 1040 1844 1105 1895; x_wconf 88' lang='lat' dir='ltr'><strong>de</strong></span> <span class='ocrx_word' id='word_1_228' title='bbox 1132 1843 1485 1905; x_wconf 77' lang='lat' dir='ltr'><strong>Hierusalem.</strong></span> <span class='ocrx_word' id='word_1_229' title='bbox 1514 1845 1781 1905; x_wconf 74' lang='lat' dir='ltr'><strong>Quantum</strong></span> <span class='ocrx_word' id='word_1_230' title='bbox 1812 1830 1860 1891; x_wconf 89' lang='grc' dir='ltr'><strong>Β</strong></span> <span class='ocrx_word' id='word_1_231' title='bbox 1885 1830 2031 1917; x_wconf 84' lang='lat' dir='ltr'><strong>plum</strong></span> <span class='ocrx_word' id='word_1_232' title='bbox 2072 1840 2285 1895; x_wconf 90' lang='lat' dir='ltr'><strong>Domini</strong></span> <span class='ocrx_word' id='word_1_233' title='bbox 2317 1842 2479 1896; x_wconf 90' lang='lat' dir='ltr'><strong>iidem</strong></span> <span class='ocrx_word' id='word_1_234' title='bbox 2522 1842 3003 1909; x_wconf 68' lang='lat' dir='ltr'><strong>remdiﬁcaverunt,</strong></span> <span class='ocrx_word' id='word_1_235' title='bbox 3030 1851 3085 1900; x_wconf 90' lang='lat' dir='ltr'><strong>et</strong></span> <span class='ocrx_word' id='word_1_236' title='bbox 3108 1859 3387 1903; x_wconf 88' lang='lat' dir='ltr'><strong>murorum</strong></span> <span class='ocrx_word' id='word_1_237' title='bbox 3417 1852 3472 1899; x_wconf 89' lang='lat' dir='ltr'><strong>et</strong></span> 
     </span>
    </p>
   </div>
   <div class='ocr_carea' id='block_1_33' title="bbox 195 1930 1785 2009">
    <p class='ocr_par' dir='ltr' id='par_1_33' title="bbox 195 1930 1785 2009">
     <span class='ocr_line' id='line_1_33' title="bbox 195 1930 1785 2009; baseline -0.008 -13"><span class='ocrx_word' id='word_1_238' title='bbox 195 1954 332 1996; x_wconf 87' lang='lat' dir='ltr'><strong>vero</strong></span> <span class='ocrx_word' id='word_1_239' title='bbox 360 1939 432 1993; x_wconf 90' lang='lat' dir='ltr'><strong>ad</strong></span> <span class='ocrx_word' id='word_1_240' title='bbox 466 1937 722 2009; x_wconf 81' lang='lat' dir='ltr'><strong>mysticus</strong></span> <span class='ocrx_word' id='word_1_241' title='bbox 766 1934 1087 1998; x_wconf 85' lang='lat' dir='ltr'><strong>intellectus,</strong></span> <span class='ocrx_word' id='word_1_242' title='bbox 1130 1932 1255 2001; x_wconf 84' lang='lat' dir='ltr'><strong>quia</strong></span> <span class='ocrx_word' id='word_1_243' title='bbox 1302 1930 1545 1985; x_wconf 84' lang='lat' dir='ltr'><strong>Samaria</strong></span> <span class='ocrx_word' id='word_1_244' title='bbox 1574 1944 1785 1999; x_wconf 87' lang='lat' dir='ltr'><strong>semper</strong></span> 
     </span>
    </p>
   </div>
   <div class='ocr_carea' id='block_1_34' title="bbox 196 2013 1781 2093">
    <p class='ocr_par' dir='ltr' id='par_1_34' title="bbox 196 2013 1781 2093">
     <span class='ocr_line' id='line_1_34' title="bbox 196 2013 1781 2093; baseline -0.006 -7"><span class='ocrx_word' id='word_1_245' title='bbox 196 2030 255 2086; x_wconf 92' lang='lat' dir='ltr'><strong>in</strong></span> <span class='ocrx_word' id='word_1_246' title='bbox 280 2029 581 2085; x_wconf 66' lang='lat' dir='ltr'><strong>hatresibus</strong></span> <span class='ocrx_word' id='word_1_247' title='bbox 603 2014 885 2089; x_wconf 80' lang='lat' dir='ltr'><strong>accipitur.</strong></span> <span class='ocrx_word' id='word_1_248' title='bbox 917 2013 1250 2079; x_wconf 83' lang='lat' dir='ltr'><strong>Hierusalem</strong></span> <span class='ocrx_word' id='word_1_249' title='bbox 1274 2016 1329 2079; x_wconf 91' lang='lat' dir='ltr'><strong>in</strong></span> <span class='ocrx_word' id='word_1_250' title='bbox 1360 2032 1483 2093; x_wconf 83' lang='lat' dir='ltr'><strong>typo</strong></span> <span class='ocrx_word' id='word_1_251' title='bbox 1508 2021 1781 2087; x_wconf 67' lang='lat' dir='ltr'><strong>Ecclesiae,</strong></span> 
     </span>
    </p>
   </div>
   <div class='ocr_carea' id='block_1_35' title="bbox 196 2112 1789 2191">
    <p class='ocr_par' dir='ltr' id='par_1_35' title="bbox 196 2112 1789 2191">
     <span class='ocr_line' id='line_1_35' title="bbox 196 2112 1789 2191; baseline -0.005 -16"><span class='ocrx_word' id='word_1_252' title='bbox 196 2120 433 2176; x_wconf 87' lang='lat' dir='ltr'><strong>dicimus</strong></span> <span class='ocrx_word' id='word_1_253' title='bbox 475 2118 699 2171; x_wconf 77' lang='lat' dir='ltr'><strong>verbum</strong></span> <span class='ocrx_word' id='word_1_254' title='bbox 727 2114 941 2172; x_wconf 88' lang='lat' dir='ltr'><strong>Domini</strong></span> <span class='ocrx_word' id='word_1_255' title='bbox 984 2114 1097 2169; x_wconf 88' lang='lat' dir='ltr'><strong>ﬁeri</strong></span> <span class='ocrx_word' id='word_1_256' title='bbox 1150 2115 1214 2168; x_wconf 88' lang='lat' dir='ltr'><strong>ad</strong></span> <span class='ocrx_word' id='word_1_257' title='bbox 1254 2113 1511 2169; x_wconf 83' lang='lat' dir='ltr'><strong>humilem</strong></span> <span class='ocrx_word' id='word_1_258' title='bbox 1538 2112 1789 2191; x_wconf 56' lang='lat' dir='ltr'><strong>etcobaee</strong></span> 
     </span>
    </p>
   </div>
   <div class='ocr_carea' id='block_1_36' title="bbox 198 2203 1787 2274">
    <p class='ocr_par' dir='ltr' id='par_1_36' title="bbox 198 2203 1787 2274">
     <span class='ocr_line' id='line_1_36' title="bbox 198 2203 1787 2274; baseline -0.004 -9"><span class='ocrx_word' id='word_1_259' title='bbox 198 2211 383 2273; x_wconf 82' lang='lat' dir='ltr'><strong>redem</strong></span> <span class='ocrx_word' id='word_1_260' title='bbox 408 2209 613 2269; x_wconf 76' lang='lat' dir='ltr'><strong>Christi</strong></span> <span class='ocrx_word' id='word_1_261' title='bbox 645 2207 711 2261; x_wconf 90' lang='lat' dir='ltr'><strong>de</strong></span> <span class='ocrx_word' id='word_1_262' title='bbox 746 2208 970 2263; x_wconf 87' lang='lat' dir='ltr'><strong>diversis</strong></span> <span class='ocrx_word' id='word_1_263' title='bbox 992 2205 1332 2274; x_wconf 81' lang='lat' dir='ltr'><strong>dogmatibus</strong></span> <span class='ocrx_word' id='word_1_264' title='bbox 1358 2203 1628 2270; x_wconf 68' lang='lat' dir='ltr'><strong>Ecclesiae,</strong></span> <span class='ocrx_word' id='word_1_265' title='bbox 1660 2204 1787 2274; x_wconf 84' lang='lat' dir='ltr'><strong>quia</strong></span> 
     </span>
    </p>
   </div>
   <div class='ocr_carea' id='block_1_37' title="bbox 199 2296 1789 2372">
    <p class='ocr_par' dir='ltr' id='par_1_37' title="bbox 199 2296 1789 2372">
     <span class='ocr_line' id='line_1_37' title="bbox 199 2296 1789 2372; baseline -0.004 -17"><span class='ocrx_word' id='word_1_266' title='bbox 199 2302 340 2361; x_wconf 83' lang='lat' dir='ltr'><strong>forte</strong></span> <span class='ocrx_word' id='word_1_267' title='bbox 373 2311 655 2372; x_wconf 85' lang='lat' dir='ltr'><strong>peccatum</strong></span> <span class='ocrx_word' id='word_1_268' title='bbox 693 2300 1055 2361; x_wconf 84' lang='lat' dir='ltr'><strong>commiserat,</strong></span> <span class='ocrx_word' id='word_1_269' title='bbox 1096 2306 1151 2353; x_wconf 87' lang='lat' dir='ltr'><strong>et</strong></span> <span class='ocrx_word' id='word_1_270' title='bbox 1177 2298 1358 2354; x_wconf 85' lang='lat' dir='ltr'><strong>totius</strong></span> <span class='ocrx_word' id='word_1_271' title='bbox 1394 2298 1598 2363; x_wconf 86' lang='lat' dir='ltr'><strong>ordinis</strong></span> <span class='ocrx_word' id='word_1_272' title='bbox 1641 2296 1789 2350; x_wconf 87' lang='lat' dir='ltr'><strong>volu-</strong></span> 
     </span>
    </p>
   </div>
   <div class='ocr_carea' id='block_1_38' title="bbox 201 2396 689 2448">
    <p class='ocr_par' dir='ltr' id='par_1_38' title="bbox 201 2396 689 2448">
     <span class='ocr_line' id='line_1_38' title="bbox 201 2396 689 2448; baseline -0.01 -1"><span class='ocrx_word' id='word_1_273' title='bbox 201 2409 328 2448; x_wconf 88' lang='lat' dir='ltr'><strong>men</strong></span> <span class='ocrx_word' id='word_1_274' title='bbox 354 2396 689 2446; x_wconf 74' lang='lat' dir='ltr'><strong>contexerat.</strong></span> 
     </span>
    </p>
   </div>
   <div class='ocr_carea' id='block_1_39' title="bbox 272 2479 1784 2548">
    <p class='ocr_par' dir='ltr' id='par_1_39' title="bbox 272 2479 1784 2548">
     <span class='ocr_line' id='line_1_39' title="bbox 272 2479 1784 2548; baseline -0.003 -11"><span class='ocrx_word' id='word_1_275' title='bbox 272 2483 487 2537; x_wconf 81' lang='lat' dir='ltr'><strong>Nahum</strong></span> <span class='ocrx_word' id='word_1_276' title='bbox 534 2482 922 2548; x_wconf 86' lang='lat' dir='ltr'><strong>interpretatur</strong></span> <span class='ocrx_word' id='word_1_277' title='bbox 946 2496 1172 2543; x_wconf 77' lang='lat' dir='ltr'><strong>germen,</strong></span> <span class='ocrx_word' id='word_1_278' title='bbox 1212 2479 1325 2534; x_wconf 87' lang='lat' dir='ltr'><strong>sive</strong></span> <span class='ocrx_word' id='word_1_279' title='bbox 1353 2483 1668 2533; x_wconf 82' lang='lat' dir='ltr'><strong>consolator.</strong></span> <span class='ocrx_word' id='word_1_280' title='bbox 1696 2488 1784 2532; x_wconf 87' lang='lat' dir='ltr'><strong>ln-</strong></span> 
     </span>
    </p>
   </div>
   <div class='ocr_carea' id='block_1_40' title="bbox 202 2569 1789 2643">
    <p class='ocr_par' dir='ltr' id='par_1_40' title="bbox 202 2569 1789 2643">
     <span class='ocr_line' id='line_1_40' title="bbox 202 2569 1789 2643; baseline -0.004 -14"><span class='ocrx_word' id='word_1_281' title='bbox 202 2580 389 2643; x_wconf 87' lang='lat' dir='ltr'><strong>crepat</strong></span> <span class='ocrx_word' id='word_1_282' title='bbox 415 2570 558 2627; x_wconf 91' lang='lat' dir='ltr'><strong>enim</strong></span> <span class='ocrx_word' id='word_1_283' title='bbox 584 2570 854 2624; x_wconf 90' lang='lat' dir='ltr'><strong>civitatem</strong></span> <span class='ocrx_word' id='word_1_284' title='bbox 876 2569 1215 2640; x_wconf 88' lang='lat' dir='ltr'><strong>sanguinum,</strong></span> <span class='ocrx_word' id='word_1_285' title='bbox 1238 2577 1293 2623; x_wconf 92' lang='lat' dir='ltr'><strong>et</strong></span> <span class='ocrx_word' id='word_1_286' title='bbox 1316 2580 1433 2639; x_wconf 90' lang='lat' dir='ltr'><strong>post</strong></span> <span class='ocrx_word' id='word_1_287' title='bbox 1452 2569 1789 2624; x_wconf 71' lang='lat' dir='ltr'><strong>eversionem</strong></span> 
     </span>
    </p>
   </div>
   <div class='ocr_carea' id='block_1_41' title="bbox 204 2658 1789 2730">
    <p class='ocr_par' dir='ltr' id='par_1_41' title="bbox 204 2658 1789 2730">
     <span class='ocr_line' id='line_1_41' title="bbox 204 2658 1789 2730; baseline -0.003 -13"><span class='ocrx_word' id='word_1_288' title='bbox 204 2664 348 2719; x_wconf 89' lang='lat' dir='ltr'><strong>illius</strong></span> <span class='ocrx_word' id='word_1_289' title='bbox 376 2660 685 2717; x_wconf 88' lang='lat' dir='ltr'><strong>consolatur</strong></span> <span class='ocrx_word' id='word_1_290' title='bbox 709 2659 859 2726; x_wconf 91' lang='lat' dir='ltr'><strong>Sion,</strong></span> <span class='ocrx_word' id='word_1_291' title='bbox 883 2660 1066 2714; x_wconf 89' lang='lat' dir='ltr'><strong>dicens</strong></span> <span class='ocrx_word' id='word_1_292' title='bbox 1096 2678 1107 2712; x_wconf 92' lang='lat'><strong>:</strong></span> <span class='ocrx_word' id='word_1_293' title='bbox 1144 2658 1281 2713; x_wconf 89' lang='lat' dir='ltr'><strong>Ecce</strong></span> <span class='ocrx_word' id='word_1_294' title='bbox 1303 2676 1459 2728; x_wconf 83' lang='lat' dir='ltr'><strong>super</strong></span> <span class='ocrx_word' id='word_1_295' title='bbox 1482 2669 1680 2714; x_wconf 83' lang='lat' dir='ltr'><strong>montes</strong></span> <span class='ocrx_word' id='word_1_296' title='bbox 1700 2676 1789 2730; x_wconf 86' lang='lat' dir='ltr'><strong>pe-</strong></span> 
     </span>
    </p>
   </div>
   <div class='ocr_carea' id='block_1_42' title="bbox 204 2749 1787 2822">
    <p class='ocr_par' dir='ltr' id='par_1_42' title="bbox 204 2749 1787 2822">
     <span class='ocr_line' id='line_1_42' title="bbox 204 2749 1787 2822; baseline -0.004 -13"><span class='ocrx_word' id='word_1_297' title='bbox 204 2756 294 2809; x_wconf 86' lang='lat' dir='ltr'><strong>des</strong></span> <span class='ocrx_word' id='word_1_298' title='bbox 316 2752 714 2822; x_wconf 72' lang='lat' dir='ltr'><strong>evangelizantis</strong></span> <span class='ocrx_word' id='word_1_299' title='bbox 734 2760 779 2804; x_wconf 88' lang='lat' dir='ltr'><strong>et</strong></span> <span class='ocrx_word' id='word_1_300' title='bbox 804 2752 1164 2805; x_wconf 87' lang='lat' dir='ltr'><strong>annuntiantis</strong></span> <span class='ocrx_word' id='word_1_301' title='bbox 1195 2766 1371 2815; x_wconf 77' lang='lat' dir='ltr'><strong>pacem</strong></span> <span class='ocrx_word' id='word_1_302' title='bbox 1398 2750 1564 2818; x_wconf 81' lang='lat' dir='ltr'><strong>(Nah.</strong></span> <span class='ocrx_word' id='word_1_303' title='bbox 1588 2750 1651 2819; x_wconf 88' lang='grc' dir='ltr'><strong>ι).</strong></span> <span class='ocrx_word' id='word_1_304' title='bbox 1688 2749 1787 2804; x_wconf 85' lang='lat' dir='ltr'><strong>Hic</strong></span> 
     </span>
    </p>
   </div>
   <div class='ocr_carea' id='block_1_43' title="bbox 204 2841 1786 2915">
    <p class='ocr_par' dir='ltr' id='par_1_43' title="bbox 204 2841 1786 2915">
     <span class='ocr_line' id='line_1_43' title="bbox 204 2841 1786 2915; baseline -0.003 -16"><span class='ocrx_word' id='word_1_305' title='bbox 204 2860 424 2915; x_wconf 86' lang='lat' dir='ltr'><strong>quoque</strong></span> <span class='ocrx_word' id='word_1_306' title='bbox 466 2853 775 2898; x_wconf 89' lang='lat' dir='ltr'><strong>sanctorum</strong></span> <span class='ocrx_word' id='word_1_307' title='bbox 822 2846 1235 2911; x_wconf 68' lang='lat' dir='ltr'><strong>praedicatorum</strong></span> <span class='ocrx_word' id='word_1_308' title='bbox 1268 2847 1448 2911; x_wconf 85' lang='lat' dir='ltr'><strong>typum</strong></span> <span class='ocrx_word' id='word_1_309' title='bbox 1486 2848 1651 2905; x_wconf 87' lang='lat' dir='ltr'><strong>tenet,</strong></span> <span class='ocrx_word' id='word_1_310' title='bbox 1694 2841 1786 2910; x_wconf 90' lang='lat' dir='ltr'><strong>qui</strong></span> 
     </span>
    </p>
   </div>
   <div class='ocr_carea' id='block_1_44' title="bbox 203 2930 1785 3000">
    <p class='ocr_par' dir='ltr' id='par_1_44' title="bbox 203 2930 1785 3000">
     <span class='ocr_line' id='line_1_44' title="bbox 203 2930 1785 3000; baseline -0.004 -10"><span class='ocrx_word' id='word_1_311' title='bbox 203 2938 483 2991; x_wconf 86' lang='lat' dir='ltr'><strong>civitatem</strong></span> <span class='ocrx_word' id='word_1_312' title='bbox 510 2934 850 2998; x_wconf 83' lang='lat' dir='ltr'><strong>sanguinum,</strong></span> <span class='ocrx_word' id='word_1_313' title='bbox 881 2932 983 2986; x_wconf 89' lang='lat' dir='ltr'><strong>hoc</strong></span> <span class='ocrx_word' id='word_1_314' title='bbox 1006 2939 1107 2995; x_wconf 89' lang='lat' dir='ltr'><strong>est,</strong></span> <span class='ocrx_word' id='word_1_315' title='bbox 1136 2930 1463 3000; x_wconf 86' lang='lat' dir='ltr'><strong>Babylonem</strong></span> <span class='ocrx_word' id='word_1_316' title='bbox 1489 2930 1785 3000; x_wconf 88' lang='lat' dir='ltr'><strong>spiritalem</strong></span> 
     </span>
    </p>
   </div>
   <div class='ocr_carea' id='block_1_45' title="bbox 206 3023 1783 3098">
    <p class='ocr_par' dir='ltr' id='par_1_45' title="bbox 206 3023 1783 3098">
     <span class='ocr_line' id='line_1_45' title="bbox 206 3023 1783 3098; baseline -0.004 -15"><span class='ocrx_word' id='word_1_317' title='bbox 206 3030 548 3098; x_wconf 79' lang='lat' dir='ltr'><strong>increpantes</strong></span> <span class='ocrx_word' id='word_1_318' title='bbox 579 3032 826 3095; x_wconf 86' lang='lat' dir='ltr'><strong>arguunt,</strong></span> <span class='ocrx_word' id='word_1_319' title='bbox 856 3038 1075 3093; x_wconf 79' lang='lat' dir='ltr'><strong>germen</strong></span> <span class='ocrx_word' id='word_1_320' title='bbox 1106 3023 1231 3075; x_wconf 87' lang='lat' dir='ltr'><strong>ﬁdei</strong></span> <span class='ocrx_word' id='word_1_321' title='bbox 1274 3029 1327 3075; x_wconf 90' lang='lat' dir='ltr'><strong>et</strong></span> <span class='ocrx_word' id='word_1_322' title='bbox 1368 3028 1629 3075; x_wconf 85' lang='lat' dir='ltr'><strong>bonorum</strong></span> <span class='ocrx_word' id='word_1_323' title='bbox 1654 3035 1783 3091; x_wconf 85' lang='lat' dir='ltr'><strong>ope-</strong></span> 
     </span>
    </p>
   </div>
   <div class='ocr_carea' id='block_1_46' title="bbox 204 3111 1785 3185">
    <p class='ocr_par' dir='ltr' id='par_1_46' title="bbox 204 3111 1785 3185">
     <span class='ocr_line' id='line_1_46' title="bbox 204 3111 1785 3185; baseline -0.006 -11"><span class='ocrx_word' id='word_1_324' title='bbox 204 3135 328 3174; x_wconf 89' lang='lat' dir='ltr'><strong>rum</strong></span> <span class='ocrx_word' id='word_1_325' title='bbox 360 3118 428 3171; x_wconf 91' lang='lat' dir='ltr'><strong>ab</strong></span> <span class='ocrx_word' id='word_1_326' title='bbox 469 3117 548 3170; x_wconf 80' lang='lat' dir='ltr'><strong>eis</strong></span> <span class='ocrx_word' id='word_1_327' title='bbox 584 3120 919 3185; x_wconf 80' lang='lat' dir='ltr'><strong>expetentes;</strong></span> <span class='ocrx_word' id='word_1_328' title='bbox 971 3112 1018 3167; x_wconf 88' lang='lat' dir='ltr'><strong>si</strong></span> <span class='ocrx_word' id='word_1_329' title='bbox 1059 3112 1431 3182; x_wconf 58' lang='lat' dir='ltr'><strong>paenitentiam</strong></span> <span class='ocrx_word' id='word_1_330' title='bbox 1475 3111 1682 3181; x_wconf 77' lang='lat' dir='ltr'><strong>egerint</strong></span> <span class='ocrx_word' id='word_1_331' title='bbox 1720 3113 1785 3167; x_wconf 91' lang='lat' dir='ltr'><strong>de</strong></span> 
     </span>
    </p>
   </div>
   <div class='ocr_carea' id='block_1_47' title="bbox 201 3173 1856 3277">
    <p class='ocr_par' dir='ltr' id='par_1_47' title="bbox 201 3173 1856 3277">
     <span class='ocr_line' id='line_1_47' title="bbox 201 3173 1856 3277; baseline -0.003 -16"><span class='ocrx_word' id='word_1_332' title='bbox 201 3206 447 3277; x_wconf 87' lang='lat' dir='ltr'><strong>peccatis</strong></span> <span class='ocrx_word' id='word_1_333' title='bbox 475 3206 608 3268; x_wconf 86' lang='lat' dir='ltr'><strong>suis,</strong></span> <span class='ocrx_word' id='word_1_334' title='bbox 643 3173 1078 3258; x_wconf 48' lang='lat' dir='ltr'><strong>consolationem.</strong></span> <span class='ocrx_word' id='word_1_335' title='bbox 1099 3202 1270 3257; x_wconf 70' lang='lat' dir='ltr'><strong>venite</strong></span> <span class='ocrx_word' id='word_1_336' title='bbox 1309 3201 1422 3262; x_wconf 73' lang='lat' dir='ltr'><strong>illis</strong></span> <span class='ocrx_word' id='word_1_337' title='bbox 1440 3202 1778 3273; x_wconf 90' lang='lat' dir='ltr'><strong>promittunt.</strong></span> <span class='ocrx_word' id='word_1_338' title='bbox 1809 3173 1856 3238; x_wconf 63' lang='grc' dir='ltr'>α</span> 
     </span>
    </p>
   </div>
   <div class='ocr_carea' id='block_1_48' title="bbox 278 3292 1784 3361">
    <p class='ocr_par' dir='ltr' id='par_1_48' title="bbox 278 3292 1784 3361">
     <span class='ocr_line' id='line_1_48' title="bbox 278 3292 1784 3361; baseline -0.001 -12"><span class='ocrx_word' id='word_1_339' title='bbox 278 3294 533 3350; x_wconf 79' lang='lat' dir='ltr'><strong>Habacue</strong></span> <span class='ocrx_word' id='word_1_340' title='bbox 571 3292 955 3361; x_wconf 80' lang='lat' dir='ltr'><strong>interpretatur</strong></span> <span class='ocrx_word' id='word_1_341' title='bbox 988 3292 1313 3361; x_wconf 77' lang='lat' dir='ltr'><strong>amplexans.</strong></span> <span class='ocrx_word' id='word_1_342' title='bbox 1347 3292 1481 3360; x_wconf 85' lang='lat' dir='ltr'><strong>Quia</strong></span> <span class='ocrx_word' id='word_1_343' title='bbox 1514 3292 1594 3347; x_wconf 87' lang='lat' dir='ltr'><strong>vel</strong></span> <span class='ocrx_word' id='word_1_344' title='bbox 1624 3307 1689 3346; x_wconf 82' lang='lat' dir='ltr'><strong>ex</strong></span> <span class='ocrx_word' id='word_1_345' title='bbox 1721 3307 1784 3347; x_wconf 90' lang='lat' dir='ltr'><strong>eo</strong></span> 
     </span>
    </p>
   </div>
   <div class='ocr_carea' id='block_1_49' title="bbox 204 3380 1785 3457">
    <p class='ocr_par' dir='ltr' id='par_1_49' title="bbox 204 3380 1785 3457">
     <span class='ocr_line' id='line_1_49' title="bbox 204 3380 1785 3457; baseline -0.004 -17"><span class='ocrx_word' id='word_1_346' title='bbox 204 3387 355 3457; x_wconf 85' lang='lat' dir='ltr'><strong>quod</strong></span> <span class='ocrx_word' id='word_1_347' title='bbox 396 3389 641 3437; x_wconf 76' lang='lat' dir='ltr'><strong>amabilis</strong></span> <span class='ocrx_word' id='word_1_348' title='bbox 681 3381 890 3435; x_wconf 90' lang='lat' dir='ltr'><strong>Domini</strong></span> <span class='ocrx_word' id='word_1_349' title='bbox 928 3380 1049 3446; x_wconf 83' lang='lat' dir='ltr'><strong>fuit,</strong></span> <span class='ocrx_word' id='word_1_350' title='bbox 1081 3390 1303 3435; x_wconf 84' lang='lat' dir='ltr'><strong>vocatur</strong></span> <span class='ocrx_word' id='word_1_351' title='bbox 1331 3382 1673 3450; x_wconf 82' lang='lat' dir='ltr'><strong>amplexatio,</strong></span> <span class='ocrx_word' id='word_1_352' title='bbox 1702 3380 1785 3435; x_wconf 87' lang='lat' dir='ltr'><strong>vel</strong></span> 
     </span>
    </p>
   </div>
   <div class='ocr_carea' id='block_1_50' title="bbox 206 3472 1782 3547">
    <p class='ocr_par' dir='ltr' id='par_1_50' title="bbox 206 3472 1782 3547">
     <span class='ocr_line' id='line_1_50' title="bbox 206 3472 1782 3547; baseline -0.002 -17"><span class='ocrx_word' id='word_1_353' title='bbox 206 3475 356 3547; x_wconf 89' lang='lat' dir='ltr'><strong>quod</strong></span> <span class='ocrx_word' id='word_1_354' title='bbox 384 3475 438 3527; x_wconf 90' lang='lat' dir='ltr'><strong>in</strong></span> <span class='ocrx_word' id='word_1_355' title='bbox 460 3473 753 3528; x_wconf 86' lang='lat' dir='ltr'><strong>certamine</strong></span> <span class='ocrx_word' id='word_1_356' title='bbox 772 3488 891 3527; x_wconf 92' lang='lat' dir='ltr'><strong>cum</strong></span> <span class='ocrx_word' id='word_1_357' title='bbox 919 3472 1028 3527; x_wconf 91' lang='lat' dir='ltr'><strong>Deo</strong></span> <span class='ocrx_word' id='word_1_358' title='bbox 1048 3473 1389 3543; x_wconf 85' lang='lat' dir='ltr'><strong>congreditur</strong></span> <span class='ocrx_word' id='word_1_359' title='bbox 1406 3472 1782 3541; x_wconf 79' lang='lat' dir='ltr'><strong>amplexantis,</strong></span> 
     </span>
    </p>
   </div>
   <div class='ocr_carea' id='block_1_51' title="bbox 206 3562 1783 3627">
    <p class='ocr_par' dir='ltr' id='par_1_51' title="bbox 206 3562 1783 3627">
     <span class='ocr_line' id='line_1_51' title="bbox 206 3562 1783 3627; baseline -0.001 -7"><span class='ocrx_word' id='word_1_360' title='bbox 206 3566 266 3620; x_wconf 85' lang='lat' dir='ltr'><strong>id</strong></span> <span class='ocrx_word' id='word_1_361' title='bbox 297 3572 405 3627; x_wconf 87' lang='lat' dir='ltr'><strong>est,</strong></span> <span class='ocrx_word' id='word_1_362' title='bbox 437 3562 683 3616; x_wconf 87' lang='lat' dir='ltr'><strong>luctantis</strong></span> <span class='ocrx_word' id='word_1_363' title='bbox 711 3562 930 3615; x_wconf 87' lang='lat' dir='ltr'><strong>sortitus</strong></span> <span class='ocrx_word' id='word_1_364' title='bbox 954 3570 1036 3616; x_wconf 89' lang='lat' dir='ltr'><strong>est</strong></span> <span class='ocrx_word' id='word_1_365' title='bbox 1062 3578 1275 3616; x_wconf 87' lang='lat' dir='ltr'><strong>nomen.</strong></span> <span class='ocrx_word' id='word_1_366' title='bbox 1302 3562 1485 3616; x_wconf 81' lang='lat' dir='ltr'><strong>Nullus</strong></span> <span class='ocrx_word' id='word_1_367' title='bbox 1505 3569 1649 3617; x_wconf 91' lang='lat' dir='ltr'><strong>enim</strong></span> <span class='ocrx_word' id='word_1_368' title='bbox 1674 3576 1783 3619; x_wconf 89' lang='lat' dir='ltr'><strong>tam</strong></span> 
     </span>
    </p>
   </div>
   <div class='ocr_carea' id='block_1_52' title="bbox 206 3650 1786 3722">
    <p class='ocr_par' dir='ltr' id='par_1_52' title="bbox 206 3650 1786 3722">
     <span class='ocr_line' id='line_1_52' title="bbox 206 3650 1786 3722; baseline 0 -14"><span class='ocrx_word' id='word_1_369' title='bbox 206 3653 405 3708; x_wconf 88' lang='lat' dir='ltr'><strong>audaci</strong></span> <span class='ocrx_word' id='word_1_370' title='bbox 446 3666 575 3706; x_wconf 87' lang='lat' dir='ltr'><strong>voce</strong></span> <span class='ocrx_word' id='word_1_371' title='bbox 613 3666 773 3705; x_wconf 91' lang='lat' dir='ltr'><strong>ausus</strong></span> <span class='ocrx_word' id='word_1_372' title='bbox 813 3658 896 3704; x_wconf 88' lang='lat' dir='ltr'><strong>est</strong></span> <span class='ocrx_word' id='word_1_373' title='bbox 940 3650 1105 3704; x_wconf 91' lang='lat' dir='ltr'><strong>Deum</strong></span> <span class='ocrx_word' id='word_1_374' title='bbox 1144 3651 1209 3704; x_wconf 90' lang='lat' dir='ltr'><strong>ad</strong></span> <span class='ocrx_word' id='word_1_375' title='bbox 1241 3652 1786 3722; x_wconf 83' lang='lat' dir='ltr'><strong>disceptationemju-</strong></span> 
     </span>
    </p>
   </div>
   <div class='ocr_carea' id='block_1_53' title="bbox 204 3738 1786 3809">
    <p class='ocr_par' dir='ltr' id='par_1_53' title="bbox 204 3738 1786 3809">
     <span class='ocr_line' id='line_1_53' title="bbox 204 3738 1786 3809; baseline -0.001 -11"><span class='ocrx_word' id='word_1_376' title='bbox 204 3742 373 3798; x_wconf 56' lang='lat' dir='ltr'><strong>stitia</strong></span> <span class='ocrx_word' id='word_1_377' title='bbox 410 3753 722 3809; x_wconf 86' lang='lat' dir='ltr'><strong>provocare,</strong></span> <span class='ocrx_word' id='word_1_378' title='bbox 776 3752 873 3792; x_wconf 90' lang='lat' dir='ltr'><strong>cur</strong></span> <span class='ocrx_word' id='word_1_379' title='bbox 916 3738 971 3791; x_wconf 91' lang='lat' dir='ltr'><strong>in</strong></span> <span class='ocrx_word' id='word_1_380' title='bbox 1002 3739 1174 3807; x_wconf 64' lang='lat' dir='ltr'><strong>,rebus</strong></span> <span class='ocrx_word' id='word_1_381' title='bbox 1224 3738 1469 3793; x_wconf 88' lang='lat' dir='ltr'><strong>humanis</strong></span> <span class='ocrx_word' id='word_1_382' title='bbox 1512 3750 1567 3795; x_wconf 88' lang='lat' dir='ltr'><strong>et</strong></span> <span class='ocrx_word' id='word_1_383' title='bbox 1605 3744 1786 3797; x_wconf 89' lang='lat' dir='ltr'><strong>mundi</strong></span> 
     </span>
    </p>
   </div>
   <div class='ocr_carea' id='block_1_54' title="bbox 207 3828 1785 3901">
    <p class='ocr_par' dir='ltr' id='par_1_54' title="bbox 207 3828 1785 3901">
     <span class='ocr_line' id='line_1_54' title="bbox 207 3828 1785 3901; baseline -0.003 -10"><span class='ocrx_word' id='word_1_384' title='bbox 207 3836 370 3892; x_wconf 90' lang='lat' dir='ltr'><strong>istius</strong></span> <span class='ocrx_word' id='word_1_385' title='bbox 397 3838 545 3886; x_wconf 82' lang='lat' dir='ltr'><strong>tanta</strong></span> <span class='ocrx_word' id='word_1_386' title='bbox 567 3844 746 3884; x_wconf 89' lang='lat' dir='ltr'><strong>rerum</strong></span> <span class='ocrx_word' id='word_1_387' title='bbox 769 3841 1011 3884; x_wconf 83' lang='lat' dir='ltr'><strong>versetur</strong></span> <span class='ocrx_word' id='word_1_388' title='bbox 1032 3829 1306 3898; x_wconf 88' lang='lat' dir='ltr'><strong>iniquitas.</strong></span> <span class='ocrx_word' id='word_1_389' title='bbox 1339 3828 1619 3901; x_wconf 89' lang='lat' dir='ltr'><strong>Signiﬁcat</strong></span> <span class='ocrx_word' id='word_1_390' title='bbox 1643 3834 1785 3887; x_wconf 89' lang='lat' dir='ltr'><strong>enim</strong></span> 
     </span>
    </p>
   </div>
   <div class='ocr_carea' id='block_1_55' title="bbox 207 3917 1783 3992">
    <p class='ocr_par' dir='ltr' id='par_1_55' title="bbox 207 3917 1783 3992">
     <span class='ocr_line' id='line_1_55' title="bbox 207 3917 1783 3992; baseline -0.004 -11"><span class='ocrx_word' id='word_1_391' title='bbox 207 3925 424 3981; x_wconf 83' lang='lat' dir='ltr'><strong>ﬁdelem</strong></span> <span class='ocrx_word' id='word_1_392' title='bbox 473 3921 725 3992; x_wconf 87' lang='lat' dir='ltr'><strong>populum</strong></span> <span class='ocrx_word' id='word_1_393' title='bbox 770 3919 859 3987; x_wconf 88' lang='lat' dir='ltr'><strong>qui</strong></span> <span class='ocrx_word' id='word_1_394' title='bbox 885 3958 901 3983; x_wconf 95' lang='lat'><strong>,</strong></span> <span class='ocrx_word' id='word_1_395' title='bbox 951 3932 1110 3988; x_wconf 90' lang='lat' dir='ltr'><strong>super</strong></span> <span class='ocrx_word' id='word_1_396' title='bbox 1152 3917 1365 3973; x_wconf 79' lang='lat' dir='ltr'><strong>excelsa</strong></span> <span class='ocrx_word' id='word_1_397' title='bbox 1398 3918 1680 3985; x_wconf 81' lang='lat' dir='ltr'><strong>elevatus,</strong></span> <span class='ocrx_word' id='word_1_398' title='bbox 1732 3924 1783 3975; x_wconf 91' lang='lat' dir='ltr'><strong>in</strong></span> 
     </span>
    </p>
   </div>
   <div class='ocr_carea' id='block_1_56' title="bbox 205 4007 1783 4076">
    <p class='ocr_par' dir='ltr' id='par_1_56' title="bbox 205 4007 1783 4076">
     <span class='ocr_line' id='line_1_56' title="bbox 205 4007 1783 4076; baseline -0.004 -5"><span class='ocrx_word' id='word_1_399' title='bbox 205 4027 373 4071; x_wconf 77' lang='lat' dir='ltr'><strong>cruce</strong></span> <span class='ocrx_word' id='word_1_400' title='bbox 424 4011 708 4066; x_wconf 91' lang='lat' dir='ltr'><strong>Dominum</strong></span> <span class='ocrx_word' id='word_1_401' title='bbox 757 4008 1166 4076; x_wconf 89' lang='lat' dir='ltr'><strong>contemplatur,</strong></span> <span class='ocrx_word' id='word_1_402' title='bbox 1209 4008 1391 4064; x_wconf 89' lang='lat' dir='ltr'><strong>dicens</strong></span> <span class='ocrx_word' id='word_1_403' title='bbox 1426 4025 1441 4062; x_wconf 92' lang='lat'><strong>:</strong></span> <span class='ocrx_word' id='word_1_404' title='bbox 1488 4007 1698 4063; x_wconf 88' lang='lat' dir='ltr'><strong>Cornua</strong></span> <span class='ocrx_word' id='word_1_405' title='bbox 1730 4010 1783 4064; x_wconf 87' lang='lat' dir='ltr'><strong>in</strong></span> 
     </span>
    </p>
   </div>
   <div class='ocr_carea' id='block_1_57' title="bbox 205 4097 1785 4170">
    <p class='ocr_par' dir='ltr' id='par_1_57' title="bbox 205 4097 1785 4170">
     <span class='ocr_line' id='line_1_57' title="bbox 205 4097 1785 4170; baseline -0.001 -13"><span class='ocrx_word' id='word_1_406' title='bbox 205 4103 453 4157; x_wconf 81' lang='lat' dir='ltr'><strong>manibus</strong></span> <span class='ocrx_word' id='word_1_407' title='bbox 475 4102 608 4169; x_wconf 86' lang='lat' dir='ltr'><strong>ejus,</strong></span> <span class='ocrx_word' id='word_1_408' title='bbox 658 4097 762 4151; x_wconf 86' lang='lat' dir='ltr'><strong>illic</strong></span> <span class='ocrx_word' id='word_1_409' title='bbox 801 4097 1108 4165; x_wconf 83' lang='lat' dir='ltr'><strong>conﬁrmata</strong></span> <span class='ocrx_word' id='word_1_410' title='bbox 1152 4106 1227 4151; x_wconf 89' lang='lat' dir='ltr'><strong>est</strong></span> <span class='ocrx_word' id='word_1_411' title='bbox 1270 4100 1431 4153; x_wconf 83' lang='lat' dir='ltr'><strong>uirtus</strong></span> <span class='ocrx_word' id='word_1_412' title='bbox 1467 4099 1650 4169; x_wconf 75' lang='lat' dir='ltr'><strong>gloria:</strong></span> <span class='ocrx_word' id='word_1_413' title='bbox 1671 4101 1785 4170; x_wconf 87' lang='lat' dir='ltr'><strong>ejus</strong></span> 
     </span>
    </p>
   </div>
   <div class='ocr_carea' id='block_1_58' title="bbox 207 4192 521 4267">
    <p class='ocr_par' dir='ltr' id='par_1_58' title="bbox 207 4192 521 4267">
     <span class='ocr_line' id='line_1_58' title="bbox 207 4192 521 4267; baseline 0 -20"><span class='ocrx_word' id='word_1_414' title='bbox 207 4196 377 4267; x_wconf 82' lang='lat' dir='ltr'><strong>(Hab.</strong></span> <span class='ocrx_word' id='word_1_415' title='bbox 415 4192 521 4262; x_wconf 87' lang='grc' dir='ltr'><strong><em>ιιι).</em></strong></span> 
     </span>
    </p>
   </div>
   <div class='ocr_carea' id='block_1_59' title="bbox 282 4279 1785 4354">
    <p class='ocr_par' dir='ltr' id='par_1_59' title="bbox 282 4279 1785 4354">
     <span class='ocr_line' id='line_1_59' title="bbox 282 4279 1785 4354; baseline 0 -15"><span class='ocrx_word' id='word_1_416' title='bbox 282 4282 587 4354; x_wconf 82' lang='lat' dir='ltr'><strong>Sophonias</strong></span> <span class='ocrx_word' id='word_1_417' title='bbox 628 4280 915 4352; x_wconf 87' lang='lat' dir='ltr'><strong>speculum,</strong></span> <span class='ocrx_word' id='word_1_418' title='bbox 959 4279 1043 4335; x_wconf 89' lang='lat' dir='ltr'><strong>vel</strong></span> <span class='ocrx_word' id='word_1_419' title='bbox 1081 4297 1332 4336; x_wconf 91' lang='lat' dir='ltr'><strong>arcanum</strong></span> <span class='ocrx_word' id='word_1_420' title='bbox 1371 4282 1578 4337; x_wconf 87' lang='lat' dir='ltr'><strong>Domini</strong></span> <span class='ocrx_word' id='word_1_421' title='bbox 1616 4284 1785 4339; x_wconf 90' lang='lat' dir='ltr'><strong>inter-</strong></span> 
     </span>
    </p>
   </div>
   <div class='ocr_carea' id='block_1_60' title="bbox 204 4371 1785 4445">
    <p class='ocr_par' dir='ltr' id='par_1_60' title="bbox 204 4371 1785 4445">
     <span class='ocr_line' id='line_1_60' title="bbox 204 4371 1785 4445; baseline 0 -17"><span class='ocrx_word' id='word_1_422' title='bbox 204 4381 478 4445; x_wconf 87' lang='lat' dir='ltr'><strong>pretatur,</strong></span> <span class='ocrx_word' id='word_1_423' title='bbox 504 4371 643 4441; x_wconf 90' lang='lat' dir='ltr'><strong>quod</strong></span> <span class='ocrx_word' id='word_1_424' title='bbox 677 4378 961 4439; x_wconf 89' lang='lat' dir='ltr'><strong>utrumque</strong></span> <span class='ocrx_word' id='word_1_425' title='bbox 989 4371 1369 4439; x_wconf 74' lang='lat' dir='ltr'><strong>ad‘prOphetas</strong></span> <span class='ocrx_word' id='word_1_426' title='bbox 1390 4373 1653 4427; x_wconf 89' lang='lat' dir='ltr'><strong>convenit.</strong></span> <span class='ocrx_word' id='word_1_427' title='bbox 1682 4373 1785 4443; x_wconf 85' lang='lat' dir='ltr'><strong>Ipsi</strong></span> 
     </span>
    </p>
   </div>
   <div class='ocr_carea' id='block_1_61' title="bbox 207 4461 1780 4532">
    <p class='ocr_par' dir='ltr' id='par_1_61' title="bbox 207 4461 1780 4532">
     <span class='ocr_line' id='line_1_61' title="bbox 207 4461 1780 4532; baseline -0.003 -10"><span class='ocrx_word' id='word_1_428' title='bbox 207 4468 358 4522; x_wconf 80' lang='lat' dir='ltr'><strong>enim</strong></span> <span class='ocrx_word' id='word_1_429' title='bbox 378 4465 557 4519; x_wconf 87' lang='lat' dir='ltr'><strong>sciunt</strong></span> <span class='ocrx_word' id='word_1_430' title='bbox 583 4462 833 4532; x_wconf 87' lang='lat' dir='ltr'><strong>mysteria</strong></span> <span class='ocrx_word' id='word_1_431' title='bbox 867 4462 979 4515; x_wconf 87' lang='lat' dir='ltr'><strong>Dei.</strong></span> <span class='ocrx_word' id='word_1_432' title='bbox 1009 4461 1160 4517; x_wconf 87' lang='lat' dir='ltr'><strong>Unde</strong></span> <span class='ocrx_word' id='word_1_433' title='bbox 1187 4471 1239 4515; x_wconf 88' lang='lat' dir='ltr'><strong>et</strong></span> <span class='ocrx_word' id='word_1_434' title='bbox 1262 4463 1523 4517; x_wconf 87' lang='lat' dir='ltr'><strong>Ezechieli</strong></span> <span class='ocrx_word' id='word_1_435' title='bbox 1552 4466 1780 4518; x_wconf 89' lang='lat' dir='ltr'><strong>dicitur:</strong></span> 
     </span>
    </p>
   </div>
   <div class='ocr_carea' id='block_1_62' title="bbox 1887 1929 3469 2007">
    <p class='ocr_par' dir='ltr' id='par_1_62' title="bbox 1887 1929 3469 2007">
     <span class='ocr_line' id='line_1_62' title="bbox 1887 1929 3469 2007; baseline 0.004 -24"><span class='ocrx_word' id='word_1_436' title='bbox 1887 1929 2116 1984; x_wconf 89' lang='lat' dir='ltr'><strong>turrium</strong></span> <span class='ocrx_word' id='word_1_437' title='bbox 2142 1946 2276 2001; x_wconf 91' lang='lat' dir='ltr'><strong>opus</strong></span> <span class='ocrx_word' id='word_1_438' title='bbox 2321 1932 2420 2000; x_wconf 89' lang='lat' dir='ltr'><strong>ipsi</strong></span> <span class='ocrx_word' id='word_1_439' title='bbox 2465 1934 3161 2006; x_wconf 64' lang='lat' dir='ltr'><strong>restauraverunt.’Typum</strong></span> <span class='ocrx_word' id='word_1_440' title='bbox 3200 1931 3331 2007; x_wconf 85' lang='lat' dir='ltr'><strong>ergo</strong></span> <span class='ocrx_word' id='word_1_441' title='bbox 3378 1934 3469 1991; x_wconf 89' lang='lat' dir='ltr'><strong>isti</strong></span> 
     </span>
    </p>
   </div>
   <div class='ocr_carea' id='block_1_63' title="bbox 1886 2021 3471 2096">
    <p class='ocr_par' dir='ltr' id='par_1_63' title="bbox 1886 2021 3471 2096">
     <span class='ocr_line' id='line_1_63' title="bbox 1886 2021 3471 2096; baseline 0.003 -21"><span class='ocrx_word' id='word_1_442' title='bbox 1886 2021 2087 2076; x_wconf 84' lang='lat' dir='ltr'><strong>habent</strong></span> <span class='ocrx_word' id='word_1_443' title='bbox 2132 2030 2188 2076; x_wconf 92' lang='lat' dir='ltr'><strong>et</strong></span> <span class='ocrx_word' id='word_1_444' title='bbox 2232 2023 2599 2091; x_wconf 86' lang='lat' dir='ltr'><strong>apostolorum</strong></span> <span class='ocrx_word' id='word_1_445' title='bbox 2644 2031 2698 2079; x_wconf 88' lang='lat' dir='ltr'><strong>et</strong></span> <span class='ocrx_word' id='word_1_446' title='bbox 2735 2024 3149 2095; x_wconf 81' lang='lat' dir='ltr'><strong>praedicatorum</strong></span> <span class='ocrx_word' id='word_1_447' title='bbox 3193 2022 3471 2096; x_wconf 78' lang='lat' dir='ltr'><strong>Evangelii</strong></span> 
     </span>
    </p>
   </div>
   <div class='ocr_carea' id='block_1_64' title="bbox 1887 2110 3475 2191">
    <p class='ocr_par' dir='ltr' id='par_1_64' title="bbox 1887 2110 3475 2191">
     <span class='ocr_line' id='line_1_64' title="bbox 1887 2110 3475 2191; baseline 0.003 -24"><span class='ocrx_word' id='word_1_448' title='bbox 1887 2110 2111 2177; x_wconf 87' lang='lat' dir='ltr'><strong>Christi,</strong></span> <span class='ocrx_word' id='word_1_449' title='bbox 2140 2112 2232 2181; x_wconf 89' lang='lat' dir='ltr'><strong>qui</strong></span> <span class='ocrx_word' id='word_1_450' title='bbox 2272 2112 2515 2182; x_wconf 85' lang='lat' dir='ltr'><strong>spiritale</strong></span> <span class='ocrx_word' id='word_1_451' title='bbox 2540 2113 2826 2168; x_wconf 77' lang='lat' dir='ltr'><strong>zediﬁcium</strong></span> <span class='ocrx_word' id='word_1_452' title='bbox 2855 2113 2950 2168; x_wconf 89' lang='lat' dir='ltr'><strong>Dei</strong></span> <span class='ocrx_word' id='word_1_453' title='bbox 2969 2120 3092 2191; x_wconf 92' lang='lat' dir='ltr'><strong>post</strong></span> <span class='ocrx_word' id='word_1_454' title='bbox 3114 2113 3316 2170; x_wconf 81' lang='lat' dir='ltr'><strong>exitum</strong></span> <span class='ocrx_word' id='word_1_455' title='bbox 3343 2113 3475 2171; x_wconf 45' lang='lat' dir='ltr'><strong>ﬁde.</strong></span> 
     </span>
    </p>
   </div>
   <div class='ocr_carea' id='block_1_65' title="bbox 1886 2199 3473 2273">
    <p class='ocr_par' dir='ltr' id='par_1_65' title="bbox 1886 2199 3473 2273">
     <span class='ocr_line' id='line_1_65' title="bbox 1886 2199 3473 2273; baseline 0.003 -20"><span class='ocrx_word' id='word_1_456' title='bbox 1886 2199 2015 2255; x_wconf 91' lang='lat' dir='ltr'><strong>lium</strong></span> <span class='ocrx_word' id='word_1_457' title='bbox 2060 2199 2124 2255; x_wconf 90' lang='lat' dir='ltr'><strong>de</strong></span> <span class='ocrx_word' id='word_1_458' title='bbox 2164 2200 2437 2270; x_wconf 88' lang='lat' dir='ltr'><strong>Babylone</strong></span> <span class='ocrx_word' id='word_1_459' title='bbox 2464 2201 2621 2256; x_wconf 89' lang='lat' dir='ltr'><strong>istius</strong></span> <span class='ocrx_word' id='word_1_460' title='bbox 2648 2201 2850 2267; x_wconf 87' lang='lat' dir='ltr'><strong>mundi,</strong></span> <span class='ocrx_word' id='word_1_461' title='bbox 2878 2210 3040 2272; x_wconf 89' lang='lat' dir='ltr'><strong>atque</strong></span> <span class='ocrx_word' id='word_1_462' title='bbox 3073 2200 3376 2273; x_wconf 78' lang='lat' dir='ltr'><strong>regressum</strong></span> <span class='ocrx_word' id='word_1_463' title='bbox 3416 2220 3473 2258; x_wconf 80' lang='lat' dir='ltr'><strong>in</strong></span> 
     </span>
    </p>
   </div>
   <div class='ocr_carea' id='block_1_66' title="bbox 1886 2289 3475 2363">
    <p class='ocr_par' dir='ltr' id='par_1_66' title="bbox 1886 2289 3475 2363">
     <span class='ocr_line' id='line_1_66' title="bbox 1886 2289 3475 2363; baseline 0.002 -19"><span class='ocrx_word' id='word_1_464' title='bbox 1886 2299 2088 2345; x_wconf 89' lang='lat' dir='ltr'><strong>terram</strong></span> <span class='ocrx_word' id='word_1_465' title='bbox 2120 2290 2576 2359; x_wconf 87' lang='lat' dir='ltr'><strong>repromissionis,</strong></span> <span class='ocrx_word' id='word_1_466' title='bbox 2599 2291 2779 2347; x_wconf 88' lang='lat' dir='ltr'><strong>verbis</strong></span> <span class='ocrx_word' id='word_1_467' title='bbox 2825 2299 2882 2348; x_wconf 88' lang='lat' dir='ltr'><strong>et</strong></span> <span class='ocrx_word' id='word_1_468' title='bbox 2932 2292 3190 2363; x_wconf 84' lang='lat' dir='ltr'><strong>exemplis</strong></span> <span class='ocrx_word' id='word_1_469' title='bbox 3233 2289 3475 2363; x_wconf 88' lang='lat' dir='ltr'><strong>quotidie</strong></span> 
     </span>
    </p>
   </div>
   <div class='ocr_carea' id='block_1_67' title="bbox 1885 2381 3476 2456">
    <p class='ocr_par' dir='ltr' id='par_1_67' title="bbox 1885 2381 3476 2456">
     <span class='ocr_line' id='line_1_67' title="bbox 1885 2381 3476 2456; baseline 0.001 -21"><span class='ocrx_word' id='word_1_470' title='bbox 1885 2381 2234 2436; x_wconf 84' lang='lat' dir='ltr'><strong>instaurando</strong></span> <span class='ocrx_word' id='word_1_471' title='bbox 2264 2381 2609 2446; x_wconf 71' lang='lat' dir='ltr'><strong>reccdiﬁcant,</strong></span> <span class='ocrx_word' id='word_1_472' title='bbox 2639 2391 2699 2439; x_wconf 89' lang='lat' dir='ltr'><strong>ut</strong></span> <span class='ocrx_word' id='word_1_473' title='bbox 2742 2398 2861 2453; x_wconf 80' lang='lat' dir='ltr'><strong>quae</strong></span> <span class='ocrx_word' id='word_1_474' title='bbox 2887 2383 3039 2452; x_wconf 87' lang='lat' dir='ltr'><strong>prius</strong></span> <span class='ocrx_word' id='word_1_475' title='bbox 3070 2398 3167 2454; x_wconf 91' lang='lat' dir='ltr'><strong>per</strong></span> <span class='ocrx_word' id='word_1_476' title='bbox 3194 2382 3476 2456; x_wconf 86' lang='lat' dir='ltr'><strong>negligen-</strong></span> 
     </span>
    </p>
   </div>
   <div class='ocr_carea' id='block_1_68' title="bbox 1890 2470 3476 2541">
    <p class='ocr_par' dir='ltr' id='par_1_68' title="bbox 1890 2470 3476 2541">
     <span class='ocr_line' id='line_1_68' title="bbox 1890 2470 3476 2541; baseline 0.004 -17"><span class='ocrx_word' id='word_1_477' title='bbox 1890 2471 2021 2525; x_wconf 88' lang='lat' dir='ltr'><strong>tiam</strong></span> <span class='ocrx_word' id='word_1_478' title='bbox 2072 2470 2158 2525; x_wconf 89' lang='lat' dir='ltr'><strong>vel</strong></span> <span class='ocrx_word' id='word_1_479' title='bbox 2187 2471 2441 2527; x_wconf 87' lang='lat' dir='ltr'><strong>desidiam</strong></span> <span class='ocrx_word' id='word_1_480' title='bbox 2472 2473 2824 2541; x_wconf 88' lang='lat' dir='ltr'><strong>pristinorum</strong></span> <span class='ocrx_word' id='word_1_481' title='bbox 2851 2474 3214 2531; x_wconf 87' lang='lat' dir='ltr'><strong>habitatorum</strong></span> <span class='ocrx_word' id='word_1_482' title='bbox 3258 2472 3476 2531; x_wconf 68' lang='lat' dir='ltr'><strong>torrue-</strong></span> 
     </span>
    </p>
   </div>
   <div class='ocr_carea' id='block_1_69' title="bbox 1890 2563 3473 2636">
    <p class='ocr_par' dir='ltr' id='par_1_69' title="bbox 1890 2563 3473 2636">
     <span class='ocr_line' id='line_1_69' title="bbox 1890 2563 3473 2636; baseline 0.003 -20"><span class='ocrx_word' id='word_1_483' title='bbox 1890 2572 2032 2629; x_wconf 87' lang='lat' dir='ltr'><strong>rant,</strong></span> <span class='ocrx_word' id='word_1_484' title='bbox 2078 2563 2179 2632; x_wconf 90' lang='lat' dir='ltr'><strong>ipsi</strong></span> <span class='ocrx_word' id='word_1_485' title='bbox 2219 2565 2439 2619; x_wconf 88' lang='lat' dir='ltr'><strong>instanti</strong></span> <span class='ocrx_word' id='word_1_486' title='bbox 2479 2565 2596 2618; x_wconf 88' lang='lat' dir='ltr'><strong>nisu</strong></span> <span class='ocrx_word' id='word_1_487' title='bbox 2646 2572 2701 2618; x_wconf 89' lang='lat' dir='ltr'><strong>et</strong></span> <span class='ocrx_word' id='word_1_488' title='bbox 2734 2565 2910 2620; x_wconf 87' lang='lat' dir='ltr'><strong>studio</strong></span> <span class='ocrx_word' id='word_1_489' title='bbox 2942 2563 3182 2636; x_wconf 84' lang='lat' dir='ltr'><strong>perfecto</strong></span> <span class='ocrx_word' id='word_1_490' title='bbox 3206 2564 3344 2622; x_wconf 89' lang='lat' dir='ltr'><strong>&#39;cum</strong></span> <span class='ocrx_word' id='word_1_491' title='bbox 3382 2579 3473 2621; x_wconf 84' lang='lat' dir='ltr'><strong>co-</strong></span> 
     </span>
    </p>
   </div>
   <div class='ocr_carea' id='block_1_70' title="bbox 1889 2653 2860 2724">
    <p class='ocr_par' dir='ltr' id='par_1_70' title="bbox 1889 2653 2860 2724">
     <span class='ocr_line' id='line_1_70' title="bbox 1889 2653 2860 2724; baseline 0.002 -18"><span class='ocrx_word' id='word_1_492' title='bbox 1889 2653 2264 2723; x_wconf 88' lang='lat' dir='ltr'><strong>operatoribus</strong></span> <span class='ocrx_word' id='word_1_493' title='bbox 2294 2654 2501 2709; x_wconf 89' lang='lat' dir='ltr'><strong>devotis</strong></span> <span class='ocrx_word' id='word_1_494' title='bbox 2523 2662 2860 2724; x_wconf 87' lang='lat' dir='ltr'><strong>recuperent.</strong></span> 
     </span>
    </p>
   </div>
   <div class='ocr_carea' id='block_1_71' title="bbox 1957 2744 3469 2816">
    <p class='ocr_par' dir='ltr' id='par_1_71' title="bbox 1957 2744 3469 2816">
     <span class='ocr_line' id='line_1_71' title="bbox 1957 2744 3469 2816; baseline 0.003 -19"><span class='ocrx_word' id='word_1_495' title='bbox 1957 2744 2192 2798; x_wconf 86' lang='lat' dir='ltr'><strong>Ananias</strong></span> <span class='ocrx_word' id='word_1_496' title='bbox 2220 2745 2607 2816; x_wconf 88' lang='lat' dir='ltr'><strong>interpretatur</strong></span> <span class='ocrx_word' id='word_1_497' title='bbox 2638 2746 2808 2816; x_wconf 85' lang='lat' dir='ltr'><strong>gratia</strong></span> <span class='ocrx_word' id='word_1_498' title='bbox 2837 2745 2955 2800; x_wconf 86' lang='lat' dir='ltr'><strong>Dei.</strong></span> <span class='ocrx_word' id='word_1_499' title='bbox 2990 2744 3135 2803; x_wconf 88' lang='lat' dir='ltr'><strong>Idem</strong></span> <span class='ocrx_word' id='word_1_500' title='bbox 3156 2752 3211 2803; x_wconf 89' lang='lat' dir='ltr'><strong>et</strong></span> <span class='ocrx_word' id='word_1_501' title='bbox 3240 2745 3469 2802; x_wconf 88' lang='lat' dir='ltr'><strong>Sidrach</strong></span> 
     </span>
    </p>
   </div>
   <div class='ocr_carea' id='block_1_72' title="bbox 1888 2832 3464 2908">
    <p class='ocr_par' dir='ltr' id='par_1_72' title="bbox 1888 2832 3464 2908">
     <span class='ocr_line' id='line_1_72' title="bbox 1888 2832 3464 2908; baseline 0.005 -21"><span class='ocrx_word' id='word_1_502' title='bbox 1888 2832 2066 2905; x_wconf 84' lang='lat' dir='ltr'><strong>lingua</strong></span> <span class='ocrx_word' id='word_1_503' title='bbox 2095 2835 2401 2902; x_wconf 87' lang='lat' dir='ltr'><strong>Chaldaica,</strong></span> <span class='ocrx_word' id='word_1_504' title='bbox 2438 2838 2579 2906; x_wconf 88' lang='lat' dir='ltr'><strong>quod</strong></span> <span class='ocrx_word' id='word_1_505' title='bbox 2620 2839 3003 2908; x_wconf 88' lang='lat' dir='ltr'><strong>interpretatur</strong></span> <span class='ocrx_word' id='word_1_506' title='bbox 3033 2840 3249 2894; x_wconf 87' lang='lat' dir='ltr'><strong>decorus</strong></span> <span class='ocrx_word' id='word_1_507' title='bbox 3296 2856 3464 2895; x_wconf 88' lang='lat' dir='ltr'><strong>meus.</strong></span> 
     </span>
    </p>
   </div>
   <div class='ocr_carea' id='block_1_73' title="bbox 1954 2928 3469 2998">
    <p class='ocr_par' dir='ltr' id='par_1_73' title="bbox 1954 2928 3469 2998">
     <span class='ocr_line' id='line_1_73' title="bbox 1954 2928 3469 2998; baseline 0.004 -18"><span class='ocrx_word' id='word_1_508' title='bbox 1954 2928 2180 2983; x_wconf 82' lang='lat' dir='ltr'><strong>Azarias</strong></span> <span class='ocrx_word' id='word_1_509' title='bbox 2226 2929 2611 2998; x_wconf 84' lang='lat' dir='ltr'><strong>interpretatur</strong></span> <span class='ocrx_word' id='word_1_510' title='bbox 2649 2929 2906 2984; x_wconf 72' lang='lat' dir='ltr'><strong>auxilium</strong></span> <span class='ocrx_word' id='word_1_511' title='bbox 2954 2930 3183 2984; x_wconf 86' lang='lat' dir='ltr'><strong>Domini.</strong></span> <span class='ocrx_word' id='word_1_512' title='bbox 3233 2931 3379 2986; x_wconf 90' lang='lat' dir='ltr'><strong>ldem</strong></span> <span class='ocrx_word' id='word_1_513' title='bbox 3414 2939 3469 2988; x_wconf 91' lang='lat' dir='ltr'><strong>et</strong></span> 
     </span>
    </p>
   </div>
   <div class='ocr_carea' id='block_1_74' title="bbox 1885 3016 3469 3091">
    <p class='ocr_par' dir='ltr' id='par_1_74' title="bbox 1885 3016 3469 3091">
     <span class='ocr_line' id='line_1_74' title="bbox 1885 3016 3469 3091; baseline 0.004 -21"><span class='ocrx_word' id='word_1_514' title='bbox 1885 3016 2199 3088; x_wconf 81' lang='lat' dir='ltr'><strong>Abdenago,</strong></span> <span class='ocrx_word' id='word_1_515' title='bbox 2238 3020 2379 3088; x_wconf 91' lang='lat' dir='ltr'><strong>quod</strong></span> <span class='ocrx_word' id='word_1_516' title='bbox 2412 3020 2467 3074; x_wconf 94' lang='lat' dir='ltr'><strong>in</strong></span> <span class='ocrx_word' id='word_1_517' title='bbox 2512 3019 2757 3075; x_wconf 88' lang='lat' dir='ltr'><strong>Latinum</strong></span> <span class='ocrx_word' id='word_1_518' title='bbox 2780 3022 3012 3075; x_wconf 87' lang='lat' dir='ltr'><strong>vertitur</strong></span> <span class='ocrx_word' id='word_1_519' title='bbox 3044 3023 3265 3091; x_wconf 79' lang='lat' dir='ltr'><strong>serviens</strong></span> <span class='ocrx_word' id='word_1_520' title='bbox 3304 3032 3469 3077; x_wconf 90' lang='lat' dir='ltr'><strong>taceo.</strong></span> 
     </span>
    </p>
   </div>
   <div class='ocr_carea' id='block_1_75' title="bbox 1956 3106 3471 3183">
    <p class='ocr_par' dir='ltr' id='par_1_75' title="bbox 1956 3106 3471 3183">
     <span class='ocr_line' id='line_1_75' title="bbox 1956 3106 3471 3183; baseline 0.006 -24"><span class='ocrx_word' id='word_1_521' title='bbox 1956 3106 2141 3162; x_wconf 87' lang='lat' dir='ltr'><strong>Misael</strong></span> <span class='ocrx_word' id='word_1_522' title='bbox 2184 3108 2309 3177; x_wconf 88' lang='lat' dir='ltr'><strong>quia</strong></span> <span class='ocrx_word' id='word_1_523' title='bbox 2349 3109 2569 3180; x_wconf 83' lang='lat' dir='ltr'><strong>populus</strong></span> <span class='ocrx_word' id='word_1_524' title='bbox 2613 3110 2845 3165; x_wconf 90' lang='lat' dir='ltr'><strong>Domini.</strong></span> <span class='ocrx_word' id='word_1_525' title='bbox 2894 3110 3011 3181; x_wconf 91' lang='lat' dir='ltr'><strong>lpse</strong></span> <span class='ocrx_word' id='word_1_526' title='bbox 3050 3122 3103 3166; x_wconf 93' lang='lat' dir='ltr'><strong>et</strong></span> <span class='ocrx_word' id='word_1_527' title='bbox 3130 3110 3349 3181; x_wconf 82' lang='lat' dir='ltr'><strong>Misaac,</strong></span> <span class='ocrx_word' id='word_1_528' title='bbox 3380 3114 3471 3183; x_wconf 91' lang='lat' dir='ltr'><strong>qui</strong></span> 
     </span>
    </p>
   </div>
   <div class='ocr_carea' id='block_1_76' title="bbox 1888 3195 3475 3275">
    <p class='ocr_par' dir='ltr' id='par_1_76' title="bbox 1888 3195 3475 3275">
     <span class='ocr_line' id='line_1_76' title="bbox 1888 3195 3475 3275; baseline 0.005 -25"><span class='ocrx_word' id='word_1_529' title='bbox 1888 3195 2276 3265; x_wconf 87' lang='lat' dir='ltr'><strong>interpretatur</strong></span> <span class='ocrx_word' id='word_1_530' title='bbox 2322 3200 2458 3254; x_wconf 85' lang='lat' dir='ltr'><strong>risus</strong></span> <span class='ocrx_word' id='word_1_531' title='bbox 2486 3200 2569 3254; x_wconf 88' lang='lat' dir='ltr'><strong>vel</strong></span> <span class='ocrx_word' id='word_1_532' title='bbox 2607 3201 2876 3270; x_wconf 83' lang='lat' dir='ltr'><strong>gaudium.</strong></span> <span class='ocrx_word' id='word_1_533' title='bbox 2925 3201 2989 3255; x_wconf 89' lang='lat' dir='ltr'><strong>Hi</strong></span> <span class='ocrx_word' id='word_1_534' title='bbox 3017 3210 3126 3257; x_wconf 90' lang='lat' dir='ltr'><strong>tres</strong></span> <span class='ocrx_word' id='word_1_535' title='bbox 3164 3205 3315 3271; x_wconf 88' lang='lat' dir='ltr'><strong>pueri</strong></span> <span class='ocrx_word' id='word_1_536' title='bbox 3341 3204 3475 3275; x_wconf 86' lang='lat' dir='ltr'><strong>ﬁgu-</strong></span> 
     </span>
    </p>
   </div>
   <div class='ocr_carea' id='block_1_77' title="bbox 1888 3288 3474 3363">
    <p class='ocr_par' dir='ltr' id='par_1_77' title="bbox 1888 3288 3474 3363">
     <span class='ocr_line' id='line_1_77' title="bbox 1888 3288 3474 3363; baseline 0.008 -25"><span class='ocrx_word' id='word_1_537' title='bbox 1888 3300 2002 3339; x_wconf 87' lang='lat' dir='ltr'><strong>ram</strong></span> <span class='ocrx_word' id='word_1_538' title='bbox 2060 3288 2410 3356; x_wconf 65' lang='lat' dir='ltr'><strong>prretulerunt</strong></span> <span class='ocrx_word' id='word_1_539' title='bbox 2467 3298 2795 3353; x_wconf 89' lang='lat' dir='ltr'><strong>sanctorum,</strong></span> <span class='ocrx_word' id='word_1_540' title='bbox 2856 3292 2947 3361; x_wconf 89' lang='lat' dir='ltr'><strong>qui</strong></span> <span class='ocrx_word' id='word_1_541' title='bbox 2983 3307 3177 3363; x_wconf 86' lang='lat' dir='ltr'><strong>corpus</strong></span> <span class='ocrx_word' id='word_1_542' title='bbox 3215 3310 3370 3350; x_wconf 91' lang='lat' dir='ltr'><strong>suum</strong></span> <span class='ocrx_word' id='word_1_543' title='bbox 3418 3297 3474 3351; x_wconf 90' lang='lat' dir='ltr'><strong>in</strong></span> 
     </span>
    </p>
   </div>
   <div class='ocr_carea' id='block_1_78' title="bbox 1886 3376 2625 3445">
    <p class='ocr_par' dir='ltr' id='par_1_78' title="bbox 1886 3376 2625 3445">
     <span class='ocr_line' id='line_1_78' title="bbox 1886 3376 2625 3445; baseline 0.007 -16"><span class='ocrx_word' id='word_1_544' title='bbox 1886 3376 2256 3445; x_wconf 90' lang='lat' dir='ltr'><strong>persecutione</strong></span> <span class='ocrx_word' id='word_1_545' title='bbox 2299 3378 2625 3434; x_wconf 90' lang='lat' dir='ltr'><strong>obtulerunt.</strong></span> 
     </span>
    </p>
   </div>
   <div class='ocr_carea' id='block_1_79' title="bbox 1956 3467 3476 3545">
    <p class='ocr_par' dir='ltr' id='par_1_79' title="bbox 1956 3467 3476 3545">
     <span class='ocr_line' id='line_1_79' title="bbox 1956 3467 3476 3545; baseline 0.006 -24"><span class='ocrx_word' id='word_1_546' title='bbox 1956 3467 2137 3537; x_wconf 83' lang='lat' dir='ltr'><strong>Asaph</strong></span> <span class='ocrx_word' id='word_1_547' title='bbox 2167 3468 2552 3539; x_wconf 88' lang='lat' dir='ltr'><strong>interpretatur</strong></span> <span class='ocrx_word' id='word_1_548' title='bbox 2577 3487 2840 3542; x_wconf 81' lang='lat' dir='ltr'><strong>synagoga</strong></span> <span class='ocrx_word' id='word_1_549' title='bbox 2867 3490 2879 3525; x_wconf 90' lang='lat'><strong>:</strong></span> <span class='ocrx_word' id='word_1_550' title='bbox 2912 3472 3221 3544; x_wconf 86' lang='lat' dir='ltr'><strong>signiﬁcans</strong></span> <span class='ocrx_word' id='word_1_551' title='bbox 3252 3488 3476 3545; x_wconf 78' lang='lat' dir='ltr'><strong>congre-</strong></span> 
     </span>
    </p>
   </div>
   <div class='ocr_carea' id='block_1_80' title="bbox 1888 3558 3471 3635">
    <p class='ocr_par' dir='ltr' id='par_1_80' title="bbox 1888 3558 3471 3635">
     <span class='ocr_line' id='line_1_80' title="bbox 1888 3558 3471 3635; baseline 0.008 -26"><span class='ocrx_word' id='word_1_552' title='bbox 1888 3558 2151 3626; x_wconf 80' lang='lat' dir='ltr'><strong>gationem</strong></span> <span class='ocrx_word' id='word_1_553' title='bbox 2187 3575 2306 3626; x_wconf 79' lang='lat' dir='ltr'><strong>quae</strong></span> <span class='ocrx_word' id='word_1_554' title='bbox 2343 3564 2590 3626; x_wconf 65' lang='lat' dir='ltr'><strong>crczzidit,</strong></span> <span class='ocrx_word' id='word_1_555' title='bbox 2629 3578 2731 3617; x_wconf 91' lang='lat' dir='ltr'><strong>non</strong></span> <span class='ocrx_word' id='word_1_556' title='bbox 2763 3578 2881 3631; x_wconf 70' lang='lat' dir='ltr'><strong>quce</strong></span> <span class='ocrx_word' id='word_1_557' title='bbox 2923 3564 3187 3618; x_wconf 85' lang='lat' dir='ltr'><strong>obstinata</strong></span> <span class='ocrx_word' id='word_1_558' title='bbox 3217 3580 3471 3635; x_wconf 90' lang='lat' dir='ltr'><strong>perman-</strong></span> 
     </span>
    </p>
   </div>
   <div class='ocr_carea' id='block_1_81' title="bbox 1887 3645 3475 3717">
    <p class='ocr_par' dir='ltr' id='par_1_81' title="bbox 1887 3645 3475 3717">
     <span class='ocr_line' id='line_1_81' title="bbox 1887 3645 3475 3717; baseline 0.007 -17"><span class='ocrx_word' id='word_1_559' title='bbox 1887 3648 1975 3700; x_wconf 88' lang='lat' dir='ltr'><strong>sit.</strong></span> <span class='ocrx_word' id='word_1_560' title='bbox 2032 3645 2165 3699; x_wconf 89' lang='lat' dir='ltr'><strong>Nam</strong></span> <span class='ocrx_word' id='word_1_561' title='bbox 2208 3657 2326 3717; x_wconf 88' lang='lat' dir='ltr'><strong>post</strong></span> <span class='ocrx_word' id='word_1_562' title='bbox 2372 3650 2822 3706; x_wconf 87' lang='lat' dir='ltr'><strong>resurrectionem</strong></span> <span class='ocrx_word' id='word_1_563' title='bbox 2874 3652 3084 3707; x_wconf 89' lang='lat' dir='ltr'><strong>Domini</strong></span> <span class='ocrx_word' id='word_1_564' title='bbox 3120 3655 3364 3711; x_wconf 82' lang='lat' dir='ltr'><strong>confessa</strong></span> <span class='ocrx_word' id='word_1_565' title='bbox 3403 3657 3475 3712; x_wconf 91' lang='lat' dir='ltr'><strong>le-</strong></span> 
     </span>
    </p>
   </div>
   <div class='ocr_carea' id='block_1_82' title="bbox 1889 3735 3477 3804">
    <p class='ocr_par' dir='ltr' id='par_1_82' title="bbox 1889 3735 3477 3804">
     <span class='ocr_line' id='line_1_82' title="bbox 1889 3735 3477 3804; baseline 0.011 -19"><span class='ocrx_word' id='word_1_566' title='bbox 1889 3736 2059 3803; x_wconf 80' lang='lat' dir='ltr'><strong>gimus</strong></span> <span class='ocrx_word' id='word_1_567' title='bbox 2105 3735 2271 3789; x_wconf 88' lang='lat' dir='ltr'><strong>multa</strong></span> <span class='ocrx_word' id='word_1_568' title='bbox 2316 3738 2484 3791; x_wconf 87' lang='lat' dir='ltr'><strong>millia</strong></span> <span class='ocrx_word' id='word_1_569' title='bbox 2530 3739 2855 3804; x_wconf 76' lang='lat' dir='ltr'><strong>Judaeorum,</strong></span> <span class='ocrx_word' id='word_1_570' title='bbox 2900 3743 3040 3797; x_wconf 88' lang='lat' dir='ltr'><strong>sicut</strong></span> <span class='ocrx_word' id='word_1_571' title='bbox 3084 3744 3225 3800; x_wconf 88' lang='lat' dir='ltr'><strong>inter</strong></span> <span class='ocrx_word' id='word_1_572' title='bbox 3271 3746 3374 3802; x_wconf 90' lang='lat' dir='ltr'><strong>alia</strong></span> <span class='ocrx_word' id='word_1_573' title='bbox 3404 3755 3477 3802; x_wconf 89' lang='lat' dir='ltr'><strong>te-</strong></span> 
     </span>
    </p>
   </div>
   <div class='ocr_carea' id='block_1_83' title="bbox 1890 3823 2700 3895">
    <p class='ocr_par' dir='ltr' id='par_1_83' title="bbox 1890 3823 2700 3895">
     <span class='ocr_line' id='line_1_83' title="bbox 1890 3823 2700 3895; baseline 0.005 -18"><span class='ocrx_word' id='word_1_574' title='bbox 1890 3834 2103 3878; x_wconf 87' lang='lat' dir='ltr'><strong>stantur</strong></span> <span class='ocrx_word' id='word_1_575' title='bbox 2139 3823 2274 3879; x_wconf 81' lang='lat' dir='ltr'><strong>Acta</strong></span> <span class='ocrx_word' id='word_1_576' title='bbox 2319 3827 2700 3895; x_wconf 90' lang='lat' dir='ltr'><strong>apostolorum.</strong></span> 
     </span>
    </p>
   </div>
   <div class='ocr_carea' id='block_1_84' title="bbox 1959 3917 3476 3985">
    <p class='ocr_par' dir='ltr' id='par_1_84' title="bbox 1959 3917 3476 3985">
     <span class='ocr_line' id='line_1_84' title="bbox 1959 3917 3476 3985; baseline 0.009 -16"><span class='ocrx_word' id='word_1_577' title='bbox 1959 3918 2132 3970; x_wconf 84' lang='lat' dir='ltr'><strong>Ethan</strong></span> <span class='ocrx_word' id='word_1_578' title='bbox 2183 3917 2568 3985; x_wconf 88' lang='lat' dir='ltr'><strong>interpretatur</strong></span> <span class='ocrx_word' id='word_1_579' title='bbox 2626 3920 2883 3975; x_wconf 80' lang='lat' dir='ltr'><strong>robustus.</strong></span> <span class='ocrx_word' id='word_1_580' title='bbox 2942 3922 3116 3977; x_wconf 87' lang='lat' dir='ltr'><strong>Ethan</strong></span> <span class='ocrx_word' id='word_1_581' title='bbox 3156 3932 3333 3980; x_wconf 88' lang='lat' dir='ltr'><strong>autem</strong></span> <span class='ocrx_word' id='word_1_582' title='bbox 3375 3927 3476 3983; x_wconf 87' lang='lat' dir='ltr'><strong>iste</strong></span> 
     </span>
    </p>
   </div>
   <div class='ocr_carea' id='block_1_85' title="bbox 1889 4007 3476 4087">
    <p class='ocr_par' dir='ltr' id='par_1_85' title="bbox 1889 4007 3476 4087">
     <span class='ocr_line' id='line_1_85' title="bbox 1889 4007 3476 4087; baseline 0.008 -26"><span class='ocrx_word' id='word_1_583' title='bbox 1889 4008 2025 4061; x_wconf 88' lang='lat' dir='ltr'><strong>sicut</strong></span> <span class='ocrx_word' id='word_1_584' title='bbox 2069 4014 2123 4061; x_wconf 92' lang='lat' dir='ltr'><strong>et</strong></span> <span class='ocrx_word' id='word_1_585' title='bbox 2160 4007 2327 4062; x_wconf 86' lang='lat' dir='ltr'><strong>Eman</strong></span> <span class='ocrx_word' id='word_1_586' title='bbox 2359 4008 2425 4062; x_wconf 90' lang='lat' dir='ltr'><strong>de</strong></span> <span class='ocrx_word' id='word_1_587' title='bbox 2454 4010 2763 4065; x_wconf 87' lang='lat' dir='ltr'><strong>cantoribus</strong></span> <span class='ocrx_word' id='word_1_588' title='bbox 2799 4013 2964 4068; x_wconf 90' lang='lat' dir='ltr'><strong>David</strong></span> <span class='ocrx_word' id='word_1_589' title='bbox 3006 4015 3150 4086; x_wconf 86' lang='lat' dir='ltr'><strong>regis</strong></span> <span class='ocrx_word' id='word_1_590' title='bbox 3190 4025 3293 4083; x_wconf 90' lang='lat' dir='ltr'><strong>est,</strong></span> <span class='ocrx_word' id='word_1_591' title='bbox 3341 4032 3476 4087; x_wconf 89' lang='lat' dir='ltr'><strong>quos</strong></span> 
     </span>
    </p>
   </div>
   <div class='ocr_carea' id='block_1_86' title="bbox 1888 4095 3475 4171">
    <p class='ocr_par' dir='ltr' id='par_1_86' title="bbox 1888 4095 3475 4171">
     <span class='ocr_line' id='line_1_86' title="bbox 1888 4095 3475 4171; baseline 0.007 -21"><span class='ocrx_word' id='word_1_592' title='bbox 1888 4096 2063 4150; x_wconf 80' lang='lat' dir='ltr'><strong>Verba</strong></span> <span class='ocrx_word' id='word_1_593' title='bbox 2108 4095 2325 4150; x_wconf 89' lang='lat' dir='ltr'><strong>Dierum</strong></span> <span class='ocrx_word' id='word_1_594' title='bbox 2361 4106 2616 4163; x_wconf 86' lang='lat' dir='ltr'><strong>narrant;</strong></span> <span class='ocrx_word' id='word_1_595' title='bbox 2665 4098 2805 4155; x_wconf 91' lang='lat' dir='ltr'><strong>ﬁlius</strong></span> <span class='ocrx_word' id='word_1_596' title='bbox 2852 4101 3101 4157; x_wconf 87' lang='lat' dir='ltr'><strong>videlicet</strong></span> <span class='ocrx_word' id='word_1_597' title='bbox 3143 4104 3325 4171; x_wconf 86' lang='lat' dir='ltr'><strong>Chusi,</strong></span> <span class='ocrx_word' id='word_1_598' title='bbox 3381 4108 3475 4161; x_wconf 90' lang='lat' dir='ltr'><strong>ﬁlii</strong></span> 
     </span>
    </p>
   </div>
   <div class='ocr_carea' id='block_1_87' title="bbox 1887 4188 3476 4263">
    <p class='ocr_par' dir='ltr' id='par_1_87' title="bbox 1887 4188 3476 4263">
     <span class='ocr_line' id='line_1_87' title="bbox 1887 4188 3476 4263; baseline 0.009 -22"><span class='ocrx_word' id='word_1_599' title='bbox 1887 4188 2047 4251; x_wconf 69' lang='lat' dir='ltr'><strong>Abdi,</strong></span> <span class='ocrx_word' id='word_1_600' title='bbox 2075 4189 2140 4243; x_wconf 88' lang='lat' dir='ltr'><strong>de</strong></span> <span class='ocrx_word' id='word_1_601' title='bbox 2178 4190 2592 4260; x_wconf 77' lang='lat' dir='ltr'><strong>congregatione</strong></span> <span class='ocrx_word' id='word_1_602' title='bbox 2626 4191 2817 4247; x_wconf 90' lang='lat' dir='ltr'><strong>Merari</strong></span> <span class='ocrx_word' id='word_1_603' title='bbox 2847 4193 2940 4247; x_wconf 86' lang='lat' dir='ltr'><strong>lilii</strong></span> <span class='ocrx_word' id='word_1_604' title='bbox 2966 4195 3123 4263; x_wconf 87' lang='lat' dir='ltr'><strong>Levi;</strong></span> <span class='ocrx_word' id='word_1_605' title='bbox 3157 4198 3242 4251; x_wconf 90' lang='lat' dir='ltr'><strong>vel</strong></span> <span class='ocrx_word' id='word_1_606' title='bbox 3268 4201 3331 4254; x_wconf 90' lang='lat' dir='ltr'><strong>de</strong></span> <span class='ocrx_word' id='word_1_607' title='bbox 3372 4200 3476 4255; x_wconf 89' lang='lat' dir='ltr'><strong>illis</strong></span> 
     </span>
    </p>
   </div>
   <div class='ocr_carea' id='block_1_88' title="bbox 1889 4283 3476 4357">
    <p class='ocr_par' dir='ltr' id='par_1_88' title="bbox 1889 4283 3476 4357">
     <span class='ocr_line' id='line_1_88' title="bbox 1889 4283 3476 4357; baseline 0.008 -23"><span class='ocrx_word' id='word_1_608' title='bbox 1889 4283 2237 4352; x_wconf 83' lang='lat' dir='ltr'><strong>sapientibus,</strong></span> <span class='ocrx_word' id='word_1_609' title='bbox 2285 4284 2479 4352; x_wconf 86' lang='lat' dir='ltr'><strong>quibus</strong></span> <span class='ocrx_word' id='word_1_610' title='bbox 2510 4285 2562 4338; x_wconf 92' lang='lat' dir='ltr'><strong>in</strong></span> <span class='ocrx_word' id='word_1_611' title='bbox 2606 4285 2743 4341; x_wconf 88' lang='lat' dir='ltr'><strong>libro</strong></span> <span class='ocrx_word' id='word_1_612' title='bbox 2788 4285 2993 4357; x_wconf 81' lang='lat' dir='ltr'><strong>Regum</strong></span> <span class='ocrx_word' id='word_1_613' title='bbox 3045 4286 3348 4345; x_wconf 88' lang='lat' dir='ltr'><strong>Salomonis</strong></span> <span class='ocrx_word' id='word_1_614' title='bbox 3390 4308 3476 4347; x_wconf 89' lang='lat' dir='ltr'><strong>sa-</strong></span> 
     </span>
    </p>
   </div>
   <div class='ocr_carea' id='block_1_89' title="bbox 1886 4375 3475 4449">
    <p class='ocr_par' dir='ltr' id='par_1_89' title="bbox 1886 4375 3475 4449">
     <span class='ocr_line' id='line_1_89' title="bbox 1886 4375 3475 4449; baseline 0.008 -22"><span class='ocrx_word' id='word_1_615' title='bbox 1886 4375 2084 4443; x_wconf 77' lang='lat' dir='ltr'><strong>pientia</strong></span> <span class='ocrx_word' id='word_1_616' title='bbox 2106 4375 2430 4444; x_wconf 53' lang='lat' dir='ltr'><strong>praefertur:</strong></span> <span class='ocrx_word' id='word_1_617' title='bbox 2464 4375 2777 4446; x_wconf 84' lang='lat' dir='ltr'><strong>Sapientior,</strong></span> <span class='ocrx_word' id='word_1_618' title='bbox 2820 4379 3011 4449; x_wconf 89' lang='lat' dir='ltr'><strong>inquit,</strong></span> <span class='ocrx_word' id='word_1_619' title='bbox 3042 4380 3217 4436; x_wconf 87' lang='lat' dir='ltr'><strong>Ethan</strong></span> <span class='ocrx_word' id='word_1_620' title='bbox 3242 4382 3475 4439; x_wconf 78' lang='lat' dir='ltr'><strong>Ezralte-</strong></span> 
     </span>
    </p>
   </div>
   <div class='ocr_carea' id='block_1_90' title="bbox 1889 4464 3474 4541">
    <p class='ocr_par' dir='ltr' id='par_1_90' title="bbox 1889 4464 3474 4541">
     <span class='ocr_line' id='line_1_90' title="bbox 1889 4464 3474 4541; baseline 0.011 -27"><span class='ocrx_word' id='word_1_621' title='bbox 1889 4464 1979 4517; x_wconf 84' lang='lat' dir='ltr'><strong>lita</strong></span> <span class='ocrx_word' id='word_1_622' title='bbox 2018 4474 2065 4518; x_wconf 88' lang='lat' dir='ltr'><strong>et</strong></span> <span class='ocrx_word' id='word_1_623' title='bbox 2114 4464 2283 4518; x_wconf 84' lang='lat' dir='ltr'><strong>Eman</strong></span> <span class='ocrx_word' id='word_1_624' title='bbox 2326 4464 2447 4536; x_wconf 87' lang='lat' dir='ltr'><em>(III</em></span> <span class='ocrx_word' id='word_1_625' title='bbox 2484 4465 2609 4537; x_wconf 83' lang='lat' dir='ltr'><strong>Reg.</strong></span> <span class='ocrx_word' id='word_1_626' title='bbox 2638 4466 2732 4538; x_wconf 78' lang='grc' dir='ltr'><strong><em>ιν).</em></strong></span> <span class='ocrx_word' id='word_1_627' title='bbox 2795 4468 2980 4524; x_wconf 86' lang='lat' dir='ltr'><strong>Tantae</strong></span> <span class='ocrx_word' id='word_1_628' title='bbox 3030 4471 3194 4541; x_wconf 84' lang='lat' dir='ltr'><strong>igitur</strong></span> <span class='ocrx_word' id='word_1_629' title='bbox 3239 4475 3474 4531; x_wconf 73' lang='lat' dir='ltr'><strong>scientia:</strong></span> 
     </span>
    </p>
   </div>
   <div class='ocr_carea' id='block_1_91' title="bbox 209 4515 3474 4625">
    <p class='ocr_par' dir='ltr' id='par_1_91' title="bbox 209 4515 3474 4625">
     <span class='ocr_line' id='line_1_91' title="bbox 211 4515 3474 4541; baseline 0.002 -19"><span class='ocrx_word' id='word_1_630' title='bbox 211 4515 523 4522; x_wconf 30' lang='lat' dir='ltr'><strong>ww“--.</strong></span> <span class='ocrx_word' id='word_1_631' title='bbox 638 4515 657 4532; x_wconf 49' lang='grc' dir='ltr'><em>δ</em></span> <span class='ocrx_word' id='word_1_632' title='bbox 1108 4515 1149 4517; x_wconf 51' lang='grc' dir='ltr'>η</span> <span class='ocrx_word' id='word_1_633' title='bbox 1952 4515 1973 4517; x_wconf 59' lang='grc' dir='ltr'>η</span> <span class='ocrx_word' id='word_1_634' title='bbox 2023 4515 2058 4518; x_wconf 58' lang='grc' dir='ltr'>ρ</span> <span class='ocrx_word' id='word_1_635' title='bbox 2329 4515 2438 4536; x_wconf 54' lang='grc' dir='ltr'><strong>.-η</strong></span> <span class='ocrx_word' id='word_1_636' title='bbox 2484 4515 2732 4538; x_wconf 35' lang='lat' dir='ltr'><strong>ma--.”</strong></span> <span class='ocrx_word' id='word_1_637' title='bbox 2804 4515 2978 4524; x_wconf 63' lang='grc' dir='ltr'><strong>η-ηνν</strong></span> <span class='ocrx_word' id='word_1_638' title='bbox 3030 4515 3184 4541; x_wconf 53' lang='grc' dir='ltr'><strong><em>νη..</em></strong></span> <span class='ocrx_word' id='word_1_639' title='bbox 3239 4515 3474 4531; x_wconf 50' lang='lat' dir='ltr'><strong>meum...</strong></span> 
     </span>
     <span class='ocr_line' id='line_1_92' title="bbox 209 4515 3474 4625; baseline 0.004 -16"><span class='ocrx_word' id='word_1_640' title='bbox 209 4547 604 4624; x_wconf 78' lang='lat' dir='ltr'><strong>Speculatorem</strong></span> <span class='ocrx_word' id='word_1_641' title='bbox 640 4561 687 4605; x_wconf 84' lang='lat' dir='ltr'><strong>te</strong></span> <span class='ocrx_word' id='word_1_642' title='bbox 710 4551 857 4621; x_wconf 86' lang='lat' dir='ltr'><strong>posui</strong></span> <span class='ocrx_word' id='word_1_643' title='bbox 880 4551 1093 4621; x_wconf 78' lang='lat' dir='ltr'><strong>(Ezech.</strong></span> <span class='ocrx_word' id='word_1_644' title='bbox 1124 4551 1230 4623; x_wconf 85' lang='grc' dir='ltr'><strong><em>ιιι).</em></strong></span> <span class='ocrx_word' id='word_1_645' title='bbox 1262 4552 1328 4605; x_wconf 89' lang='grc' dir='ltr'><strong><em>Ει</em></strong></span> <span class='ocrx_word' id='word_1_646' title='bbox 1355 4553 1477 4606; x_wconf 88' lang='lat' dir='ltr'><strong>alibi</strong></span> <span class='ocrx_word' id='word_1_647' title='bbox 1507 4570 1520 4607; x_wconf 93' lang='lat'><strong>:</strong></span> <span class='ocrx_word' id='word_1_648' title='bbox 1554 4553 1675 4607; x_wconf 85' lang='lat' dir='ltr'><strong>Non</strong></span> <span class='ocrx_word' id='word_1_649' title='bbox 1705 4555 1785 4622; x_wconf 77' lang='lat' dir='ltr'><strong>fa-</strong></span> <span class='ocrx_word' id='word_1_650' title='bbox 1810 4515 1863 4573; x_wconf 83' lang='lat' dir='ltr'><strong>D</strong></span> <span class='ocrx_word' id='word_1_651' title='bbox 1891 4553 1991 4609; x_wconf 90' lang='lat' dir='ltr'><strong>hoc</strong></span> <span class='ocrx_word' id='word_1_652' title='bbox 2026 4571 2244 4609; x_wconf 87' lang='lat' dir='ltr'><strong>carmen</strong></span> <span class='ocrx_word' id='word_1_653' title='bbox 2289 4566 2389 4621; x_wconf 90' lang='lat' dir='ltr'><strong>est,</strong></span> <span class='ocrx_word' id='word_1_654' title='bbox 2420 4565 2480 4611; x_wconf 93' lang='lat' dir='ltr'><strong>ut</strong></span> <span class='ocrx_word' id='word_1_655' title='bbox 2504 4558 2883 4625; x_wconf 87' lang='lat' dir='ltr'><strong>sapientissimi</strong></span> <span class='ocrx_word' id='word_1_656' title='bbox 2925 4561 3066 4618; x_wconf 91' lang='lat' dir='ltr'><strong>illius</strong></span> <span class='ocrx_word' id='word_1_657' title='bbox 3106 4564 3321 4621; x_wconf 89' lang='lat' dir='ltr'><strong>nomine</strong></span> <span class='ocrx_word' id='word_1_658' title='bbox 3361 4582 3474 4623; x_wconf 89' lang='lat' dir='ltr'><strong>me-</strong></span> 
     </span>
    </p>
   </div>
   <div class='ocr_carea' id='block_1_92' title="bbox 208 4642 1787 4713">
    <p class='ocr_par' dir='ltr' id='par_1_92' title="bbox 208 4642 1787 4713">
     <span class='ocr_line' id='line_1_93' title="bbox 208 4642 1787 4713; baseline 0 -14"><span class='ocrx_word' id='word_1_659' title='bbox 208 4646 308 4699; x_wconf 81' lang='lat' dir='ltr'><strong>ciet</strong></span> <span class='ocrx_word' id='word_1_660' title='bbox 354 4644 608 4697; x_wconf 76' lang='lat' dir='ltr'><strong>Dominus</strong></span> <span class='ocrx_word' id='word_1_661' title='bbox 652 4643 956 4713; x_wconf 84' lang='lat' dir='ltr'><strong>quidquam,</strong></span> <span class='ocrx_word' id='word_1_662' title='bbox 1010 4643 1111 4696; x_wconf 87' lang='lat' dir='ltr'><strong>nisi</strong></span> <span class='ocrx_word' id='word_1_663' title='bbox 1156 4642 1448 4697; x_wconf 78' lang='lat' dir='ltr'><strong>revelaverit</strong></span> <span class='ocrx_word' id='word_1_664' title='bbox 1475 4646 1633 4698; x_wconf 85' lang='lat' dir='ltr'><strong>servis</strong></span> <span class='ocrx_word' id='word_1_665' title='bbox 1676 4648 1787 4700; x_wconf 87' lang='lat' dir='ltr'><strong>suis</strong></span> 
     </span>
    </p>
   </div>
   <div class='ocr_carea' id='block_1_93' title="bbox 208 4732 1788 4804">
    <p class='ocr_par' dir='ltr' id='par_1_93' title="bbox 208 4732 1788 4804">
     <span class='ocr_line' id='line_1_94' title="bbox 208 4732 1788 4804; baseline 0.001 -17"><span class='ocrx_word' id='word_1_666' title='bbox 208 4734 473 4804; x_wconf 82' lang='lat' dir='ltr'><strong>prophetis</strong></span> <span class='ocrx_word' id='word_1_667' title='bbox 500 4732 698 4803; x_wconf 84' lang='lat' dir='ltr'><strong>(Amos.</strong></span> <span class='ocrx_word' id='word_1_668' title='bbox 723 4733 825 4802; x_wconf 87' lang='grc' dir='ltr'><strong><em>ιιι).</em></strong></span> <span class='ocrx_word' id='word_1_669' title='bbox 851 4732 955 4786; x_wconf 87' lang='lat' dir='ltr'><strong>Iste</strong></span> <span class='ocrx_word' id='word_1_670' title='bbox 986 4733 1129 4786; x_wconf 90' lang='lat' dir='ltr'><strong>enim</strong></span> <span class='ocrx_word' id='word_1_671' title='bbox 1154 4733 1418 4802; x_wconf 88' lang='lat' dir='ltr'><strong>signiﬁcat</strong></span> <span class='ocrx_word' id='word_1_672' title='bbox 1444 4748 1536 4788; x_wconf 91' lang='lat' dir='ltr'><strong>eos</strong></span> <span class='ocrx_word' id='word_1_673' title='bbox 1567 4734 1658 4804; x_wconf 89' lang='lat' dir='ltr'><strong>qui</strong></span> <span class='ocrx_word' id='word_1_674' title='bbox 1691 4750 1788 4804; x_wconf 87' lang='lat' dir='ltr'><strong>per</strong></span> 
     </span>
    </p>
   </div>
   <div class='ocr_carea' id='block_1_94' title="bbox 210 4822 1788 4894">
    <p class='ocr_par' dir='ltr' id='par_1_94' title="bbox 210 4822 1788 4894">
     <span class='ocr_line' id='line_1_95' title="bbox 210 4822 1788 4894; baseline 0 -14"><span class='ocrx_word' id='word_1_675' title='bbox 210 4824 680 4894; x_wconf 87' lang='lat' dir='ltr'><strong>contemplationis</strong></span> <span class='ocrx_word' id='word_1_676' title='bbox 701 4838 958 4878; x_wconf 86' lang='lat' dir='ltr'><strong>arcanum</strong></span> <span class='ocrx_word' id='word_1_677' title='bbox 979 4824 1047 4879; x_wconf 90' lang='lat' dir='ltr'><strong>ad</strong></span> <span class='ocrx_word' id='word_1_678' title='bbox 1067 4822 1367 4893; x_wconf 83' lang='lat' dir='ltr'><strong>profectum</strong></span> <span class='ocrx_word' id='word_1_679' title='bbox 1390 4825 1608 4881; x_wconf 88' lang='lat' dir='ltr'><strong>veniunt</strong></span> <span class='ocrx_word' id='word_1_680' title='bbox 1628 4826 1788 4882; x_wconf 89' lang='lat' dir='ltr'><strong>meri-</strong></span> 
     </span>
    </p>
   </div>
   <div class='ocr_carea' id='block_1_95' title="bbox 212 4926 413 4971">
    <p class='ocr_par' dir='ltr' id='par_1_95' title="bbox 212 4926 413 4971">
     <span class='ocr_line' id='line_1_96' title="bbox 212 4926 413 4971; baseline -0.015 0"><span class='ocrx_word' id='word_1_681' title='bbox 212 4926 413 4971; x_wconf 88' lang='lat' dir='ltr'><strong>torum.</strong></span> 
     </span>
    </p>
   </div>
   <div class='ocr_carea' id='block_1_96' title="bbox 281 5002 1779 5075">
    <p class='ocr_par' dir='ltr' id='par_1_96' title="bbox 281 5002 1779 5075">
     <span class='ocr_line' id='line_1_97' title="bbox 281 5002 1779 5075; baseline 0.002 -16"><span class='ocrx_word' id='word_1_682' title='bbox 281 5006 510 5075; x_wconf 72' lang='lat' dir='ltr'><strong>Aggaaus</strong></span> <span class='ocrx_word' id='word_1_683' title='bbox 540 5005 924 5073; x_wconf 86' lang='lat' dir='ltr'><strong>interpretatur</strong></span> <span class='ocrx_word' id='word_1_684' title='bbox 949 5003 1001 5057; x_wconf 88' lang='lat' dir='ltr'><strong>in</strong></span> <span class='ocrx_word' id='word_1_685' title='bbox 1032 5002 1280 5058; x_wconf 87' lang='lat' dir='ltr'><strong>Latinum</strong></span> <span class='ocrx_word' id='word_1_686' title='bbox 1316 5006 1523 5075; x_wconf 85' lang='lat' dir='ltr'><strong>festivus</strong></span> <span class='ocrx_word' id='word_1_687' title='bbox 1557 5016 1605 5060; x_wconf 90' lang='lat' dir='ltr'><strong>ct</strong></span> <span class='ocrx_word' id='word_1_688' title='bbox 1631 5007 1779 5063; x_wconf 68' lang='lat' dir='ltr'><strong>lectus</strong></span> 
     </span>
    </p>
   </div>
   <div class='ocr_carea' id='block_1_97' title="bbox 210 5094 1783 5167">
    <p class='ocr_par' dir='ltr' id='par_1_97' title="bbox 210 5094 1783 5167">
     <span class='ocr_line' id='line_1_98' title="bbox 210 5094 1783 5167; baseline 0.005 -22"><span class='ocrx_word' id='word_1_689' title='bbox 210 5104 440 5147; x_wconf 79' lang='lat' dir='ltr'><strong>resonat.</strong></span> <span class='ocrx_word' id='word_1_690' title='bbox 464 5095 804 5149; x_wconf 86' lang='lat' dir='ltr'><strong>Destructum</strong></span> <span class='ocrx_word' id='word_1_691' title='bbox 827 5095 971 5149; x_wconf 91' lang='lat' dir='ltr'><strong>enim</strong></span> <span class='ocrx_word' id='word_1_692' title='bbox 997 5094 1249 5163; x_wconf 88' lang='lat' dir='ltr'><strong>templum</strong></span> <span class='ocrx_word' id='word_1_693' title='bbox 1269 5097 1639 5151; x_wconf 83' lang='lat' dir='ltr'><strong>aediﬁcandum</strong></span> <span class='ocrx_word' id='word_1_694' title='bbox 1662 5113 1783 5167; x_wconf 88' lang='lat' dir='ltr'><strong>pre-</strong></span> 
     </span>
    </p>
   </div>
   <div class='ocr_carea' id='block_1_98' title="bbox 207 5184 1779 5254">
    <p class='ocr_par' dir='ltr' id='par_1_98' title="bbox 207 5184 1779 5254">
     <span class='ocr_line' id='line_1_99' title="bbox 207 5184 1779 5254; baseline 0.003 -17"><span class='ocrx_word' id='word_1_695' title='bbox 207 5185 417 5254; x_wconf 87' lang='lat' dir='ltr'><strong>pbetat,</strong></span> <span class='ocrx_word' id='word_1_696' title='bbox 452 5195 506 5237; x_wconf 90' lang='lat' dir='ltr'><strong>et</strong></span> <span class='ocrx_word' id='word_1_697' title='bbox 532 5195 655 5254; x_wconf 90' lang='lat' dir='ltr'><strong>post</strong></span> <span class='ocrx_word' id='word_1_698' title='bbox 676 5185 874 5239; x_wconf 91' lang='lat' dir='ltr'><strong>luctum</strong></span> <span class='ocrx_word' id='word_1_699' title='bbox 916 5184 1239 5253; x_wconf 88' lang='lat' dir='ltr'><strong>captivitatis</strong></span> <span class='ocrx_word' id='word_1_700' title='bbox 1273 5188 1626 5254; x_wconf 87' lang='lat' dir='ltr'><strong>regressionis</strong></span> <span class='ocrx_word' id='word_1_701' title='bbox 1652 5188 1779 5243; x_wconf 75' lang='lat' dir='ltr'><strong>laeti-</strong></span> 
     </span>
    </p>
   </div>
   <div class='ocr_carea' id='block_1_99' title="bbox 211 5273 649 5342">
    <p class='ocr_par' dir='ltr' id='par_1_99' title="bbox 211 5273 649 5342">
     <span class='ocr_line' id='line_1_100' title="bbox 211 5273 649 5342; baseline 0 -17"><span class='ocrx_word' id='word_1_702' title='bbox 211 5273 342 5327; x_wconf 87' lang='lat' dir='ltr'><strong>tiam</strong></span> <span class='ocrx_word' id='word_1_703' title='bbox 374 5274 649 5342; x_wconf 68' lang='lat' dir='ltr'><strong>praedicat.</strong></span> 
     </span>
    </p>
   </div>
   <div class='ocr_carea' id='block_1_100' title="bbox 277 5361 1781 5437">
    <p class='ocr_par' dir='ltr' id='par_1_100' title="bbox 277 5361 1781 5437">
     <span class='ocr_line' id='line_1_101' title="bbox 277 5361 1781 5437; baseline 0.003 -22"><span class='ocrx_word' id='word_1_704' title='bbox 277 5361 569 5416; x_wconf 86' lang='lat' dir='ltr'><strong>Zacharias</strong></span> <span class='ocrx_word' id='word_1_705' title='bbox 598 5362 982 5429; x_wconf 86' lang='lat' dir='ltr'><strong>interpretatur</strong></span> <span class='ocrx_word' id='word_1_706' title='bbox 1016 5364 1263 5416; x_wconf 80' lang='lat' dir='ltr'><strong>memoria</strong></span> <span class='ocrx_word' id='word_1_707' title='bbox 1292 5364 1520 5418; x_wconf 87' lang='lat' dir='ltr'><strong>Domini.</strong></span> <span class='ocrx_word' id='word_1_708' title='bbox 1558 5364 1781 5437; x_wconf 89' lang='lat' dir='ltr'><strong>Septua-</strong></span> 
     </span>
    </p>
   </div>
   <div class='ocr_carea' id='block_1_101' title="bbox 207 5449 1784 5522">
    <p class='ocr_par' dir='ltr' id='par_1_101' title="bbox 207 5449 1784 5522">
     <span class='ocr_line' id='line_1_102' title="bbox 207 5449 1784 5522; baseline 0.002 -17"><span class='ocrx_word' id='word_1_709' title='bbox 207 5452 410 5519; x_wconf 79' lang='lat' dir='ltr'><strong>gesimo</strong></span> <span class='ocrx_word' id='word_1_710' title='bbox 437 5453 582 5506; x_wconf 90' lang='lat' dir='ltr'><strong>enim</strong></span> <span class='ocrx_word' id='word_1_711' title='bbox 624 5465 767 5504; x_wconf 91' lang='lat' dir='ltr'><strong>anno</strong></span> <span class='ocrx_word' id='word_1_712' title='bbox 792 5449 1138 5506; x_wconf 90' lang='lat' dir='ltr'><strong>desolationis</strong></span> <span class='ocrx_word' id='word_1_713' title='bbox 1165 5452 1345 5521; x_wconf 87' lang='lat' dir='ltr'><strong>templi</strong></span> <span class='ocrx_word' id='word_1_714' title='bbox 1374 5453 1656 5522; x_wconf 86' lang='lat' dir='ltr'><strong>completo,</strong></span> <span class='ocrx_word' id='word_1_715' title='bbox 1689 5455 1784 5508; x_wconf 85' lang='lat' dir='ltr'><strong>Za-</strong></span> 
     </span>
    </p>
   </div>
   <div class='ocr_carea' id='block_1_102' title="bbox 209 5542 1783 5615">
    <p class='ocr_par' dir='ltr' id='par_1_102' title="bbox 209 5542 1783 5615">
     <span class='ocr_line' id='line_1_103' title="bbox 209 5542 1783 5615; baseline 0.002 -18"><span class='ocrx_word' id='word_1_716' title='bbox 209 5542 390 5597; x_wconf 79' lang='lat' dir='ltr'><strong>charia</strong></span> <span class='ocrx_word' id='word_1_717' title='bbox 433 5543 785 5613; x_wconf 70' lang='lat' dir='ltr'><strong>prazdicante,</strong></span> <span class='ocrx_word' id='word_1_718' title='bbox 832 5551 1162 5598; x_wconf 88' lang='lat' dir='ltr'><strong>memoratus</strong></span> <span class='ocrx_word' id='word_1_719' title='bbox 1204 5553 1285 5599; x_wconf 79' lang='lat' dir='ltr'><strong>est</strong></span> <span class='ocrx_word' id='word_1_720' title='bbox 1314 5546 1570 5599; x_wconf 85' lang='lat' dir='ltr'><strong>Dominus</strong></span> <span class='ocrx_word' id='word_1_721' title='bbox 1603 5548 1783 5615; x_wconf 88' lang='lat' dir='ltr'><strong>populi</strong></span> 
     </span>
    </p>
   </div>
   <div class='ocr_carea' id='block_1_103' title="bbox 205 5632 1783 5704">
    <p class='ocr_par' dir='ltr' id='par_1_103' title="bbox 205 5632 1783 5704">
     <span class='ocr_line' id='line_1_104' title="bbox 205 5632 1783 5704; baseline 0.003 -19"><span class='ocrx_word' id='word_1_722' title='bbox 205 5632 305 5697; x_wconf 75' lang='lat' dir='ltr'><strong>sui,</strong></span> <span class='ocrx_word' id='word_1_723' title='bbox 345 5644 608 5700; x_wconf 72' lang='lat' dir='ltr'><strong>jussuque</strong></span> <span class='ocrx_word' id='word_1_724' title='bbox 657 5632 784 5703; x_wconf 82' lang='lat' dir='ltr'><strong>Cyri</strong></span> <span class='ocrx_word' id='word_1_725' title='bbox 836 5644 1085 5685; x_wconf 87' lang='lat' dir='ltr'><strong>reversus</strong></span> <span class='ocrx_word' id='word_1_726' title='bbox 1135 5642 1218 5685; x_wconf 89' lang='lat' dir='ltr'><strong>est</strong></span> <span class='ocrx_word' id='word_1_727' title='bbox 1278 5634 1366 5687; x_wconf 89' lang='lat' dir='ltr'><strong>Dei</strong></span> <span class='ocrx_word' id='word_1_728' title='bbox 1422 5634 1681 5704; x_wconf 86' lang='lat' dir='ltr'><strong>populus,</strong></span> <span class='ocrx_word' id='word_1_729' title='bbox 1731 5646 1783 5689; x_wconf 85' lang='lat' dir='ltr'><strong>et</strong></span> 
     </span>
    </p>
   </div>
   <div class='ocr_carea' id='block_1_104' title="bbox 203 5720 1781 5794">
    <p class='ocr_par' dir='ltr' id='par_1_104' title="bbox 203 5720 1781 5794">
     <span class='ocr_line' id='line_1_105' title="bbox 203 5720 1781 5794; baseline -0.001 -14"><span class='ocrx_word' id='word_1_730' title='bbox 203 5720 583 5780; x_wconf 61' lang='lat' dir='ltr'><strong>mdiﬁeatum</strong></span> <span class='ocrx_word' id='word_1_731' title='bbox 606 5733 689 5777; x_wconf 77' lang='lat' dir='ltr'><strong>est</strong></span> <span class='ocrx_word' id='word_1_732' title='bbox 716 5724 853 5776; x_wconf 77' lang='lat' dir='ltr'><strong>urbs</strong></span> <span class='ocrx_word' id='word_1_733' title='bbox 882 5729 935 5775; x_wconf 85' lang='lat' dir='ltr'><strong>et</strong></span> <span class='ocrx_word' id='word_1_734' title='bbox 965 5722 1231 5789; x_wconf 85' lang='lat' dir='ltr'><strong>templum.</strong></span> <span class='ocrx_word' id='word_1_735' title='bbox 1257 5723 1343 5777; x_wconf 89' lang='lat' dir='ltr'><strong>Isti</strong></span> <span class='ocrx_word' id='word_1_736' title='bbox 1367 5725 1507 5777; x_wconf 89' lang='lat' dir='ltr'><strong>enim</strong></span> <span class='ocrx_word' id='word_1_737' title='bbox 1532 5726 1634 5779; x_wconf 89' lang='lat' dir='ltr'><strong>duo</strong></span> <span class='ocrx_word' id='word_1_738' title='bbox 1657 5742 1781 5794; x_wconf 91' lang='lat' dir='ltr'><strong>pro-</strong></span> 
     </span>
    </p>
   </div>
   <div class='ocr_carea' id='block_1_105' title="bbox 1892 4648 2368 4701">
    <p class='ocr_par' dir='ltr' id='par_1_105' title="bbox 1892 4648 2368 4701">
     <span class='ocr_line' id='line_1_106' title="bbox 1892 4648 2368 4701; baseline 0.004 -2"><span class='ocrx_word' id='word_1_739' title='bbox 1892 4656 2112 4701; x_wconf 90' lang='lat' dir='ltr'><strong>reantur</strong></span> <span class='ocrx_word' id='word_1_740' title='bbox 2151 4648 2368 4701; x_wconf 90' lang='lat' dir='ltr'><strong>ascribi.</strong></span> 
     </span>
    </p>
   </div>
   <div class='ocr_carea' id='block_1_106' title="bbox 1961 4737 3475 4812">
    <p class='ocr_par' dir='ltr' id='par_1_106' title="bbox 1961 4737 3475 4812">
     <span class='ocr_line' id='line_1_107' title="bbox 1961 4737 3475 4812; baseline 0.011 -23"><span class='ocrx_word' id='word_1_741' title='bbox 1961 4737 2125 4790; x_wconf 88' lang='lat' dir='ltr'><strong>Eman</strong></span> <span class='ocrx_word' id='word_1_742' title='bbox 2183 4738 2324 4793; x_wconf 83' lang='lat' dir='ltr'><strong>ﬁlius</strong></span> <span class='ocrx_word' id='word_1_743' title='bbox 2369 4738 2471 4793; x_wconf 82' lang='lat' dir='ltr'><strong>fuit</strong></span> <span class='ocrx_word' id='word_1_744' title='bbox 2506 4738 2682 4807; x_wconf 85' lang='lat' dir='ltr'><strong>Johcl,</strong></span> <span class='ocrx_word' id='word_1_745' title='bbox 2721 4741 2816 4795; x_wconf 85' lang='lat' dir='ltr'><strong>ﬁlii</strong></span> <span class='ocrx_word' id='word_1_746' title='bbox 2867 4741 3107 4812; x_wconf 88' lang='lat' dir='ltr'><strong>Samuel,</strong></span> <span class='ocrx_word' id='word_1_747' title='bbox 3157 4746 3221 4802; x_wconf 89' lang='lat' dir='ltr'><strong>de</strong></span> <span class='ocrx_word' id='word_1_748' title='bbox 3272 4746 3475 4805; x_wconf 79' lang='lat' dir='ltr'><strong>familia</strong></span> 
     </span>
    </p>
   </div>
   <div class='ocr_carea' id='block_1_107' title="bbox 1889 4825 3475 4903">
    <p class='ocr_par' dir='ltr' id='par_1_107' title="bbox 1889 4825 3475 4903">
     <span class='ocr_line' id='line_1_108' title="bbox 1889 4825 3475 4903; baseline 0.008 -23"><span class='ocrx_word' id='word_1_749' title='bbox 1889 4825 2055 4880; x_wconf 84' lang='lat' dir='ltr'><strong>Caath</strong></span> <span class='ocrx_word' id='word_1_750' title='bbox 2089 4827 2182 4881; x_wconf 92' lang='lat' dir='ltr'><strong>ﬁlii</strong></span> <span class='ocrx_word' id='word_1_751' title='bbox 2226 4828 2377 4893; x_wconf 90' lang='lat' dir='ltr'><strong>Levi,</strong></span> <span class='ocrx_word' id='word_1_752' title='bbox 2423 4845 2561 4885; x_wconf 90' lang='lat' dir='ltr'><strong>unus</strong></span> <span class='ocrx_word' id='word_1_753' title='bbox 2596 4831 2662 4885; x_wconf 91' lang='lat' dir='ltr'><strong>de</strong></span> <span class='ocrx_word' id='word_1_754' title='bbox 2691 4833 3001 4889; x_wconf 89' lang='lat' dir='ltr'><strong>cantoribus</strong></span> <span class='ocrx_word' id='word_1_755' title='bbox 3043 4851 3179 4903; x_wconf 92' lang='lat' dir='ltr'><strong>quos</strong></span> <span class='ocrx_word' id='word_1_756' title='bbox 3210 4838 3375 4891; x_wconf 89' lang='lat' dir='ltr'><strong>David</strong></span> <span class='ocrx_word' id='word_1_757' title='bbox 3419 4840 3475 4894; x_wconf 90' lang='lat' dir='ltr'><strong>in</strong></span> 
     </span>
    </p>
   </div>
   <div class='ocr_carea' id='block_1_108' title="bbox 1888 4917 3467 4994">
    <p class='ocr_par' dir='ltr' id='par_1_108' title="bbox 1888 4917 3467 4994">
     <span class='ocr_line' id='line_1_109' title="bbox 1888 4917 3467 4994; baseline 0.007 -21"><span class='ocrx_word' id='word_1_758' title='bbox 1888 4917 2171 4974; x_wconf 88' lang='lat' dir='ltr'><strong>collatione</strong></span> <span class='ocrx_word' id='word_1_759' title='bbox 2241 4936 2381 4974; x_wconf 70' lang='lat' dir='ltr'><strong>arcae</strong></span> <span class='ocrx_word' id='word_1_760' title='bbox 2447 4922 2692 4990; x_wconf 71' lang='lat' dir='ltr'><strong>praefecit</strong></span> <span class='ocrx_word' id='word_1_761' title='bbox 2748 4923 2970 4994; x_wconf 88' lang='lat' dir='ltr'><strong>reliquis</strong></span> <span class='ocrx_word' id='word_1_762' title='bbox 3028 4927 3097 4981; x_wconf 90' lang='lat' dir='ltr'><strong>ad</strong></span> <span class='ocrx_word' id='word_1_763' title='bbox 3145 4929 3467 4984; x_wconf 87' lang='lat' dir='ltr'><strong>canendum.</strong></span> 
     </span>
    </p>
   </div>
   <div class='ocr_carea' id='block_1_109' title="bbox 1886 5008 3471 5084">
    <p class='ocr_par' dir='ltr' id='par_1_109' title="bbox 1886 5008 3471 5084">
     <span class='ocr_line' id='line_1_110' title="bbox 1886 5008 3471 5084; baseline 0.009 -22"><span class='ocrx_word' id='word_1_764' title='bbox 1886 5008 2053 5062; x_wconf 87' lang='lat' dir='ltr'><strong>Eman</strong></span> <span class='ocrx_word' id='word_1_765' title='bbox 2118 5009 2501 5078; x_wconf 87' lang='lat' dir='ltr'><strong>interpretatur</strong></span> <span class='ocrx_word' id='word_1_766' title='bbox 2580 5011 2743 5081; x_wconf 78' lang='lat' dir='ltr'><strong>frater</strong></span> <span class='ocrx_word' id='word_1_767' title='bbox 2804 5016 2939 5084; x_wconf 89' lang='lat' dir='ltr'><strong>ejus.</strong></span> <span class='ocrx_word' id='word_1_768' title='bbox 3018 5015 3135 5084; x_wconf 88' lang='lat' dir='ltr'><strong>Quo</strong></span> <span class='ocrx_word' id='word_1_769' title='bbox 3211 5020 3471 5077; x_wconf 86' lang='lat' dir='ltr'><strong>vocabulo</strong></span> 
     </span>
    </p>
   </div>
   <div class='ocr_carea' id='block_1_110' title="bbox 1887 5097 3471 5179">
    <p class='ocr_par' dir='ltr' id='par_1_110' title="bbox 1887 5097 3471 5179">
     <span class='ocr_line' id='line_1_111' title="bbox 1887 5097 3471 5179; baseline 0.008 -28"><span class='ocrx_word' id='word_1_770' title='bbox 1887 5097 2141 5153; x_wconf 90' lang='lat' dir='ltr'><strong>Dominus</strong></span> <span class='ocrx_word' id='word_1_771' title='bbox 2189 5099 2433 5155; x_wconf 86' lang='lat' dir='ltr'><strong>Christus</strong></span> <span class='ocrx_word' id='word_1_772' title='bbox 2480 5103 2710 5173; x_wconf 89' lang='lat' dir='ltr'><strong>appellat</strong></span> <span class='ocrx_word' id='word_1_773' title='bbox 2751 5120 2865 5171; x_wconf 90' lang='lat' dir='ltr'><strong>eos,</strong></span> <span class='ocrx_word' id='word_1_774' title='bbox 2914 5108 3005 5177; x_wconf 91' lang='lat' dir='ltr'><strong>qui</strong></span> <span class='ocrx_word' id='word_1_775' title='bbox 3034 5106 3149 5175; x_wconf 90' lang='lat' dir='ltr'><strong>ejus</strong></span> <span class='ocrx_word' id='word_1_776' title='bbox 3189 5111 3471 5179; x_wconf 83' lang='lat' dir='ltr'><strong>praeceptis</strong></span> 
     </span>
    </p>
   </div>
   <div class='ocr_carea' id='block_1_111' title="bbox 1886 5188 3465 5267">
    <p class='ocr_par' dir='ltr' id='par_1_111' title="bbox 1886 5188 3465 5267">
     <span class='ocr_line' id='line_1_112' title="bbox 1886 5188 3465 5267; baseline 0.006 -23"><span class='ocrx_word' id='word_1_777' title='bbox 1886 5188 2240 5259; x_wconf 85' lang='lat' dir='ltr'><strong>operibusque</strong></span> <span class='ocrx_word' id='word_1_778' title='bbox 2289 5190 2464 5245; x_wconf 87' lang='lat' dir='ltr'><strong>devoti</strong></span> <span class='ocrx_word' id='word_1_779' title='bbox 2520 5204 2660 5259; x_wconf 89' lang='lat' dir='ltr'><strong>sunt,</strong></span> <span class='ocrx_word' id='word_1_780' title='bbox 2734 5196 2873 5250; x_wconf 87' lang='lat' dir='ltr'><strong>sicut</strong></span> <span class='ocrx_word' id='word_1_781' title='bbox 2918 5197 2993 5250; x_wconf 90' lang='lat' dir='ltr'><strong>ait</strong></span> <span class='ocrx_word' id='word_1_782' title='bbox 3036 5196 3089 5251; x_wconf 91' lang='lat' dir='ltr'><strong>in</strong></span> <span class='ocrx_word' id='word_1_783' title='bbox 3139 5198 3465 5267; x_wconf 86' lang='lat' dir='ltr'><strong>Evangelio:</strong></span> 
     </span>
    </p>
   </div>
   <div class='ocr_carea' id='block_1_112' title="bbox 1885 5278 3468 5361">
    <p class='ocr_par' dir='ltr' id='par_1_112' title="bbox 1885 5278 3468 5361">
     <span class='ocr_line' id='line_1_113' title="bbox 1885 5278 3468 5361; baseline 0.009 -27"><span class='ocrx_word' id='word_1_784' title='bbox 1885 5279 1987 5344; x_wconf 74' lang='lat' dir='ltr'><strong>Ite,</strong></span> <span class='ocrx_word' id='word_1_785' title='bbox 2029 5278 2186 5333; x_wconf 83' lang='lat' dir='ltr'><strong>dicite</strong></span> <span class='ocrx_word' id='word_1_786' title='bbox 2226 5280 2473 5350; x_wconf 83' lang='lat' dir='ltr'><strong>fratribus</strong></span> <span class='ocrx_word' id='word_1_787' title='bbox 2515 5286 2640 5338; x_wconf 87' lang='lat' dir='ltr'><strong>meis</strong></span> <span class='ocrx_word' id='word_1_788' title='bbox 2683 5285 2896 5357; x_wconf 75' lang='lat' dir='ltr'><strong>(Matth.</strong></span> <span class='ocrx_word' id='word_1_789' title='bbox 2932 5288 3053 5361; x_wconf 83' lang='lat' dir='ltr'><strong>xu).</strong></span> <span class='ocrx_word' id='word_1_790' title='bbox 3102 5288 3370 5355; x_wconf 59' lang='lat' dir='ltr'><strong>Israelita,</strong></span> <span class='ocrx_word' id='word_1_791' title='bbox 3416 5294 3468 5349; x_wconf 88' lang='lat' dir='ltr'><strong>id</strong></span> 
     </span>
    </p>
   </div>
   <div class='ocr_carea' id='block_1_113' title="bbox 1885 5368 3469 5447">
    <p class='ocr_par' dir='ltr' id='par_1_113' title="bbox 1885 5368 3469 5447">
     <span class='ocr_line' id='line_1_114' title="bbox 1885 5368 3469 5447; baseline 0.008 -23"><span class='ocrx_word' id='word_1_792' title='bbox 1885 5378 1987 5435; x_wconf 88' lang='lat' dir='ltr'><strong>est,</strong></span> <span class='ocrx_word' id='word_1_793' title='bbox 2033 5368 2201 5424; x_wconf 89' lang='lat' dir='ltr'><strong>Deum</strong></span> <span class='ocrx_word' id='word_1_794' title='bbox 2226 5372 2481 5437; x_wconf 83' lang='lat' dir='ltr'><strong>videntes;</strong></span> <span class='ocrx_word' id='word_1_795' title='bbox 2524 5378 2665 5445; x_wconf 88' lang='lat' dir='ltr'><strong>quod</strong></span> <span class='ocrx_word' id='word_1_796' title='bbox 2687 5378 2872 5447; x_wconf 89' lang='lat' dir='ltr'><strong>utique</strong></span> <span class='ocrx_word' id='word_1_797' title='bbox 2895 5378 2998 5434; x_wconf 89' lang='lat' dir='ltr'><strong>illis</strong></span> <span class='ocrx_word' id='word_1_798' title='bbox 3027 5381 3269 5435; x_wconf 86' lang='lat' dir='ltr'><strong>accidere</strong></span> <span class='ocrx_word' id='word_1_799' title='bbox 3299 5382 3469 5435; x_wconf 85' lang='lat' dir='ltr'><strong>mani-</strong></span> 
     </span>
    </p>
   </div>
   <div class='ocr_carea' id='block_1_114' title="bbox 1883 5459 3463 5533">
    <p class='ocr_par' dir='ltr' id='par_1_114' title="bbox 1883 5459 3463 5533">
     <span class='ocr_line' id='line_1_115' title="bbox 1883 5459 3463 5533; baseline 0.008 -20"><span class='ocrx_word' id='word_1_800' title='bbox 1883 5459 2080 5514; x_wconf 82' lang='lat' dir='ltr'><strong>festum</strong></span> <span class='ocrx_word' id='word_1_801' title='bbox 2109 5472 2215 5527; x_wconf 89' lang='lat' dir='ltr'><strong>est,</strong></span> <span class='ocrx_word' id='word_1_802' title='bbox 2244 5464 2335 5531; x_wconf 92' lang='lat' dir='ltr'><strong>qui</strong></span> <span class='ocrx_word' id='word_1_803' title='bbox 2373 5479 2470 5533; x_wconf 89' lang='lat' dir='ltr'><strong>per</strong></span> <span class='ocrx_word' id='word_1_804' title='bbox 2515 5467 2831 5523; x_wconf 75' lang='lat' dir='ltr'><strong>obedientize</strong></span> <span class='ocrx_word' id='word_1_805' title='bbox 2878 5471 3233 5525; x_wconf 89' lang='lat' dir='ltr'><strong>ministerium</strong></span> <span class='ocrx_word' id='word_1_806' title='bbox 3278 5482 3463 5525; x_wconf 85' lang='lat' dir='ltr'><strong>sancta</strong></span> 
     </span>
    </p>
   </div>
   <div class='ocr_carea' id='block_1_115' title="bbox 1882 5551 2596 5609">
    <p class='ocr_par' dir='ltr' id='par_1_115' title="bbox 1882 5551 2596 5609">
     <span class='ocr_line' id='line_1_116' title="bbox 1882 5551 2596 5609; baseline 0.006 -5"><span class='ocrx_word' id='word_1_807' title='bbox 1882 5551 2093 5605; x_wconf 91' lang='lat' dir='ltr'><strong>Domini</strong></span> <span class='ocrx_word' id='word_1_808' title='bbox 2142 5552 2261 5607; x_wconf 88' lang='lat' dir='ltr'><strong>luce</strong></span> <span class='ocrx_word' id='word_1_809' title='bbox 2305 5554 2596 5609; x_wconf 86' lang='lat' dir='ltr'><strong>radiantur.</strong></span> 
     </span>
    </p>
   </div>
   <div class='ocr_carea' id='block_1_116' title="bbox 1954 5640 3463 5719">
    <p class='ocr_par' dir='ltr' id='par_1_116' title="bbox 1954 5640 3463 5719">
     <span class='ocr_line' id='line_1_117' title="bbox 1954 5640 3463 5719; baseline 0.005 -25"><span class='ocrx_word' id='word_1_810' title='bbox 1954 5640 2165 5696; x_wconf 88' lang='lat' dir='ltr'><strong>ldithun</strong></span> <span class='ocrx_word' id='word_1_811' title='bbox 2216 5644 2600 5713; x_wconf 81' lang='lat' dir='ltr'><strong>interpretatur</strong></span> <span class='ocrx_word' id='word_1_812' title='bbox 2640 5648 2937 5703; x_wconf 83' lang='lat' dir='ltr'><strong>transiliens</strong></span> <span class='ocrx_word' id='word_1_813' title='bbox 2986 5665 3071 5703; x_wconf 89' lang='lat' dir='ltr'><strong>eos</strong></span> <span class='ocrx_word' id='word_1_814' title='bbox 3111 5648 3463 5719; x_wconf 87' lang='lat' dir='ltr'><strong>:signiﬁcans</strong></span> 
     </span>
    </p>
   </div>
   <div class='ocr_carea' id='block_1_117' title="bbox 1884 5734 3463 5807">
    <p class='ocr_par' dir='ltr' id='par_1_117' title="bbox 1884 5734 3463 5807">
     <span class='ocr_line' id='line_1_118' title="bbox 1884 5734 3463 5807; baseline 0.003 -22"><span class='ocrx_word' id='word_1_815' title='bbox 1884 5746 2003 5786; x_wconf 87' lang='lat' dir='ltr'><strong>eum</strong></span> <span class='ocrx_word' id='word_1_816' title='bbox 2035 5734 2124 5801; x_wconf 81' lang='lat' dir='ltr'><strong>qui</strong></span> <span class='ocrx_word' id='word_1_817' title='bbox 2157 5744 2334 5788; x_wconf 77' lang='lat' dir='ltr'><strong>mente</strong></span> <span class='ocrx_word' id='word_1_818' title='bbox 2383 5746 2588 5791; x_wconf 78' lang='lat' dir='ltr'><strong>terrena</strong></span> <span class='ocrx_word' id='word_1_819' title='bbox 2631 5740 2955 5793; x_wconf 58' lang='lat' dir='ltr'><strong>transcendit</strong></span> <span class='ocrx_word' id='word_1_820' title='bbox 3009 5739 3338 5807; x_wconf 76' lang='lat' dir='ltr'><strong>transilitque</strong></span> <span class='ocrx_word' id='word_1_821' title='bbox 3372 5753 3463 5792; x_wconf 81' lang='lat' dir='ltr'><strong>eos</strong></span> 
     </span>
    </p>
   </div>
  </div>
