3896 6330
445 341 510 400 τι
1091 335 1153 390 Β.
1193 330 1445 388 RABANI
1483 325 1702 384 MAURI
1736 320 2054 378 ARCHIEP.
2095 314 2404 375 MOGUNT.
2445 310 2729 369 OPERUM
2763 309 2944 368 PARS
2977 310 3042 366 ll.
3665 301 3742 358 7S

443 457 535 530 qui
574 459 900 512 inhaerentes
949 455 1133 517 humo,
1203 458 1256 505 et
1304 447 1568 503 incurvati
1623 445 1678 498 in
1739 452 1906 505 terra,
1972 454 2034 493 ea
2063 440 2113 500 Α
2141 434 2292 506 (Gen.
2323 433 2481 502 xxn);
2515 441 2568 485 et
2591 432 2658 485 ad
2681 430 2900 484 Saulum
2927 429 2980 482 in
3008 427 3092 482 via
3124 444 3136 478 :
3172 426 3351 494 Saule,
3392 427 3575 490 Saule,
3605 423 3736 494 quid

444 518 564 618 quae
622 547 728 600 ima
785 553 911 600 sunt
960 544 1197 610 cogitant
1252 548 1412 608 atque
1472 537 1524 590 in
1582 534 1794 589 excelso
1846 530 2042 584 mentis
2144 541 2224 576 me
2258 522 2628 591 persequeris?
2667 521 2803 591 (Act.
2839 518 2940 589 ix.)

445 605 711 704 habitant,
760 638 827 692 de
877 605 1080 690 virtut—e
1131 631 1226 687 Dei
1283 605 1453 683 libero
1511 624 1752 680 carmine
1799 620 2042 691 philoso-
2217 614 2438 668 Sextum
2479 626 2646 682 genus
2699 620 2907 680 accepta
2953 608 3238 679 parnbola;
3269 608 3411 663 sicut
3450 605 3594 678 apud
3643 609 3743 659 Sa~

450 729 669 804 phatur.
697 695 710 704 '
2145 701 2410 756 lomonem
2439 700 2491 753 in
2522 699 2828 754 Proverbiis
2860 715 2872 749 :
2902 705 2958 750 et
2983 696 3123 766 apud
3151 695 3368 750 Balaam
3399 711 3524 751 cum
3547 708 3744 749 evoca-

519 822 639 878 Filii
667 820 864 886 Chore,
895 819 1035 874 sicut
1081 824 1136 870 et
1183 815 1374 878 Eman,
1401 810 1606 873 Echan,
1654 805 1834 875 Asaph
1859 802 2043 858 ctidi—
2147 799 2296 886 retur
2342 790 2407 886 {1d
2449 788 2610 842 Balac
2658 787 2847 886 (Num:
2880 786 3038 886 xm“).

2217 881 2517 952 Septimum
2544 894 2711 950 genus
2737 877 2945 947 repletio
2971 876 3200 942 Spiritus
3228 879 3431 938 sancti;
3453 875 3592 931 sicut
3606 889 3751 946 pene

2155 972 2297 1042 apud
2346 985 2534 1025 omnes
2575 969 2886 1038 pr0phctas.

2217 1062 2323 1117 Alii
2373 1061 2478 1115 tria
2510 1074 2708 1131 genera
2754 1059 3022 1114 visionum
3070 1072 3189 1114 esse
3233 1055 3506 1111 dixerunt.
3541 1054 3748 1119 Unum,

2149 1151 2443 1208 secundum
2493 1149 2677 1204 oculos
2734 1147 2976 1216 corporis
3017 1163 3031 1211 ;
3089 1147 3228 1202 sicut
3286 1145 3422 1199 vidit
3470 1143 3753 1198 Abraham

2149 1249 2260 1296 tres
2307 1239 2452 1294 viros
2502 1237 2601 1291 sub
2648 1236 2769 1291 ilice
2823 1236 3091 1300 Mambre;
3141 1244 3197 1288 et
3239 1235 3449 1305 Moyses
3484 1234 3668 1305 ignem
3701 1232 3754 1286 in

2148 1330 2314 1395 rubo;
2342 1338 2395 1384 et
2420 1326 2663 1397 discipuli
2706 1324 3117 1396 tranﬁguratum
3167 1325 3454 1380 Dominum
3482 1324 3538 1377 in
3568 1330 3756 1378 monte

2149 1424 2291 1478 inter
2322 1421 2539 1491 Moysen
2586 1428 2642 1473 et
2665 1418 2869 1482 Eliam;
2913 1425 2967 1472 et
2998 1426 3194 1471 caetera
3242 1415 3568 1484 huiusmodi.
3600 1413 3757 1468 Alte-

2149 1528 2291 1578 rum,
2345 1510 2640 1566 secundum
2667 1508 2934 1578 spiritum,
2989 1522 3096 1576 quo
3139 1506 3499 1575 imaginamur
3540 1519 3602 1559 ea
3636 1517 3759 1573 qua

450 913 606 976 thun,
640 925 745 964 non
775 903 1194 978 psalmographi,
1223 901 1317 956 sed
1346 907 1594 954 cantores
1628 895 1777 948 fuere
1814 907 1844 946 a
1880 890 2045 945 David

451 1001 672 1075 quidem
701 999 771 1054 ob
797 996 1151 1069 psalmodiam
1198 991 1384 1057 electi;
1420 989 1513 1044 sed
1534 989 1603 1041 ob
1633 981 2046 1075 significantiam

451 1072 730 1148 nominum
779 1087 952 1142 titulis
1003 1085 1337 1155 psalmorum
1382 1084 1742 1149 congruenter
1786 1072 1946 1127 afﬁxi.

522 1179 699 1236 Chore
724 1192 851 1249 ergo
875 1176 1071 1231 dicitur
1116 1172 1366 1227 calvaria.
1399 1170 1456 1224 ln
1483 1168 1637 1236 cujus
1674 1163 1906 1219 nominis
1929 1162 2048 1217 loco

453 1272 711 1329 Dominus
744 1276 827 1324 est
862 1266 1180 1331 crucifixus;
1223 1272 1278 1319 et
1332 1263 1451 1318 ideo
1498 1259 1593 1314 ﬁlii
1635 1257 1808 1313 Chore
1853 1254 2050 1309 merito

456 1362 728 1425 dicuntur,
767 1358 859 1428 qui
902 1355 1171 1428 passionis
1226 1353 1370 1408 illius
1421 1355 1759 1407 sacramento
1796 1353 1908 1400 tota
1957 1344 2047 1398 de—

457 1452 674 1508 votione
729 1447 1076 1503 famulantur.

530 1541 822 1598 Zacharias
853 1538 1242 1610 interpretatur
1282 1533 1534 1590 memoria
1569 1528 1802 1594 Domini,
1852 1527 1921 1582 ob
1946 1527 2052 1581 hoc

459 1635 602 1708 quod
645 1633 793 1689 canit
826 1630 1117 1686 memorari
1150 1626 1454 1684 testamenti
1493 1623 1665 1678 sancti
1715 1621 1815 1676 sui.

529 1725 764 1781 Joannes
809 1722 1050 1793 Baptista
1087 1721 1469 1789 interpretatur
1497 1713 1704 1768 Domini

466 1816 612 1888 quod
641 1816 710 1870 sit
759 1783 914 1869 limes
957 1783 1273 1882 prophetiae,
1325 1806 1658 1878 praenuntius
1699 1804 1901 1873 gratia},
1941 1801 2053 1855 sive
2079 1791 2127 1850 B
2154 1783 2508 1888 Sicu‘ﬂ‘lsaias

463 1907 678 1964 initium
726 1904 1090 1975 baptismatis,
1145 1917 1242 1972 per
1294 1901 1438 1970 quod
1480 1898 1650 1970 gratia
1693 1895 2053 1950 ministratur.

467 1997 535 2054 Hi
561 2006 685 2053 sunt
725 1997 1004 2067 prophetae
1046 1994 1245 2049 veteris
1285 1989 1595 2047 testamenti
1637 1987 1888 2056 novique,
1929 1997 2058 2054 quo-

469 2102 593 2143 rum
643 2086 767 2142 ﬁnis
809 2084 1079 2149 Christus,
1132 2082 1218 2138 cui
1275 2081 1472 2138 dicitur
1518 2093 1550 2132 a
1579 2076 1774 2131 Patre:
1807 2073 1873 2127 Et
1917 2071 2056 2125 Pro-

468 2178 675 2250 phetam
719 2177 775 2231 in
815 2175 1052 2246 gentibus
1092 2172 1244 2244 posui
1266 2181 1313 2225 te
1346 2169 1500 2241 (Isai.
1525 2167 1636 2238 Lx).

542 2263 686 2332 Quot
733 2271 1108 2340 sunt|genera
1156 2258 1494 2332 prophetiae?
1536 2255 1837 2326 Prophetiae
1883 2261 2062 2307 autem

473 2370 672 2430 genera
713 2363 916 2426 septem
966 2360 1111 2409 sunt.
1151 2351 1392 2405 Primum
1441 2361 1627 2418 genus,
1678 2344 1890 2408 extasis,
1921 2341 2066 2430 quod

475 2429 562 2502 est
599 2445 796 2500 mentis
833 2457 1119 2508 excessus;
1151 2442 1290 2497 sicut
1319 2437 1530 2493 videtur
1582 2435 1775 2489 Petrus
1810 2446 1907 2486 vas
1937 2429 2067 2485 illud

478 2538 808 2594 submissum
833 2537 891 2591 in
919 2541 1136 2604 stupore
1166 2533 1362 2586 mentis
1378 2531 1517 2602 (Act.
1538 2529 1615 2598 x).

553 2627 1062 2697 Secundumgenus
1098 2625 1262 2689 visio;
1294 2624 1436 2677 sicut
1459 2620 1598 2690 apud
1625 2617 1814 2675 lsaiam
1839 2616 2066 2687 legitur:

492 2718 616 2774 Vidi
660 2717 943 2771 Dominum
972 2713 1228 2768 sedentem
1254 2726 1408 2781 super
1435 2708 1622 2763 solium
1653 2705 1912 2762 excelsum
1955 2720 2071 2758 cum

486 2807 646 2863 variis
695 2803 1007 2859 animalibus
1063 2801 1198 2872 (Isa.
1230 2799 1326 2870 vr).

561 2895 804 2952 Tertium
847 2906 1017 2964 genus
1057 2891 1349 2954 somnium;
1393 2887 1532 2943 sicut
1579 2882 1741 2940 Jacoh
1789 2883 2074 2939 subnixam

490 2987 546 3043 in
573 2986 710 3042 ccelo
762 2983 963 3041 scalam
1015 2981 1290 3037 dormiens
1339 2978 1469 3034 vidit
1511 2975 1662 3048 (Gen.
1696 2975 1908 3046 xxvm).

2147 1619 2245 1674 per
2301 1617 2494 1672 corpus
2559 1601 2855 1665 sentimus;
2911 1599 3050 1653 sicut
3103 1597 3236 1652 vidit
3283 1597 3478 1652 Petrus
3539 1596 3759 1650 discum

1744 1710 1937 1780 θτσείη,
1983 1720 2050 1762 eo
2150 1694 2301 1750 illum
2355 1691 2599 1748 submitti
2652 1692 2718 1746 de
2753 1689 2892 1744 caelo
2940 1704 3064 1744 cum
3089 1689 3257 1743 variis
3306 1686 3668 1751 animalibus;
3701 1694 3757 1741 et

2548 1781 2834 1837 Dominum
2888 1780 2943 1834 in
2977 1779 3106 1837 sede
3151 1780 3414 1834 altissima
3465 1795 3575 1835 non
3630 1794 3758 1835 cor-

2156 1874 2434 1945 poraliter,
2503 1875 2597 1928 sed
2654 1871 2968 1942 spiritaliter
3012 1871 3167 1926 vidit.
3221 1870 3339 1926 Non
3388 1870 3533 1925 enim
3589 1871 3764 1925 Deum

2158 1966 2332 2020 forma
2372 1976 2632 2032 corporea
2660 1961 3141 2024 circumterminat,
3182 1960 3276 2014 sed
3306 1958 3763 2027 quemadmodum

2161 2054 2391 2125 ﬁgurate
2426 2067 2535 2106 non
2568 2050 2787 2121 proprie
2816 2051 3069 2105 dicuntur
3111 2048 3299 2113 multa,
3333 2048 3405 2102 ita
3437 2047 3604 2102 etiam
3634 2048 3764 2118 figu-

2161 2152 2279 2199 rate
2324 2142 2494 2197 multa
2543 2149 2935 2196 monstrantur.
2987 2138 3229 2194 Tertium
3261 2146 3440 2192 autem
3483 2152 3658 2208 genus
3687 2145 3768 2192 est

2162 2233 2386 2288 visionis
2430 2232 2572 2300 quod
2603 2246 2780 2300 neque
2820 2230 3096 2300 corporeis
3139 2229 3406 2294 sensibus,
3447 2243 3625 2298 neque
3657 2229 3764 2283 ulla

2164 2329 2316 2392 parte
2361 2321 2555 2375 animae
2598 2334 2702 2389 qua
2746 2318 3095 2389 corporaliuv
3146 2331 3327 2373 rerum
3375 2319 3643 2388 imagines
3672 2333 3765 2373 ca-

2167 2414 2404 2483 piuntur,
2428 2411 2520 2467 sed
2549 2425 2646 2480 per
2675 2409 2925 2464 intuitum
2967 2408 3181 2475 mentis,
3214 2423 3320 2478 quo
3346 2409 3616 2464 intellecta
3641 2424 3769 2464 con-

2169 2505 2392 2575 spicitur
2437 2506 2670 2569 veritas;
2721 2505 2860 2559 sicut
2908 2503 3093 2558 Daniel
3121 2504 3378 2572 praeditus
3422 2512 3604 2560 mente
3635 2504 3772 2559 vidit

2169 2597 2314 2668 quod
2367 2595 2651 2649 Balthasar
2695 2595 2900 2650 viderat
2946 2608 3210 2663 corpore:
3257 2595 3373 2649 sine
3426 2610 3533 2664 quo
3568 2611 3771 2665 genere

2173 2688 2262 2743 illa
2313 2688 2418 2742 duo
2449 2687 2532 2740 vel
2560 2685 2894 2741 infructuosa
2934 2694 3080 2750 sunt,
3136 2683 3221 2740 vel
3249 2686 3412 2740 etiam
3442 2685 3495 2739 in
3521 2699 3770 2741 errorem

2180 2779 2420 2833 mittunt.

2246 2868 2438 2925 Omnia
2480 2875 2662 2921 tamen
2705 2867 2819 2922 hare
2850 2880 3044 2937 genera
3076 2863 3309 2935 Spiritus
3335 2873 3554 2920 sanctus
3589 2865 3776 2920 mode-

2176 2967 2344 3015 ratur.
2393 2957 2604 3013 Habere
2635 2966 2814 3011 autem
2844 2957 3181 3026 prophetiam
3226 2971 3333 3010 non
3365 2955 3534 3010 solum
3573 2955 3771 3020 bonus,

561 3077 822 3146 Quartum
870 3089 1040 3145 genus
1064 3089 1155 3144 per
1199 3071 1389 3136 nubes;
1418 3045 1555 3125 sicut
1584 3070 1649 3124 ad
1674 3067 1891 3138 Moysen
1930 3075 1985 3121 et
2007 3066 2077 3122 ad
2109 3131 2147 3146 Α
2178 3050 2274 3104 δθά
2308 3048 2470 3103 “iam
2517 3047 2689 3146 πξθιυε
2733 3055 2928 3146 Ροῐεξῐυ
3004 3045 3136 3146 Nan}
3195 3047 3498 3146 ίηνθηίῐξιυδ
3552 3045 3772 3101 saniem

491 3171 594 3228 Job
643 3178 766 3240 post
813 3168 1025 3238 plagam
1063 3166 1299 3235 loquitur
1342 3163 1500 3219 Deus.

564 3259 817 3326 Quintum
845 3270 1012 3327 genus
1052 3270 1152 3308 vox
1197 3255 1260 3306 de
1299 3251 1458 3317 ctelo;
1511 3251 1651 3306 sicut
1690 3250 1754 3305 ad
1805 3249 2079 3304 Abraham

493 3350 695 3415 sonuit,
725 3348 908 3404 dicens
941 3363 955 3400 :
985 3344 1069 3400 Ne
1109 3343 1320 3413 injicias
1360 3357 1574 3395 manum
1610 3350 1757 3394 tuum
1782 3340 1838 3393 in
1863 3355 2084 3409 puerum

2104 3131 2148 3194 C
2181 3155 2365 3211 regem
2421 3139 2793 3210 pr0phctasse.
2843 3137 3272 3206 Persequebatur
3323 3137 3462 3191 enim
3524 3145 3775 3193 sanctum

2178 3235 2366 3300 David,
2439 3242 2494 3288 et
2560 3233 2811 3303 impletus
2877 3232 3100 3302 spiritu,
3155 3231 3479 3302 prophetare
3533 3231 3774 3300 incaepit.

497 3475 2435 3510 Μ

1676 3577 1974 3656 LIBER
2049 3575 2550 3668 QUARTUS.

1031 3815 1261 3873 CAPUT
1285 3815 1570 3873 PRIMUM.

502 3915 580 3971 De
593 3913 672 3967 his
685 3911 914 3983 personis
927 3925 1044 3982 qua.»
1071 3909 1139 3963 ad
1167 3909 1376 3964 Novum
1401 3909 1784 3964 Testamentum
1813 3909 2085 3979 pertinent.

577 4005 637 4059 In
657 4004 847 4074 primis
868 4003 1035 4074 igitur
1055 4002 1350 4057 notandum
1375 4011 1476 4067 est,
1511 4001 1652 4071 quod
1670 4010 1900 4071 quatuor
1923 4018 2086 4058 evan-

497 4093 708 4166 ,gelistae
729 4093 1016 4147 Dominum
1036 4099 1282 4147 nostrum
1303 4091 1486 4146 Jesum
1526 4091 1798 4145 Christum
1825 4094 1922 4147 sub
1961 4107 2093 4162 qua-

508 4193 632 4239 tuor
663 4181 977 4237 animalium
1007 4181 1244 4236 vultibus
1270 4181 1566 4250 ﬁguraliter
1598 4181 1925 4251 exprimunt.
1950 4180 2090 4234 Mat-

511 4276 686 4331 thaeus
728 4273 874 4328 enim
915 4273 1164 4327 eumdem
1204 4271 1614 4341 Redemptorem
1663 4280 1848 4325 natum
1880 4281 1934 4325 et
1969 4286 2092 4341 pas-

509 4379 628 4422 sum
653 4362 1003 4426 annuntians,
1037 4361 1091 4415 in
1117 4360 1521 4415 similitudinem
1538 4361 1770 4415 hominis
1792 4369 2086 4429 comparat.

2191 3830 2340 3885 rotae,
2372 3821 2436 3874 de
2461 3819 2654 3888 quibus
2679 3819 2820 3874 idem
2864 3816 3122 3888 propheta
3161 3826 3370 3884 narrat,
3411 3816 3554 3887 quod
3596 3827 3780 3873 essent

2185 3910 2340 3978 juxta
2366 3910 2635 3974 animalia,
2665 3917 2720 3964 et
2746 3923 2843 3979 per
2867 3917 3097 3979 quatuor
3141 3917 3321 3977 partes
3367 3907 3527 3972 irent,
3571 3914 3627 3961 et
3669 3922 3778 3962 non

2194 4013 2614 4068 reverterentur,
2645 4018 2767 4056 cum
2812 4001 3166 4065 ambularent,
3209 3999 3455 4054 eamdem
3509 3998 3783 4068 signiﬁca-

2197 4096 2399 4150 tionem
2421 4094 2642 4149 habent.
2683 4092 2792 4147 Nec
2818 4107 2922 4146 non
2948 4101 3001 4146 et
3032 4100 3260 4161 quatuor
3287 4090 3470 4154 facies,
3499 4089 3565 4144 de
3582 4089 3783 4158 quibus

2197 4187 2454 4254 scriptum
2482 4193 2583 4250 est,
2606 4185 2748 4254 quod
2777 4193 2920 4238 esset
2949 4199 3055 4237 una
3086 4183 3252 4237 facies
3299 4181 3519 4245 cherub,
3571 4187 3624 4235 et
3677 4179 3783 4234 alia

2197 4277 2362 4331 facies
2391 4275 2643 4339 hominis,
2667 4281 2719 4328 et
2739 4273 2900 4327 tertia
2926 4273 3089 4328 facies
3123 4271 3383 4334 leonis,et
3406 4276 3595 4340 quarta
3608 4267 3784 4324 facies

2198 4366 2410 4435 aquilae,
2478 4366 2616 4419 idem
2685 4365 3037 4419 demonstrat.
3119 4361 3360 4427 Quatuor
3419 4367 3596 4413 autem
3657 4368 3786 4414 sunt

507 4457 720 4512 Marcus
749 4469 781 4508 a
807 4453 1095 4510 solitudine
1113 4467 1341 4508 exorsus
1369 4453 1538 4507 leonis
1563 4453 1790 4522 ﬁguram
1811 4453 2001 4518 induit,
2031 4462 2087 4508 et
2113 4445 2165 4503 D
2190 4455 2359 4525 plagae
2413 4455 2586 4518 orbis;
2638 4461 2693 4508 et
2729 4461 2956 4522 quatuor
3020 4451 3413 4506 vicissitudines
3479 4457 3786 4517 temporum

508 4547 713 4604 Christi
739 4560 965 4615 regnum
999 4544 1280 4609 invictum,
1328 4544 1729 4613 potentiamque
1767 4545 2087 4613 proclamat.

510 4637 692 4693 Lucas
746 4647 962 4704 quoque
1016 4646 1114 4702 per
1155 4631 1308 4686 vituli
1352 4633 1639 4702 mysticum
1686 4632 1892 4686 vultum
1940 4633 2095 4688 Chri-

510 4735 653 4782 stum
674 4741 774 4796 pro
789 4725 942 4779 nobis
958 4722 1214 4793 praedicat
1233 4722 1638 4778 immolandum.
1665 4720 1895 4777 Joannes
1916 4730 2094 4778 autem

512 4828 609 4882 per
634 4813 861 4883 ﬁguram
885 4809 1080 4879 aquila:
1097 4808 1343 4865 eumdem
1369 4810 1646 4866 Christum
1691 4818 1812 4878 post
1857 4824 2095 4866 resurre-

513 4905 750 4962 ctionem
774 4902 958 4956 carnis
983 4902 1318 4956 demonstrat
1339 4901 1612 4956 revolasse
1654 4901 1709 4954 in
1742 4900 1927 4955 caelos.
1986 4899 2097 4954 llos

514 5010 643 5065 ergo
674 5000 907 5063 quatuor
950 4991 1328 5061 evangelistas,
1366 4992 1480 5046 sive
1518 4999 1767 5060 quatuor,
1814 5006 1932 5061 quae
1969 5005 2098 5046 con-

515 5085 779 5153 scripsere
812 5081 1104 5153 Evangelia
1129 5095 1226 5150 per
1273 5081 1496 5151 ﬁguram
1545 5090 1925 5151 expresserunt
1962 5097 2097 5151 qua-

514 5183 636 5230 tuor
661 5172 896 5241 paradisi
919 5172 1140 5226 ﬁumina
1162 5171 1230 5226 de
1271 5185 1376 5226 uno
1415 5171 1562 5228 fonte
1607 5174 1941 5242 prodeuntia,
1981 5189 2099 5244 qua:

517 5263 742 5333 irrigant
767 5275 979 5315 omnem
1007 5259 1347 5330 superﬁciem
1366 5269 1543 5317 terrae.
1605 5261 1863 5317 Similiter
1882 5272 1937 5318 et
1968 5279 2099 5333 qua-

520 5359 643 5406 tuor
677 5349 952 5414 animalia,
981 5364 1100 5418 qua:
1126 5350 1374 5405 Ezechiel
1411 5353 1671 5420 propheta
1721 5352 1776 5406 in
1825 5353 1962 5408 libro
2002 5368 2099 5408 suo

520 5448 928 5504 commemorat,
963 5439 1149 5493 dicens
1178 5455 1191 5492 :
1225 5438 1466 5503 Quatuor
1494 5440 1653 5508 facies
1697 5452 1842 5494 erant
1892 5443 2004 5508 uni,
2054 5453 2100 5498 et

522 5537 748 5598 quatuor
775 5544 955 5595 penna:
976 5529 1090 5593 uni,
1121 5537 1168 5581 et
1189 5543 1374 5581 manus
1413 5530 1635 5582 hominis
1661 5531 1754 5583 sub
1784 5532 1964 5597 pennis
2011 5547 2097 5584 eo-

524 5633 640 5670 rum
663 5615 884 5686 (Ezech.
914 5615 998 5684 ι),
1023 5618 1076 5669 in
1104 5625 1334 5685 quatuor
1361 5620 1604 5687 partibus
1629 5634 1725 5687 per
1751 5619 2098 5688 signiﬁcatio-

525 5722 649 5770 nem
679 5705 892 5762 eosdem
922 5705 1343 5761 demonstrabat.
1396 5706 1486 5762 Sic
1511 5723 1722 5777 quoque
1773 5718 1826 5763 et
1873 5717 2100 5776 quatuor

2196 4560 2402 4600 annuos
2448 4545 2654 4597 fructus
2704 4543 3010 4596 hominibus
3041 4543 3283 4610 praebent
3310 4559 3321 4593 :
3352 4541 3429 4594 sic
3478 4547 3534 4592 et
3591 4548 3788 4594 sancta

2195 4636 2436 4692 Ecclesia
2482 4634 2680 4689 Christi
2735 4634 2790 4687 in
2836 4641 3067 4702 quatuor
3094 4633 3337 4702 partibus
3376 4629 3559 4684 mundi
3613 4629 3786 4684 dilata

2195 4742 2291 4797 per
2343 4736 2512 4780 totum
2565 4735 2774 4794 tempus
2814 4722 2973 4792 hujus
2999 4723 3178 4778 saeculi
3202 4722 3444 4778 doctrina
3471 4721 3789 4788 evang’elica

2197 4817 2431 4871 nutritur
2474 4823 2527 4870 et
2557 4817 2860 4869 roboratur.
2890 4813 3042 4870 Unde
3073 4813 3247 4867 sancti
3273 4813 3543 4875 doctores,
3565 4810 3657 4879 qui
3693 4824 3790 4881 per

2198 4916 2429 4978 quatuor
2474 4906 2759 4977 Evangelia
2783 4913 2954 4960 totum
2993 4906 3177 4959 orbem
3199 4903 3519 4968 illuminant,
3550 4911 3790 4971 quatuor

2197 4998 2469 5066 praecipue
2521 4997 2770 5062 virtutes,
2813 4996 2918 5050 hoc
2955 5004 3037 5050 est
3082 4994 3440 5064 prudentiam,
3492 4991 3771 5062 justitiam

2199 5083 2591 5150 fortitudinem,
2616 5085 3025 5155 temperantiam
3047 5085 3203 5138 nobis
3230 5091 3622 5147 commendant,
3646 5096 3718 5138 ut
3739 5087 3788 5139 in

2201 5179 2290 5232 his
2317 5184 2717 5242 conversantes,
2768 5177 2878 5229 Deo
2904 5175 3152 5244 placitam
3181 5174 3529 5230 exhibeamus
3552 5175 3789 5230 servitu-

2203 5277 2327 5322 tem.
2379 5265 2509 5320 ltem
2558 5275 2788 5334 quatuor
2815 5265 2978 5318 millia
3026 5265 3218 5318 satiata
3237 5281 3302 5319 ex
3321 5274 3523 5334 septem
3550 5266 3788 5333 panibus

2199 5355 2446 5426 leguntur
2491 5355 2545 5408 in
2593 5354 2880 5423 Evangelio
2919 5369 2948 5408 a
2990 5355 3245 5419 Domino;
3292 5363 3345 5408 et
3382 5353 3724 5422 paralyticus
3756 5372 3784 5410 a

2203 5455 2430 5513 quatuor
2472 5445 2604 5498 viris
2651 5446 2717 5498 ad
2753 5444 3052 5498 sanandum
3073 5443 3287 5498 Christo
3309 5442 3550 5497 oﬁ‘ertur.
3577 5443 3786 5501 Praeter

2203 5535 2315 5588 haec
2369 5547 2580 5601 quoque
2635 5534 2687 5585 in
2757 5533 2872 5586 aliis
2918 5535 3158 5601 plurimis
3220 5533 3351 5588 locis
3390 5543 3586 5588 sancta
3631 5535 3786 5591 Scri-

2203 5631 2369 5690 ptura:
2418 5621 2791 5688 quaternarius
2845 5635 3094 5674 numerus
3142 5621 3331 5674 horum
3361 5621 3588 5691 ﬁguram
3627 5625 3787 5679 nobis

2207 5712 2458 5773 insinuat,
2482 5718 2534 5763 et
2550 5709 2875 5776 superfluum
2893 5718 2974 5762 est
2999 5709 3160 5763 dehis
3173 5711 3418 5764 omnibus
3438 5709 3525 5765 hic
3537 5723 3783 5770 narrare.
