3896 6326
153 408 216 464 73
1136 405 1223 461 DE
1264 403 1609 460 UNIVERSO
1646 401 1824 457 LIBRI
1861 399 2022 456 XXII.
2061 428 2130 438 —
2166 397 2294 452 LIB.
2335 397 2421 451 IV.
3322 393 3389 446 ’Μ

221 529 454 601 Apostoli
495 542 713 598 quoque
761 540 946 581 omnes
997 523 1160 580 totius
1198 521 1453 578 Ecclesia:
1497 525 1715 591 portant
1739 518 1794 579 Α
1815 515 2074 570 stolorum
2101 523 2324 568 tenuere
2350 512 2598 581 ﬁguram,
2647 511 2739 580 qui
2771 511 2824 564 in
2849 525 3022 601 sacro
3051 508 3392 601 baptismate

151 633 337 695 typum,
385 618 511 688 quia
554 617 718 672 iidem
761 617 813 670 in
844 613 1173 670 dimittendis
1200 612 1436 683 peccatis
1479 609 1709 667 similem

148 719 455 780 acceperunt
482 716 822 778 potestatem.
855 705 1067 760 Habent
1093 704 1308 774 quidem
1353 702 1584 758 formam
1613 715 1709 769 pa-

148 800 518 864 triarcharum,
540 798 668 868 quia
691 813 788 868 per
814 795 1038 851 verbum
1059 792 1457 865 praedicationis
1499 792 1556 846 in
1597 799 1711 846 toto

145 895 264 950 orbe
291 901 558 948 terrarum
586 891 840 962 populum
879 889 978 944 Dei
1025 887 1342 958 spiritaliter
1387 894 1709 957 genuerunt.-

144 985 360 1040 Proinde
388 981 842 1040 considerandum
885 987 972 1036 est
1005 980 1120 1050 ipse
1161 978 1424 1049 mysticus
1454 992 1710 1041 numerus

145 1075 408 1130 duodecim
437 1073 824 1145 apostolorum,
857 1070 1052 1140 quibus
1105 1069 1295 1141 ﬁguris
1340 1069 1396 1124 in
1433 1067 1710 1140 Scriptura

146 1181 287 1220 sacra
307 1165 534 1236 insignis
563 1170 790 1219 constet.
841 1160 975 1216 Nam
1030 1161 1169 1216 sicut
1213 1159 1358 1215 Deus
1399 1159 1563 1215 Pater
1615 1176 1711 1230 per

144 1258 463 1328 unigenitum
487 1255 686 1311 Filium
709 1262 864 1311 suum
899 1255 955 1308 in
1005 1253 1208 1307 virtute
1260 1249 1493 1320 Spiritus
1534 1251 1710 1305 sancti

145 1347 353 1418 primam
402 1346 588 1401 mundi
627 1345 952 1400 creationem
999 1358 1094 1399 sex
1137 1341 1348 1396 dierum
1401 1341 1710 1411 operatione

144 1436 426 1506 complevit,
458 1437 534 1490 ita
559 1436 722 1491 etiam
743 1435 1015 1505 duplicato
1027 1433 1214 1489 eodem
1229 1431 1444 1488 senario
1459 1446 1708 1496 numero,

145 1528 272 1583 unde
292 1528 576 1583 duodecim
597 1525 922 1592 eﬁiciuntur,
946 1525 1205 1580 mundum
1233 1523 1520 1594 perditum,
1546 1522 1709 1577 etiam

143 1633 292 1688 νιοβε
316 1618 573 1683 deletum,
598 1617 855 1671 Dominus
883 1613 1042 1671 Iesus
1061 1599 1305 1669 Christus
1322 1627 1421 1682 per
1431 1626 1558 1667 suos
1579 1611 1710 1666 duo-

142 1706 300 1760 decim
347 1707 630 1760 renovavit
652 1705 945 1774 apostolos.
973 1704 1039 1758 Et
1063 1705 1200 1758 sicut
1227 1702 1512 1758 duodecim
1560 1716 1710 1755 men-

143 1795 276 1850 sibus
297 1797 350 1850 in
379 1795 586 1851 circulo
629 1796 755 1849 anni
781 1794 1012 1850 diversis
1042 1792 1482 1864 temperamentis
1524 1791 1710 1846 mundi

1813 605 1970 660 oﬁicii
1999 605 2081 661 sui
2112 613 2310 672 tropaea
2336 602 2589 666 ﬁxerunt,
2617 609 2669 655 et
2695 599 3092 669 praedicationis
3121 613 3232 653 sua:
3257 613 3392 670 ,ειε-

1813 695 2063 751 dentibus
2107 693 2338 763 insignia
2367 693 2719 762 reliquerunt.
2764 689 2830 744 Ili
2858 684 3076 745 tantum
3113 689 3392 746 duodeoim

1811 785 1913 838 viri
1941 784 2008 838 ad
2032 782 2431 854 praedicandum
2471 781 2836 836 testimonium
2886 780 3291 850 sempiternum,
3339 780 3392 836 id

1811 881 1893 928 est
1919 873 2265 945 Evangelium
2295 872 2444 943 regni
2470 871 2588 938 Dei,
2617 871 2868 928 omnibus
2897 885 2993 940 per
3021 872 3206 926 orbem
3231 880 3388 924 terrae

1811 963 2119 1018 nationibus
2149 963 2301 1017 missi
2325 970 2472 1026 sunt,
2501 962 2593 1031 qui
2619 963 2782 1016 etiam
2829 962 2886 1016 in
2917 969 3102 1016 sancta
3152 960 3391 1015 Ecclesia

1811 1057 2062 1112 omnibus
2084 1065 2209 1111 sunt
2232 1056 2577 1111 credentibus
2603 1056 2755 1110 missi
2780 1056 2832 1108 in
2853 1055 3243 1119 testimonium,
3268 1054 3391 1123 quia

1811 1147 2052 1216 quisquis
2077 1148 2145 1202 ad
2174 1157 2390 1202 aeternae
2424 1147 2547 1201 vitae
2588 1146 2784 1218 gaudia
2822 1146 3104 1214 pervenire
3145 1145 3393 1210 voluerit,

1811 1257 2001 1297 eorum
2039 1242 2478 1312 praedicationem
2500 1249 2555 1295 et
2582 1240 2881 1295 doctrinam
2920 1239 2977 1292 in
3015 1238 3265 1293 omnibus
3311 1253 3393 1291 se-

1811 1335 1904 1404 qui
1930 1349 2148 1390 necesse
2199 1341 2316 1400 est;
2369 1347 2706 1402 quorumque
2749 1345 3088 1386 successores
3139 1345 3282 1383 nunc
3341 1331 3394 1381 in

1811 1433 1999 1478 sancta
2027 1423 2270 1478 Ecclesia
2293 1430 2417 1476 sunt
2471 1436 2659 1476 omnes
2715 1421 2957 1474 veritatis
3017 1419 3397 1488 praedicatores

1812 1514 2195 1569 annuntiantes
2223 1520 2280 1565 et
2302 1512 2656 1581 praedicantes
2683 1511 2905 1565 verbum
2944 1508 3133 1564 salutis
3183 1518 3398 1562 aeternae

1809 1605 1866 1658 in
1892 1603 2106 1658 Christo
2135 1600 2260 1656 Jesu
2292 1601 2519 1656 Domino
2542 1609 2744 1656 nostro.
2797 1598 2934 1656 Nam
2980 1614 3071 1653 rex
3119 1597 3393 1661 Salomon,

1810 1697 1901 1766 qui
1935 1693 2188 1765 paciﬁcus
2214 1693 2622 1762 interpretatur,
2652 1706 2800 1745 mare
2825 1705 3054 1755 aeneum,
3097 1690 3151 1744 id
3180 1698 3283 1754 est,
3317 1689 3396 1743 lu-

1812 1796 1984 1841 terem
2006 1799 2167 1855 super
2194 1783 2475 1839 duodecim
2517 1785 2681 1837 boves
2709 1796 2886 1836 aeneos
2915 1783 3096 1850 posuit
3121 1791 3247 1836 ante
3264 1791 3398 1837 tem-

141 1883 330 1940 fructus
358 1886 424 1939 ad
451 1901 613 1941 usum
636 1885 858 1940 humani
896 1883 1112 1955 generis
1134 1863 1234 1954 per
1277 1883 1374 1937 Dei
1402 1882 1706 1951 largitatem
1736 1863 1782 1922 Β
1813 1877 1987 1946 plum,
2010 1875 2100 1930 ubi
2152 1873 2465 1929 sacerdotes
2505 1881 2562 1927 et
2612 1872 2847 1926 ministri
2908 1873 3094 1926 altaris
3147 1872 3401 1927 lavabant

141 1978 506 2048 omnipotentis
535 1986 846 2042 renovatur,
872 1977 945 2031 ita
982 1992 1079 2046 per
1107 1975 1388 2030 duodecim
1440 1973 1709 2044 apostolo-

141 2081 248 2120 rum
268 2067 565 2121 doctrinam
593 2066 828 2121 fructum
857 2067 1120 2121 bonorum
1144 2079 1369 2133 operum
1390 2065 1500 2119 Deo
1519 2062 1713 2118 aﬂ‘erre

143 2156 417 2211 humanum
457 2171 632 2228 genus
687 2155 916 2210 ﬁdeliter
947 2155 1258 2210 inchoavit.
1309 2154 1410 2208 Hic
1425 2161 1510 2209 est
1553 2168 1712 2209 verus

143 2246 418 2314 Mazax-0th,
447 2249 504 2303 id
523 2256 632 2313 est,
678 2246 920 2318 signifer,
999 2261 1098 2317 per
1143 2260 1306 2316 quem
1358 2245 1440 2301 sol
1487 2243 1713 2313 justitite

143 2333 371 2392 Christus
391 2337 543 2391 omni
573 2344 813 2405 tempore
845 2343 1018 2389 totum
1065 2334 1332 2388 illuminat
1378 2333 1584 2389 orbem.
1645 2333 1712 2388 Et

149 2430 275 2484 sicut
299 2432 408 2486 dies
439 2430 728 2486 duodecim
777 2431 926 2485 horis
948 2430 1015 2483 ab
1036 2437 1156 2484 ortu
1183 2430 1313 2484 solis
1337 2445 1509 2499 usque
1535 2430 1603 2484 ad
1621 2444 1712 2483 oc-

145 2535 311 2574 casum
339 2521 593 2584 volvitur,
620 2521 695 2574 ita
721 2520 836 2574 dies
873 2535 1036 2574 verus
1087 2519 1334 2573 Christus
1377 2534 1475 2588 per
1513 2519 1714 2573 duode-

145 2611 239 2665 cim
280 2613 546 2682 apostolos
574 2627 699 2666 suos
719 2612 787 2665 ad
809 2610 1207 2666 inchoationem
1245 2618 1406 2665 rectae
1426 2625 1712 2666 conversa-

148 2699 311 2765 tionis,
339 2703 480 2770 quod
510 2715 611 2771 per
639 2709 817 2755 ortum
857 2700 986 2754 solis
1035 2700 1374 2768 intelligitur,
1415 2712 1540 2754 suos
1591 2700 1712 2754 illu-

149 2800 271 2846 strat
297 2791 509 2855 ﬁdeles;
545 2791 602 2844 in
624 2806 727 2859 qua
754 2791 844 2859 qui
877 2805 1046 2859 usque
1068 2789 1135 2844 ad
1173 2804 1451 2855 occasum,
1506 2790 1558 2842 id
1605 2799 1705 2854 est,

148 2896 299 2950 usque
316 2882 375 2934 ad
389 2881 553 2935 ﬁnem
569 2880 696 2934 vitae
718 2879 1164 2950 perseveraverit,
1181 2880 1236 2933 in
1255 2888 1516 2934 aeternum
1534 2878 1712 2933 salvus

144 2971 259 3025 erit.
283 2971 346 3025 Et
367 2971 504 3026 sicut
535 2969 721 3033 Iacob,
755 2971 848 3039 qui
877 2969 1243 3039 supplantator
1264 2970 1484 3034 dicitur,
1513 2970 1712 3025 duode-

147 3060 244 3115 cim
282 3060 413 3116 ﬁlios
433 3060 624 3129 genuit
650 3060 717 3114 ad
745 3059 1122 3129 possidendam
1145 3060 1577 3129 repromissionis
1604 3068 1713 3113 ter-

145 3164 269 3218 ram,
299 3144 367 3206 ita
396 3150 670 3215 Christus,
701 3150 793 3219 qui
819 3149 1180 3220 supplantavit
1201 3149 1489 3212 diabolum,
1514 3149 1712 3204 duode-

144 3240 241 3294 cim
290 3241 448 3311 elegit
475 3233 768 3310 apostolos,
797 3240 991 3309 quibus
1013 3249 1210 3294 terram
1257 3241 1710 3310 repromissionis,

142 3327 193 3383 id
217 3337 295 3384 est
316 3329 463 3399 regni
490 3328 726 3383 caelestis
757 3328 1204 3392 benedictionem,
1239 3329 1480 3392 tradidit,
1525 3336 1581 3382 et
1617 3343 1712 3397 po-

143 3426 377 3473 testatem
406 3419 488 3472 eis
513 3417 705 3471 tribuit
725 3416 969 3471 calcandi
1000 3431 1160 3486 super
1183 3416 1496 3486 scorpiones
1522 3425 1576 3470 et
1599 3431 1712 3470 ser-

141 3517 334 3575 pentes,
366 3518 421 3561 et
447 3521 615 3576 super
640 3521 854 3560 omnem
878 3505 1135 3560 virtutem
1163 3505 1385 3560 inimici.
1413 3506 1544 3560 Item
1573 3506 1714 3560 sicut

143 3595 336 3666 Moyses
352 3597 602 3664 ‘undique
627 3611 694 3650 ex
713 3595 859 3649 omni
888 3605 1064 3663 parte,
1127 3595 1178 3648 id
1208 3601 1311 3660 est,
1342 3595 1410 3650 ab
1431 3596 1637 3651 oriente
1658 3606 1712 3650 et

145 3687 426 3750 occidente,
459 3686 530 3739 ab
559 3685 810 3755 aquilone
837 3694 885 3739 et
912 3693 1098 3738 austro
1141 3701 1238 3753 per
1285 3686 1567 3741 duodecim
1619 3689 1713 3741 tri-

144 3776 237 3830 bus
259 3785 489 3830 metatur
501 3784 684 3829 castra
698 3775 844 3829 circa
874 3775 1281 3829 tabernaculum
1302 3774 1418 3840 Dei,
1450 3777 1525 3830 ita
1553 3775 1712 3830 Chri«

147 3875 250 3918 stus
277 3881 368 3933 per
393 3865 676 3920 duodecim
718 3863 986 3932 apostolos
1025 3873 1344 3932 quaternum
1366 3864 1714 3935 Evangelium

147 3969 235 4023 per
262 3964 489 4024 quatuor
517 3954 668 4010 orbis
691 3954 1244 4024 partes,annuntians,
1295 3954 1361 4007 ad
1389 3962 1589 4008 aeterna
1637 3964 1716 4008 ta-

148 4043 420 4100 bernacula
461 4059 654 4100 omnes
706 4044 806 4098 sibi
853 4044 1131 4098 credentes
1189 4043 1455 4108 invitavit,
1486 4044 1711 4097 dicens:

158 4132 322 4190 Venite
349 4138 418 4191 ad
448 4154 548 4200 me,
581 4152 756 4189 omnes
778 4136 865 4205 qui
887 4134 1134 4189 laboratis
1165 4145 1212 4188 et
1244 4134 1445 4188 onerati
1473 4135 1612 4199 estis,
1668 4143 1715 4186 et

153 4241 235 4294 ego
262 4227 487 4294 reﬁciam
512 4243 604 4280 vos
627 4224 850 4296 (Matth.
880 4242 934 4279 xi
951 4226 968 4294 )
987 4267 1002 4291 ,
1028 4234 1081 4279 et
1108 4226 1361 4294 recipiam
1415 4225 1467 4278 in
1505 4233 1717 4278 aeterna

151 4315 263 4369 vita
290 4316 651 4371 tabernacula.
676 4316 742 4369 Et
766 4316 905 4369 sicut
937 4315 1218 4369 duodecim
1249 4313 1422 4368 fontes
1447 4314 1499 4367 in
1526 4313 1716 4380 Celim,

155 4405 279 4460 unde
299 4408 526 4464 lassatus
550 4408 707 4461 valde
734 4407 906 4460 valida
938 4407 1026 4460 siti
1072 4406 1296 4476 populus
1349 4415 1562 4476 potatus
1615 4415 1716 4471 est,

156 4493 224 4548 ita
245 4509 331 4565 per
352 4495 638 4550 duodecim
663 4495 932 4564 apostolos
950 4495 1125 4547 omnis
1149 4495 1302 4548 turba
1348 4494 1580 4548 ﬁdelium
1627 4511 1713 4548 sa—

158 4598 251 4636 cra
278 4584 392 4639 ﬁdei
417 4585 665 4640 doctrina
691 4593 925 4652 potatur,
952 4593 1006 4637 et
1027 4585 1094 4637 ad
1118 4591 1331 4638 aeternae
1363 4585 1485 4638 vitae
1519 4586 1710 4654 gaudia

160 4684 326 4728 sancta
350 4675 736 4744 praedicatione
764 4682 1004 4728 vocatur.
1035 4671 1196 4728 Josue
1229 4689 1460 4743 quoque,
1510 4675 1601 4742 qui
1649 4674 1712 4726 Ii-

161 4779 325 4830 guram
351 4763 556 4818 Christi
585 4772 642 4816 et
677 4762 892 4816 nomine
917 4769 971 4816 et
1008 4772 1130 4815 actu
1180 4764 1463 4830 expressit,
1517 4761 1717 4816 duode-

164 4853 272 4906 cim~
301 4855 670 4924 exploratores
693 4853 839 4907 misit
860 4853 928 4906 ad
967 4851 1351 4920 explorandum
1403 4862 1596 4906 terram
1634 4869 1720 4907 re-

161 4947 536 5014 promissionis,
564 4961 725 5015 quam
749 4947 888 4999 Deus
908 4945 1138 4999 Abrahae
1157 4944 1352 4999 dilecto
1372 4960 1468 4999 suo
1489 4955 1543 4998 et
1564 4946 1720 4999 semi-

162 5037 209 5088 ni
230 5036 336 5104 ejus
381 5039 639 5092 daturum
664 5036 912 5106 promisit
938 5053 950 5088 :
975 5037 1053 5089 sic
1076 5043 1132 5089 et
1161 5033 1407 5090 Christus
1433 5037 1712 5090 duodecim

162 5127 292 5182 misit
324 5131 597 5198 apostolos
627 5129 766 5183 inter
808 5128 1248 5183 numerositatem
1299 5129 1537 5184 omnium
1590 5145 1717 5199 gen-

165 5219 282 5272 tium
299 5222 675 5290 evangelizare
697 5237 921 5291 regnum
956 5221 1068 5286 Dei,
1098 5229 1155 5274 ut
1177 5221 1240 5275 de
1283 5221 1387 5275 illis
1436 5221 1717 5276 Psalmista

165 5308 233 5360 ait
259 5327 271 5360 :
306 5309 368 5363 In
392 5325 596 5363 omnem
625 5319 818 5364 terram
849 5311 1001 5366 exiuit
1048 5327 1206 5365 sonus
1250 5327 1450 5376 eorum,
1483 5321 1530 5365 et
1559 5313 1614 5364 in
1650 5313 1717 5380 ﬁ-

167 5412 246 5450 nes
281 5399 411 5453 orbis
430 5409 585 5453 terra:
613 5399 767 5453 verba
798 5416 978 5454 eorum
1007 5398 1191 5471 (Psal.
1217 5400 1400 5470 xvm).
1440 5401 1550 5454 Viri
1592 5417 1720 5470 quo-

166 5499 258 5554 que
281 5486 561 5543 duodecim
606 5504 672 5544 ex
723 5489 1002 5543 duodecim
1046 5489 1292 5544 tribubus
1344 5489 1507 5544 Israel
1560 5490 1717 5544 siccis

166 5576 369 5642 pedibus
410 5576 702 5634 Iordanem
749 5587 1107 5644 transeuntes,
1188 5581 1468 5636 duodecim
1518 5579 1720 5649 lapides

165 5663 432 5730 elevantes,
472 5684 574 5738 pro
593 5671 747 5740 signo
797 5671 990 5725 ibidem
1038 5678 1329 5738 posuerunt
1375 5671 1429 5724 in
1478 5671 1722 5726 testimo-

166 5755 300 5811 nium
334 5764 722 5831 sempiternum
757 5763 988 5831 posteris
1007 5761 1136 5816 suis.
1177 5759 1241 5814 Ili
1265 5761 1544 5818 duodecim
1591 5777 1719 5832 apo-

512 5849 787 5911 Punon.
833 5850 999 5910 CXI.

1739 3207 1786 3268 C

1815 1983 2028 2033 manus,
2059 1983 2181 2024 cum
2210 1965 2626 2035 ingrederentur
2652 1965 3018 2020 sanctuarium
3051 1965 3264 2019 Domini
3291 1966 3398 2019 :ita

1815 2058 2064 2113 Christus
2091 2071 2243 2110 mare
2274 2069 2503 2118 aeneum,
2564 2053 2620 2108 id
2671 2062 2776 2119 est,
2817 2054 3210 2109 confessionem
3257 2070 3400 2109 verte

1815 2145 1939 2202 ﬁdei
1988 2146 2072 2200 vel
2121 2145 2285 2198 etiam
2346 2139 2741 2197 confessionem
2790 2143 3000 2209 delicti,
3067 2145 3180 2200 sive
3231 2158 3402 2198 sacrae

1817 2235 2108 2307 Scriptura:
2157 2236 2457 2291 doctrinam
2487 2251 2650 2306 super
2686 2235 2942 2290 humeros
2971 2235 3253 2290 duodecim
3305 2249 3398 2303 po-

1814 2329 1921 2384 suit
1948 2329 2334 2397 apostolorum,
2370 2345 2601 2399 quorum
2624 2329 2870 2386 doctrina
2897 2343 3088 2383 omnes
3119 2327 3310 2382 imbuti
3337 2327 3402 2380 ﬁ-

1814 2420 1960 2474 deles
1994 2436 2089 2490 per
2140 2420 2534 2477 confessionem
2565 2437 2706 2476 vera:
2749 2421 2873 2475 ﬁdei
2922 2430 2975 2475 et
3027 2421 3424 2490 pmnitentiam

1788 2507 2140 2563 delictorum
2169 2510 2238 2564 ab
2265 2511 2519 2567 omnibus
2548 2511 2874 2567 mundentur
2909 2509 3176 2575 sordibus,
3232 2519 3288 2564 et
3323 2510 3402 2564 di-

1814 2599 1904 2668 gni
1933 2597 2232 2657 efﬁciantur
2260 2604 2327 2656 ad
2353 2611 2554 2657 aeterna
2590 2611 2780 2658 sancta
2817 2602 3026 2657 Domini
3067 2603 3149 2657 sui
3178 2603 3400 2656 introire

1813 2696 1869 2741 et
1906 2691 2057 2759 regni
2086 2691 2321 2748 cmlestis
2347 2693 2543 2763 gaudia
2563 2694 2862 2763 possidere.
2901 2693 3193 2748 Duodecim
3247 2709 3398 2748 nam—

1813 2797 1918 2850 que
1946 2792 2116 2851 portae
2143 2795 2341 2839 sancta:
2379 2794 2535 2839 erant
2562 2787 2614 2839 in
2644 2787 2865 2840 civitate
2895 2785 3253 2850 Hierusalem,
3305 2800 3403 2854 per

1813 2887 1948 2942 quas
1977 2874 2273 2929 introibant
2305 2887 2358 2930 et
2402 2877 2818 2946 egrediebantur
2873 2892 3062 2933 omnes
3125 2887 3403 2931 manentes

1812 2972 1867 3016 et
1894 2963 2168 3018 venientes
2215 2966 2268 3019 in
2317 2981 2457 3020 eam.
2515 2967 2642 3022 Haec
2694 2969 2978 3023 duodecim
3037 2969 3401 3038 apostolorum

1815 3051 2041 3122 ﬁguram
2069 3065 2473 3124 expresserunt,
2499 3058 2592 3126 qui
2619 3073 2746 3111 vere
2771 3068 2940 3127 porta:
2963 3066 3089 3113 'sunt
3143 3060 3402 3129 spiritalis

1815 3141 2149 3200 Hierusalem
2181 3164 2194 3199 :
2222 3161 2319 3216 per
2344 3163 2575 3217 quorum
2622 3150 3060 3218 praedicationem
3108 3160 3163 3205 et
3212 3153 3404 3206 doctri-

1816 3254 1942 3292 nam
1964 3240 2213 3294 omnibus
2241 3240 2478 3309 undique
2506 3240 2844 3295 venientibus
2895 3241 2950 3294 in
2999 3248 3243 3294 sanctam
3292 3241 3395 3296 Ec-

1813 3327 2031 3381 clesiam
2059 3327 2342 3397 patefactae
2395 3337 2518 3382 sunt
2561 3337 2729 3396 porta:
2777 3329 2928 3398 regni
2971 3329 3225 3393 caelestis,
3287 3332 3404 3398 qui-

1812 3418 1914 3472 bus
1941 3419 2105 3472 etiam
2127 3419 2252 3472 data
2278 3427 2362 3473 est
2387 3428 2630 3488 potestas
2657 3427 2712 3473 et
2755 3418 3158 3472 successoribus
3215 3434 3402 3472 eorum

1814 3505 1869 3558 in
1898 3505 2140 3560 Ecclesia
2167 3505 2366 3578 ligandi
2399 3514 2451 3560 et
2481 3506 2722 3561 solvendi
2748 3505 2801 3558 in
2855 3505 2994 3559 coelo
3040 3513 3094 3558 et
3150 3504 3203 3557 in
3238 3516 3398 3568 terra,

1815 3605 1875 3649 ut
1901 3610 2253 3666 quoscunque
2282 3612 2378 3664 per
2402 3598 2614 3665 culpam
2643 3597 2928 3665 ligaverint
2956 3597 3008 3649 in
3038 3604 3205 3660 terra,
3255 3597 3401 3666 ligati

1815 3686 1921 3738 sint
1942 3686 1996 3737 in
2018 3695 2220 3739 aeterna
2246 3693 2528 3748 tormenta,
2559 3698 2910 3753 quoscunque
2931 3693 3110 3738 autem
3148 3685 3405 3738 solverint

1815 3771 2134 3826 confitentes
2161 3781 2216 3825 et
2242 3773 2562 3840 pmnitentes
2593 3782 2814 3840 peccata
2840 3789 2960 3838 sua,
2991 3773 3149 3827 soluti
3179 3775 3288 3826 sint
3344 3776 3394 3827 in

1816 3861 1976 3926 ccelo,
2005 3862 2246 3915 omnium
2271 3861 2360 3916 hic
2389 3862 2704 3917 remissione
2753 3872 3095 3932 peccatorum
3151 3875 3400 3934 percepta

1817 3953 1883 4005 ad
1913 3960 2128 4005 internae
2153 3951 2497 4004 beatitudinis
2547 3953 2740 4020 gaudia
2800 3969 2985 4009 eorum
3035 3957 3283 4023 precibus
3317 3960 3404 4012 ad-

1810 4041 1912 4109 juti
1943 4055 2039 4108 per
2069 4040 2162 4092 Dei
2189 4041 2417 4109 gratiam
2465 4043 2748 4108 pervenire
2782 4055 3108 4099 mereantur.
3165 4047 3289 4104 Haec
3339 4051 3404 4105 de

1818 4129 2076 4197 apostolis
2101 4128 2300 4184 Christi
2331 4131 2651 4200 generaliter
2702 4135 2862 4187 modo
2919 4135 3062 4188 dicta
3115 4136 3401 4206 sufﬁciant,

1818 4237 2046 4290 quorum
2073 4222 2201 4290 quid
2246 4222 2549 4291 specialiter
2601 4224 2902 4292 signiﬁcent
2952 4229 3190 4295 nomina,
3242 4234 3403 4301 paulo

1818 4322 1940 4382 post
1966 4315 2019 4366 in
2042 4313 2386 4382 sequentibus
2413 4316 2670 4370 dicemus.

1895 4405 2244 4474 Septuaginta
2271 4407 2374 4460 duo
2396 4407 2638 4476 discipuli
2663 4409 2968 4479 signiﬁcant
2988 4412 3398 4471 illustrationem

1824 4497 1986 4549 totius
2020 4495 2167 4549 orbis
2202 4511 2299 4564 per
2330 4495 2676 4565 Evangelium
2728 4499 3012 4564 trinitatis;
3047 4503 3232 4571 viginti
3271 4521 3401 4574 qua-

1817 4595 1937 4640 tuor
1983 4588 2126 4641 enim
2165 4588 2312 4642 horis
2361 4589 2588 4642 mundus
2624 4589 2797 4643 omnis
2823 4591 3111 4659 peragitur.
3161 4594 3261 4660 Qui
3298 4612 3400 4649 nu-

1815 4695 1998 4732 merus
2018 4679 2318 4748 triplicatus
2347 4687 2564 4748 propter
2588 4681 2833 4732 eamdem
2858 4681 3150 4736 trinitatem
3187 4684 3240 4737 in
3279 4701 3398 4754 sep-

1820 4769 2098 4839 ptuaginta
2150 4769 2253 4823 duo
2285 4769 2586 4823 deducitur.
2643 4770 2846 4824 Idcirco
2885 4780 3064 4826 autem
3111 4774 3399 4830 mittuntur

1819 4858 1929 4912 bini
1961 4869 2176 4928 propter
2215 4860 2612 4929 praedicandum
2653 4861 2745 4914 Dei
2774 4876 3012 4916 amorem
3045 4870 3099 4917 et
3137 4867 3394 4933 proximi,

1823 4951 1903 5002 vel
1954 4951 2266 5019 mysterium
2315 4951 2512 5018 gemini
2561 4953 2887 5006 testamenti.

1893 5039 2202 5103 Zacharias,
2265 5047 2326 5093 ut
2380 5055 2542 5110 supra
2608 5040 2811 5096 dictum
2859 5051 2962 5111 est,
3017 5044 3402 5114 interpretatur

1821 5132 2071 5184 memoria
2116 5129 2346 5184 Domini.

1893 5220 2164 5274 Elisabeth
2208 5221 2308 5274 Dei
2353 5224 2452 5276 mei
2504 5225 2774 5289 saturitas,
2842 5224 2927 5280 vel
2970 5224 3069 5279 Dei
3105 5227 3206 5280 mei
3238 5229 3397 5296 jura-

1821 5322 2050 5365 tmntum
2103 5313 2505 5382 interpretatur.
2550 5313 2825 5368 Elisabeth
2873 5325 3056 5385 typum
3107 5325 3252 5370 tenet
3306 5334 3393 5370 ve-

1824 5405 1955 5457 teris
1980 5402 2112 5471 legis
2147 5418 2241 5456 seu
2286 5402 2606 5472 prophetiae;
2657 5404 2798 5458 sicut
2843 5403 3132 5461 Zacharias
3175 5406 3399 5462 maritus

1823 5492 1939 5560 ejus
1963 5491 2164 5545 veteris
2205 5492 2338 5561 legis
2383 5492 2690 5546 sacerdotii.
2731 5491 2882 5548 Unde
2929 5494 3062 5549 sicut
3109 5494 3398 5550 Zacharias

1824 5592 2002 5638 mutus
2038 5582 2261 5638 Joaimis
2303 5584 2585 5638 scribendo
2615 5599 2811 5638 nomen
2839 5584 3035 5649 edidit;
3082 5584 3221 5638 sicut
3249 5594 3398 5640 vetus

1825 5673 2182 5729 sacerdotium
2209 5677 2309 5729 sub
2327 5682 2452 5744 typo
2479 5674 2838 5728 sacerdotium
2870 5672 3066 5727 Christi
3097 5682 3151 5727 et
3173 5675 3396 5741 gratiam

1824 5764 1945 5819 novi
1969 5765 2276 5818 testamenti
2311 5764 2605 5833 expressit;
2656 5771 2711 5817 et
2744 5762 2882 5818 sicut
2927 5763 3196 5820 Elisabeth
3223 5761 3400 5818 Maria
