3896 6354
392 403 462 459 75
1050 398 1113 451 B.
1154 392 1415 451 RABANI‘
1443 393 1665 450 MAURI
1702 390 2023 448 ARCHJEP.
2063 388 2372 455 MOGUNT.
2412 384 2910 448 OPERUMPARS
2947 386 3011 443 ll.
3576 383 3662 452 ‘76

391 519 768 576 salutationem
816 514 1061 581 audiens,
1103 512 1319 583 quando
1367 510 1553 565 infans
1590 511 1645 564 in
1682 518 1843 565 utero
1871 509 1987 580 ejus
2013 509 2069 571 Α
2091 525 2219 567 nam
2237 512 2583 582 sequebatur,
2616 510 2883 580 signiﬁcat
2905 526 3001 567 eos
3028 510 3127 581 qui
3145 509 3344 567 Christi
3364 509 3665 567 Mantuan

389 608 695 673 exsultavit,
738 604 940 676 Spiritu
988 611 1176 660 sancto
1220 600 1442 671 repleta».
1478 602 1692 656 beatam
1740 608 1796 654 et
1821 599 1987 654 bene-

393 702 599 757 dictam
630 713 752 753 esse
798 706 1029 751 matrem
1075 694 1288 748 Βοττιὶηί
1336 693 1687 763 praedicavit:
1719 692 1797 747 sic
1828 691 1989 762 spiri-

386 800 478 849 tus
502 791 563 846 in
588 789 773 845 littera
811 785 1127 842 advenienti
1157 783 1379 840 Christo
1400 782 1609 840 laetatus
1649 794 1756 849 est,
1799 790 1855 837 et
1877 790 1988 837 tota

393 884 562 939 series
604 881 807 937 veteris
855 877 1167 935 testamenti
1217 876 1425 947 Spiritu
1481 888 1678 933 sancte
1725 875 1831 931 leta
1900 876 1991 931 be—

391 976 660 1031 nedictam
694 989 757 1029 ac
786 972 1059 1028 salubrem
1093 968 1390 1025 Salvatoris
1414 968 1847 1024 incarnationem
1867 966 1990 1021 uni-

390 1080 546 1120 verso
590 1062 789 1118 mundo
827 1059 1155 1130 praeconiata
1199 1065 1303 1114 est.

460 1152 698 1208 Joannes
727 1150 964 1207 formam
996 1149 1195 1204 habuit
1224 1147 1378 1219 legis,
1410 1162 1532 1217 quas
1565 1146 1847 1203 Christum
1897 1159 1993 1199 an-

372 1243 679 1308 -nuntiavit,
720 1252 775 1297 et
821 1240 1200 1297 remissionem
1246 1247 1597 1309 peccatorum
1643 1251 1740 1308 per
1787 1236 1991 1291 lavacri

393 1336 630 1403 gratiam
654 1332 985 1404 praedicavit.

464 1423 659 1494 Ioseph
710 1439 960 1493 sponsus,
1002 1425 1094 1491 qui
1130 1431 1312 1478 custos
1352 1423 1682 1494 virginitatis
1723 1424 1845 1495 ejus
1869 1426 1993 1499 fuit,

2086 612 2308 675 propter
2335 604 2644 672 Dominum,
2676 604 2772 661 sed
2791 613 3017 676 propter
3039 604 3250 661 lucrum
3285 594 3671 670 saecli-appo-

2089 708 2227 754 tunt.

2160 788 2553 855 Daemoniacus,
2600 803 2770 859 quem
2804 788 3070 845 Dominus
3095 788 3155 843 in
3196 787 3420 859 regione
3440 785 3672 843 Gerase-

2091 894 2284 937 norum
2318 894 2348 933 a
2393 879 2611 950 legione
2645 880 2875 945 curavit,
2904 876 3176 951 signiﬁcat
3221 877 3481 947 gemilem
3502 890 3670 948 popu-

2091 966 2202 1023 lum
2229 968 2518 1023 multorum
2548 968 2789 1024 cultibus
2803 967 3191 1023 demoniorum
3214 967 3526 1022 obnoxium.

2161 1060 2421 1118 Pastores
2462 1076 2759 1133 porcorum
2800 1061 3067 1133 fugientes
3086 1102 3101 1127 ,
3146 1061 3248 1131 qui
3268 1074 3333 1119 ea
3356 1074 3485 1131 quae
3523 1065 3675 1131 gesta

2096 1159 2223 1206 sunt
2250 1152 2505 1207 nuntiant
2561 1155 2616 1208 in
2655 1153 2894 1217 civitate,
2937 1153 3243 1223 signiﬁcant
3274 1152 3548 1226 principes
3570 1150 3675 1205 im-

2093 1242 2327 1311 piorum,
2365 1243 2463 1312 qui
2486 1241 2613 1297 dum
2667 1241 2827 1298 ﬁdem
2855 1241 3056 1297 Christi
3082 1238 3315 1312 fugiunt,
3342 1241 3572 1296 virtutes
3596 1247 3680 1294 ta-

2094 1349 2220 1390 men
2239 1333 2361 1404 ejus
2389 1344 2666 1404 stupent-es
2685 1334 2956 1389 mirantur
2985 1344 3039 1389 et
3065 1332 3381 1404 praedicant.
3406 1331 3676 1401 Paralyti-

2097 1443 2193 1482 eus
2223 1427 2414 1497 jacens
2462 1428 2514 1482 in
2568 1427 2779 1493 lectulo,
2823 1426 3003 1480 anima
3054 1434 3157 1492 est,
3190 1425 3299 1479 vita
3326 1424 3579 1479 dissoluta
3620 1421 3680 1476 in

388 1517 658 1588 signiﬁcat
706 1516 983 1571 Christum
1015 1530 1274 1585 sponsum
1326 1516 1603 1586 Ecclesiae,
1654 1519 1805 1589 cujus
1833 1521 1996 1592 virgi-
2098 1533 2324 1589 corpore
2360 1533 2475 1573 suo.
2508 1518 2639 1585 Quae
2665 1518 2802 1572 dum-
2837 1516 3002 1572 fuerit
3028 1516 3200 1588 gratia
3228 1513 3433 1570 Christi
3464 1528 3558 1583 per
3586 1526 3680 1567 re-

389 1610 529 1663 nitas
556 1608 617 1661 in
636 1607 740 1661 ﬁde
759 1620 888 1661 vera
919 1606 986 1661 ab
1009 1607 1126 1676 ipso
1156 1622 1327 1677 usque
1357 1606 1410 1661 in
1435 1608 1596 1664 linem
1621 1620 1991 1669 conservatur.

459 1701 627 1755 Maria
666 1692 1040 1765 illuminatrix,
1093 1699 1207 1754 sive
1243 1699 1395 1754 uella
1443 1701 1626 1765 maris,
1660 1702 1993 1772 interpreta-

2099 1608 2408 1663 missionem
2458 1616 2815 1677 peccatorum
2859 1614 3066 1671 sanata,
3115 1604 3406 1677 confestim
3447 1603 3696 1673 pristino

2101 1702 2295 1757 robore
2340 1708 2556 1769 recepto
2585 1700 2837 1770 resurgit,
2892 1708 2948 1754 et
2994 1698 3196 1754 lectum
3237 1696 3417 1752 carnis
3442 1709 3575 1759 suae,
3623 1693 3692 1749 in‘

391 1804 441 1847 tu
545 1789 744 1847 Genuit
801 1790 947 1844 enim
994 1788 1180 1843 lumen
1232 1788 1438 1844 mundi.
1494 1788 1757 1845 Sermone
1807 1800 2059 1861 autem_
2100 1807 2206 1861 quo
2226 1790 2673 1858 debilisjacebat,
2724 1791 2791 1845 ad
2820 1790 3036 1844 domum
3061 1790 3323 1843 virtutum
3356 1793 3600 1857 reportat
3619 1791 3687 1841 ut

302 1940 303 1945 η
390 1882 530 1954 Syro
576 1880 765 1945 Maria,
817 1879 1043 1934 Domina
1078 1888 1457 1951 nuncupatur;
1501 1890 1561 1935 et-
1579 1873 1828 1951 pulchre,
1860 1885 1991 1953 quia
2021 1856 2069 1915 Β
2095 1856 2152 1935 se
2175 1880 2323 1934 intra
2346 1856 2691 1935 conscientia:
2713 1893 2828 1932 suae
2852 1886 3064 1933 secreta
3087 1856 3447 1947 constringat,
3494 1883 3549 1931 et
3579 1888 3680 1930 ne-

391 1973 676 2028 Dominum
702 1970 887 2041 genuit
909 1969 1032 2025 coeli
1053 1978 1112 2025 et
1136 1977 1295 2026 ternae
1328 1978 1383 2025 et
1410 1972 1677 2028 universae
1698 1974 1982 2030 creaturae.

394 2061 613 2133 \iystice
653 2069 833 2115 autem
879 2060 1139 2115 Ecclesite
1179 2064 1409 2132 ﬁguram
1454 2071 1628 2133 gestat
1650 2072 1706 2118 et
1732 2066 1990 2134 speciem,

397 2167 535 2219 quae,
570 2166 692 2205 cum
722 2149 792 2203 sit
820 2148 1144 2218 desponsata
1191 2147 1429 2215 Christo,
1482 2152 1634 2223 virgo
1662 2164 1989 2223 perseverat.

2097 1986 2365 2042 quaquam
2390 1972 2445 2026 in
2471 1970 2837 2027 exterioribus
2857 1967 3008 2025 nitra-
3030 1966 3395 2041 voluptatibus
3418 1964 3684 2022 dissoluta

2097 2063 2593 2222 alixﬁgvmgogi
2635 2149 2765 2214 ﬁlia,
2818 2149 2887 2204 ad
2909 2161 3073 2220 quam
3093 2148 3390 2206 curandam
3420 2148 3699 2205 Dominus

460 2240 599 2310 Magi
636 2238 1010 2310 ﬁguraverunt
1051 2239 1299 2310 gentium
1343 2241 1594 2310 populos,
1650 2244 1824 2300 lucem
1867 2246 2001 2303 ﬁdei
2100 2242 2235 2297 dum
2256 2250 2526 2313 pergeret,
2558 2242 2709 2310 prius
2755 2250 2942 2297 tamen
2971 2250 3264 2313 antequam
3299 2242 3369 2297 ad
3409 2255 3529 2298 eam
3580 2253 3683 2299 ve-

391 2330 719 2400 cognituros,
747 2329 1051 2384 indicantes
1071 2338 1540 2386 sacramentorum
1562 2348 1811 2399 numero,
1834 2335 1993 2391 Chri-

390 2427 531 2473 stum
584 2433 681 2487 per
735 2418 894 2473 thura
939 2431 1063 2473 esse
1106 2419 1295 2484 Deum,
1362 2435 1460 2490 per
1501 2424 1777 2492 myrrham
1816 2426 1995 2480 homi-

393 2522 513 2564 nem
538 2521 778 2577 passum,
803 2521 901 2575 per
931 2522 1135 2561 aurum.
1168 2522 1352 2579 regem
1380 2509 1624 2565 omnium
1651 2512 1992 2568 saeculorum.

2099 2332 2262 2398 aii-et,
2295 2333 2473 2403 tetigit
2495 2348 2618 2388 eum
2646 2347 2677 2386 a
2698 2339 2851 2403 tergo
2876 2332 3088 2398 mulier,
3118 2346 3239 2402 quae
3268 2330 3531 2402 profluvio
3555 2347 3687 2388 san—

2100 2424 2285 2493 guinis
2324 2423 2631 2490 laborabat,
2658 2432 2717 2478 et
2737 2431 2931 2478 curata
2972 2430 3074 2489 est,
3124 2422 3536 2504 archisynagogi
3563 2420 3690 2493 qui-

2102 2514 2221 2569 dem
2274 2512 2381 2567 ﬁlia
2435 2512 2633 2569 Judaeae
2680 2521 2864 2584 typum
2902 2514 3109 2579 tenuit;
3148 2512 3265 2568 haec
3313 2521 3518 2579 autem,
3564 2524 3690 2583 qua

396 2648 401 2649 ,
461 2595 732 2663 Herodes,
786 2596 880 2667 qui
930 2596 1229 2651 infantibus
1282 2612 1470 2653 necem
1524 2600 1733 2665 intulit,
1798 2601 2003 2657 diaboli
2099 2604 2368 2676 proﬂuvio
2407 2604 2691 2676 sanguinis
2734 2604 3032 2669 laborabat,
3086 2602 3314 2674 ﬁguram
3356 2602 3547 2657 habuit
3583 2601 3690 2658 Eo-

390 2685 622 2742 formam
650 2686 949 2756 expressit;
981 2685 1067 2740 vel
1108 2686 1371 2756 gentium,
1416 2704 1535 2758 qua:
1578 2690 1858 2761 cupientes
1902 2707 1998 2747 no-
2100 2696 2277 2752 elesiae
2298 2710 2366 2750 ex
2400 2695 2669 2766 gentibus.
2694 2692 2824 2762 Qum
2848 2697 2974 2750 dum
3000 2701 3123 2763 post
3150 2693 3586 2764 praedicationem
3631 2698 3691 2749 et

393 2791 516 2833 men
537 2775 742 2834 Christi
778 2777 1130 2849 exstinguere
1153 2780 1219 2835 de
1245 2780 1470 2845 mundo,
1493 2781 1547 2835 in
1578 2796 1766 2838 necem
1794 2792 2000 2853 marty-

394 2887 515 2925 rum
568 2871 881 2927 saevierunt.

460 2961 593 3017 Muti
638 2963 733 3035 qui
783 2963 837 3016 in
887 2962 1179 3033 Evangelia
1219 2973 1503 3031 curantur,
1546 2965 1856 3035 signiﬁcant
1900 2981 1997 3023 eos

392 3053 483 3122 qui
530 3052 692 3113 ﬁdem
739 3052 942 3121 Christi
998 3054 1350 3111 conﬁtentur.

2100 2796 2222 2858 post
2249 2786 2567 2856 passionem
2578 2799 2642 2841 ac
2662 2794 2783 2855 post
2803 2785 3177 2841 ascensionem
3198 2783 3406 2839 Christi
3431 2783 3688 2852 credidit,

2104 2876 2259 2946 quasi
2314 2890 2346 2930 a
2394 2884 2545 2946 tergo
2599 2875 2885 2931 Dominum
2914 2874 3135 2945 tetigit:
3167 2882 3223 2929 et
3262 2882 3390 2929 ante
3438 2874 3690 2945 accipere

2102 2966 2329 3022 salutem
2356 2980 2525 3037 quam
2549 2980 2821 3037 synagoga
2846 2966 3164 3035 promeruit.

2174 3083 2289 3137 Duo
2318 3081 2445 3136 caeci
2459 3079 2614 3149 juxta
2634 3080 2781 3133 viam
2802 3080 3073 3145 sedentes,
3099 3077 3411 3149 signiﬁcant
3428 3086 3688 3151 utrosque

1000 3158 1096 3201 θθδ
1122 3144 1216 3215 qui
1262 3161 1371 3201 no“
1420 3147 1797 3202 in‘euexemm
1829 3146 1992 3204 ﬁde.
2027 3200 2070 3263 ρ
2102 3172 2326 3244 populos
2368 3142 2677 3227 Iudaeorum
2731 3179 2787 3225 et
2830 3142 3068 3241 gentium
3112 3142 3211 3241 per
3257 3169 3416 3231 ﬁdem
3469 3142 3688 3225 Christo

392 3254 552 3308 quam
598 3238 964 3295 crediderunt.

467 3331 639 3387 Surdi
677 3331 985 3403 signiﬁcant
1028 3346 1124 3388 eos
1151 3332 1245 3402 qui
1276 3347 1382 3387 non
1430 3334 1687 3388 obediunt
1713 3336 1998 3406 praeceptis

397 3421 511 3475 Dei.
543 3420 754 3486 Claudi,
796 3422 897 3489 qui
926 3436 1035 3476 non
1077 3430 1224 3476 recte
1272 3422 1328 3475 in
1376 3422 1565 3475 semita
1613 3423 1994 3477 mandatorum

393 3510 490 3566 Dei
514 3510 845 3581 gradientes,
872 3510 1097 3579 implere
1124 3518 1392 3579 praecepta
1415 3510 1673 3565 salutaria
1698 3512 1991 3583 negligunt.

467 3602 637 3658 Homo
669 3603 924 3672 prudens,
954 3604 1046 3671 qui
1072 3602 1359 3658 aediﬁcavit
1402 3604 1617 3658 domum
1648 3619 1802 3659 suam
1832 3619 1995 3675 supra

393 3704 624 3764 petram,
674 3694 942 3764 signiﬁcat
991 3695 1266 3748 doctorem
1316 3696 1546 3761 ﬁdelem,
1597 3698 1687 3765 qui
1739 3698 1791 3751 in
1841 3698 1994 3753 Chri-

395 3797 482 3841 sto
528 3785 683 3855 ponit
736 3785 994 3840 doctrinas
1042 3800 1153 3840 sum
1178 3799 1244 3839 ac
1272 3785 1397 3838 vitae
1426 3778 1996 3842 stabilimentum.'lle

395 3891 523 3931 vero
569 3876 663 3945 qui
708 3874 995 3930 aediﬁcavit
1038 3875 1259 3929 domum
1320 3890 1470 3929 suam
1526 3890 1688 3946 super
1747 3891 1993 3945 arenam,

399 3968 775 4023 haereticorum
826 3964 1075 4036 dogmata
1124 3965 1391 4034 designat,
1429 3965 1521 4035 qui
1575 3965 1655 4021 sic
1704 3966 1993 4033 aediﬁcant,

397 4068 455 4112 ut
502 4058 710 4112 ruinam
770 4056 973 4111 faciant
1022 4072 1292 4126 magnam.

468 4150 761 4220 Leprosus,
811 4164 972 4217 quem
1026 4149 1277 4203 Christus
1332 4149 1664 4202 descendens
1700 4152 1765 4204 de
1811 4159 1997 4206 monte

398 4242 629 4313 primum
674 4241 901 4303 curavit,
954 4240 1160 4295 indicat
1209 4241 1505 4294 humanum
1561 4254 1729 4309 genus
1776 4240 1999 4295 delicto-

396 4348 518 4386 rum
569 4333 818 4402 contagio
858 4330 1192 4383 maculosum
1224 4347 1236 4382 :
1269 4330 1373 4384 hoc
1410 4328 1740 4399 Redemptor
1773 4330 1900 4385 dum
1930 4331 1997 4386 de

399 4422 659 4477 caelorum
702 4421 985 4475 altitudine
1028 4420 1183 4488 quasi
1223 4421 1289 4474 de
1342 4428 1525 4475 monte
1571 4421 1923 4476 descenderet
1964 4437 1996 4476 a

397 4515 548 4569 vario
584 4514 883 4568 daemonum
926 4512 1070 4567 cultu
1125 4513 1425 4575 inundavit,
1500 4521 1663 4582 atque
1711 4514 1765 4568 in
1814 4514 1995 4570 unita-

399 4611 510 4659 tem
554 4602 677 4658 ﬁdei
728 4604 1016 4671 reparavit.

469 4695 727 4751 Centurio
756 4694 916 4748 ﬁdem
947 4693 1181 4762 gentium
1214 4692 1500 4763 signiﬁcat.
1552 4694 1693 4763 leer
1719 4705 1897 4752 autem
1938 4706 1994 4752 et

401 4785 510 4840 ﬁlia
540 4783 858 4840 Chananzeae
886 4784 1150 4849 mulieris,
1181 4799 1318 4851 quos
1354 4781 1601 4839 Christus
1635 4800 1740 4839 non
1771 4787 1994 4841 veniens

399 4876 475 4951 ad,
497 4889 590 4929 eos
630 4873 823 4937 salvat,
872 4873 1085 4927 easdem
1135 4881 1321 4943 gentes
1363 4876 1672 4938 ostendunt,
1719 4891 1854 4945 quas
1884 4879 1991 4932 Do-

403 4966 581 5018 minus
633 4978 740 5016 non
797 4963 1064 5031 corporali
1112 4964 1396 5032 pnesentia
1450 4964 1709 5028 visitavit,
1762 4968 1856 5020 sed
1898 4982 1994 5036 per

404 5054 565 5110 ﬁdem
606 5055 756 5112 verbi
787 5054 1031 5109 salvavit.
1072 5056 1191 5121 Ipsa
1224 5072 1437 5124 quoque
1460 5058 1654 5110 mulier
1691 5058 1999 5114 Chananaea

403 5137 655 5203 Ecclesiae
703 5147 943 5218 gentium
1004 5148 1227 5213 gerebat
1269 5148 1519 5217 ﬁguram,
1572 5166 1693 5219 quae
1741 5164 1999 5221 tanquam

406 5238 555 5292 canis
586 5238 778 5306 quaerit
827 5238 995 5293 micas
1038 5238 1102 5291 de
1135 5253 1317 5292 mensa
1362 5239 1726 5305 dominorum,
1784 5244 1837 5298 id
1885 5254 1996 5311 est,

405 5328 635 5381 suturari
675 5328 935 5382 doctrinis
968 5328 1331 5397 apostolorum
1362 5337 1417 5383 et
1450 5333 1855 5400 prophetarum.

478 5420 685 5474 Socrus
740 5419 883 5473 Petri
949 5420 1266 5475 febricitans
1323 5422 1592 5491 signiﬁcat
1665 5439 1991 5495 synngogam

407 5518 540 5563 aestu
574 5508 869 5563 carnalium
900 5508 1295 5564 desideriorum
1326 5525 1629 5565 accensam.
1672 5510 1837 5580 Cujus
1884 5513 1993 5567 ﬁlia

409 5609 491 5654 est
530 5616 658 5671 pars
697 5601 786 5657 illa
818 5602 1151 5657 credentium
1178 5643 1192 5667 ,
1229 5619 1348 5671 quae
1401 5606 1526 5660 data
1578 5614 1659 5660 est
1697 5607 1857 5662 Petro
1906 5624 1993 5663 rc-

410 5693 599 5763 genda.

482 5781 668 5840 Scriba
716 5788 1063 5855 repudiatus,
1106 5789 1196 5856 qui
1241 5797 1459 5856 propter
1499 5796 1765 5856 quaestum
1810 5790 1994 5845 Domi-

2022 4567 2084 4627 Β,

2102 3262 2613 3335 appropinquantes,
2637 3262 2730 3333 qui
2756 3261 2891 3317 dixit
2915 3281 2927 3316 :
2962 3261 3074 3333 Ego
3096 3279 3210 3316 sum
3236 3264 3317 3317 uia
3339 3262 3521 3333 (ιιοαιι.
3545 3264 3685 3331 nv).

2170 3374 2503 3429 Dmmonium
2541 3374 2746 3428 habens
2784 3386 2961 3429 caecus
2990 3380 3046 3426 et
3072 3380 3276 3438 mulus,
3307 3372 3399 3441 qui
3427 3372 3689 3428 scribitur

2100 3482 2131 3521 a
2170 3464 2451 3523 Salvatore
2478 3474 2723 3530 curatus,
2776 3465 2982 3519 indicat
3032 3478 3127 3519 eos
3155 3465 3247 3533 qui
3290 3480 3364 3519 ex
3382 3464 3689 3519 idololatria

2100 3559 2339 3630 gentium
2368 3558 2436 3611 ad
2467 3557 2625 3611 ﬁdem
2654 3557 2991 3613 Dominicam
3029 3566 3437 3613 convertuntur.
3478 3557 3690 3624 Quibus

2100 3657 2281 3703 tamen
2309 3646 2534 3718 expulso
2557 3661 2587 3700 a
2618 3646 2782 3701 corde
2807 3646 3113 3701 daemonum
3142 3646 3307 3712 cultu,
3352 3647 3479 3701 dum
3504 3648 3690 3718 pristi-

2100 3754 2226 3794 nam
2254 3738 2427 3793 lueem
2457 3745 2818 3807 perceperunt
2852 3736 2998 3803 ﬁdei,
3023 3748 3211 3807 poswa
3245 3740 3313 3792 ad
3355 3738 3697 3796 laudandum

2099 3831 2385 3885 Dominum
2421 3845 2613 3885 eorum
2654 3829 2835 3898 lingua
2873 3830 3195 3897 resolvitur,
3225 3838 3285 3885 ut
3321 3830 3688 3887 conﬁteantur

2099 3937 2223 3977 eum
2243 3937 2403 3992 quem
2433 3930 2595 3976 antea
2622 3931 2977 3991 negaverunt.

2169 4037 2343 4093 Homo
2388 4052 2607 4092 manum
2639 4037 2848 4091 aridam
2884 4037 3093 4091 habens
3127 4037 3395 4107 signiﬁcat
3448 4038 3684 4093 animam

2100 4127 2486 4182 misericordiae
2525 4127 2780 4197 operibus
2833 4126 3250 4193 infructuosam»,
3273 4128 3363 4182 cui
3399 4144 3521 4183 cum
3550 4128 3685 4183 dlci-

2100 4227 2190 4272 tur
2218 4234 2231 4271 :
2260 4216 2499 4271 Extende
2520 4232 2735 4272 manum
2759 4227 2905 4271 tuam
2938 4217 3091 4289 (Luc.
3128 4218 3224 4289 v1),
3250 4219 3511 4275 admonet
3544 4233 3686 4276 sem-

2099 4321 2197 4377 per
2213 4308 2596 4388 porrigendam
2622 4307 3020 4377 eleemosynam
3054 4308 3399 4377 pauperibus.

2171 4419 2366 4487 Homo,
2412 4420 2479 4476 de
2509 4436 2616 4491 quo
2657 4421 2969 4477 immundus
2996 4424 3215 4494 spiritus
3238 4423 3427 4491 exivit,
3467 4435 3524 4480 et
3568 4444 3686 4484 rur-

2102 4523 2222 4564 sum
2243 4522 2367 4565 eum
2395 4511 2698 4579 occupavit,
2723 4512 2992 4584 signiﬁcat
3015 4513 3285 4569 hominem
3306 4515 3684 4586 pmnitentem,

2101 4601 2188 4655 cui
2238 4614 2335 4669 per
2384 4600 2725 4656 subsecutam
2781 4602 3162 4674 negligentiam
3210 4606 3390 4661 acrius
3449 4617 3697 4667 mentem.

2102 4698 2335 4759 occupat
2384 4692 2564 4746 carnis
2606 4692 2875 4761 voluptas,
2932 4695 3199 4764 adjunctis
3245 4711 3428 4751 secum
3482 4708 3688 4767 septem

2103 4779 2382 4847 spiritibus
2405 4781 2683 4848 vitiorum,
2714 4783 2768 4836 id
2792 4790 2894 4848 est,
2938 4783 3233 4851 iracundia,
3266 4786 3487 4849 invidia.
3527 4798 3693 4857 atque

2104 4872 2307 4926 ventris
2331 4872 2588 4942 ingluvie,
2616 4874 2761 4928 inani
2791 4874 2983 4943 gloria,
3015 4891 3081 4931 ac
3101 4877 3370 4945 superbia.

2173 4961 2565 5018 Paterfamilias
2590 4964 2880 5033 proferens
2915 4968 2979 5021 de
3016 4968 3271 5022 thesauro
3304 4982 3403 5022 suo
3441 4983 3579 5023 nova
3640 4978 3695 5024 et

2108 5062 2291 5107 vetera
2319 5096 2333 5118 ,
2380 5055 2631 5110 Christus
2681 5065 2795 5121 est,
2842 5057 3124 5127 proferens
3174 5059 3239 5113 de
3289 5058 3693 5127 impenetrabili

2108 5144 2333 5196 scientia
2362 5157 2459 5197 sua
2491 5144 2704 5213 gemina
2737 5144 3081 5199 Testamenta
3109 5164 3121 5199 :
3158 5146 3346 5211 Vetus,
3384 5148 3439 5199 in
3473 5161 3583 5216 quo
3610 5146 3695 5203 fe-

2107 5234 2281 5288 licitas
2329 5246 2541 5288 terrena
2599 5236 2960 5304 promittitur;
3000 5233 3231 5303 Novum,
3272 5250 3371 5305 per
3412 5237 3554 5306 quod
3604 5253 3695 5293 re-

2108 5344 2268 5397 gnum
2299 5329 2560 5384 caelorum
2580 5338 2826 5399 speratur

2180 5419 2350 5475 Homo
2374 5420 2467 5489 qui
2503 5420 2791 5474 seminavit
2828 5420 2881 5473 in
2913 5436 3043 5491 agro
3075 5435 3175 5476 suo
3198 5434 3427 5491 granum
3458 5419 3689 5491 sinapis,

2108 5509 2351 5565 Christus
2390 5519 2492 5576 est,
2534 5510 2628 5580 qui
2683 5510 2972 5565 seminavit
3023 5510 3182 5566 ﬁdem
3231 5510 3287 5565 in
3338 5511 3539 5579 mundo
3564 5552 3579 5577 ,
3638 5512 3693 5567 in

2106 5619 2211 5672 qua
2251 5603 2496 5660 volucres
2532 5602 2677 5669 cmli,
2716 5605 2768 5660 id
2797 5613 2881 5660 est
2915 5602 3187 5675 spiritales
3230 5600 3442 5669 animm,
3476 5606 3694 5673 requie-

2107 5704 2281 5750 scunt.

2178 5790 2384 5858 Mulier,
2417 5804 2534 5860 quae
2560 5788 2888 5847 fermentum
2927 5788 3207 5847 abscondit
3237 5787 3294 5845 in
3318 5787 3450 5845 satis
3488 5787 3689 5854 tribus,
