3896 6338
202 360 264 421 π
1166 348 1254 415 DE
1296 358 1641 418 UNWERSO
1669 358 1848 415 nutu
1886 359 2045 415 XXII.
2085 392 2156 402 -
2191 362 2319 417 LIB.
2357 362 2442 421 Iv.
3358 374 3427 434 τε

202 477 447 551 παίσαι
470 474 753 531 scientiam
776 464 1070 545 spiritualis
1092 473 1354 532 doctrinae
1378 474 1673 533 ferventem
1698 474 1753 531 in
1778 478 1834 540 Α
1854 484 2242 545 perceperunt;
2267 478 2359 545 qui
2378 491 2509 533 vero
2533 477 2724 533 ultima
2751 478 2906 547 hora,
2937 480 3011 536 illi
3040 490 3166 538 sunt
3188 487 3281 556 qui
3312 489 3427 559 jam

203 566 461 625 Trinitatis
490 580 691 622 amore.

261 660 421 715 Homo
446 660 540 728 qui
562 658 933 714 absconditum
963 658 1277 714 thesaurum
1302 659 1357 715 in
1378 674 1507 730 agro
1528 664 1747 732 reperit,

202 752 279 806 ille
290 760 367 805 est
386 749 474 819 qui
497 750 551 803 in
578 749 683 805 isto
700 751 921 814 mundo,
938 751 1170 809 venditis
1186 752 1455 821 omnibus,
1477 753 1748 809 Christum

197 839 454 908 vitamque
468 847 727 895 mtcrnam
752 840 1001 910 acquirit.

265 927 500 997 Quinque
526 929 697 984 millia
722 930 985 997 virorum,
1014 932 1107 1002 qui
1143 934 1376 1002 quinque
1422 936 1651 1004 panibus
1695 943 1749 991 et

197 1020 386 1075 duobus
407 1021 645 1090 piscibus
671 1022 812 1091 pasti
837 1031 983 1087 sunt,
1013 1024 1363 1080 ecclesiastici
1393 1035 1517 1080 sunt
1545 1026 1745 1102 populi,

197 1111 278 1181 qui
304 1127 397 1180 per
418 1113 657 1181 quinque
686 1127 876 1168 sensus
923 1114 1166 1184 corporis
1200 1114 1453 1170 alimento
1474 1116 1606 1193 legis
1635 1117 1745 1186 api:

197 1201 349 1258 ritalis
395 1217 424 1257 a
450 1202 669 1258 Christo
704 1202 1039 1270 reﬁciuntur,
1080 1212 1136 1260 et
1158 1204 1357 1276 duplici
1382 1205 1743 1273 Testamento,

196 1295 332 1364 quasi
364 1295 603 1364 gemellis
624 1295 879 1364 piscibus,
908 1304 1238 1352 saturantur.

257 1385 487 1451 Quatuor
544 1395 725 1441 autem
774 1385 942 1440 millia
970 1388 1211 1442 virorum
1258 1388 1351 1458 qui
1400 1387 1518 1443 aliis
1543 1396 1747 1470 septem

196 1476 401 1545 panibus
429 1476 667 1540 aluntur,
708 1476 894 1532 eadem
943 1477 1184 1534 Ecclesia
1207 1479 1445 1549 gentium
1474 1488 1579 1545 est,
1629 1495 1747 1549 quia

195 1565 242 1619 in
280 1575 502 1635 quatuor
543 1568 791 1637 partibus
816 1569 1003 1624 mundi
1048 1568 1366 1626 dimanditur
1396 1578 1559 1641 atque
1587 1572 1746 1627 uber-

194 1663 293 1710 tate
316 1658 644 1727 septiformis
671 1660 859 1729 gratim
887 1671 1186 1716 recreatur.

251 1744 334 1801 ille
357 1747 445 1816 qui
472 1763 615 1819 saepe
638 1766 781 1804 nunc
804 1756 855 1804 in
883 1753 1084 1821 ignem,
1114 1766 1259 1809 nunc
1283 1759 1339 1808 in
1364 1768 1557 1823 aquam
1577 1756 1738 1812 cade-

1854 565 2111 637 decrepiti
2147 574 2203 621 et
2236 566 2292 621 in
2318 576 2560 624 extremo
2580 569 2706 625 vitae
2748 585 2860 627 suae
2888 578 3127 643 tempore
3140 579 3328 632 vocati
3361 581 3432 635 ad

1852 653 2127 710 Christum
2174 666 2441 713 venerunt
2485 672 2501 712 ε
2544 659 2637 730 qui
2700 666 2884 716 tamen
2931 662 3202 731 prioribus
3237 683 3424 738 parem

1854 748 2156 805 mercedem
2212 759 2428 804 aeternas
2473 752 2820 809 beatitudinis
2870 756 3157 825 accipiunt,
3214 760 3270 815 in
3320 761 3427 818 illis

1853 852 2181 895 conservans
2210 840 2455 898 Christus
2476 842 2772 911 justitiam,
2803 847 2949 915 quia
2975 850 3146 917 prima
3171 852 3305 906 hora
3325 868 3425 907 na-

1852 928 2300 1001 tivitatisoperati
2343 941 2488 998 sunt,
2532 934 2581 988 in
2610 935 2729 990 istis
2777 936 3094 1006 impendens
3114 941 3422 999 misericor-

1852 1016 2016 1082 diam,
2046 1020 2138 1088 qui
2169 1036 2275 1074 una
2308 1021 2431 1075 vitm
2461 1022 2593 1077 hora
2628 1023 3006 1081 laboraverunt

1922 1109 2037 1164 Duo
2063 1110 2158 1165 lilii
2179 1112 2330 1168 missi
2361 1114 2431 1168 ad
2474 1117 2800 1184 operandam
2829 1119 3041 1174 vineam
3072 1122 3297 1178 duomm
3324 1145 3425 1196 po-

1849 1196 2097 1266 pulorum
2136 1208 2321 1269 typum
2361 1203 2750 1260 demonstrant.
2790 1206 3004 1264 Primus
3036 1211 3179 1266 enim
3225 1214 3426 1271 missus

1847 1297 2074 1342 vocatur
2104 1292 2339 1359 gentium
2367 1297 2595 1365 populus
2626 1313 2725 1367 per
2774 1310 2979 1357 natura:
3016 1303 3426 1376 intelligentiam

1848 1376 1915 1430 ad
1947 1379 2126 1447 operis
2156 1380 2320 1436 divini
2350 1385 2614 1440 culturam
2641 1407 2654 1441 :
2682 1389 2775 1456 qui
2804 1399 2983 1445 tamen
3013 1407 3271 1462 spernens
3297 1412 3429 1452 eon-

1850 1471 2035 1521 tumax
2074 1472 2279 1525 exstitit
2316 1480 2370 1526 et
2405 1488 2525 1531 sese
2564 1477 2764 1533 iturum
2809 1483 3041 1551 negavit.
3093 1482 3429 1543 Adveniente

1848 1566 2027 1613 autem
2093 1560 2362 1629 Domino,
2428 1567 2664 1635 priorem
2727 1572 3119 1628 contumaciam
3179 1577 3426 1645 sequenti

1846 1649 2153 1704 emendavit
2192 1652 2512 1708 obedientia.
2560 1655 2841 1714 Secundus
2883 1671 3064 1717 autem
3107 1663 3249 1720 illius
3292 1667 3425 1722 mis-

1845 1752 1936 1793 sus
1972 1738 2189 1797 Judtcus
2216 1758 2312 1813 per
2335 1744 2468 1816 legis
2495 1749 2855 1817 cognitionem
2886 1755 3199 1822 respondit:
3231 1754 3424 1812 Omnia

189 1840 284 1903 δαί,
326 1840 582 1895 nam
623 1842 908 1911 signiﬁcat.
940 1842 1082 1914 [suis
1129 1853 1309 1901 autem
1342 1846 1479 1901 imm
1527 1846 1737 1903 ίηηεω,
1768 1836 1816 1896 Β
1845 1843 2166 1900 quocunque
2192 1832 2384 1887 dixerit
2414 1837 2560 1891 nobis
2604 1837 2860 1895 Dominus
2882 1882 2897 1907 ,
2940 1842 3192 1912 faciemus
3222 1845 3419 1917 (Exod.

188 1936 421 1993 mentem,
473 1944 618 1999 aqua
667 1931 847 1987 carnis
900 1930 1229 2001 voluptatem
1282 1935 1633 2002 demonstrat,
1686 1937 1743 1990 in

184 2018 359 2087 quibus
400 2034 618 2091 semper
666 2030 914 2091 arreptus
962 2024 1273 2091 quotidiano
1313 2025 1463 2096 lapsu
1500 2026 1744 2096 praecipi—

186 2114 329 2161 tatur.

246 2196 439 2269 lloyses
463 2206 521 2254 et
559 2199 730 2267 Elias,
758 2200 850 2271 qui
882 2214 1245 2271 apparuerunt
1274 2217 1394 2258 eum
1432 2203 1662 2258 Domino
1684 2202 1741 2259 in

182 2295 363 2350 monte,
410 2287 494 2342 lex
520 2298 578 2343 et
612 2298 889 2359 propueta
922 2291 1308 2363 intelliguntur,
1338 2308 1568 2362 quorum
1595 2294 1740 2349 voci-

181 2377 269 2432 bus
310 2379 484 2448 passio
518 2370 589 2436 et'
620 2382 947 2437 resurrectio
992 2390 1048 2438 et
1081 2382 1251 2453 gloria
1298 2382 1515 2439 Domini
1562 2384 1729 2441 decla-

182 2476 335 2519 ratur.
520 2496 526 2501 υ

243 2553 401 2610 Homo
429 2556 640 2613 habens
669 2568 887 2613 centum
920 2572 1070 2625 oves,
1120 2567 1177 2615 et
1202 2559 1405 2619 relictis
1446 2561 1553 2617 illis
1582 2576 1733 2617 evetn

179 2647 413 2715 pervium
450 2650 673 2718 quaerit,
714 2664 777 2705 ae
817 2658 1086 2720 repertam
1116 2651 1357 2707 humeris
1398 2654 1634 2719 revehit,
1674 2655 1735 2708 ii-

179 2752 346 2807 guram
386 2738 597 2795 Christi
639 2742 906 2811 expressit
944 2744 1057 2812 qui,
1084 2743 1287 2798 relictis
1317 2747 1608 2814 nonaginta
1638 2762 1736 2802 nov

178 2843 282 2883 rem
315 2831 620 2902 agminibus
652 2832 966 2904 angelorum
1002 2834 1056 2889 in
1094 2836 1266 2902 caelis,
1292 2852 1447 2892 ovem
1490 2854 1611 2907 quae
1642 2854 1729 2910 pe-

177 2920 325 2976 rierat
346 2922 398 2976 in
439 2922 641 2989 Adam,
671 2932 730 2977 ut
758 2926 933 2980 bonus
958 2935 1163 2996 pastor,
1195 2928 1478 2998 quaesitam
1523 2928 1579 2984 in
1605 2945 1705 3001 gen

175 3010 303 3067 tibus
346 3016 570 3083 reperit,
621 3024 784 3084 atque
820 3016 1000 3072 erucis
1043 3033 1154 3073 sum
1194 3018 1436 3074 humeris
1482 3021 1713 3088 paradisi

174 3104 465 3171 reportavit.

1845 1919 2016 1991 xxiv).
2080 1919 2184 1976 Sed
2221 1923 2423 1980 idcirco
2463 1929 2769 1996 damnatur,
2815 1933 2941 2002 quia
2996 1949 3101 1990 non
3148 1935 3321 1991 solum
3370 1939 3424 1991 in

1844 2012 2184 2069 confessione
2206 2016 2340 2087 legis
2369 2021 2754 2087 praevaricatus
2779 2032 2882 2090 est,
2908 2027 3003 2082 sed
3035 2028 3089 2081 in
3116 2029 3291 2098 ipsum
3317 2030 3422 2085 Do-

1844 2104 2051 2160 minum
2076 2106 2247 2162 vineae
2269 2111 2626 2178 parricidales
2648 2129 2839 2170 manus
2875 2119 3135 2174 extendit.

1913 2193 2088 2251 Homo
2122 2197 2214 2266 qui
2246 2197 2456 2254 vineam
2511 2202 2795 2270 plantavit,
2826 2204 2920 2259 Dei
2955 2217 3136 2284 portat
3158 2208 3421 2282 ﬁguram,

1842 2285 1934 2354 qui
1983 2286 2221 2341 condidit
2250 2287 2606 2347 Hierusalem.
2640 2292 2699 2346 In
2747 2310 2853 2363 qua
2884 2297 3169 2356 aediﬁcavit
3203 2305 3419 2372 turrim,

1840 2383 1897 2430 et
1947 2378 2188 2432 torcular
2243 2379 2400 2445 fodit,
2447 2383 2619 2440 altare
2665 2386 2916 2444 videlicet
2970 2400 3025 2447 et
3060 2395 3339 2466 templum,
3368 2406 3425 2454 et

1844 2479 2025 2537 sepem
2066 2469 2450 2539 circumdedit,
2498 2474 2553 2529 id
2601 2485 2715 2542 est,
2763 2481 3071 2549 angelorum
3126 2490 3424 2546 munitione

1840 2555 2077 2612 vallavit.
2127 2559 2316 2615 Coloni
2351 2572 2563 2632 autem,
2601 2569 2795 2636 quibus
2831 2586 3044 2628 vineam
3094 2575 3276 2646 locat,
3320 2594 3419 2649 po-

1836 2644 1995 2713 pulus
2022 2659 2107 2704 est
2142 2650 2331 2719 lsrael,
2359 2654 2457 2723 qui
2494 2656 2595 2711 sub
2636 2658 2818 2716 divino
2843 2662 2990 2720 cultu
3020 2644 3267 2736 possedit
3288 2644 3419 2729 Hie.

1837 2737 2092 2793 rusalem.

1910 2825 2063 2884 Servi
2116 2840 2294 2890 autem
2332 2840 2423 2908 qui
2460 2848 2700 2913 tempore
2753 2844 3023 2904 fructuum
3060 2852 3213 2909 missi
3251 2856 3421 2917 inter-

1835 2916 1961 2973 fecti
1991 2931 2117 3014 sunt
2145 2940 2176 2979 a
2204 2928 2427 2997 colonis,
2464 2936 2741 3005 propheta;
2782 2938 3154 3012 intelliguntur
3187 2960 3417 3014 quorum

1837 3013 2060 3082 sanguis
2092 3015 2295 3074 eﬂ'usus
2313 3030 2399 3076 est
2433 3039 2463 3077 a
2490 3023 2710 3094 Judaais,
2743 3028 2869 3084 dum
2900 3031 2969 3087 ab
3000 3033 3081 3088 eis
3113 3013 3418 3104 quaererent

1830 3100 2057 3169 justitias
2084 3106 2319 3165 fructum
2356 3121 2412 3167 et
2442 3114 2595 3185 legis.

234 3193 411 3246 nunc,
446 3210 571 3262 qm
605 3200 872 3263 Paduam
912 3196 1111 3264 κρανία
1148 3196 1446 3269 dragmam,
1491 3200 1729 3257 Ecclesia
1757 3183 1802 3245 (Γ.
1836 3282 1850 3286 _
1902 3192 2073 3286 Filius
2110 3208 2287 3255 autem
2313 3183 2603 3262 novissime
2631 3214 2848 3275 missus,
2884 3227 3045 3283 quem
3071 3216 3301 3286 ejectum
3328 3226 3418 3275 e'o-

170 3290 263 3346 est,
304 3299 420 3351 quae
457 3287 700 3340 animam
743 3286 937 3341 diaboli
978 3287 1183 3357 laqueis
1227 3292 1553 3348 abstractam
1603 3294 1731 3349 dum

169 3371 417 3427 invenerit
430 3389 528 3443 per
546 3375 945 3445 pmnitentiam,
971 3386 1026 3431 et
1053 3378 1358 3449 angelorum
1371 3389 1425 3435 et
1452 3382 1729 3439 hominum

168 3459 284 3516 facit
306 3463 566 3519 ltetitiam.

229 3554 438 3610 Debitor
463 3557 658 3612 decem
684 3558 1013 3614 talentorum
1054 3559 1322 3631 signiﬁcat
1361 3563 1606 3619 homines
1633 3568 1725 3637 qui

164 3640 265 3696 Deo
293 3654 412 3698 sunt
436 3646 664 3701 obnoxii
695 3663 793 3716 per
828 3650 1313 3717 transgressionem
1362 3652 1546 3708 decem
1592 3670 1728 3725 prae-

164 3744 446 3803 ceptorum.
501 3737 613 3793 Sed
662 3739 800 3793 sicut
840 3740 994 3795 nobis
1045 3741 1393 3810 poscentibus
1433 3760 1462 3798 a
1504 3745 1728 3803 Domino

162 3836 363 3893 peccata
392 3828 729 3894 relaxantur,
758 3831 829 3884 ita
865 3832 1231 3902 unusquisque
1275 3842 1519 3890 nostrum
1548 3836 1729 3891 dimit-

164 3922 266 3968 tere
287 3915 445 3971 debet
483 3919 739 3983 exemplo
766 3919 979 3974 Domini
1013 3937 1099 3985 ne,
1148 3922 1273 3976 dum
1304 3924 1525 3979 minima
1547 3926 1727 3981 debita

164 4001 214 4063 in
234 4004 377 4061 nobis
395 4010 754 4075 peccantibus
782 4026 889 4063 non
917 4012 1277 4075 concedimus,
1307 4011 1513 4081 majora
1542 4022 1725 4070 nostra

163 4094 415 4151 exsolvere
436 4114 561 4153 cum
596 4100 774 4154 usuris
798 4114 1080 4169 pinnarum
1104 4115 1377 4172 cogamur.

225 4183 372 4241 Dives
416 4190 509 4258 qui
558 4190 767 4245 camelo
795 4200 1155 4260 comparatur,
1191 4208 1477 4262 personam
1524 4194 1726 4250 indicat

162 4271 466 4343 Judaeum,
498 4280 597 4348 qui
643 4280 711 4335 de
750 4280 885 4351 legis
933 4282 1172 4351 potemia
1203 4284 1533 4356 gloriantur;
1563 4302 1723 4357 quam

164 4365 273 4430 quia
321 4378 537 4438 propter
592 4379 805 4425 terrena
853 4372 1056 4438 colunt,
1110 4390 1216 4429 non
1255 4376 1455 4430 habent
1499 4392 1724 4448 regnum

163 4456 401 4513 coriorum
434 4479 447 4513 :
483 4462 669 4530 ibique
718 4461 929 4517 facilius
951 4465 1190 4533 gentium
1217 4467 1446 4536 populus
1480 4468 1721 4523 crimini-

1835 3282 1943 3337 loni
1972 3293 2125 3340 extra
2174 3289 2387 3345 vineam
2414 3299 2746 3364 occiderunt,
2797 3282 3046 3359 Christus
3100 3282 3205 3372 est,
3251 3323 3413 3376 quem

1832 3378 2219 3436 cmciﬂxerunt
2271 3383 2475 3453 Judmi,
2531 3390 2810 3461 ejicientes
2857 3410 2981 3450 eum
3026 3407 3181 3453 extra
3223 3410 3413 3469 portas

1831 3468 2184 3529 Hierusalem.
2212 3474 2397 3532 Coloni
2431 3488 2627 3548 autem,
2655 3499 2793 3554 quos
2815 3486 3072 3545 Dominus
3098 3468 3269 3549 vinea:
3286 3511 3410 3564 per-

1830 3565 1985 3631 didit,
2012 3568 2172 3622 iidem
2200 3574 2380 3641 populi
2402 3574 2706 3632 Iudaeorum
2726 3580 3116 3653 intelliguntur,
3139 3588 3228 3656 qui
3257 3590 3408 3657 olim,

1829 3664 1889 3709 ut
1944 3658 2215 3726 videntur,
2251 3662 2476 3735 dispersi
2504 3679 2631 3723 sunt
2682 3681 2846 3741 atque
2883 3678 3166 3746 perempti.
3198 3679 3279 3735 illi
3316 3697 3411 3736 au-

1831 3755 1941 3802 tem
1970 3751 2239 3820 agricolae,
2272 3756 2338 3809 ad
2376 3772 2510 3825 quos
2544 3761 2697 3814 vinea
2743 3764 3023 3819 transferri
3066 3770 3408 3843 praecipuum,

1830 3840 2132 3911 signiﬁcant
2153 3846 2425 3915 apostolos
2455 3849 2536 3904 vel
2573 3866 2915 3910 successores
2948 3840 3331 3932 apostolorum.

1899 3935 2013 3988 Rex
2043 3939 2132 4004 qui
2168 3938 2297 3991 fecit
2323 3942 2538 4009 nuptias
2583 3943 2693 3999 lilio
2734 3962 2855 4012 suo,
2897 3948 3039 4010 Deus
3071 3950 3233 4009 Pater
3255 3956 3411 4012 intel-

1826 4022 2049 4094 ligitur:
2082 4026 2173 4095 qui
2204 4028 2471 4096 copulavit
2497 4046 2563 4085 ex
2610 4034 2820 4111 virgine
2846 4054 3063 4099 carnem
3096 4040 3331 4102 Christo.

1896 4114 2052 4170 Servi
2088 4133 2216 4173 vero
2245 4119 2336 4190 qui
2366 4122 2514 4178 missi
2530 4134 2862 4182 suntvocare
2886 4129 3160 4200 invitatos,
3176 4140 3407 4205 apostoli

1828 4213 1951 4259 sunt
2002 4216 2164 4277 atque
2205 4213 2481 4280 prophetae
2507 4254 2521 4278 ,
2578 4216 2669 4286 qui
2721 4216 2937 4276 Iudaeos
2983 4237 3081 4292 per
3120 4223 3318 4308 Legem
3356 4238 3413 4285 et

1826 4294 2170 4366 Evangelium
2218 4314 2669 4376 provocaverunt.
2708 4304 2817 4363 Sed
2853 4309 2930 4365 illi
2971 4315 3131 4368 modo
3176 4294 3408 4375 terrenis

1826 4388 2267 4455 tempestatibus,
2318 4391 2475 4447 modo
2507 4396 2686 4450 carnis
2728 4409 2782 4451 et
2833 4399 2967 4475 legis
3000 4416 3163 4462 onere
3208 4407 3400 4485 pressi,

1825 4477 2214 4534 solemnitatem
2240 4482 2502 4539 adventus
2531 4483 2742 4541 Domini
2770 4477 3247 4561 contempserunt;
3279 4497 3403 4552 vitae

964 4532 967 4533 γ
1218 4532 1236 4536 ἶ
1288 4532 1306 4536 _
2032 4532 2037 4533 ,
2082 4532 2087 4533 ,
2242 4532 2499 4539 ﬁt---"
2531 4532 2742 4541 _-_..--.
2772 4532 3211 4560 νυ...ν...,,υν......
3232 4538 3247 4561 ,

164 4544 250 4599 bus
287 4558 560 4605 tortuosus
596 4560 648 4603 et
701 4553 932 4608 sarcinis
977 4564 1323 4623 peccatorum
1351 4568 1604 4630 gravatus
1632 4560 1715 4614 in-
1744 4532 1797 4591 Β
1825 4577 2041 4624 aeterna:
2071 4572 2263 4641 gaudia
2298 4583 2484 4642 gentes
2511 4575 2763 4633 introisse
2797 4580 3141 4638 manifestum
3162 4594 3264 4640 est.

162 4640 397 4705 greditur,
428 4643 591 4712 quasi
613 4658 709 4711 per
729 4644 973 4701 foramen
998 4662 1147 4715 acus,
1174 4666 1271 4721 per
1298 4654 1575 4723 angustias
1594 4670 1717 4725 pas-

162 4727 348 4785 sionum
378 4749 440 4787 ac
472 4734 711 4789 labores.

222 4819 607 4880 Paterfamilias
641 4827 732 4895 qui
776 4830 1051 4897 operarios
1088 4835 1155 4887 ad
1201 4835 1413 4888 vineam
1461 4840 1722 4891 conduxit

160 4921 208 4964 et
222 4912 410 4971 denarii
436 4920 747 4973 ntercedem
762 4922 1045 4990 promittit,
1059 4922 1310 4980 Christus
1332 4936 1436 4992 est,
1450 4928 1541 4996 qui
1562 4936 1720 4983 vocat

159 5016 327 5061 omnes
350 5009 415 5063 ad
438 5010 650 5065 cultum
678 5010 823 5079 ﬁdei,
849 5016 1171 5084 promittens
1199 5019 1279 5073 eis
1298 5020 1579 5085 praemium
1599 5036 1716 5091 per-

160 5091 295 5151 fecta:
320 5102 690 5158 beatitudinis.
1126 5138 1135 5148 ~

220 5185 450 5257 Operarii
493 5194 593 5261 qui
641 5195 776 5250 hora
826 5197 1003 5265 prima
1034 5202 1283 5256 conducti
1314 5212 1455 5268 sunt,
1507 5205 1560 5259 hi
1592 5213 1712 5262 sunt

157 5278 237 5347 qui
260 5295 288 5334 a
312 5283 636 5340 rudimentis
652 5287 889 5343 infantiae
905 5291 1107 5346 eulutm
1118 5292 1529 5351 ﬁdeieonsecuti
1555 5310 1708 5364 sunt;

155 5371 432 5440 «Mentem
463 5379 600 5433 hora
648 5382 829 5445 tertia,
878 5385 931 5437 hi
960 5394 1084 5440 sunt
1133 5389 1223 5456 qui
1251 5389 1303 5441 in
1349 5389 1710 5447 adolescentia

152 5458 387 5522 Midam
425 5482 804 5539 accesserunt;
836 5476 928 5543 qui
965 5493 1091 5533 vero
1126 5480 1258 5535 hora
1289 5490 1439 5536 sexta
1462 5485 1711 5540 conducti

152 5564 283 5624 ﬂint,
322 5559 379 5615 hi
408 5574 539 5618 sunt
577 5567 668 5636 qui
712 5568 766 5622 in
796 5567 1095 5637 juventutis
1133 5582 1290 5628 aetate
1339 5574 1707 5644 crediderunt;

151 5645 234 5714 qui
254 5659 427 5707 autem
456 5653 589 5710 hora
619 5674 761 5714 nona
792 5670 1157 5725 accesserunt,
1185 5662 1261 5717 illi
1295 5673 1421 5718 sunt
1450 5666 1538 5734 qui
1568 5680 1595 5717 a
1617 5666 1709 5734 ju-

156 5738 353 5800 versute
388 5744 445 5800 in
481 5757 814 5806 Senectutem
845 5750 1205 5820 declinantes,
1242 5752 1446 5810 Christi
1477 5755 1709 5825 gratiam

1896 4659 2009 4715 Rex
2040 4662 2209 4718 iratus
2229 4665 2318 4734 qui
2345 4666 2490 4721 misit
2515 4670 2785 4725 exercitus
2809 4687 2956 4740 suos,
2987 4684 3043 4730 et
3068 4679 3299 4747 perdidit
3320 4681 3401 4734 in-

1832 4750 2141 4808 terfectores
2181 4753 2322 4821 illos,
2355 4764 2409 4811 et
2447 4758 2719 4815 civitatem
2748 4762 3006 4832 incendit,
3054 4767 3195 4823 Deus
3238 4769 3399 4825 Pater

1825 4852 1926 4909 est,
1959 4845 2051 4913 qui
2072 4848 2351 4903 suscitavit
2394 4850 2782 4920 Vespasianum
2820 4853 3085 4912 Caesarem
3130 4859 3397 4918 Romano-

1825 4950 1963 4999 rum,
2018 4936 2190 5005 quiet
2221 4939 2476 5008 populum
2512 4943 2692 5012 gladio
2741 4948 2993 5012 vastavit,
3021 4956 3076 5003 et
3124 4950 3395 5008 civitatem

1821 5023 2154 5081 Hierusalem
2192 5027 2434 5084 funditus
2468 5047 2590 5087 cum
2620 5035 2734 5090 suis
2761 5037 3029 5094 universis
3056 5043 3269 5109 evertit,
3319 5045 3395 5100 ita

1826 5124 1877 5171 nt
1904 5117 2130 5173 ulterius
2154 5120 2470 5192 belligerare
2493 5140 2600 5179 non
2631 5138 2833 5195 posset.

1888 5208 2170 5265 Hominem
2200 5222 2378 5275 autem
2410 5231 2514 5270 non
2540 5218 2829 5279 habentem
2850 5230 3054 5279 vestem
3098 5226 3389 5295 nuptialem

1818 5300 1872 5353 in
1935 5303 2225 5369 accubitu,
2278 5306 2366 5373 qui
2417 5305 2666 5375 loquente
2709 5322 2835 5381 rege
2890 5312 3177 5378 obmutuit,
3231 5332 3390 5385 quem

1814 5393 1961 5463 jubet
2004 5395 2175 5459 servis
2218 5396 2329 5449 suis
2364 5396 2602 5452 ablatum
2634 5399 2775 5453 mitti
2802 5401 2855 5454 in
2889 5402 3136 5458 tenebras
3159 5408 3392 5465 exterio-

1820 5501 1924 5550 res,
1949 5486 2036 5540 ille
2063 5496 2145 5540 est
2169 5488 2258 5556 qui
2291 5487 2344 5541 in
2381 5487 2484 5541 ﬁde
2512 5489 2728 5558 quidem
2771 5506 2894 5546 eum
2930 5493 3139 5549 caeteris
3175 5496 3392 5566 requie-

1818 5575 1946 5640 Scit;
1982 5576 2074 5631 sed
2099 5578 2144 5631 si
2170 5578 2417 5631 inventus
2456 5577 2620 5633 fuerit
2644 5580 2699 5633 in
2726 5581 2810 5636 die
2832 5580 3021 5650 judicii
3044 5596 3247 5641 veSIem
3271 5601 3390 5639 eam

1816 5666 1899 5719 nis
1924 5668 2176 5735 operibus
2224 5668 2423 5723 habere
2452 5669 2729 5739 pollutam,
2771 5672 3053 5728 confestim
3074 5672 3295 5740 jubetur
3321 5678 3387 5733 ab

1817 5756 2020 5829 angelis
2046 5759 2157 5814 tolli
2182 5775 2245 5814 ac
2272 5762 2439 5834 mergi
2470 5764 2525 5818 in
2551 5766 2850 5835 gehennam
2873 5765 3011 5837 ignis
3034 5766 3241 5822 aeterni.
