3896 6360
432 402 502 457 79
1110 393 1171 445 Β.
1210 389 1464 445 RABANI
1503 388 1722 445 MAURI
1756 386 2077 442 ARCHIEP.
2121 387 2431 446 MOGUNT.
2471 389 2755 446 OPERUM
2792 388 2973 446 PARS
3009 389 3077 444 ΙΙ.
3623 392 3701 450 80

499 508 617 565 Duo
646 508 939 571 debitores,
969 521 1034 560 ex
1063 506 1256 576 quibus
1291 521 1429 560 unus
1457 504 1689 560 debebat
1724 490 2011 558 feneratori
2040 507 2092 565 Α
2188 505 2360 559 Homo
2386 505 2479 576 qui
2519 504 2877 560 descendebat
2903 505 2971 559 ab
2995 502 3332 560 Hierusalem
3363 505 3418 560 in
3454 503 3699 572 Iericho,

428 602 684 660 denarios
712 599 1054 669 quingentos,
1094 598 1230 651 alter
1249 597 1660 668 quinquaginta,
1690 594 2015 666 signiﬁcavit

426 693 681 766 populum
709 690 1018 747 Iudaeorum
1057 699 1111 744 et
1154 691 1417 759 gentium,
1455 704 1522 744 ex
1555 688 1750 760 quibus
1776 687 1886 754 ille,
1919 688 2013 757 qui

427 785 820 858 quinquaginta
853 783 1104 839 denarios
1129 782 1333 847 debuit,
1359 779 1666 836 Iudaeorum
1694 790 1878 852 typum
1918 781 2013 834 ha-

426 875 578 942 buit;
613 875 701 930 ille
728 890 858 929 vero
901 874 989 943 qui
1022 872 1366 943 quingentos,
1403 872 1642 944 gentium
1663 871 1930 941 expressit
1957 870 2015 924 ﬁ-

428 980 644 1035 guram,
669 964 762 1034 qui
785 963 853 1017 ab
883 962 1037 1016 initio
1066 963 1250 1017 mundi
1293 961 1504 1016 debitor
1532 977 1744 1032 semper
1771 961 2013 1016 existens

428 1054 848 1126 chirographum
878 1052 1084 1122 peccati
1106 1067 1203 1121 per
1221 1051 1594 1120 paenitentiam
1620 1068 1728 1107 non
1757 1051 2008 1106 exsolvit.

425 1145 758 1199 Adveniente
788 1143 970 1212 itaque
1003 1141 1242 1207 Christo,
1287 1142 1502 1197 tandem
1548 1141 1796 1206 credidit,
1850 1151 2013 1211 atque

427 1239 736 1294 uberiorem
761 1235 1146 1291 misericordiae
1187 1235 1421 1288 fructum
1450 1235 1676 1305 accepit.
1710 1232 1863 1289 Unde
1886 1235 2012 1303 quia

425 1331 545 1399 plus
594 1329 668 1382 illi
717 1341 1031 1383 concessum
1070 1334 1153 1380 est
1205 1339 1235 1378 a
1270 1323 1509 1390 Christo,
1559 1324 1786 1393 amplius
1838 1324 2011 1395 diligit

425 1419 725 1484 Christum,
773 1417 913 1472 sicut
956 1415 1217 1486 scriptum
1247 1422 1333 1470 est
1378 1433 1392 1468 :
1439 1413 1538 1468 Cui
1561 1413 1678 1485 plus
1707 1415 2009 1482 dimittitur,

422 1509 540 1580 plus
570 1508 742 1579 diligit
774 1507 924 1580 (Luc.
954 1505 1073 1577 vn).
1198 1570 1199 1573 η

498 1600 719 1670 Septem
755 1598 970 1664 fratres,
1022 1599 1111 1668 qui
1144 1613 1307 1654 unam
1349 1597 1630 1654 mulierem
1678 1597 2005 1662 habuerunt,

423 1700 482 1745 et
517 1690 635 1746 sine
667 1689 792 1744 ﬁliis
844 1689 1042 1743 mortui
1073 1697 1216 1753 sunt,
1246 1687 1491 1742 homines
1522 1687 1766 1743 inﬁdeles
1811 1687 2010 1740 intelli-

421 1786 643 1852 guntur,
668 1779 760 1849 qui
788 1779 841 1833 in
867 1780 1120 1848 praesenti
1143 1779 1272 1844 vita,
1299 1794 1419 1848 quae
1446 1791 1543 1847 per
1569 1785 1778 1845 septem
1801 1777 2008 1831 dierum

2114 606 2170 650 et
2188 596 2378 651 incidit
2399 595 2457 649 in
2493 595 2752 660 latrones,
2778 595 2891 664 ipse
2921 593 3095 649 Adam
3123 593 3391 667 ﬁguratur
3416 595 3470 649 in
3501 609 3706 666 genere

2115 702 2234 753 suo,
2283 687 2376 757 qui
2424 687 2551 741 dum
2601 685 2954 742 descenderet
3007 685 3074 741 de
3114 688 3366 756 paradiso
3395 687 3602 744 caelesti
3641 688 3706 742 in

2112 780 2393 844 mundum,
2419 779 2606 833 incidit
2629 779 2683 833 in
2708 779 2926 850 angelos
2950 779 3321 834 tenebrarum.

2186 870 2562 925 Samaritanus
2583 870 2936 936 descendens,
2956 870 3051 940 qui
3078 869 3304 925 vulnera
3327 872 3445 941 ejus
3464 872 3704 935 curavit,

2113 957 2361 1013 Christus
2385 967 2469 1013 est
2493 967 2676 1014 custos
2720 969 2930 1026 noster,
2961 959 3054 1030 qui
3104 960 3171 1015 de
3208 960 3346 1016 caelo
3384 961 3702 1027 descendit,

2113 1055 2169 1102 et
2209 1063 2379 1119 genus
2430 1048 2727 1104 humanum
2772 1064 2803 1103 a
2849 1049 3160 1105 vulneribus
3204 1058 3549 1120 peccatorum
3599 1066 3701 1106 cu-

2113 1139 2271 1194 ravit.

2185 1230 2524 1288 Stabularius
2552 1233 2779 1303 apostoli
2809 1243 2951 1301 sunt,
2983 1235 3069 1289 vel
3099 1249 3439 1290 successores
3464 1250 3651 1290 eorum
3685 1276 3702 1302 ,

2112 1323 2205 1393 qui
2253 1323 2623 1381 inﬁrmitatem
2667 1334 2911 1381 nostram
2960 1328 3345 1396 praedicatione
3387 1330 3698 1399 evangelica

2113 1425 2383 1470 recreant.

2183 1505 2427 1574 Martha,
2466 1523 2587 1577 quae
2622 1511 2835 1580 excepit
2882 1508 3157 1566 Christum
3203 1511 3258 1564 in
3305 1512 3464 1565 domo
3499 1526 3597 1565 sua
3643 1520 3703 1566 et

2113 1598 2479 1664 ministrabat,
2526 1600 2796 1671 signiﬁcat
2821 1600 3119 1656 Ecclesiam
3170 1600 3226 1654 in
3260 1601 3365 1655 hac
3388 1600 3497 1654 vita
3536 1599 3700 1655 Chri-

2113 1698 2255 1745 stum
2284 1691 2338 1745 in
2387 1692 2550 1747 corde
2579 1707 2678 1748 suo
2702 1692 3065 1762 excipientem
3091 1701 3148 1748 et
3175 1706 3339 1762 opere
3365 1690 3592 1761 iustitiae
3621 1691 3704 1746 la-

2111 1782 2411 1838 borautem.

422 1868 684 1924 circulum
737 1869 1007 1934 decurrit,
1057 1877 1226 1923 totam
1268 1869 1434 1922 vitam
1485 1883 1638 1923 suam
1683 1868 1799 1922 sine
1827 1866 2004 1922 fructu
2033 1869 2081 1929 Β
2179 1875 2366 1942 Maria,
2392 1892 2549 1932 soror
2576 1892 2709 1946 ejus,
2739 1893 2860 1948 qua;
2888 1878 3109 1932 sedebat
3133 1893 3287 1934 secus
3311 1876 3512 1933 Christi
3535 1877 3704 1948 pedes

415 1961 645 2031 justitite
673 1971 1145 2032 consumpserunt.

491 2053 608 2107 Duo
637 2051 692 2106 in
722 2051 883 2116 lecto,
917 2051 994 2105 illi
1024 2050 1399 2120 signiﬁcantur
1427 2051 1519 2120 qui
1547 2051 1741 2106 remoti
1775 2067 1806 2105 a
1838 2051 2012 2106 turbis

422 2146 479 2199 in
505 2146 617 2200 otio
642 2144 876 2213 quodam
893 2143 1016 2196 vitae
1044 2157 1241 2196 vacare
1271 2143 1542 2197 videntur.

493 2234 621 2287 Duae
663 2230 926 2285 molentes
960 2229 1015 2282 in
1057 2230 1219 2294 mola,
1264 2230 1355 2298 qui
1382 2232 1609 2300 negotiis
1636 2233 2011 2303 temporalium

422 2336 603 2376 rerum
642 2317 1117 2375 circumferuntur.

491 2411 609 2466 Duo
640 2411 695 2464 in
719 2425 869 2481 agro,
900 2411 992 2478 qui
1042 2410 1098 2463 in
1126 2410 1426 2465 ministerio
1449 2411 1703 2466 Ecclesiae
1749 2422 2008 2483 tanquam

419 2520 475 2557 in
513 2518 644 2574 agro
668 2501 948 2556 Dominico
968 2510 1265 2571 operantur
1298 2520 1310 2554 :
1345 2516 1411 2556 ex
1442 2502 1657 2571 quibus,
1689 2504 2010 2560 adveniente

421 2594 603 2649 saeculi
634 2594 980 2657 adversitate,
1012 2593 1064 2646 id
1089 2601 1173 2647 est
1214 2603 1392 2657 nocte,
1437 2594 1658 2662 quidam
1689 2605 2010 2664 permanent

423 2688 474 2737 in
498 2684 619 2746 ﬁde,
655 2693 711 2738 et
737 2691 1087 2738 assumuntur
1126 2682 1193 2737 ad
1238 2683 1427 2746 vitam,
1467 2682 1685 2752 quidam
1717 2683 2004 2749 decedunt,

421 2785 476 2830 ct
505 2774 882 2844 relinquuntur
914 2772 982 2827 ad
1012 2787 1251 2842 pmnam.

490 2866 740 2934 Quinque
763 2864 1003 2933 virgines
1031 2863 1323 2933 sapientes,
1354 2877 1546 2918 omnes
1583 2864 1777 2918 animae
1803 2874 2005 2920 sanctae

419 2958 826 3030 intelliguntur;
859 2971 978 3026 quae
1004 2957 1259 3024 quoniam
1285 2971 1382 3026 per
1405 2955 1645 3027 quinque
1673 2972 1864 3012 sensus
1891 2973 2005 3012 cor-

419 3053 567 3122 poris
597 3049 801 3106 nullam
828 3049 1119 3104 admittunt
1143 3048 1323 3103 cordis
1345 3048 1770 3119 corruptionem,
1802 3050 2004 3103 idcirco

419 3145 672 3215 quinario
704 3157 930 3197 numero
963 3149 1365 3210 computantur.
1390 3139 1637 3209 Quinque
1660 3139 1897 3210 virgines
1924 3137 2003 3193 fa-

2114 1978 2170 2024 et
2210 1968 2462 2025 audiebat
2515 1970 2737 2024 verbum
2758 2010 2771 2032 ,
2831 1970 3166 2024 demonstrat
3206 1968 3450 2023 eamdem
3506 1967 3699 2022 Eccle-

2115 2059 2250 2114 siam
2290 2060 2346 2114 in
2380 2058 2563 2114 futuro
2583 2058 2779 2114 saeculo
2807 2059 2876 2113 ab
2905 2059 3052 2113 omni
3079 2072 3242 2128 opere
3270 2067 3572 2113 cessantem
3599 2097 3613 2121 ,
3643 2064 3702 2110 et

2116 2154 2170 2204 in
2196 2149 2308 2206 sola
2332 2149 2784 2220 contemplatione
2813 2148 3090 2219 sapientiae
3114 2146 3316 2203 Christi
3347 2148 3698 2218 requiescen-

2117 2251 2241 2297 tem.

2185 2330 2356 2385 Homo
2400 2333 2490 2400 qui
2527 2345 2705 2385 menta
2739 2338 2896 2385 nocte
2935 2329 3242 2399 postulabat
3280 2343 3348 2383 ao
3385 2328 3563 2384 amico
3599 2344 3702 2384 suo

2114 2429 2225 2476 tres
2251 2436 2438 2491 panes,
2468 2420 2876 2478 similitudinem
2908 2418 3164 2489 exprimit
3190 2416 3450 2488 cujusque
3481 2418 3536 2472 in
3580 2434 3698 2473 me-

2114 2511 2200 2564 dia
2226 2511 2569 2565 tribulatione
2590 2509 2912 2579 postulantis
2925 2509 3234 2576 Dominum,
3258 2517 3321 2563 ut
3346 2511 3437 2564 det
3459 2509 3700 2564 eiscien-

2117 2598 2245 2651 tiam
2272 2597 2571 2651 Trinitatis.

2185 2689 2344 2742 Dives
2383 2688 2533 2757 cujus
2561 2688 2758 2742 uberes
2795 2688 3004 2742 fructus
3029 2703 3160 2759 ager
3192 2686 3392 2753 attulit,
3423 2688 3700 2758 signiﬁcat

2112 2779 2384 2834 hominem
2414 2778 2640 2832 luxuriis
2666 2778 2929 2844 deditum,
2958 2787 3012 2833 et
3044 2779 3405 2834 abundantem
3431 2781 3696 2850 peccatis,

2111 2887 2273 2942 quem
2299 2873 2650 2927 immoderato
2684 2869 2828 2926 ﬂuxu
2865 2871 3096 2942 amplius
3120 2885 3344 2941 peccare
3381 2873 3698 2928 desideran-

2112 2972 2222 3018 tem
2252 2965 2430 3035 arguit
2453 2964 2728 3028 Dominus,
2758 2964 2943 3019 dicens
2970 2980 2981 3015 :
3014 2963 3206 3029 Stulte,
3232 2963 3331 3017 hac
3367 2974 3515 3017 nocte
3539 2964 3696 3033 aufe-

2111 3061 2254 3107 retur
2268 3069 2300 3105 α
2330 3063 2379 3107 te
2397 3053 2576 3106 anima
2601 3062 2692 3106 tua
2715 3067 2732 3103 :
2759 3063 2805 3108 et
2831 3070 2947 3123 qua:
2973 3054 3307 3123 praeparasti,
3331 3054 3486 3124 cujus
3501 3061 3654 3108 erant
3671 3053 3698 3106 γ

2115 3142 2267 3216 (Luc.
2304 3144 2426 3217 xu).

424 3246 552 3303 tute,
583 3251 704 3305 quae
731 3249 836 3289 non
887 3234 1087 3288 habent
1110 3233 1166 3286 in
1193 3231 1339 3288 vasis
1366 3231 1481 3286 suis
1509 3229 1708 3296 oleum,
1755 3230 1859 3285 illae
1888 3231 2005 3284 ani-
2034 3225 2078 3290 C
2181 3234 2430 3306 Quinque
2480 3233 2556 3287 illi
2598 3234 2654 3288 in
2683 3233 2842 3289 domo
2883 3248 3014 3300 una,
3040 3233 3095 3288 id
3122 3241 3224 3299 est,
3271 3241 3446 3304 pater,
3495 3242 3694 3298 mater,

421 3347 523 3386 tua:
553 3339 678 3385 sunt
698 3345 819 3398 qua:
841 3328 1042 3383 habent
1063 3326 1282 3396 quidem
1308 3326 1671 3396 integritatem
1693 3341 2001 3395 corporum,

421 3423 516 3479 sed
546 3437 650 3477 non
681 3431 903 3478 servant
929 3419 1071 3474 intra
1098 3418 1490 3474 conscientiam
1530 3418 1658 3473 boni
1707 3418 1887 3487 operis
1932 3427 2010 3471 te—

424 3513 764 3579 stimonium,
814 3514 942 3567 dum
981 3513 1036 3566 in
1065 3512 1202 3567 facie
1231 3510 1532 3581 gloriantur
1556 3510 1698 3579 apud
1738 3509 2007 3573 homines,

423 3615 480 3661 et
524 3619 632 3659 non
680 3603 734 3657 in
787 3601 954 3656 corde
1005 3600 1145 3670 apud
1191 3598 1408 3654 Deum:
1448 3599 1569 3654 ideo
1592 3597 1736 3667 quod
1781 3599 1906 3667 quia
1954 3599 2010 3652 in

424 3695 567 3749 vasis
598 3701 879 3762 pectorum
907 3704 1128 3745 suorum
1164 3689 1364 3744 mentis
1398 3687 1737 3758 splendorem
1774 3704 1882 3742 non
1914 3703 2008 3759 ge-

424 3793 572 3850 runt,
602 3782 921 3838 adveniente
948 3779 1177 3836 Domino
1204 3794 1244 3834 a
1265 3780 1419 3851 regni
1446 3777 1566 3848 ejus
1616 3778 1811 3849 gaudio
1837 3779 2010 3834 reclu-

424 3877 646 3930 duntur.

496 3964 669 4021 Homo
693 3977 920 4034 peregre
943 3959 1315 4031 proﬁciscens,
1340 3958 1434 4029 qui
1464 3959 1685 4014 tradidit
1728 3959 1870 4015 bona
1914 3975 2012 4016 sua

425 4061 596 4116 servis
635 4058 770 4123 suis,
818 4053 1068 4111 Christus
1096 4061 1197 4120 est,
1249 4052 1341 4124 qui
1389 4059 1513 4122 post
1557 4053 2010 4108 resurrectionem

422 4165 579 4206 suam
608 4150 677 4202 ad
697 4146 868 4204 caelos
894 4144 1224 4216 regrediens,
1253 4142 1478 4198 tradidit
1495 4141 1862 4212 evangelicam
1889 4159 2013 4213 gra-

426 4242 555 4295 tiam
608 4235 933 4308 evangelicis
992 4233 1418 4306 negotiatoribus
1463 4231 1834 4287 fenerandam.
1905 4232 2012 4287 Sed

424 4331 636 4399 primus
674 4342 867 4384 servus
894 4326 947 4380 in
977 4325 1214 4394 quinque
1243 4323 1459 4379 talentis
1487 4324 1590 4379 sibi
1612 4324 1752 4378 datis
1774 4324 2014 4393 quinque

424 4421 594 4475 libros
629 4418 764 4487 legis
793 4415 1022 4484 accepit,
1069 4428 1206 4485 quos
1244 4413 1493 4469 doctrina
1520 4413 1606 4468 vel
1631 4429 1796 4484 opere
1826 4414 2013 4468 decem

424 4517 817 4581 praeceptorum
845 4506 1139 4577 ampliavit.
1166 4505 1319 4560 Alter
1346 4506 1402 4560 in
1425 4504 1635 4562 duobus
1658 4507 1874 4562 talentis
1906 4509 2014 4563 duo

2114 3328 2274 3392 ﬁlius,
2300 3326 2427 3394 ﬁlia,
2460 3341 2644 3390 nurus,
2671 3327 2888 3395 quibus,
2917 3326 3023 3381 duo
3051 3326 3107 3381 in
3135 3334 3268 3392 tres,
3292 3335 3350 3382 et
3371 3335 3484 3382 tres
3506 3327 3562 3381 in
3589 3327 3697 3382 duo

2113 3418 2447 3483 dividuntur,
2488 3415 2793 3488 signiﬁcant
2821 3416 3115 3470 humanum
3141 3432 3312 3488 genus
3337 3417 3445 3474 ﬁde
3470 3427 3526 3473 et
3571 3419 3698 3474 reli-

2114 3510 2270 3580 gione
2295 3508 2363 3563 ab
2393 3506 2625 3562 invicem
2671 3512 2999 3575 separatum,
3033 3505 3232 3573 partim
3278 3506 3336 3559 in
3379 3506 3698 3562 discissione

2115 3597 2439 3662 schismatis,
2470 3596 2610 3663 quod
2642 3594 2747 3648 duo
2777 3593 3108 3664 signiﬁcant,
3135 3595 3335 3664 partim
3364 3596 3419 3650 in
3467 3611 3697 3652 numero

2114 3688 2416 3753 Trinitatis,
2435 3689 2577 3757 quod
2602 3687 2703 3741 tria
2725 3686 3118 3742 demonstrant.
3151 3686 3523 3743 Divisusenim
3553 3688 3698 3744 ﬁlius

2113 3788 2198 3835 est
2225 3780 2482 3834 adversus
2507 3789 2713 3848 patrem
2744 3793 2920 3843 suum,
2955 3777 3008 3831 id
3034 3785 3139 3842 est,
3165 3777 3394 3848 populus
3418 3793 3485 3833 ex
3512 3779 3692 3850 genti-

2113 3875 2215 3929 bus
2238 3874 2459 3928 veniens
2489 3873 2746 3927 adversus
2775 3872 3071 3937 diabolum,
3103 3888 3225 3926 cum
3273 3887 3381 3942 quo
3411 3879 3536 3927 ante
3581 3873 3696 3928 fue-

2114 3975 2201 4021 rat
2228 3966 2485 4021 sociatus.
2539 3965 2720 4021 Divisa
2766 3973 2852 4019 est
2899 3974 2953 4019 et
3003 3964 3114 4018 ﬁlia
3160 3965 3418 4019 adversus
3464 3976 3695 4020 matrem

2113 4073 2290 4124 suam,
2319 4058 2372 4112 id
2395 4066 2501 4123 est,
2525 4056 2676 4127 plebs
2704 4071 2769 4111 ex
2799 4055 2997 4110 Iudaeis
3025 4055 3271 4122 credens,
3301 4057 3563 4111 adversus
3591 4057 3693 4111 im-

2114 4148 2258 4217 piam
2310 4162 2654 4218 synagogam.
2711 4145 2893 4200 Divisa
2921 4155 3004 4200 est
3032 4152 3087 4199 et
3115 4160 3285 4199 nurus
3314 4147 3577 4201 adversus
3606 4162 3695 4202 so-

2115 4255 2267 4294 crum
2305 4255 2477 4306 suam,
2528 4238 2770 4294 Ecclesia
2802 4237 3011 4294 scilicet
3062 4252 3129 4293 ex
3158 4238 3408 4308 gentibus
3437 4240 3702 4296 adversus

2114 4340 2343 4386 matrem
2373 4333 2550 4402 sponsi
2607 4331 2710 4397 sui,
2748 4346 3092 4402 synagogam,
3139 4330 3206 4383 de
3258 4346 3364 4400 qua
3404 4333 3700 4388 secundum

2115 4438 2332 4479 carnem
2364 4422 2609 4477 Christus
2648 4419 2826 4476 fuerat
2853 4430 3191 4491 procreatus.
3243 4419 3345 4486 Qui
3380 4435 3571 4475 omnes
3616 4437 3705 4477 se-

2115 4524 2395 4585 parantur,
2419 4515 2521 4568 sibi
2562 4514 2793 4569 invicem
2834 4512 3231 4578 renuntiantes,
3279 4511 3369 4566 alii
3398 4519 3698 4576 terrenam,

425 4577 751 4660 testamenta
803 4601 1140 4671 promeruit,
1200 4614 1401 4668 eaque,
1428 4599 1620 4655 morali
1669 4616 1733 4654 ac
1781 4603 2012 4671 mystico
2041 4577 2092 4634 D
2119 4577 2210 4660 alii
2235 4577 2508 4661 caelestem
2537 4604 2765 4674 gloriam
2797 4613 3128 4674 appetentes.

426 4708 588 4747 sensu
621 4693 710 4763 pie
736 4691 1101 4760 dispensando
1128 4689 1436 4759 duplicavit.
1470 4690 1688 4746 Tertius
1715 4693 1813 4745 sub
1841 4691 2010 4762 ﬁgura

425 4784 588 4837 unius
615 4782 801 4836 talenti
827 4781 1014 4852 gratiae
1041 4782 1242 4834 donum
1263 4787 1544 4849 acceptum
1571 4780 1625 4834 in
1660 4781 1889 4835 terrenis
1913 4797 2007 4835 vo-

428 4874 724 4943 luptatibus
750 4871 1078 4936 obscuravit,
1130 4871 1358 4940 ideoque
1384 4871 1658 4940 projectus
1703 4879 1783 4924 est
1832 4870 1887 4924 in
1930 4859 2014 4925 in-

431 4966 668 5028 fernum,
697 4963 822 5032 quia
853 4961 1058 5015 nullum
1084 4962 1211 5016 inde
1237 4968 1492 5030 operatus
1516 4970 1600 5016 est
1627 4959 1883 5014 fructum.
1908 4960 2013 5014 Alii

431 5057 484 5110 in
534 5056 709 5125 primo
759 5068 916 5109 servo
959 5054 1195 5122 quinque
1238 5067 1430 5106 sensus
1466 5052 1646 5107 cordis
1673 5060 1728 5108 et
1767 5053 2010 5122 corporis

432 5155 711 5215 acceptos,
743 5145 798 5198 in
837 5143 1074 5198 secundo
1102 5141 1511 5210 intelligentiam
1535 5151 1591 5197 et
1616 5158 1751 5214 opus
1773 5184 1788 5211 ,
1818 5143 1876 5198 in
1903 5159 2011 5198 uno

433 5241 698 5294 rationem
727 5236 1124 5292 intellexerunt.

501 5330 723 5387 Juvenis
778 5329 918 5384 ﬁlius
961 5328 1135 5383 viduae
1159 5368 1174 5392 ,
1230 5341 1391 5396 quem
1438 5324 1701 5382 Dominus
1739 5337 2014 5383 mortuum

433 5432 590 5477 extra
616 5430 801 5492 portas
818 5418 968 5472 urbis
993 5417 1295 5483 suscitavit,
1336 5414 1609 5488 signiﬁcat
1643 5432 1765 5471 eum
1793 5419 1885 5487 qui
1915 5433 2012 5488 pa-

437 5515 543 5566 lam
569 5512 844 5581 quodlibet
871 5506 1203 5563 mortiferum
1228 5509 1431 5561 crimen
1460 5507 1718 5574 admittit,
1752 5517 1807 5563 et
1830 5509 2015 5563 audito

436 5603 604 5657 verbo
634 5600 843 5654 Domini
873 5614 903 5651 a
926 5607 1100 5651 morte
1129 5598 1336 5666 peccati
1367 5600 1616 5669 resurgit,
1645 5609 1698 5652 ct
1725 5615 1818 5666 per
1842 5602 2016 5668 poeni-

439 5694 662 5748 tentiam
690 5693 745 5745 in
773 5688 987 5745 Christo
1017 5691 1199 5743 vivere
1225 5689 1436 5756 incipit,
1469 5691 1814 5759 redditurquc
1846 5693 2016 5746 vidum

441 5786 600 5840 matri
622 5801 750 5849 suae,
791 5783 838 5836 id
871 5793 972 5840 est.
1004 5781 1362 5838 communioni
1388 5781 1656 5839 Ecclesiae.

2190 4695 2393 4751 Galilmi
2421 4697 2606 4750 decem
2629 4704 2684 4748 et
2708 4709 2920 4759 novem,
2954 4709 3116 4764 super
3143 4708 3278 4763 quos
3312 4693 3507 4748 cecidit
3536 4693 3703 4748 turris

2122 4791 2175 4842 in
2208 4788 2373 4854 Siloa,
2415 4796 2471 4843 et
2494 4787 2689 4842 occidit
2715 4803 2828 4850 eos,
2862 4786 3142 4841 interitum
3171 4785 3341 4855 plebis
3388 4783 3698 4847 Iudaeorum

2121 4879 2414 4934 insinuant.
2451 4881 2648 4934 Decem
2678 4887 2734 4934 et
2783 4893 2979 4934 novem
3006 4877 3150 4933 enim
3193 4876 3333 4947 apud
3361 4876 3578 4932 Graecos
3630 4891 3698 4931 ex

2121 4975 2228 5027 iota
2252 4981 2306 5028 et
2331 4973 2470 5027 theta
2500 4972 2693 5026 litteris
2719 4971 3098 5042 exprimuntur
3127 4988 3139 5024 :
3171 4969 3366 5038 quibus
3392 4968 3576 5038 ﬁguris
3601 4984 3702 5023 no-

2117 5079 2239 5118 men
2266 5061 2392 5117 Jesu
2432 5062 2687 5117 scribitur
2719 5080 2731 5114 :
2760 5062 2816 5115 in
2861 5075 3021 5131 quem
3066 5059 3142 5113 illi
3189 5057 3412 5113 credere
3453 5057 3703 5115 nolentes

2119 5156 2321 5225 pariter
2343 5170 2372 5207 a
2396 5154 2658 5208 Romanis
2678 5168 2802 5207 cum
2830 5167 2926 5206 sua
2950 5149 3085 5204 urbe
3117 5147 3373 5219 prostrati
3397 5154 3521 5202 sunt

2190 5246 2362 5300 Homo
2394 5246 2486 5315 qui
2534 5244 2784 5300 arborem
2838 5242 2927 5297 ﬁci
2970 5241 3027 5296 in
3069 5240 3224 5295 vinea
3260 5255 3366 5294 sua
3413 5239 3701 5308 plantavit,

2120 5338 2367 5393 Christus
2404 5346 2504 5400 est,
2543 5337 2636 5404 qui
2666 5348 2989 5407 synagogam
3024 5331 3246 5388 Iudaico
3293 5331 3488 5403 p0pulo
3514 5333 3704 5386 condi-

2123 5429 2222 5482 dit.
2241 5427 2412 5494 Quam
2433 5439 2556 5481 cum
2569 5424 2828 5479 Dominus
2856 5423 3010 5491 quasi
3037 5421 3280 5476 inutilem
3301 5420 3553 5488 jussisset
3580 5419 3705 5476 abs-

2123 5521 2250 5586 cidi,
2299 5520 2358 5574 ﬁt
2409 5519 2483 5573 illi
2534 5535 2563 5572 a
2613 5516 2821 5571 colonis
2861 5514 3118 5584 apostolis
3163 5513 3303 5567 fossa
3354 5510 3696 5566 humilitatis.

2123 5611 2419 5665 Adhibetur
2442 5618 2495 5662 et
2526 5617 2755 5671 stercus,
2787 5606 2841 5660 id
2869 5613 2971 5671 est,
3004 5603 3272 5658 confessio
3307 5608 3653 5670 peccatorum
3682 5615 3698 5654 :

2123 5702 2307 5771 sicque
2333 5701 2385 5754 in
2419 5699 2711 5754 novissimo
2737 5697 3004 5752 credendo
3040 5693 3460 5748 commutabitur
3486 5693 3542 5747 in
3580 5705 3698 5746 tne-

2126 5792 2244 5857 lius,
2276 5791 2528 5859 dabitque
2554 5789 2762 5845 fructus
2779 5785 3010 5856 justitite
3035 5783 3300 5852 copiosos.
