3896 6334
245 432 308 492 81
1247 435 1331 491 DE
1367 434 1716 493 UNIVERSO
1752 435 1930 493 LIBRI
1969 436 2130 493 XXII.
2173 468 2242 479 —-
2280 439 2406 495 LIB.
2447 441 2532 498 IV.
3436 441 3505 498 82

321 548 509 605 Mulier
547 564 672 619 qua:
699 550 885 606 decem
927 561 981 606 et
1013 561 1135 608 octo
1157 566 1327 607 annos
1358 550 1689 606 inﬁrmitatis
1730 551 1831 604 ha-
1857 573 1908 634 Α
1935 552 2291 622 superbiendo
2321 552 2543 610 recessit
2565 569 2672 610 non
2691 554 3016 626 justiﬁcatus
3041 595 3055 620 ,
3091 554 3227 609 alter
3256 553 3502 607 humilia-

253 646 383 700 bens
403 658 433 697 a
458 641 693 698 Domino
718 654 897 700 erecta
946 653 1049 710 cst,
1075 644 1330 699 Ecclesiae
1379 652 1534 714 typus
1577 653 1679 706 est,
1711 657 1831 713 quae

255 735 310 789 in
353 732 460 788 ﬁne
508 741 817 805 temporum
843 735 1072 791 salutem
1111 735 1234 790 ﬁdei
1261 744 1548 791 consecuta
1591 743 1689 790 est.
1724 733 1829 788 Sex

251 823 396 878 enim
422 823 677 880 cutibus
703 824 938 880 mundus
964 825 1069 881 iste
1098 825 1415 896 completur,
1448 826 1601 896 cujus
1649 833 1828 880 tamen

252 919 467 982 tempus
496 912 663 968 habet
685 914 1014 984 tripertitam
1048 914 1451 981 discretionem,
1498 930 1662 969 unam
1705 925 1830 968 ante

252 1002 446 1074 legem,
499 1003 724 1060 alteram
749 1005 804 1059 in
835 1004 976 1075 lege,
1003 1005 1220 1059 tertiam
1267 1004 1366 1060 sub
1390 1005 1584 1076 gratia.
1640 1003 1829 1060 Sexies

250 1108 381 1164 ergo
405 1097 544 1150 terni
571 1097 758 1152 decem
780 1104 834 1150 et
859 1106 983 1153 octo
1012 1097 1272 1153 elﬁciunt.
1304 1096 1420 1164 Quo
1450 1112 1674 1152 numero
1698 1105 1830 1152 tem-

248 1200 349 1256 pus
380 1186 484 1241 hoc
512 1196 712 1244 nostra:
733 1188 921 1244 salutis
952 1189 1278 1255 insinuatur,
1309 1189 1524 1258 quando
1550 1204 1581 1243 a
1612 1187 1828 1244 Satanae

248 1277 500 1342 vinculis,
522 1279 720 1349 quibus
743 1279 1104 1335 curvabamur
1152 1283 1339 1346 erecti,
1390 1282 1590 1336 donum
1639 1281 1829 1336 salutis

247 1374 302 1419 et
331 1381 484 1436 spem
515 1383 761 1438 supernae
781 1368 1252 1439 contemplationis
1293 1371 1606 1440 accipimus.

319 1454 684 1526 Hydropicus,
712 1472 870 1528 quem
910 1459 1171 1515 Dominus
1217 1461 1454 1524 curavit,
1495 1463 1827 1518 demonstrat

246 1562 339 1601 eos
365 1563 501 1616 quos
523 1548 698 1606 ﬂuxus
720 1551 1018 1606 carnalium
1041 1551 1377 1624 voluptatum
1407 1554 1712 1610 exuberans
1734 1571 1826 1627 ag-

244 1646 454 1708 gravat.

314 1730 486 1789 Homo
522 1733 731 1791 habens
757 1737 892 1794 duos
929 1737 1093 1804 ﬁlios,
1125 1737 1267 1794 Deus
1291 1748 1376 1794 est
1412 1739 1822 1811 intelligendus,

243 1823 449 1878 habens
496 1825 628 1880 duos
672 1828 901 1898 p0pulos
934 1846 947 1882 :
989 1844 1219 1898 quorum
1272 1831 1446 1898 major
1483 1831 1708 1901 ﬁguram
1745 1842 1822 1889 te-

1933 650 2017 696 tus
2050 643 2354 698 conﬁtendo
2386 646 2802 716 appropinquari
2831 647 3029 700 meruit
3053 645 3338 700 exaltatus.

2000 733 2184 788 Caecus
2231 734 2422 789 sedens
2465 751 2619 792 secus
2666 738 2828 802 viam,
2879 735 3130 806 populum
3171 736 3505 791 demonstrat

1930 821 2178 889 gentilem
2199 863 2213 887 ,
2239 823 2331 892 qui
2361 839 2458 892 per
2485 824 2682 880 Christi
2716 826 2947 895 gratiam
2993 824 3116 878 ﬁdei
3157 826 3355 879 meruit
3389 824 3504 880 cla-

1930 911 2161 967 ﬁmmm.

1998 1001 2382 1073 Zachaeus,qui
2409 1005 2792 1075 interpretatur
2806 1007 3001 1076 justus,
3033 1008 3144 1062 sive
3151 1005 3501 1078 justi/iectus,

1927 1099 2019 1144 aut
2041 1092 2438 1162 justiﬁcandus,
2467 1097 2681 1166 gentilis
2708 1106 2791 1152 est
2818 1098 3047 1167 populus
3071 1139 3086 1164 ,
3118 1100 3290 1169 gratia
3338 1095 3506 1152 meri-

1927 1189 2103 1235 torum
2129 1183 2389 1253 pusillus,
2418 1186 2510 1255 qui
2549 1194 2727 1242 tamen
2749 1204 2780 1242 a
2811 1189 3041 1244 terrenis
3070 1189 3281 1243 actibus
3322 1186 3501 1242 suble-

1924 1280 2080 1328 vatus
2119 1289 2215 1344 per
2251 1275 2453 1346 lignum
2507 1277 2797 1333 Dominicae
2842 1279 3020 1334 crucis
3062 1277 3261 1334 Christi
3302 1282 3507 1346 myste-

1925 1363 2065 1418 rium
2095 1369 2504 1437 contemplatur.

1996 1453 2167 1509 Homo
2201 1457 2416 1523 nobilis,
2449 1461 2541 1530 qui
2571 1461 2623 1515 in
2653 1461 3000 1531 longinquam
3029 1460 3160 1515 abiit
3189 1459 3462 1528 regionem
3487 1499 3504 1524 ,

1924 1547 2173 1617 accipere
2196 1549 2298 1604 sibi
2330 1565 2553 1621 regnum
2573 1593 2587 1618 ,
2618 1553 3028 1622 Redemptorem
3060 1563 3303 1606 nostrum
3335 1551 3505 1621 signi-

1923 1634 2074 1700 ﬁcat,
2106 1638 2196 1705 qui
2235 1653 2406 1707 usque
2463 1641 2528 1695 ad
2584 1640 2720 1695 ﬁnes
2759 1649 2919 1697 terra:
2970 1642 3216 1711 pervenit
3261 1641 3507 1709 accipere

1923 1745 2147 1800 regnum
2175 1733 2230 1786 in
2262 1733 2474 1802 p0pulis
2503 1734 2762 1804 gentium.

1993 1823 2150 1881 Cives
2174 1867 2188 1892 ,
2232 1827 2322 1896 qui
2361 1826 2650 1884 noluerunt
2673 1842 2796 1881 eum
2821 1841 3046 1898 regnare
3070 1865 3086 1891 ,
3112 1822 3281 1879 Judaei
3311 1821 3507 1878 intelli.

240 1915 357 1968 nuit
384 1913 591 1970 Judaici
619 1919 799 1988 populi
829 1921 920 1988 qui
943 1921 1243 1989 permansit
1264 1922 1318 1974 in
1351 1922 1442 1976 Dei
1472 1923 1615 1977 cultu
1641 1941 1654 1989 ;
1684 1923 1821 1978 alter
1847 1951 1896 2010 Β
1923 1925 2120 1986 ευηῑιιι*
2141 1958 2156 1981 ,
2189 1919 2280 1986 (Illi
2309 1917 2585 1972 Christum
2611 1928 2795 1989 regem
2823 1926 3161 1987 ερτθνενιιηῑο

241 2006 420 2059 minor
442 2009 833 2077 gentium,qui,
852 2010 1142 2064 Conditore
1170 2010 1403 2074 deserto,
1428 2028 1620 2067 servus
1645 2012 1819 2068 factus

237 2101 322 2148 est
347 2094 629 2159 idolorum,
657 2112 819 2166 quem
848 2113 946 2168 per
971 2107 1270 2169 egestatem
1303 2099 1427 2155 ﬁdei
1457 2110 1817 2157 revertentem

238 2187 534 2243 clementer
564 2190 788 2261 suscipit
826 2190 969 2246 Deus
999 2191 1163 2247 Pater
1186 2233 1202 2257 ,
1239 2201 1294 2248 et
1337 2209 1436 2263 pro
1467 2197 1820 2251 conversione

235 2277 354 2347 ejus
377 2279 478 2332 sub
508 2279 662 2333 vituli
696 2288 820 2352 typo
848 2280 1045 2336 Filium
1073 2283 1319 2337 immolat
1345 2284 1597 2350 unicum;
1629 2287 1817 2348 tribuit

235 2372 399 2427 etiam
428 2373 688 2428 annulum
739 2374 898 2439 ﬁdei,
941 2381 997 2430 et
1027 2377 1164 2430 stola
1193 2377 1614 2433 immortalitatis
1644 2379 1818 2434 induit

233 2477 378 2518 eum.
413 2463 730 2534 Quanquam
782 2465 999 2522 Judaeus
1044 2466 1214 2521 frater
1260 2469 1444 2524 livoris
1504 2479 1818 2541 torqueatur

234 2553 458 2618 invidia,
488 2569 588 2626 pro
617 2556 792 2612 salute
822 2565 1001 2613 tamen
1032 2559 1149 2628 ejus
1173 2559 1371 2630 gaudio
1399 2562 1635 2616 concinit
1660 2577 1817 2634 ange-

231 2646 408 2701 lorum
433 2650 771 2718 symphonia.

305 2738 655 2809 Dispeusator
687 2743 946 2814 prodigus
974 2785 988 2808 ,
1026 2759 1185 2814 quem
1226 2746 1479 2801 dominus
1505 2762 1537 2800 a
1574 2748 1814 2803 villicatu

232 2831 469 2886 amoveri
497 2835 781 2902 praecepit,
831 2844 886 2890 et
937 2834 1180 2892 fraudem
1228 2837 1432 2894 faciens
1461 2840 1676 2894 domino
1718 2855 1815 2896 suo

232 2923 496 2976 relaxavit
523 2923 854 2982 debitoribus
893 2927 1007 2982 suis
1041 2937 1249 2998 partem
1276 2971 1290 2995 ,
1320 2939 1378 2984 ut
1425 2931 1649 2986 haberet
1674 2933 1814 2988 unde

233 3011 288 3064 in
313 3020 591 3080 posterum
611 3014 845 3080 viveret,
876 3017 992 3071 haec
1033 3021 1366 3088 comparatio
1408 3021 1474 3075 ad
1508 3023 1813 3092 exemplum

230 3103 405 3156 nostri
447 3103 725 3174 proposita
768 3115 868 3161 est.
910 3107 1042 3162 Nam
1068 3109 1112 3164 si
1147 3110 1236 3165 ille
1262 3127 1290 3164 a
1319 3112 1538 3168 domino
1569 3130 1667 3170 suo
1701 3115 1815 3172 lau-

230 3191 349 3245 dari
393 3195 710 3261 promeruit,
753 3198 844 3265 qui
887 3199 1136 3254 fraudem
1160 3202 1209 3256 ei
1237 3201 1436 3258 faciens
1459 3206 1513 3260 in
1538 3216 1813 3276 posterum

229 3283 333 3336 sibi
363 3284 427 3337 de
455 3284 646 3340 alienis
677 3288 837 3343 rebus
865 3291 1100 3358 providit
1125 3333 1141 3357 ,
1170 3304 1370 3364 quanto
1397 3300 1567 3368 magis
1595 3299 1812 3357 Christo
1839 3314 1883 3375 ί]

228 3373 444 3443 placere
471 3390 777 3443 possumus,
802 3380 850 3434 si
869 3395 933 3434 ex
964 3382 1126 3438 rebus
1156 3386 1356 3440 nostris
1381 3389 1807 3447 misericordiam

229 3463 597 3534 indigentibus
624 3464 887 3524 faciamus
911 3511 926 3535 ,
958 3486 989 3525 a
1033 3473 1231 3541 quibus
1266 3477 1431 3545 recipi
1462 3479 1515 3532 in
1565 3481 1811 3537 taberna-

228 3553 349 3607 cula
378 3563 576 3610 aeterna
603 3560 915 3626 possimus?

305 3643 485 3710 Dives,
513 3647 604 3715 qui
625 3647 951 3703 induebatur
983 3667 1250 3721 purpura,
1300 3656 1569 3726 signiﬁcat
1601 3657 1809 3716 Iudaeo-

229 3751 349 3790 rum
377 3739 683 3806 superbiam
717 3739 997 3797 ﬂorentem
1025 3746 1292 3814 quondam
1328 3749 1534 3818 imperii
1565 3751 1811 3809 claritate

228 3828 313 3881 vel
343 3829 563 3884 honoris
591 3831 926 3889 excellentia.

302 3921 574 3977 Mendicus
604 3924 878 3982 ulcerosus
910 3927 1248 3986 demonstrat
1274 3937 1523 4003 gentilem
1556 3937 1806 4006 populum

227 4012 658 4070 confessionibus
727 4029 1069 4086 peccatorum
1131 4025 1488 4080 humiliatum.
1562 4028 1807 4100 Quinque

227 4103 424 4160 fratres
449 4105 630 4162 divitis
665 4108 839 4176 illius,
872 4112 963 4180 qui
991 4115 1130 4182 apud
1166 4114 1368 4172 inferos
1409 4121 1759 4188 torquebatur
1790 4163 1805 4187 ,

224 4193 392 4249 Judaei
422 4197 812 4267 intelliguntur,
840 4202 932 4270 qui
962 4205 1062 4258 sub
1089 4207 1323 4275 quinque
1363 4209 1516 4264 libris
1551 4211 1683 4282 legis
1707 4228 1805 4283 po-

224 4287 313 4340 siti
342 4295 484 4341 sunt.

297 4379 488 4436 Decem
521 4384 718 4453 leprosi
749 4387 838 4455 qui
871 4388 1200 4442 mundantur
1228 4405 1254 4442 a
1283 4390 1511 4447 Domino
1537 4433 1550 4456 ,
1587 4394 1803 4448 hmreti-

225 4486 316 4526 cos
344 4474 664 4543 signiﬁcant,
683 4477 771 4544 qui
798 4477 849 4530 in
880 4478 1141 4533 varietate
1166 4480 1405 4535 colorum
1437 4483 1842 4557 diversitatem,

225 4563 425 4616 habent
469 4565 851 4632 schismatnm;
903 4568 993 4638 qui
1040 4569 1161 4624 ideo
1191 4572 1258 4625 ad
1297 4575 1628 4627 sacerdotem
1674 4575 1800 4628 mit-

1996 2007 2198 2063 Servus
2247 2025 2374 2063 vero
2421 2010 2512 2077 qui
2558 2025 2742 2063 mnam
2791 2025 2955 2064 unam
3005 2009 3274 2078 accipiens
3318 2009 3502 2061 decem

1921 2102 2244 2170 acquisivit,
2275 2100 2544 2171 signiﬁcat
2570 2101 2820 2156 doctores
2847 2142 2860 2166 ,
2903 2102 3029 2170 qui,
3079 2107 3297 2168 accepta
3333 2096 3503 2168 gratia

1919 2192 2213 2263 Evangelii,
2249 2194 2301 2246 in
2341 2193 2526 2246 decem
2567 2194 2854 2246 verborum
2882 2189 3314 2260 praedicamentis
3342 2190 3504 2242 bene-

1917 2286 2044 2341 dicti
2077 2295 2233 2351 sunt,
2266 2295 2321 2340 et
2350 2286 2591 2341 docendo
2617 2286 2814 2340 multos
2845 2287 2900 2340 in
2930 2285 3034 2341 ﬁde
3054 2284 3456 2355 acquisiverunt
3484 2297 3499 2346 ;

1918 2377 2122 2431 idcirco
2148 2377 2465 2431 adveniente
2513 2376 2738 2430 Domino
2780 2376 2998 2430 Christo
3041 2375 3346 2439 laudantur,
3374 2372 3502 2442 quia

1919 2465 2117 2520 lucrati
2167 2474 2312 2520 sunt.
2351 2465 2454 2534 Qui
2494 2481 2625 2520 vero
2649 2479 2716 2518 ex
2746 2481 2854 2519 una
2901 2466 3138 2535 quinque
3171 2463 3499 2532 acquisivit,

1917 2556 2036 2611 illos
2065 2555 2419 2620 demonstrat,
2457 2556 2548 2625 qui
2584 2555 2834 2609 mandata
2865 2555 2957 2608 Dei
2993 2561 3496 2616 servantes,conse-

1916 2650 2155 2716 quuntur
2196 2649 2476 2702 scientiam
2526 2645 2658 2716 legis
2713 2646 2767 2699 in
2817 2646 3052 2714 quinque
3115 2645 3266 2699 libris
3333 2641 3502 2712 Moysi

1917 2737 2175 2807 scriptam
2196 2777 2210 2800 ,
2253 2750 2482 2804 eamque
2521 2733 2794 2789 edocendo
2821 2733 2887 2787 ad
2916 2750 3073 2789 usum
3101 2734 3288 2788 salutis
3316 2747 3502 2786 neces.

1917 2828 2116 2882 sariam
2162 2829 2426 2883 l'enerant.
2476 2826 2578 2894 Qui
2620 2841 2751 2881 vero
2799 2841 2980 2880 mnam
3028 2841 3190 2880 unam
3232 2827 3403 2895 ipsam
3447 2825 3500 2880 in

1915 2918 2136 2972 sudario
2166 2917 2572 2982 conservavit,
2624 2917 2861 2972 ostendit
2907 2931 3028 2971 eum
3086 2915 3177 2984 qui
3235 2915 3498 2970 creditum

1916 3009 2016 3064 sibi
2045 3010 2231 3080 gratiae
2249 3008 2450 3063 donum
2486 3008 2712 3063 delicate
2737 3007 3014 3076 otioseque
3041 3005 3313 3060 tractavit.
3346 3003 3500 3060 Unde

1915 3107 1970 3152 et
1991 3107 2137 3153 recte
2165 3098 2378 3152 amittet
2406 3097 2655 3153 collatam
2685 3097 2911 3168 gratiam
2938 3137 2952 3161 ,
2985 3095 3075 3165 qui
3101 3110 3197 3164 per
3225 3093 3501 3163 negligeno

1917 3193 2044 3246 tiam
2090 3192 2386 3260 praedicare
2427 3191 2784 3260 contempsit,
2812 3197 2869 3243 ut
2898 3189 2946 3243 ei
2974 3195 3228 3257 augeatur
3251 3186 3344 3255 qui
3375 3185 3498 3242 inde

1917 3285 2199 3339 laboravit.

1986 3375 2157 3431 Vidua
2186 3391 2305 3446 quae
2339 3376 2392 3428 in
2444 3375 2884 3446 gazophylacium
2922 3375 3027 3428 duo
3076 3374 3281 3426 minuta
3327 3370 3497 3440 jecit,

1913 3468 2149 3521 animam
2173 3465 2385 3520 ﬁdelem
2417 3464 2775 3528 demonstrat,
2805 3479 2925 3533 quae
2950 3464 3004 3517 in
3033 3465 3290 3517 thesauro
3320 3458 3498 3514 cordis

1911 3557 2148 3612 fructum
2191 3555 2498 3613 dilectionis
2541 3556 2635 3610 Dei
2668 3563 2722 3610 et
2749 3556 2982 3625 proximi
3011 3562 3208 3608 servat.

1984 3647 2226 3716 Sponsus
2255 3646 2504 3701 Christus
2551 3654 2660 3710 est,
2695 3646 2849 3713 cujus
2875 3646 3074 3715 nuptiae
3101 3661 3223 3700 cum
3258 3644 3496 3699 Ecclesia

1912 3739 2285 3801 celebrantur;
2337 3738 2390 3791 in
2423 3737 2578 3807 cujus
2618 3739 2995 3807 conjunctione
3040 3753 3176 3806 aqua
3215 3738 3266 3789 in
3309 3737 3493 3791 vinum

1912 3838 2172 3893 mutatur,
2211 3829 2335 3897 quia
2357 3828 2640 3884 credentes
2681 3841 2777 3897 per
2811 3826 3011 3881 lavacri
3056 3827 3283 3897 gratiam
3312 3835 3490 3880 trans-

1910 3928 2039 3974 eunt
2076 3920 2143 3972 ad
2172 3918 2437 3988 passionis
2461 3932 2735 3971 coronam.

1979 4010 2401 4065 Architriclinus
2427 4050 2439 4072 ,
2469 4008 2678 4079 Moyses
2719 4008 3039 4078 intelligitur
3062 4049 3076 4072 ,
3125 4008 3216 4075 qui
3264 4007 3495 4061 miratur

1909 4103 2188 4158 meliorem
2213 4110 2267 4156 et
2289 4101 2612 4156 sanctiorem
2639 4100 2895 4170 populum
2915 4115 3011 4169 per
3031 4089 3214 4154 Iesum
3240 4099 3295 4152 in
3325 4098 3496 4154 Evan-

1910 4195 2049 4266 gelio
2073 4201 2480 4265 congregatum,
2508 4207 2670 4261 quam
2703 4191 2851 4244 illum
2885 4191 3118 4260 priorem
3160 4190 3227 4243 ab
3255 4189 3492 4261 Egypto

1908 4286 2181 4340 eductum.
2218 4283 2455 4336 Finitum
2506 4283 2650 4336 enim
2699 4281 2883 4335 vinum
2942 4280 3180 4335 ostendit
3225 4279 3492 4335 sublatam

1906 4388 2025 4429 esse
2053 4375 2281 4444 gratiam
2316 4371 2549 4442 Spiritus
2573 4373 2747 4425 sancti
2777 4386 2808 4424 a
2837 4368 3058 4435 Judmis,
3083 4378 3136 4425 et
3159 4384 3253 4440 per
3272 4379 3489 4441 aposto-

1906 4468 1986 4522 los
2010 4467 2062 4520 in
2090 4466 2338 4536 gentibus
2371 4464 2760 4518 contributam.

1975 4557 2164 4610 Mulier
2193 4555 2530 4609 Samaritana
2567 4553 2794 4622 mystice
2834 4550 3150 4621 intelligitur
3183 4551 3482 4623 Synagoga,

225 4661 410 4708 tuntur
432 4663 522 4719 ut,
550 4657 771 4711 detonsa
809 4659 954 4712 omni
982 4660 1243 4716 varietate
1273 4677 1515 4718 errorum
1536 4703 1551 4729 ,
1575 4665 1797 4721 unitatis
1822 4679 1875 4738 Ι)
1901 4649 2140 4718 quinque
2162 4648 2314 4702 libris
2340 4646 2504 4738 legi?)
2537 4644 2690 4714 quaSi
2722 4642 3126 4738 Ἷυίηίῖυθςνίτξθ
3144 4683 3158 4706 ’
3186 4644 3482 4738 δῗωηά-ωη

222 4746 524 4816 percipiant
557 4758 978 4804 sacramentum.

295 4839 463 4894 Judex
491 4841 727 4910 iniquus,
755 4844 846 4913 qui
875 4843 1160 4899 Dominum
1198 4861 1306 4902 non
1345 4848 1609 4916 timebat,
1659 4852 1797 4906 assi-

225 4929 326 4982 due
359 4940 538 4985 tamen
569 4932 944 5002 deprecantem
992 4935 1208 4990 viduam
1239 4939 1552 5005 exaudivit,
1604 4943 1797 4996 simili-

226 5021 352 5071 tudo
388 5030 470 5075 est
505 5037 608 5090 qua
658 5024 1057 5081 demonstratur
1100 5037 1357 5095 quantam
1403 5046 1551 5099 spem
1595 5033 1797 5088 habere

225 5109 382 5163 debet
415 5113 505 5180 qui
555 5113 724 5168 Deum
763 5117 1129 5172 indesinenter
1169 5121 1437 5189 exposcit,
1483 5137 1605 5174 cum
1634 5123 1798 5176 etiam

223 5199 361 5267 apud
389 5215 545 5255 aures
577 5202 756 5270 injusti
782 5207 982 5276 judicis
1003 5208 1226 5264 valuerit
1256 5209 1507 5279 frequens
1543 5213 1798 5266 instantia

221 5290 395 5344 vidua:
446 5292 802 5360 deprecantis.
859 5297 978 5367 Ipsa
1038 5309 1213 5354 autem
1272 5301 1432 5356 vidua
1495 5303 1798 5372 signiﬁcare

216 5388 399 5448 potest
441 5381 736 5438 Ecclesiam
778 5398 1191 5456 perseveranter
1225 5392 1306 5446 sui
1331 5400 1612 5460 petentem
1641 5394 1797 5448 ultio-

221 5487 346 5525 nem
373 5473 438 5528 de
461 5476 696 5533 inimicis
721 5480 831 5534 suis
855 5520 870 5545 ,
907 5481 1008 5535 hoc
1033 5492 1134 5548 est,
1176 5485 1386 5539 diabolo
1417 5496 1472 5539 et
1505 5487 1791 5542 haereticis.

295 5562 596 5620 Pharisaeus
623 5584 786 5625 orans
811 5571 863 5625 in
896 5572 1116 5641 templo,
1153 5572 1459 5629 Judaeorum
1507 5583 1588 5630 est
1627 5591 1796 5646 p0pu-

219 5657 323 5723 lus,
351 5658 444 5728 qui
470 5673 538 5713 ex
557 5658 1033 5726 justiﬁcationibus
1063 5663 1194 5734 legis
1224 5665 1432 5719 extollit
1457 5666 1642 5720 merita
1674 5681 1789 5720 sua.

1903 4756 2122 4798 sensum
2158 4739 2340 4794 carnis
2377 4735 2662 4804 subjecta;
2715 4749 2878 4803 quam
2914 4732 3340 4788 misericorditer
3377 4734 3484 4787 Do-

1903 4834 2082 4887 minus
2119 4836 2376 4900 provocat
2414 4826 2632 4882 haurire
2678 4837 2872 4894 aquam
2920 4823 3118 4886 vivam,
3151 4823 3348 4877 lavacri
3381 4825 3481 4877 sci.

1901 4926 2027 4988 licet
2059 4922 2337 4992 percipere
2361 4918 2591 4989 gratiam
2614 4956 2630 4980 ,
2672 4914 2759 4970 vel
2808 4923 3075 4969 secretam
3110 4914 3240 4985 legis
3279 4914 3482 4969 intelli-

2008 5019 2154 5071 tiam.

2008 5035 2026 5071 l
2048 5035 2154 5071 am.

1901 5035 2162 5166 ge[ifillier
2196 5108 2439 5164 adultera
2463 5147 2477 5171 ,
2517 5119 2638 5174 quae
2667 5101 2891 5157 oﬁ‘ertur
2937 5101 3164 5157 Domino
3203 5115 3233 5154 a
3282 5099 3482 5158 Iudaeis

1905 5205 2208 5277 lapidanda,
2256 5199 2494 5256 Ecclesia
2522 5205 2640 5260 est;
2681 5208 2800 5263 quae
2837 5193 3007 5262 prius,
3041 5192 3228 5247 relicto
3255 5192 3390 5257 Deo,
3425 5193 3477 5246 in

1905 5296 2059 5349 idolis
2080 5293 2254 5348 fuerat
2277 5291 2559 5350 fornicata,
2576 5298 2734 5356 quam
2755 5282 2969 5337 volebat
2995 5282 3273 5353 Synagoga
3297 5282 3478 5337 zelans

1903 5386 2204 5441 interﬁcere
2237 5402 2248 5436 :
2275 5381 2524 5437 Christus
2547 5376 2717 5433 salvat
2749 5392 2847 5446 per
2869 5373 3241 5429 remissionem
3272 5370 3473 5436 delicti,

1901 5493 2000 5532 nec
2046 5476 2176 5530 sinit
2211 5489 2330 5529 eam
2359 5473 2538 5542 perire
2562 5510 2577 5534 ,
2609 5470 2701 5539 qui
2741 5467 2889 5522 novit
2927 5465 3134 5519 veniam
3166 5461 3475 5516 condonare

1901 5568 2267 5639 peccantibus.

1966 5663 2151 5716 Simon
2177 5660 2420 5729 leprosus
2445 5655 2661 5726 gentilis
2680 5661 2763 5708 est
2783 5649 3030 5721 p0pulus,
3060 5647 3149 5715 qui
3175 5653 3259 5699 est
3297 5657 3327 5695 a
3357 5641 3468 5696 Re-

219 5751 542 5809 Publicanus
580 5768 712 5808 vero
741 5755 956 5824 gentilis
985 5763 1069 5810 est
1117 5756 1343 5827 populus
1374 5798 1389 5824 ,
1429 5757 1519 5825 qui
1573 5757 1727 5829 longe
1761 5774 1791 5812 a
1892 5759 2169 5824 demptore
2193 5750 2504 5806 mundatus.

222 5848 331 5906 Deo
358 5851 566 5918 positus
594 5853 882 5908 conﬁtetur
915 5858 1136 5918 peccata
1177 5865 1270 5905 sua
1317 5867 1331 5902 :
1375 5865 1602 5918 quorum
1653 5866 1791 5904 unus

1961 5822 2152 5899 Mulier
2202 5857 2321 5913 quae
2354 5847 2625 5910 unguento
2659 5843 2815 5904 caput
2870 5828 3080 5887 Domini
3130 5825 3304 5884 unxit,
3359 5822 3459 5874 Ec—
