3896 6356
419 427 490 488 ss
1070 435 1131 492 Β.
1177 433 1434 492 assam
1469 430 1694 492 MAURI
1732 433 2052 493 ARCHIEP.
2095 421 2406 495 uocum.
2446 433 2734 495 orntum
2766 435 2947 494 PARS
2982 437 3046 494 ιι.
3620 439 3698 495 st

421 551 586 609 clesia
613 562 716 617 est,
760 567 879 622 qum
919 553 1156 606 l'ructum
1180 552 1264 606 sui
1289 552 1468 622 aperis
1488 593 1503 618 ,
1529 553 1760 624 ﬁdeique
1786 553 2008 608 odorem
2035 557 2088 617 Α
2111 564 2366 624 suerunt,
2413 557 2643 629 populus
2687 559 3002 631 gentilitatis
3036 559 3350 635 intelligitur
3369 605 3384 631 ,
3415 569 3506 638 qut
3527 577 3695 639 pere-
3789 628 3792 630 γ

423 645 492 698 ad
513 643 725 698 laudem
754 638 849 697 Dei
884 651 940 698 et
964 641 1168 699 Christi
1195 643 1422 716 gloriam
1453 643 1641 700 refert.
1664 643 1899 717 Angelus
1919 644 2009 700 ille
2111 649 2296 718 grinus
2347 647 2402 702 in
2451 648 2569 720 lege
2599 649 2854 706 obediens
2888 648 3120 707 edicitur
3155 657 3434 727 evangelio
3469 638 3698 717 crucis:

422 735 490 790 ad
511 732 668 803 cujus
695 735 1020 790 descensum
1042 734 1363 790 movebatur
1393 751 1533 806 aqua
1570 736 1809 806 quinque
1838 736 2008 806 porti-
2109 740 2226 810 ipse
2251 738 2453 796 Christi
2475 741 2651 798 victor
2676 750 2732 798 et
2757 743 2880 799 ﬁdei
2904 743 3119 815 bajulus
3139 743 3334 803 factus.
3371 749 3488 806 Duo
3522 750 3699 808 ιειωι-

420 827 573 884 cibus
593 829 792 895 cincta,
815 827 1066 885 Christus
1087 840 1190 893 est,
1229 829 1286 884 in
1315 830 1469 901 cujus
1497 830 1731 886 adventu
1759 832 2006 887 turbatus

418 931 502 977 est
524 919 836 978 Judaeorum
858 922 1089 994 populus
1107 924 1348 995 quinque
1366 924 1520 980 libris
1541 925 1672 996 legis
1695 924 2001 984 conclusus.

419 1013 793 1069 Descendente
832 1013 976 1069 enim
1012 1013 1204 1087 angelo
1247 1018 1695 1073 commovebatur
1737 1033 1896 1088 aqua,
1951 1029 2006 1076 et

417 1100 711 1159 sanabatur
753 1104 1032 1172 inﬁrmus;
1060 1105 1421 1164 descendente
1448 1108 1516 1164 de
1555 1110 1708 1166 caelis
1740 1109 1955 1166 Christo
1985 1152 1998 1174 ,

416 1203 721 1252 commotus
747 1205 830 1253 est
856 1198 912 1253 in
955 1198 1209 1268 passione
1237 1198 1355 1269 ejus
1378 1201 1521 1258 idem
1544 1201 1802 1274 populus,
1831 1214 1885 1258 et
1918 1218 2004 1258 sa-

416 1295 575 1340 natus
603 1295 687 1342 est
719 1288 969 1345 mundus.

485 1382 675 1439 Cacus
699 1401 730 1438 a
756 1385 1039 1442 nativitate
1064 1428 1078 1454 ,
1110 1404 1273 1460 quem
1306 1391 1567 1445 Dominus
1601 1392 1782 1446 unctis
1829 1392 2001 1446 oculis

414 1475 481 1528 ad
509 1474 774 1545 piscinam
807 1473 955 1533 Siloe
987 1478 1136 1534 misit
1169 1479 1478 1545 lavandum,
1522 1481 1795 1552 signiﬁcat
1830 1498 2002 1554 genus

411 1568 709 1624 humanum
739 1585 769 1624 a
806 1571 1088 1627 nativitate
1112 1614 1128 1639 ,
1159 1572 1213 1628 id
1243 1582 1328 1628 est
1350 1614 1366 1638 ,
1405 1583 1435 1628 a
1463 1576 1642 1644 primo
1671 1576 1888 1631 homine
1915 1593 2001 1632 er-

412 1673 534 1714 rore
561 1654 855 1734 [errorum]
889 1662 1124 1718 tenebris
1164 1663 1434 1718 vitiatum.
1481 1663 1646 1733 Cujus
1686 1665 1869 1721 oculos
1904 1667 2002 1720 Do-

412 1753 592 1807 minus
616 1753 685 1809 de
711 1763 868 1824 sputo
888 1762 945 1810 et
969 1754 1082 1809 luto
1106 1754 1300 1819 linivit,
1326 1756 1451 1824 quia
1486 1751 1712 1810 Verbum
1755 1772 1876 1810 caro
1920 1756 2000 1826 fa-

412 1855 552 1897 ctum
578 1853 652 1899 est
683 1844 866 1916 (Joan.
893 1847 968 1914 ι);
998 1850 1052 1900 et
1072 1846 1242 1899 lavari
1264 1845 1449 1900 oculos
1474 1845 1526 1898 in
1549 1846 1760 1913 piscina
1788 1844 1950 1913 jussit
1981 1887 1996 1911 ,

2109 849 2206 890 nes
2229 834 2482 905 populum
2509 836 2819 908 exprimunt
2851 837 3160 893 Iudaeorum
3183 849 3252 894 ac
3279 841 3540 910 gentium,
3560 852 3703 914 quo-

2108 942 2228 981 rum
2259 939 2398 982 unus
2436 928 2743 984 incredulus
2780 929 3123 1000 blasphemat
3148 929 3426 988 Christum
3447 935 3503 989 in
3523 943 3698 991 meo

2105 1017 2430 1087 pendentem
2456 1061 2472 1088 ,
2503 1020 2643 1076 alter
2686 1020 2857 1078 ﬁdelis
2899 1021 3111 1080 Judaeos
3154 1023 3409 1095 increpat
3437 1025 3698 1096 blasphe-

2104 1117 2340 1165 mantes.

2175 1200 2419 1268 Quatuor
2453 1202 2686 1268 milites,
2711 1205 2811 1274 qui
2839 1213 3076 1276 quatuor
3109 1215 3291 1278 partes
3325 1211 3429 1267 sibi
3469 1213 3536 1268 de
3563 1209 3698 1268 Iesu

2103 1294 2440 1350 vestimentis
2465 1294 2730 1362 fecerunt,
2747 1297 3233 1370 praeﬁguravernnt
3251 1308 3486 1373 quatuor
3508 1312 3700 1375 partes

2104 1386 2333 1451 mundi,
2378 1399 2505 1456 qua!
2549 1387 2850 1445 diviserunt
2885 1391 2990 1446 sibi
3015 1391 3234 1463 eloquia
3265 1393 3504 1462 Christi,
3546 1394 3699 1451 sicut

2104 1476 2366 1547 scriptum
2402 1485 2488 1533 est
2524 1496 2536 1532 :
2571 1477 2814 1534 Latabor
2849 1496 2944 1553 ego
2978 1492 3135 1554 super
3156 1483 3365 1554 eloquia
3393 1494 3485 1539 tua
3505 1527 3518 1552 ,
3556 1487 3699 1540 sicut

2102 1567 2192 1637 qui
2218 1568 2412 1622 invenit
2437 1568 2604 1639 spolia
2626 1570 2794 1626 multa
2826 1571 2998 1645 (Psal.
3031 1574 3239 1647 ωινίινιι).

2176 1656 2390 1714 Sancta:
2419 1660 2708 1728 mulieres,
2747 1679 2867 1734 quae
2913 1674 3112 1721 secutte
3149 1675 3273 1722 sunt
3315 1665 3498 1724 Jesum
3522 1673 3560 1722 ’a
3585 1665 3699 1724 Ga-

2103 1747 2240 1803 lilaea
2267 1787 2280 1814 ,
2304 1750 2677 1808 ministrantes
2697 1753 2755 1808 ei
2783 1755 2852 1810 de
2877 1757 3197 1813 substantiis
3217 1758 3353 1823 suis,
3374 1765 3502 1829 quae
3521 1759 3697 1814 etiam

2105 1840 2467 1897 interfuerunt
2499 1843 2556 1898 in
2585 1845 2835 1914 passione
2867 1846 2984 1915 ejus
3018 1856 3287 1915 astantes,
3331 1853 3396 1904 et
3445 1857 3567 1921 post
3613 1864 3703 1906 se-

410 1941 470 1987 ut
497 1913 800 2004 baptizatus
843 1913 919 1990 ini
945 1933 1165 1992 Christo
1211 1937 1484 2008 acciperet
1523 1937 1696 1993 lucem
1740 1938 1904 2006 ﬁdei,
1945 1949 2000 1996 et
2028 1913 2074 1973 Β
2102 1930 2373 2001 limum!“
2417 1933 2533 2002 eius
2559 1913 2832 1999 {emeris
2874 1913 3290 2006 έῡοθάθηῑίδυδέ
3343 1913 3702 1996 rem-9mm“

339 2081 353 2099 ι
410 2025 654 2080 crederet
682 2026 736 2078 in
767 2040 889 2080 eum
915 2027 1006 2096 qui
1028 2027 1392 2083 visihiiiterin
1418 2030 1620 2083 mundo
1657 2031 1922 2099 apparuit.
2102 2021 2350 2076 sedem-es
2385 2034 2581 2078 contra
2617 2025 2925 2094 sepulcrum
2957 2045 2968 2080 :
2999 2029 3104 2083 hoc
3136 2036 3252 2095 est,
3284 2028 3450 2084 Maria
3480 2029 3700 2096 Magda-

484 2117 749 2184 Lazar‘us,
812 2119 904 2188 qui
950 2118 1343 2186 interpretatur
1390 2120 1645 2189 adjutus,
1696 2128 1858 2191 quem
1898 2123 2001 2179 Do-

2119 2123 2224 2167 :ene
2244 2141 2264 2178 -,
2303 2121 2361 2168 et
2404 2113 2574 2169 Maria
2596 2120 2778 2170 mater
2806 2115 2992 2172 Iacchi
3018 2127 3078 2173 et
3109 2117 3326 2188 ioseph,
3357 2127 3484 2188 qum
3519 2120 3699 2174 etiam

408 2211 586 2265 minus
615 2211 1050 2279 quadriduannm
1096 2213 1352 2266 fetentem
1387 2213 1453 2267 de
1494 2225 1846 2271 monumento
1880 2231 2001 2273 sus-

2119 2219 2258 2260 ioror
2296 2205 2404 2260 fuit
2443 2207 2626 2261 Matius
2657 2209 2846 2263 matris
2887 2206 3101 2265 Domini
3122 2251 3136 2276 ,
3170 2219 3233 2264 et
3258 2218 3434 2266 mater
3457 2210 3696 2265 ﬁliorum

410 2301 638 2366 citavit,
687 2299 958 2373 signiﬁcat
991 2304 1275 2367 mundum,
1313 2313 1472 2373 quem
1514 2305 1835 2376 gravissima
1877 2318 2001 2377 pec—
2105 2297 2389 2364 Ζθυθάδθίν
2439 2314 2610 2368 quam
2672 2299 2883 2356 MWS
2933 2297 3164 2372 «reeitat
3216 2301 3432 2359 SMN!
3485 2302 3695 2374 (Mm-

408 2378 515 2448 caii
556 2395 888 2449 c0usuetudo
928 2399 1267 2465 corruperat.
1319 2395 1422 2464 Qui
1471 2405 1650 2452 tamen
1681 2407 1875 2468 quarto
1915 2399 2002 2454 die
2103 2394 2252 2464 XVI).
2280 2403 2337 2448 et
2365 2394 2486 2449 alia!
2516 2395 2776 2452 mulieres
2801 2438 2816 2463 ,
2857 2408 3004 2467 ‘quas
3058 2399 3113 2452 in
3154 2400 3373 2455 caeteris
3391 2399 3700 2466 evangeliis

409 2483 600 2538 mortis
626 2484 937 2540 suscitatur.
969 2483 1151 2538 Prima
1182 2485 1324 2540 enim
1357 2485 1472 2541 dies
1497 2489 1690 2542 mortis
1719 2497 1803 2542 est
1828 2497 2001 2543 tracta
2071 2561 2075 2564 δ
2105 2487 2363 2557 legimus;
2423 2489 2506 2542 lue
2561 2485 2814 2545 videlicet
2864 2492 3091 2564 ﬁguram
3140 2492 3340 2548 habent
3401 2492 3695 2549 humilium

407 2571 474 2626 de
518 2571 690 2626 Adam
737 2585 977 2644 prepago
1023 2575 1236 2629 martis.
1287 2574 1470 2630 Altera
1522 2577 1638 2632 dies
1682 2579 1874 2634 mortis
1921 2591 2005 2635 est
2071 2561 2407 2631 animarum
2440 2591 2505 2634 ac
2536 2579 2847 2634 derutarum
2883 2561 3114 2635 Domino
3149 2597 3162 2634 :
3192 2588 3455 2652 qna-quo
3487 2580 3699 2650 majore

406 2663 769 2734 transgressio
797 2663 931 2736 legis
951 2666 1238 2742 naturalis.
1269 2664 1450 2723 Tertia
1476 2669 1592 2726 dies
1623 2674 1831 2734 mortis,
1861 2686 2000 2742 prae-

407 2755 670 2810 varicatio
714 2757 853 2811 datae
902 2741 1056 2829 legis.
1104 2757 1308 2825 Quarta
1353 2759 1469 2816 dies
1511 2764 1702 2818 mortis
1739 2774 1824 2819 est
1863 2741 1998 2820 con-

411 2853 648 2916 temptus
674 2847 996 2917 evangelicae
1025 2849 1444 2918 praedicationis,
1478 2854 1532 2907 in
1565 2869 1672 2923 qua
1704 2855 1790 2910 die
1819 2855 2003 2909 Domi-

411 2952 517 2992 nus
563 2953 719 2993 suum
762 2953 897 3009 Opus
949 2943 1246 3010 respiciens
1287 2945 1711 3001 misericorditer
1740 2950 2003 3004 suscitare

410 3029 660 3099 dignatus
693 3039 794 3086 est.

482 3118 681 3177 Servus
707 3124 966 3193 principis
995 3128 1337 3182 sacerdotum
1369 3169 1382 3193 ,
1415 3129 1569 3200 cujus
1599 3132 1819 3186 dextera
1851 3149 2002 3187 auri-

406 3215 528 3271 cula
554 3226 894 3286 amputatur,
927 3219 1253 3275 Israeliticus
1283 3231 1368 3276 est
1395 3223 1622 3292 populus
1649 3265 1662 3288 ,
1708 3226 1798 3294 qui
1832 3226 1886 3279 in
1919 3228 2001 3280 in-

408 3309 728 3364 credulitate
759 3325 945 3375 servus
974 3311 1196 3366 eil‘ectus
1225 3323 1328 3368 est.
1371 3314 1470 3368 Hic
1497 3317 1777 3370 dexteram
1818 3332 2004 3372 aurem

408 3401 629 3465 amittit,
659 3403 781 3454 dum
817 3403 883 3454 ad
915 3402 1195 3456 sinistrum
1237 3403 1569 3458 intellectum
1603 3406 1796 3461 littene
1822 3415 2004 3463 trans-

409 3493 523 3546 ivit.
570 3491 668 3547 Cui
711 3492 968 3546 Dominus
1017 3493 1068 3546 in
1101 3493 1185 3548 his
1218 3495 1309 3563 qui
1353 3495 1579 3550 credunt
1629 3500 1868 3553 auditum
1914 3511 2003 3555 re-

408 3597 618 3641 staurat
647 3587 790 3651 ﬁdei,
821 3596 876 3640 et
901 3587 1238 3641 obedientem
1271 3588 1545 3658 Evangelii
1568 3589 1697 3644 fecit
1716 3593 2002 3648 mandatis.

409 3679 638 3747 t'laiphas
686 3679 1058 3746 investigator,
1090 3687 1185 3732 aut
1207 3695 1374 3748 sagax
1393 3720 1406 3743 ,
1440 3689 1532 3734 aut
1556 3698 1764 3734 vomens
1791 3699 1898 3747 ore,
1927 3684 2006 3736 in-

412 3780 758 3840 terpretatur.
790 3770 976 3838 lniquc
1001 3771 1147 3824 cnim
1169 3787 1266 3824 ore
1291 3787 1388 3824 suo
1426 3769 1634 3837 justum
1681 3773 2006 3829 condemna-

410 3863 508 3925 vit,
537 3863 786 3931 quamvis
817 3864 917 3914 hoc
950 3861 1210 3929 mysterio
1239 3861 1543 3931 prephetali
1587 3866 1958 3920 annuntiasset
1985 3883 1998 3932 ;

411 3971 534 4007 nam
588 3953 728 4006 idem
779 3953 1030 4021 princeps
1064 3955 1439 4010 sacerdotum.
1491 3955 1581 4022 qui
1627 3956 1785 4010 scidit
1837 3959 2002 4013 vesti-

411 4053 651 4098 mentum
684 4059 838 4097 suum
872 4043 923 4096 in
958 4043 1167 4097 Domini
1196 4045 1466 4112 passione,
1505 4045 1707 4099 indicat
1750 4045 2003 4103 Hebraeo-

413 4153 534 4196 rum
581 4135 832 4204 populum
899 4134 1158 4189 nudatum
1215 4134 1518 4188 sacerdotio
1575 4144 1629 4189 et
1685 4147 2004 4194 evacuatum

410 4245 575 4298 regno
608 4229 796 4283 scisso.
825 4227 1118 4290 Barahhas,
1150 4228 1239 4296 qui
1271 4225 1468 4280 Judmis
1497 4224 1807 4294 dimittitur,
1834 4228 2001 4298 signi-

411 4326 537 4376 ﬁcat
565 4321 978 4384 Autichristum,
1011 4335 1170 4387 quem
1200 4320 1272 4372 illi
1304 4329 1552 4375 errantes
1581 4322 1856 4390 suscipere
1880 4333 2002 4376 'n‘ie-

407 4421 639 4467 ruerunt
687 4426 784 4480 pro
836 4409 1072 4464 Christo.
1107 4408 1379 4464 Barahbas
1416 4412 1559 4465 enim
1617 4413 2004 4481 interpretatur

410 4498 555 4574 ﬁlivs
587 4502 845 4572 magistri,
884 4517 1071 4556 eorum
1107 4501 1311 4571 absque
1340 4501 1503 4556 dubio
1537 4501 1845 4556 Judteorum
1889 4515 2003 4557 ma-

2106 2667 2208 2722 sibi
2247 2669 2582 2724 conscientia
2611 2667 2920 2739 fragilitatis
2943 2671 3357 2741 pertimesennt,
3392 2682 3458 2727 eo
3483 2671 3699 2740 majore

2108 2760 2405 2817 Salvatoris
2435 2776 2621 2818 amore
2673 2763 2943 2819 ferventes
2980 2764 3253 2833 passionis
3451 2765 3701 2835 vestigiis

2106 2853 2161 2907 in
2193 2851 2295 2907 hoc
2320 2852 2519 2908 saeculo
2544 2894 2558 2918 ,
2589 2867 2696 2923 quo
2718 2855 2936 2924 requies
2971 2862 3059 2909 est
3087 2855 3440 2924 prmpamndn
3460 2851 3653 2909 futura
3680 2895 3698 2920 ,

2107 2945 2391 3016 diligenter
2441 2947 2848 3016 obsequuntur;
2880 2956 2937 3002 et
2977 2948 3023 3001 ei
3055 2946 3192 3002 forte
3238 2948 3456 3002 valeant
3484 2946 3698 3001 imitari

2106 3035 2192 3102 pia
2238 3035 2558 3090 curiositate
2587 3077 2602 3100 ,
2653 3048 2763 3106 quo
2791 3038 2983 3092 ordine
3021 3038 3094 3093 sit
3120 3039 3308 3094 eadem
3331 3038 3518 3108 passio
3541 3047 3699 3092 com-

2106 3125 2277 3194 pleta,
2320 3128 2678 3196 perpendunt.

2181 3217 2433 3275 Mulieres
2459 3235 2578 3290 qum
2602 3220 2856 3291 apostolis
2878 3221 3089 3277 Domini
3115 3223 3572 3292 resurrecdonem
3601 3232 3699 3275 an-

2105 3311 2388 3375 nuntiant,
2425 3312 2510 3366 lex
2544 3320 2599 3368 et
2626 3313 2912 3383 prophetia
2953 3314 3327 3386 intelliguntur
3351 3356 3364 3380 ,
3412 3323 3533 3383 qua:
3581 3311 3700 3382 glo-

2109 3400 2246 3454 riam
2267 3403 2685 3456 resurrectionis
2713 3401 2942 3469 Christi,
2977 3411 3266 3472 antequam
3317 3402 3653 3458 revelmetur
3674 3438 3694 3463 ,

2108 3491 2264 3560 quasi
2289 3502 2654 3559 praecursores
2685 3491 3134 3560 praedii-aversus

2178 3581 2346 3635 Maria
2387 3595 2517 3652 ergo
2567 3580 2875 3652 Magdalene
2927 3583 3041 3652 ipsa
3091 3591 3174 3636 est
3213 3592 3368 3637 soror
3407 3581 3603 3636 Lauri
3640 3592 3698 3636 et

2109 3671 2347 3738 Marthae,
2387 3672 2456 3726 de
2485 3681 2591 3743 qua
2636 3673 2894 3728 Dominus
2945 3673 3104 3741 ejecit
3146 3680 3355 3744 septem
3407 3673 3693 3727 damonis.

2107 3763 2224 3831 ipsa
2248 3771 2339 3818 est
2371 3771 2552 3818 autem
2575 3777 2687 3818 non
2724 3763 2826 3817 alia
2856 3800 2870 3828 ,
2928 3777 3048 3832 quae
3096 3765 3402 3832 quendam,
3429 3769 3494 3816 ut
3513 3760 3696 3816 Lucas

2108 3854 2328 3918 scribit,
2362 3853 2631 3923 peccatrix
2663 3851 2837 3908 adhuc
2860 3895 2873 3918 ,
2902 3854 3122 3908 veniens
3145 3853 3314 3922 pedes
3347 3852 3561 3907 Dentini
3604 3849 3697 3905 lla-

2105 3947 2306 4015 crymis
2344 3945 2674 4015 poenitentiae
2707 3945 2936 4015 rigavit,
2971 3954 3030 4000 et
3069 3954 3308 4014 ungento
3347 3945 3448 4014 pia:
3479 3943 3696 4000 confes-

2107 4037 2274 4090 sionis
2297 4035 2503 4100 linivit;
2534 4044 2591 4090 et
2615 4036 2743 4105 quia
2782 4035 3010 4091 multum
3037 4035 3247 4101 dilexit,
3280 4035 3574 4090 multorum
3603 4050 3692 4090 ve-

2107 4130 2248 4182 niam
2279 4127 2423 4197 apio
2444 4126 2625 4194 judice
2652 4124 3254 4196 promemit(Luc.vn’).
3283 4125 3489 4179 Eadem
3510 4124 3690 4178 vicina

2107 4219 2357 4291 passione
2386 4219 2502 4284 ejus
2522 4217 2814 4288 justiﬁcata
2835 4259 2849 4283 ,
2877 4226 2931 4272 et
2964 4216 3248 4270 familiaris
3289 4214 3482 4269 eﬁecta
3511 4213 3695 4269 Domi-

2107 4326 2196 4374 no,
2230 4324 2336 4364 non
2365 4317 2572 4361 tantum
2604 4307 2766 4376 pedes
2791 4307 2906 4376 ejus
2932 4345 2946 4369 ,
2977 4313 3034 4358 ut
3060 4304 3199 4358 idem
3223 4302 3458 4358 Joannes
3482 4316 3694 4366 narrat,

2106 4418 2294 4457 verum
2317 4401 2480 4456 etiam
2507 4406 2670 4467 caput
2694 4439 2708 4462 ,
2749 4405 2807 4450 ut
2851 4396 3132 4450 Matthaeus
3161 4394 3480 4463 Martiusque
3507 4393 3697 4461 perhi-

2107 4495 2272 4554 bent,
2321 4491 2440 4546 oleo
2482 4496 2670 4545 sancto
2709 4486 2972 4557 perfudit.
3029 4485 3154 4539 Hice
3205 4499 3236 4538 a
3283 4484 3400 4538 loco
3447 4481 3696 4554 Magdalo

412 4571 602 4666 gistcr,
630 4594 720 4663 qui
753 4602 837 4647 est
868 4593 1112 4646 diabolus
1138 4634 1150 4657 ,
1197 4593 1612 4648 homicidiorum
1653 4603 1840 4648 auctor
1866 4634 1880 4657 ,
1909 4594 2001 4663 qui

2119 4583 2421 4655 Magdalene
2467 4581 2683 4636 dicitur.
2731 4577 3121 4647 interpretatur
3177 4573 3322 4629 enim
3376 4571 3694 4644 Magdalene

416 4699 585 4754 usque
637 4684 800 4738 hodie
843 4683 1137 4736 damnatur
1175 4683 1228 4736 in
1260 4683 1359 4737 eis.
1391 4683 1630 4739 Herodes
1655 4693 1710 4738 et
1757 4681 1960 4739 Pilatus
1987 4725 2000 4749 ,

414 4780 507 4850 qui
547 4794 668 4833 cum
699 4785 881 4832 essent
907 4775 1204 4841 discordes,
1237 4776 1289 4830 in
1316 4777 1568 4846 passione
1613 4776 1823 4831 Domini
1865 4777 2002 4831 ami-

417 4872 542 4926 citia
583 4868 949 4932 imdcrantur,
1009 4864 1252 4922 indicant
1299 4867 1533 4936 primum
1583 4867 1783 4924 divisos
1835 4866 2004 4926 fuisse

415 4973 673 5028 utrosque
705 4958 929 5026 populos
957 4996 972 5021 ,
1026 4947 1451 5012 circumcisiOnis
1487 4965 1543 5012 et
1587 4958 1826 5028 gentium
1856 4976 1870 5023 ;
1912 4959 2005 5029 qui

418 5066 598 5109 tamen
644 5067 739 5121 per
775 5049 1078 5119 passionem
1125 5047 1337 5101 Domini
1381 5048 1432 5101 in
1486 5049 1592 5103 ﬁde
1646 5049 2000 5104 concordave-

419 5153 562 5198 “illi”

493 5233 731 5288 Herodes
761 5232 1143 5300 interpretatur
1167 5229 1425 5299 pellicias.
1455 5227 1804 5299 Vorsipcllem
1833 5232 1999 5302 signi-

422 5330 545 5380 ﬁcat
567 5322 994 5382 Antichristum;
1024 5333 1076 5373 tl
1105 5319 1551 5383 PontiusPilatus
1582 5320 1848 5376 declinans
1875 5340 1999 5376 con-

419 5418 617 5481 silium,
669 5417 853 5483 utique
897 5411 1224 5467 Iudaeorum.
1271 5415 1504 5481 Accepta
1531 5412 1675 5467 enim
1705 5423 1842 5483 aqua
1866 5415 2004 5468 lavit

420 5525 613 5564 manus
661 5525 808 5572 suas,
841 5510 1022 5564 dicens
1052 5529 1062 5561 :
1095 5508 1350 5562 Innocens
1381 5527 1472 5579 ego
1501 5528 1614 5563 sum
1669 5529 1700 5563 (ι
1752 5510 2005 5578 sanguine

391 5602 547 5670 justi
585 5600 742 5669 hujus
765 5598 977 5670 (Matth.
1004 5599 1195 5669 xxv").
1219 5599 1350 5652 Nam
1379 5599 1583 5654 Pilatus
1621 5601 2008 5668 interpretatur

424 5706 479 5742 os
520 5687 839 5742 malleator-is
869 5705 885 5741 :
914 5690 1182 5758 signiﬁcat
1208 5691 1498 5754 diabolum,
1535 5692 1626 5760 qui
1674 5700 1757 5745 est
1784 5689 2008 5744 malleus

423 5781 689 5836 universa:
714 5788 882 5834 terrae.

495 5873 681 5925 Simon
726 5869 1033 5939 Cyrenaeus,
1069 5873 1152 5929 cui
1205 5875 1518 5942 gustandam
1573 5887 1790 5928 crucem
1835 5873 2007 5945 impo-

2107 4675 2288 4730 turris.
2315 4673 2546 4744 Mystice
2598 4671 2776 4724 autem
2835 4666 3103 4740 signiﬁcat
3151 4664 3309 4720 ﬁdem
3342 4663 3694 4732 aerpietatem

2110 4776 2310 4824 sanctae
2346 4763 2618 4827 Ecclesiae,
2653 4777 2772 4831 quae
2803 4761 3024 4815 odorem
3066 4755 3277 4812 notitia:
3322 4752 3522 4808 Chrisd
3542 4767 3694 4822 prte-

2109 4858 2337 4915 dioando
2359 4858 2420 4911 «in
2445 4856 2698 4910 universo
2725 4853 2928 4922 spargit
2949 4849 3172 4906 mundo.
3509 4855 3516 4860 ‘

2181 4948 2272 5004 Sic
2289 4957 2346 5003 et
2366 4947 2596 5009 Martha,
2611 4960 2738 5014 «quae
2753 4945 2974 4998 irritam
2999 4941 3081 4995 vel
3108 4953 3394 5010 provocans
3421 4937 3692 5004 interpre—

2106 5051 2275 5107 tatur,
2316 5051 2499 5112 typum
2537 5047 2681 5094 tenet
2728 5037 3024 5092 Ecclesiae:
3057 5048 3178 5102 quae
3232 5031 3389 5086 bonis
3435 5030 3695 5099 operibus

2112 5139 2348 5210 quotidie
2373 5139 2629 5194 insudans
2661 5133 2836 5188 irritat
2862 5128 3137 5185 diabolum
3181 5134 3237 5179 et
3266 5123 3506 5179 membra
3526 5121 3647 5189 ejus
3672 5162 3694 5190 ,

2110 5241 2166 5284 et
2192 5236 2447 5299 provocat
2466 5227 2567 5296 piis
2582 5221 2889 5279 aetiouibus
2911 5234 2972 5274 ac
2999 5217 3177 5272 verbis
3195 5215 3270 5270 ad
3288 5214 3456 5270 «ﬁdem
3486 5213 3695 5269 electos

2112 5322 2225 5376 Dei.

2183 5411 2396 5481 Septem
2415 5404 2692 5476 discipuli,
2741 5417 2866 5458 cum
2905 5401 3101 5471 quibus
3145 5397 3404 5451 Domi-nus
3431 5402 3561 5463 post
3603 5408 3692 5449 re-

2111 5502 2498 5558 surrectionem
2525 5496 2837 5551 convivassc
2882 5493 3203 5548 describitur
3227 5530 3241 5553 ,
3275 5489 3557 5558 septimam
3605 5485 3693 5543 i't-

2112 5595 2292 5648 dicant
2327 5587 2736 5645 resurrectionis
2767 5584 3006 5653 requiem
3027 5622 3041 5642 ,
3075 5582 3127 5635 in
3155 5595 3258 5647 qua
3293 5591 3481 5633 omnes
3512 5573 3691 5632 sancti

2111 5701 2205 5756 per
2235 5683 2507 5738 Christum
2537 5687 2755 5735 aeterna:
2793 5673 3142 5732 beatitudinis
3193 5669 3484 5725 refectione
3533 5676 3692 5724 satu-

2114 5775 2339 5828 rahuntu
2349 5789 2391 5826 r.

2184 5867 2459 5938 Principes
2481 5864 2829 5920 sacerdotum
2853 5861 2966 5933 qui,
2998 5859 3065 5916 ab
3101 5855 3414 5914 custodibus
3450 5849 3692 5928 sepulcri
