3896 6340
252 396 321 455 88
1234 395 1321 452 DE
1358 392 1703 451 UNIVEBSO
1738 392 1916 448 LIBRI
1952 390 2114 448 XXII.
2156 420 2223 431 --
2255 388 2388 445 LIB.
2420 390 2515 447 Ν.
3424 394 3492 449 86

236 507 519 567 veraciter
559 517 841 580 comperta
865 508 1256 565 resurrectione
1282 507 1525 573 Domini,
1560 505 1822 560 dederunt
1850 506 1903 566 Α
1924 504 2243 573 scriptorum
2275 501 2405 556 vitio
2432 500 2780 571 depravatum
2808 540 2823 564 ,
2873 509 2931 553 ut
2974 514 3073 569 pro
3119 501 3212 555 bar
3239 500 3449 555 Joanna
3476 544 3490 567 ,

252 601 379 673 ipsis
412 600 703 669 pecuniam
743 601 1014 670 copiosam
1037 640 1051 664 ,
1102 606 1161 652 ut
1206 598 1561 653 mentirentur
1585 597 1827 651 dicentes

253 701 445 757 corpus
474 688 695 743 Domini
729 704 760 743 a
792 688 1066 757 discipulis
1104 689 1219 757 ejus
1247 687 1484 741 furatum
1508 725 1524 753 ,
1574 683 1824 755 prmﬁgu-

249 778 441 833 nbaut
460 793 561 835 eos
592 780 684 849 qui
706 787 931 850 propter
954 778 1239 833 avaritiam
1274 784 1555 832 terrenam
1589 773 1831 829 vendunt

248 872 533 928 veritatem
561 914 576 939 ,
603 880 844 930 ementes
871 871 1227 943 iniquitatem.
1255 869 1367 926 Sed
1389 877 1443 925 et
1470 883 1659 925 omnes
1686 908 1701 934 ,
1738 866 1829 937 qui

250 964 385 1033 stipe
421 963 625 1034 “templi
650 1004 663 1028 ,
708 970 769 1018 et
815 963 900 1017 his
935 975 1053 1032 quae
1076 960 1431 1017 conferuntur
1453 962 1522 1015 ad
1549 974 1705 1014 usum
1733 957 1830 1013 Ec-

250 1052 446 1117 clesiae,
478 1054 779 1107 abutuntur
824 1052 878 1107 in
920 1052 1038 1107 aliis
1090 1053 1272 1115 rebus,
1316 1051 1507 1119 quibus
1556 1064 1703 1104 suam
1738 1062 1831 1103 ex-

248 1143 429 1213 pleant
455 1144 813 1214 voluptatem,
844 1142 1044 1198 similes
1077 1150 1201 1197 sunt
1231 1140 1531 1196 scribarum
1566 1146 1621 1195 et
1654 1153 1832 1221 sacer-

252 1233 434 1288 domm
478 1234 869 1289 redimentium
912 1232 1252 1289 mendacium
1292 1246 1391 1303 pro
1425 1232 1682 1302 sanguine
1717 1230 1833 1287 Sal-

251 1323 450 1379 vatoris

318 1414 473 1481 Quod
520 1423 709 1469 autem
772 1416 1018 1471 undecim
1074 1414 1349 1485 discipulis
1413 1412 1663 1468 Salvator
1711 1424 1834 1483 post

253 1507 717 1561 resurrectionem
761 1522 909 1562 suam
944 1507 999 1560 in
1026 1504 1246 1561 Galilaea
1274 1504 1328 1559 in
1359 1512 1542 1559 monte
1565 1504 1830 1574 apparuit,

252 1611 354 1652 non
379 1606 544 1652 vacat
599 1614 629 1651 a
682 1600 957 1670 mysterio,
1014 1598 1110 1653 sed
1149 1596 1415 1667 signiﬁcat
1456 1596 1581 1664 quia
1605 1610 1831 1664 corpus,

256 1687 393 1757 quod
444 1687 512 1741 de
562 1690 839 1743 communi
863 1690 1088 1743 humani
1126 1686 1338 1758 generis
1383 1694 1531 1741 terra
1570 1686 1837 1743 nascendo

255 1785 588 1846 susceperat,
620 1778 944 1848 resurgendo
964 1776 1075 1846 jam
1099 1792 1259 1846 super
1280 1785 1489 1831 terrena
1514 1776 1696 1831 omnia
1720 1776 1840 1831 sub-

254 1862 509 1929 lcvatum,
543 1866 756 1921 caelesti
779 1868 976 1922 virtute
1006 1867 1255 1921 induerit.

318 1954 374 2009 In
404 1964 596 2009 monte
625 1957 894 2025 apparuit,
927 1965 988 2010 ut
1025 1957 1339 2011 admoneret
1383 1955 1601 2021 ﬁdeles,
1643 1956 1688 2010 si
1735 1955 1841 2011 illic

264 2045 646 2101 celsitudinem
677 2047 1082 2101 resurrectionis
1123 2047 1238 2117 ejus
1264 2046 1485 2115 cupiunt
1504 2044 1710 2112 ﬁdem,
1752 2042 1843 2101 hic

256 2136 321 2189 ab
365 2134 579 2189 inﬁmis
611 2136 995 2205 cupiditatibus
1038 2137 1107 2190 ad
1141 2148 1376 2207 superna
1421 2135 1673 2191 studeant
1712 2134 1847 2191 desi-

252 2225 402 2280 deria
430 2226 695 2279 transire.
728 2225 935 2281 Nomen
966 2240 1094 2281 vero
1136 2225 1366 2281 Galilaece
1408 2226 1798 2303 transmigratio
1822 2265 1837 2290 ,

257 2317 336 2372 vel
382 2316 636 2371 revelatio
676 2318 1078 2387 interpretatur.
1125 2316 1276 2372 Tunc
1311 2316 1454 2371 enim
1489 2315 1730 2371 revelata
1768 2314 1844 2369 fa-

260 2409 359 2470 cie,
393 2409 537 2463 sicut
573 2408 859 2477 Apostolus
884 2417 1133 2473 testatur,
1160 2409 1382 2477 gloriam
1412 2407 1630 2463 Domini
1662 2418 1845 2476 specu-

258 2496 448 2561 lantes,
484 2497 541 2551 in
577 2499 819 2554 eamdem
851 2498 1145 2567 imaginem
1190 2495 1698 2565 trans’formabimur
1725 2495 1842 2564 qui-

258 2604 467 2657 cunque
519 2589 683 2643 modo
740 2588 1040 2643 revelamus
1094 2588 1158 2640 ad
1210 2602 1333 2640 eum
1368 2586 1514 2640 viam
1559 2591 1797 2639 nostram
1824 2625 1837 2647 ,

257 2674 478 2746 ejusque
500 2678 740 2748 vestigia
778 2677 1056 2746 sequimur
1084 2676 1187 2731 ﬁde
1202 2690 1315 2730 'non
1348 2674 1468 2729 ﬁcta
1486 2672 1706 2744 (I'I‘Cor.
1735 2673 1836 2747 ιιι).

329 2762 746 2831 Apostolienim
769 2761 994 2826 Christi,
1031 2763 1157 2832 quid
1195 2760 1647 2832 interpretatione
1670 2761 1842 2814 nomi-

262 2870 384 2909 num
425 2870 656 2909 suorum
683 2854 767 2909 vel
797 2870 1019 2924 operum
1049 2862 1199 2925 gestu
1243 2852 1571 2924 signiﬁcent,
1610 2850 1723 2919 jam
1770 2851 1843 2905 di-

263 2947 492 3000 cendum
528 2955 636 3000 est.
684 2945 925 3015 Denique
965 2945 1191 3015 apostoli
1224 2944 1369 2998 missi
1385 2943 1837 3012 interpretantur.

263 3036 371 3093 Hoc
403 3039 556 3092 enim
586 3052 773 3092 eorum
820 3051 1014 3091 nomen
1054 3036 1275 3090 indicat.
1321 3033 1458 3087 Nam
1496 3033 1639 3088 sicut
1660 3032 1841 3087 Graece

263 3129 451 3197 angeli,
470 3129 664 3183 Latine
682 3128 856 3182 nuntii
886 3136 1285 3197 nuncupantur,
1301 3126 1375 3180 ita
1388 3123 1580 3180 Graece
1601 3124 1837 3195 apostoli,

1926 591 2029 647 hoc
2071 598 2156 645 est
2178 587 2295 643 ‘ﬁlio
2319 586 2575 653 Joannis,
2621 589 2714 641 bar
2760 588 2900 641 Jona
2943 589 3199 657 scriptum
3246 589 3353 656 sit,
3388 605 3491 644 una

1927 682 2167 743 detracta
2188 679 2391 753 syllaba
2404 678 2633 751 (Joanna
2652 680 3037 749 interpretatur
3054 679 3261 734 Domini
3278 682 3492 751 gratia);

1926 780 1981 828 et
2029 773 2247 827 Petrum
2290 769 2453 826 fuisse
2491 770 2833 836 triuomium,
2867 768 3091 837 Petrus,
3137 768 3346 840 Cephas
3376 812 3390 837 ,
3443 781 3497 826 et

1929 861 2115 918 Simon
2160 860 2407 929 Barjoua.
2458 859 2645 917 Simon
2716 869 2895 918 autem
2963 862 3346 932 interpretatur
3394 861 3495 917 ﬂe-

1926 955 2111 1011 braice
2151 954 2391 1019 audiens,
2438 962 2493 1010 et
2523 952 2781 1010 ebulliens.
2840 951 3033 1011 Petrus
3086 964 3265 1011 autem
3312 968 3499 1027 perso-

1930 1056 2056 1099 nam
2083 1052 2255 1117 geStat
2284 1044 2538 1100 Ecclesiae
2560 1085 2576 1112 ,
2608 1057 2726 1116 quae
2762 1045 2927 1100 habet
2960 1052 3277 1115 potestatem
3318 1047 3501 1101 dimito

1932 1138 2075 1197 tendi
2106 1146 2329 1207 peccata
2359 1145 2519 1204 atque
2546 1136 2835 1193 reducendi
2859 1138 2925 1192 ab
2954 1136 3141 1192 inferis
3160 1138 3409 1193 homines
3433 1139 3499 1192 ad

1934 1228 2170 1284 coelestia
2199 1244 2381 1300 regna.

2007 1317 2196 1372 Saulus
2243 1318 2470 1374 Hebraeo
2519 1332 2766 1381 sermone
2822 1321 3038 1373 tentatio
3078 1319 3254 1373 dictus
3277 1327 3397 1385 est,
3442 1334 3507 1373 eo

1936 1410 2078 1477 quod
2104 1411 2251 1477 prius
2289 1411 2345 1465 in
2387 1412 2682 1466 tentatione
2705 1411 2957 1466 Ecclesiae
2990 1413 3061 1466 sit
3085 1422 3350 1468 vereatus.
3374 1412 3507 1467 Per-

1938 1507 2151 1555 secutor
2191 1501 2333 1554 enim
2356 1509 2508 1567 erat;
2546 1502 2670 1557 inde
2705 1517 2897 1556 nomen
2931 1502 3161 1556 habebat
3190 1502 3351 1567 istud,
3381 1503 3502 1572 quia

1936 1589 2359 1659 persequebatur
2386 1590 2734 1646 Christianos.
2754 1593 2953 1647 Postea
2976 1602 3179 1648 mutato
3205 1595 3419 1650 nomine
3446 1596 3509 1648 dc

1941 1679 2105 1734 Sauio
2134 1677 2309 1735 factus
2346 1688 2429 1735 est
2477 1681 2694 1746 Paulus,
2746 1683 2889 1751 quod
2937 1684 3321 1754 interpretatur
3354 1688 3510 1739 mira-

1941 1768 2086 1832 bilis,
2141 1769 2253 1823 sive
2297 1768 2507 1823 electus.
2552 1767 2812 1825 Mirabilis
2835 1812 2848 1833 ,
2880 1772 2963 1826 vel
2996 1774 3118 1842 quia
3150 1773 3315 1827 multa
3359 1774 3510 1844 signa

1864 1859 1912 1921 B
1940 1860 2107 1925 fecit;
2140 1860 2223 1914 vel
2254 1863 2375 1929 quia
2408 1862 2476 1916 ab
2505 1861 2724 1917 Oriente
2749 1876 2920 1932 usque
2946 1866 3013 1919 ad
3054 1863 3313 1920 Occasum
3343 1865 3515 1921 Evan-

1942 1949 2134 2018 geiium
2188 1948 2390 2004 Christi
2442 1951 2497 2003 in
2567 1951 2814 2006 omnibus
2875 1954 3122 2022 gentibus
3182 1954 3510 2023 praedicavit.

1941 2038 2175 2103 Electus,
2208 2038 2346 2093 sicut
2384 2039 2444 2093 'in
2490 2039 2713 2095 Actibus
2738 2040 3099 2110 apostolorum
3131 2040 3364 2113 Spiritus
3394 2059 3515 2098 san-

1942 2136 2061 2184 ctus
2088 2127 2217 2183 dicit
2244 2145 2258 2181 :
2286 2124 2564 2199 Segregate
2588 2132 2721 2183 mihi
2747 2130 3049 2187 Bar-nabant
3082 2143 3130 2187 et
3167 2133 3395 2188 Paulum
3445 2137 3515 2189 ad

1941 2232 2069 2289 opus
2105 2218 2175 2272 ad
2204 2219 2342 2288 quod
2370 2219 2610 2290 elegi‘eos
2641 2221 2777 2291 (Act.
2804 2222 2945 2293 xm).
2978 2222 3171 2278 Latino
3197 2233 3379 2279 autem
3406 2241 3517 2281 ser-

1942 2322 2101 2361 mone
2124 2307 2323 2363 Paulus
2362 2324 2394 2361 a
2422 2309 2626 2363 modico
2654 2310 2831 2366 dictus
2862 2319 2962 2368 est.
2996 2314 3150 2372 Unde
3178 2325 3232 2371 et
3261 2317 3372 2387 ipse
3394 2319 3470 2373 ait
3501 2338 3515 2372 :

1944 2396 2057 2469 Ego
2085 2415 2201 2453 sum
2226 2400 2475 2453 minimus
2523 2400 2876 2471 aposto’lorum
2900 2404 2963 2475 (Ι
2994 2405 3114 2459 Cor.
3152 2407 3263 2478 xv).
3296 2406 3517 2475 Quando

1944 2488 2087 2541 enim
2132 2488 2326 2543 Saulus
2353 2530 2367 2553 ,
2404 2489 2667 2559 superbus
2694 2532 2708 2556 ,
2761 2492 2969 2558 elatus;
3025 2496 3238 2563 quando
3284 2495 3516 2561 Paulus,

1944 2579 2162 2634 humilis
2183 2589 2237 2634 et
2260 2581 2525 2636 modicus.
2560 2580 2682 2636 Ideo
2714 2583 2794 2637 sic
2832 2582 3106 2654 loquimur
3134 2601 3149 2639 :
3186 2585 3359 2641 Paulo
3406 2599 3516 2657 post

1939 2671 2121 2725 uidebo
2149 2680 2218 2738 te,
2249 2672 2303 2727 id
2333 2680 2449 2738 est,
2488 2681 2599 2743 post
2629 2673 2909 2728 modicum.
2942 2674 3076 2729 Nam
3104 2678 3229 2745 quia
3257 2688 3379 2747 post
3405 2695 3519 2733 mo-

1944 2761 2097 2817 dicas
2129 2761 2304 2816 factus
2334 2771 2439 2829 est,
2464 2762 2581 2832 ipse
2611 2764 2741 2819 dicit
2774 2782 2785 2817 :
2822 2764 2933 2835 Ego
2972 2767 3108 2819 enim
3145 2784 3258 2821 sum
3298 2770 3515 2823 novissi-

1942 2869 2058 2908 mus
2106 2854 2492 2925 apostolorum.
2532 2862 2581 2909 et
2637 2855 2881 2910 minimus
2940 2859 3169 2911 omnium
3217 2867 3515 2913 sanctorum

1946 2942 2154 3015 (1bid.).

2016 3033 2227 3103 Cephas
2256 3044 2434 3090 autem
2464 3045 2521 3091 et
2546 3034 2740 3092 Saulus
2762 3037 2882 3093 ideo
2917 3046 3122 3094 mutato
3150 3042 3366 3094 nomine
3396 3050 3519 3095 sunt

1946 3124 2163 3189 vocati,
2225 3132 2284 3178 ut
2334 3134 2517 3179 essent
2576 3127 2736 3181 etiam
2788 3126 2904 3196 ipso
2942 3127 3161 3182 nomine
3199 3128 3351 3193 novi,
3384 3130 3520 3184 sicut

266 3216 455 3272 Latine
484 3220 635 3271 missi
666 3216 1016 3287 appellantur.
1047 3218 1194 3287 ipsos
1234 3216 1377 3271 enim
1415 3216 1560 3271 misit
1601 3215 1845 3270 Christus
1871 3205 1916 3269 C
1947 3216 2217 3270 Abraham
2245 3225 2298 3271 et
2339 3215 2494 3271 Sara.
2532 3216 2809 3288 Signiﬁcat
2844 3230 3024 3273 autem
3068 3219 3267 3275 Paulus
3296 3238 3519 3277 conver-

266 3309 638 3377 evangelizare
661 3322 757 3377 per
778 3307 1084 3362 universum
1121 3307 1398 3371 mundum,
1428 3305 1503 3359 ita
1529 3314 1589 3359 ut
1621 3304 1842 3375 quidam

265 3412 445 3451 eorum
459 3398 664 3453 Persas
690 3399 950 3467 ludosque
968 3407 1335 3468 penetrarent,
1360 3398 1613 3453 docentes
1636 3405 1839 3467 gentes,

268 3499 317 3543 et
335 3488 609 3545 iacientes
639 3491 693 3544 in
714 3490 939 3544 nomine
966 3488 1169 3544 Christi
1192 3503 1387 3559 magna
1426 3496 1484 3543 'e‘t
1503 3487 1843 3543 incredibilia

268 3580 554 3642 miracula,
588 3588 667 3644 ut,
699 3578 1077 3634 atteStamibus
1101 3577 1272 3647 signis
1308 3584 1362 3631 et
1404 3575 1681 3647 prodigﬁs,
1729 3591 1846 3632 cre-

268 3671 485 3725 deretur
549 3670 651 3724 illis
700 3672 754 3724 in
802 3672 887 3727 his
918 3685 1044 3741 quae
1083 3670 1348 3724 dicebant.
1398 3668 1615 3724 Habent
1662 3676 1845 3723 autem

266 3760 511 3828 pleriqu
552 3773 750 3813 eorum
796 3773 866 3813 ex
934 3758 1019 3813 his
1079 3772 1297 3812 causam
1348 3772 1564 3813 suomm
1614 3757 1847 3811 vocabu-

270 3848 459 3902 lorum.
1500 3918 1505 3929 ί
1666 3914 1669 3920 _

336 3939 532 3993 Petrus
576 3955 604 3992 a
640 3949 783 4009 petra
829 3953 1025 3994 nomen
1063 3940 1288 4008 accepit,
1316 3940 1547 4003 hocest,
1572 3937 1843 3992 a'Ohristo

268 4043 423 4097 super
456 4044 623 4098 quem
649 4037 733 4083 est
758 4027 976 4083 fundata
1000 4028 1257 4083 Ecclesia.
1287 4027 1399 4082 Non
1426 4044 1455 4081 a
1485 4029 1645 4083 Petro
1666 4039 1839 4097 petra,

269 4121 355 4171 sed
409 4120 607 4173 Petrus
653 4136 682 4173 a
718 4128 869 4189 petra
920 4135 1113 4173 nomen
1161 4121 1381 4174 sortitus
1421 4129 1503 4174 est
1530 4140 1541 4173 :
1571 4122 1711 4175 sicut
1739 4137 1836 4176 nor

268 4207 513 4263 Christus
542 4225 571 4261 a
601 4209 904 4264 Christiano
931 4252 944 4274 ,
984 4210 1075 4265 sed
1104 4210 1443 4265 Christianus
1466 4210 1734 4267 a‘Christo
1757 4229 1849 4268 vo-

268 4309 447 4365 catur;
483 4300 715 4368 ideoque
741 4302 815 4354 ait
842 4300 1102 4368 Dominus
1135 4320 1147 4354 :
1184 4300 1259 4354 Tu
1289 4319 1339 4355 es
1365 4301 1554 4355 Petrus
1579 4343 1594 4365 ,
1622 4314 1670 4355 et
1694 4320 1848 4372 super

269 4389 397 4442 hanc
420 4400 626 4459 petram
650 4391 917 4457 a'diﬁeabo
946 4389 1229 4443 Ecclesium
1254 4407 1419 4443 meam
1463 4390 1679 4461 (Matth.
1712 4393 1841 4463 im).

268 4478 397 4544 Quia
427 4482 646 4533 dixerat
671 4479 863 4534 Petrus
888 4495 901 4532 :
934 4480 975 4532 T
978 4498 1009 4532 ιι
1034 4496 1086 4533 es
1112 4480 1351 4534 Christus
1383 4478 1553 4534 Filius
1580 4482 1676 4535 Dei
1702 4484 1800 4537 viri
1826 4498 1842 4533 :

267 4566 463 4639 deinde
501 4567 756 4621 Dominus
796 4569 846 4622 ei
892 4585 903 4619 :

269 4673 422 4726 quam
462 4658 739 4713 confessus
766 4672 841 4721 es,
872 4658 1137 4726 wdiﬁcabo
1160 4658 1447 4713 Ecclesium
1472 4676 1659 4713 meam.
1687 4661 1840 4714 Petra

268 4748 396 4798 enim
432 4745 677 4800 Christus
710 4757 843 4811 erat,
877 4763 1038 4816 super
1076 4749 1217 4815 quod
1243 4746 1649 4804 fundamentum
1676 4752 1838 4804 etiam

270 4835 375 4903 ipse
400 4835 703 4890 aediﬁcatus
732 4846 815 4891 est
847 4836 1057 4891 Petrus.

333 4926 552 4997 Cephas
584 4928 759 4981 dictus
796 4941 860 4981 eo
889 4928 1029 4995 quod
1080 4927 1131 4981 in
1188 4928 1364 4997 capite
1406 4931 1475 4983 sit
1520 4936 1839 4985 constitutus

269 5017 653 5085 apostolorum.
682 5014 903 5086 Cephale
933 5017 1118 5071 Grzece
1142 5025 1311 5084 caput
1336 5018 1567 5085 dicitur,
1590 5030 1644 5076 et
1667 5022 1836 5090 ipsum

271 5120 465 5160 nomen
491 5106 543 5158 in
571 5106 729 5160 Petro
748 5106 912 5159 situm
940 5116 1041 5161 est.

334 5196 527 5248 Simon
552 5193 779 5261 Barjona
802 5196 860 5248 in
890 5196 1133 5266 linguam
1158 5207 1394 5251 nostram
1417 5207 1573 5252 sonat
1594 5194 1841 5266 ﬁlius’co-

271 5284 478 5339 lumbtr.
508 5284 607 5338 Est
632 5292 905 5339 et-nomen
949 5286 1143 5356 Syrum
1185 5287 1385 5355 pariter
1431 5297 1483 5342 et
1536 5287 1837 5343 Hebraeum.

271 5373 377 5428 Bar
420 5375 619 5443 quippe
652 5372 788 5444 Syra
838 5373 1014 5441 lingua
1063 5376 1206 5444 ﬁlius
1241 5392 1257 5429 :
1279 5379 1411 5446 jona
1453 5376 1712 5431 Hebraice
1760 5396 1842 5431 co-

274 5465 447 5519 lumba
470 5481 487 5517 :
512 5475 745 5534 utroque
772 5479 1020 5519 sermone
1048 5466 1243 5520 dicitur
1265 5466 1520 5536 Barjoaa.
1569 5467 1672 5523 Alii
1716 5468 1843 5521 sim-

273 5554 480 5624 pliciter
530 5554 801 5623 aocipiunt
823 5595 835 5619 ,
863 5555 1012 5624 quod
1064 5555 1257 5609 Simon
1285 5598 1298 5621 ,
1341 5558 1393 5611 id
1434 5568 1560 5623 est,
1606 5558 1795 5613 Petrus
1826 5600 1841 5625 ,

276 5641 410 5697 illitis
456 5650 601 5697 esset
644 5640 899 5707 Joannis;
940 5646 1089 5713 juxta
1140 5645 1279 5699 illam
1326 5647 1837 5718 interrogationem:

276 5728 451 5789 Simon
501 5731 727 5787 Joannis
754 5774 768 5798 ,
807 5734 981 5806 diligis
1022 5737 1151 5792 me?
1187 5736 1365 5800 (Joau.
1418 5739 1544 5809 xxx)
1574 5748 1628 5793 et
1657 5738 1841 5794 volunt

1946 3310 2150 3363 sionem
2182 3310 2434 3365 Ecclesia:
2456 3311 2521 3365 de
2542 3312 2789 3382 gentibus
2816 3312 2884 3367 ad
2922 3311 3123 3367 Christi
3158 3312 3339 3380 ﬁdem,
3372 3314 3519 3383 cujus

1946 3398 2060 3467 ipse
2089 3399 2364 3469 apostolus
2392 3408 2446 3453 et
2476 3401 2730 3470 magister
2768 3400 2905 3467 fuit;
2940 3402 3192 3473 quoniam
3225 3404 3363 3459 sicut
3389 3405 3521 3460 Pau-

1946 3488 2030 3542 lus
2056 3488 2290 3558 primum
2317 3489 2529 3545 rebellis
2557 3492 2610 3544 in
2639 3492 3010 3547 incredulitate
3036 3494 3337 3550 consistens
3371 3494 3472 3550 fuit
3500 3538 3515 3561 ,

1946 3586 2001 3633 et
2026 3588 2213 3648 postea
2248 3594 2346 3649 per
2375 3579 2627 3648 baptismi
2654 3576 2882 3650 gratiam
2905 3580 3117 3637 ablutus
3130 3592 3182 3637 et
3199 3582 3300 3639 ﬁde
3312 3584 3510 3641 Christi

1947 3669 2215 3735 imbutus,
2247 3670 2465 3725 humilis
2503 3683 2566 3725 ac
2599 3670 2823 3726 devotus
2843 3673 3137 3741 permansit
3163 3692 3175 3726 :
3205 3674 3283 3727 sic
3304 3682 3359 3727 et
3384 3689 3509 3744 gen—

1947 3760 2114 3815 tilitas
2140 3759 2371 3830 primum
2390 3759 2713 3815 Christianis
2736 3762 3161 3830 persecutionem
3183 3762 3362 3817 intulit
3391 3772 3515 3819 ante

1949 3851 2343 3921 perceptionem
2393 3852 2643 3905 videlicet
2700 3852 2972 3924 Evangelii
3026 3853 3259 3918 Christi;
3330 3864 3515 3924 postea

1946 3955 2074 3994 vero
2127 3940 2318 3995 devota
2372 3938 2484 3995 Deo
2523 3942 2763 3997 existens
2806 3942 2969 3997 etiam
3017 3944 3330 4013 sanguinem
3361 3959 3515 4000 suum

1948 4044 2043 4098 pro
2071 4044 2135 4085 eo
2173 4027 2397 4083 fundere
2422 4045 2526 4085 non
2559 4030 2838 4085 dubitavit.

2017 4118 2278 4181 Andreas,
2305 4117 2478 4171 frater
2498 4118 2663 4184 Petri,
2689 4134 2853 4173 carne
2878 4128 2933 4175 et
2958 4121 3197 4175 cohaeres
3225 4122 3411 4192 gratiae
3433 4138 3518 4180 se-

1948 4209 2181 4261 cundum
2232 4206 2509 4261 Hebraeum
2560 4209 2945 4280 Etymdlogiam
2999 4211 3386 4280 interpretatur
3431 4214 3518 4267 de-

1948 4314 2101 4351 corus
2130 4298 2241 4351 sive
2268 4299 2598 4367 respondens.
2629 4300 2889 4355 Sermone
2913 4309 3091 4356 autem
3117 4300 3306 4359 Graeco
3335 4323 3365 4358 a
3403 4306 3510 4359 uiro

1947 4386 2107 4440 virilis
2135 4387 2448 4456 appellatur.
2500 4387 2598 4442 Hic
2655 4392 2906 4459 exprimit
2952 4393 3204 4462 populum
3244 4394 3509 4453 Ecclesia-

1948 4475 2163 4540 sticum,
2188 4477 2278 4545 qui
2307 4476 2534 4531 decorus
2559 4488 2641 4532 est
2670 4480 2721 4532 in
2746 4480 3145 4548 pulchritudine
3183 4494 3345 4540 rectae
3367 4486 3510 4553 ﬁdei,

952 4568 1120 4638 Super
1162 4569 1324 4631 hanc,
1364 4570 1537 4638 inquit
1561 4610 1575 4635 ,
1608 4580 1839 4639 petram,
1872 4551 1921 4608 Ῑ)
1946 4573 1999 4617 et
2030 4566 2317 4633 respondet
2336 4566 2493 4621 bonis
2516 4569 2767 4635 operibus
2788 4586 2799 4633 ;
2818 4572 2944 4638 quia
2968 4573 3109 4641 quod
3136 4576 3294 4631 corde
3321 4551 3512 4642 credit,

1938 4655 2200 4724 operibus
2233 4666 2477 4721 exercet;
2508 4658 2734 4712 viriliter
2762 4676 2973 4730 quoque
3008 4664 3120 4733 ipse
3159 4665 3213 4719 in
3248 4666 3341 4721 Dei
3372 4684 3514 4722 man-

1947 4745 2085 4799 datis
2136 4747 2277 4816 agit,
2314 4756 2368 4802 et
2404 4756 2659 4816 operatur
2696 4750 2962 4819 justitiam
2990 4792 3004 4815 ,
3056 4761 3113 4805 ut
3162 4764 3413 4826 acceptus
3463 4769 3514 4813 et

1947 4838 2175 4905 placitus
2202 4838 2293 4891 ﬁat
2318 4837 2595 4893 Conditori
2623 4854 2737 4892 suo.

2014 4925 2245 4981 Joannes
2269 4928 2501 4996 quodam
2530 4928 2782 5003 vaticinio
2811 4944 2874 4983 ex
2901 4941 3093 4985 merito
3129 4947 3320 4989 nomen
3348 4950 3500 4992 acce-

1945 5016 2039 5084 pit.
2076 5015 2465 5085 lnterpretatur
2512 5018 2654 5071 enim
2684 5020 2738 5071 in
2758 5036 2856 5089 quo
2883 5031 2955 5073 est
2979 5024 3169 5089 gratia,
3194 5024 3277 5077 vel
3300 5024 3511 5081 Domini

1944 5107 2133 5174 gratia.
2164 5106 2406 5175 Amplius
2446 5107 2588 5161 enim
2624 5124 2746 5162 eum
2786 5110 2995 5163 caeteris
3039 5112 3297 5179 apostolis
3327 5114 3507 5170 dilexit

1943 5193 2114 5249 Jesus.
2153 5194 2251 5249 Hic
2279 5212 2465 5251 eorum
2495 5209 2674 5268 typum
2727 5207 2869 5253 tenet
2912 5201 3001 5269 qui
3048 5204 3509 5272 contemplationis

1944 5284 2114 5354 gratia
2145 5284 2412 5339 sublimati
2440 5287 2621 5341 sedulo
2646 5303 2743 5341 suo
2765 5289 3041 5344 adhaerent
3062 5290 3337 5347 Conditori
3364 5313 3375 5346 :
3408 5312 3505 5349 nec

1944 5375 2376 5444 aliquidcharius
2404 5378 2516 5445 ipso
2538 5376 2737 5433 ducunt
2754 5397 2766 5430 :
2783 5380 3009 5447 quicum
3026 5381 3307 5436 Psalmista
3324 5383 3508 5439 dicere

1945 5474 2165 5535 possunt
2190 5483 2203 5519 :
2238 5467 2369 5520 Mihi
2396 5477 2573 5520 autem
2602 5469 2869 5523 adhaerere
2891 5468 2998 5523 Deo
3043 5472 3230 5524 bonum
3272 5480 3385 5524 est:
3410 5490 3504 5541 po-

1945 5572 2062 5609 nere
2085 5557 2138 5609 in
2168 5556 2386 5610 Domino
2411 5556 2517 5609 Deo
2537 5573 2677 5626 spem
2700 5575 2863 5611 meam
2887 5569 2983 5611 :ut
3007 5561 3309 5613 annuntiem
3333 5575 3505 5613 omnes

1943 5646 2122 5698 laudes
2158 5648 2272 5713 ejus
2301 5647 2357 5700 in
2399 5649 2561 5716 portis
2589 5648 2715 5714 ﬁliae
2735 5647 2860 5701 Sion
2891 5647 3061 5719 (Psal.
3090 5647 3279 5719 xxv").
3304 5646 3507 5703 Notan-

1942 5737 2067 5792 dum
2096 5745 2296 5799 tamen,
2318 5738 2461 5807 quod
2492 5739 2544 5792 in
2574 5740 2903 5808 expositione
2924 5738 3265 5810 Evangelica,
3288 5737 3379 5793 ubi
3404 5735 3507 5798 Pe-
