3896 6332
375 363 440 417 87
1008 361 1066 415 Β.
1111 358 1362 414 RABANI
1403 359 1624 415 MAURI
1664 356 1984 415 ARCHIEP.
2029 355 2337 413 MOGUNT.
2380 355 2665 412 OPERUM
2699 355 2881 412 PARS
2919 356 2981 411 11.

3586 357 3655 411 88

371 485 482 526 trus
514 482 561 526 et
582 478 815 528 Joannes
835 485 958 540 post
995 471 1450 524 resurrectionem
1495 469 1698 524 Christi
1740 468 1810 520 ad
1849 484 1957 520 mo-
1986 469 2035 530 A
2062 468 2149 520 nia
2191 483 2205 519 :
2242 468 2369 536 quia
2415 467 2793 538 beneplacitum
2837 476 2911 520 est
2952 466 3178 522 Domino
3218 485 3374 538 super
3413 470 3652 524 timentes

368 570 674 616 uumentum
719 568 1098 625 cucurrerunt,
1144 559 1288 628 quod
1327 557 1564 612 Joannes
1595 572 1750 627 porro
1778 557 1955 609 venit:

366 653 456 707 sed
499 662 672 706 tamen
719 667 824 705 non
865 650 1120 715 introivit,
1147 647 1342 702 Petrus
1383 657 1558 702 autem
1593 646 1849 717 posterius
1873 662 1958 699 ve-

366 748 513 801 niens
536 746 714 800 statim
739 745 977 798 introivit
1001 752 1047 798 et
1075 743 1269 796 invenit
1293 741 1602 795 linteamina
1628 740 1820 810 posita,
1847 746 1953 794 etc.

367 837 550 907 (Joan.
577 837 692 907 xx),
725 851 845 904 qua:
870 834 944 889 ibi
974 843 1287 887 narrantur.
1313 831 1392 886 Ibi
1419 845 1550 899 ergo
1584 828 1822 884 Joannes
1855 843 1955 898 po-

364 929 472 998 puli
495 928 705 984 Judaici
743 936 929 998 typum
959 933 1109 981 tenet
1134 943 1148 979 :
1177 924 1271 995 qui
1297 939 1460 994 porro
1483 938 1582 993 per
1607 922 1853 978 notitiam
1874 922 1954 977 le—

364 1022 444 1092 gis
473 1020 540 1074 ad
565 1019 857 1074 Dominum
889 1018 1040 1072 venit
1070 1034 1084 1069 :
1110 1017 1252 1071 sicut
1275 1014 1512 1071 Joannes
1542 1015 1609 1067 ad
1636 1027 1958 1067 monumen-

362 1120 476 1164 tum
505 1129 518 1163 :
548 1111 644 1165 sed
681 1126 787 1165 non
818 1108 1079 1163 intravit:
1110 1109 1239 1177 quia
1271 1107 1404 1178 legis
1442 1106 1663 1175 quidem
1701 1103 1953 1157 mandata

360 1201 606 1269 percepit
627 1215 732 1268 per
752 1200 1048 1269 prophetas
1071 1239 1087 1264 ,
1115 1198 1183 1253 de
1209 1195 1586 1252 incarnatione
1615 1192 1831 1247 Domini
1847 1233 1861 1256 ,
1891 1206 1956 1245 ac

361 1290 611 1357 passione
637 1291 754 1358 ejus
776 1290 982 1343 audivit
1010 1307 1022 1341 :
1049 1296 1106 1343 et
1129 1302 1228 1358 per
1253 1303 1424 1342 sacrae
1468 1284 1767 1353 Scriptura!
1805 1281 1958 1337 testi-

360 1379 541 1433 monia
573 1379 640 1434 de
664 1394 729 1434 eo
761 1380 926 1434 multa
963 1387 1126 1433 antea
1153 1378 1245 1432 diu
1279 1377 1439 1446 longe
1463 1375 1682 1443 lateque
1711 1373 1954 1444 prophe-

361 1470 494 1523 tavit
519 1487 530 1522 :
559 1471 651 1524 sed
679 1485 806 1524 cum
829 1476 1157 1543 praesentem
1185 1467 1336 1527 vidit,
1363 1464 1578 1530 renuit,
1602 1473 1657 1517 et
1679 1464 1954 1518 hominem

359 1575 475 1614 esse
503 1562 764 1629 despexit,
796 1573 1031 1630 eumque
1054 1557 1341 1613 mortalem
1367 1556 1573 1611 factum
1602 1555 1825 1610 credere
1852 1570 1953 1609 no-

359 1652 456 1705 luit
484 1669 498 1705 :
533 1653 673 1706 sicut
702 1666 864 1721 porro
899 1651 1049 1705 venit
1077 1650 1145 1704 ad
1176 1654 1584 1702 monumentum
1613 1664 1625 1698 :
1653 1645 1730 1698 ita
1753 1658 1955 1698 vacuus

355 1749 408 1794 et
438 1742 643 1795 otiosus
673 1741 842 1795 stetit.
874 1739 980 1795 Sed
1009 1748 1229 1794 secutus
1265 1735 1536 1806 posterior
1559 1735 1754 1790 Petrus
1783 1735 1953 1788 intra-

2063 575 2202 624 eum,
2232 568 2279 612 et
2329 559 2384 612 in
2439 575 2615 614 omnes
2650 559 2741 630 qui
2774 567 2986 630 sperant
3026 560 3082 614 in
3132 561 3493 614 misericordia
3533 561 3653 632 ejus

2062 650 2233 722 (Psal.
2267 652 2470 721 cxnvr).

2131 740 2321 797 Simon
2367 739 2666 799 Cananaius
2693 744 2761 798 ad
2805 742 3212 799 distinctionem
3235 742 3476 802 Simonis
3498 744 3652 804 Petri

2060 832 2125 887 de
2156 833 2274 887 vico
2301 831 2556 898 Galilaase,
2586 831 2734 890 Cana
2761 851 2774 888 :
2805 835 2896 889 ubi
2925 849 3096 904 aquas
3121 835 3384 893 Dominus
3415 840 3652 894 mutavit

2059 920 2112 974 in
2142 921 2347 976 vinum.
2371 922 2490 993 Ipse
2512 924 2658 979 enim
2680 933 2785 990 est,
2811 925 2904 994 qui
2932 925 2988 980 in
3015 925 3123 981 alio
3143 925 3488 998 Evangelista
3518 929 3652 983 scri-

2056 1010 2202 1065 bitur
2253 1012 2472 1068 zelotes.
2525 1013 2673 1069 Cana
2719 1015 2947 1085 quippe,
2997 1014 3168 1080 zelus,
3215 1016 3648 1086 interpretatur:

2056 1103 2366 1168 ostendens,
2389 1105 2534 1172 quod
2564 1104 2813 1174 quisquis
2841 1105 3242 1173 praedicationis
3270 1105 3504 1160 oﬁicium
3540 1121 3642 1175 per

2057 1190 2517 1260 dispensationem
2559 1193 2655 1248 Dei
2701 1195 2930 1265 accipit,
2976 1194 3152 1251 zelum
3187 1195 3413 1264 iustitiae
3449 1197 3651 1250 habere

2057 1282 2217 1336 debet
2242 1298 2256 1336 :
2283 1285 2410 1353 quia
2437 1301 2587 1339 nemo
2621 1287 2831 1340 mittens
2869 1303 3084 1341 manum
3111 1305 3262 1342 suam
3290 1290 3346 1342 in
3385 1297 3648 1351 aratrum,

2055 1384 2104 1427 et
2131 1376 2408 1439 respiciens
2433 1386 2595 1442 retro,
2619 1387 2772 1446 aptus
2797 1386 2874 1432 est
2901 1395 3058 1448 regno
3079 1378 3180 1432 Dei
3210 1377 3363 1450 (Luc.
3391 1379 3492 1449 rx).

2125 1464 2293 1520 Judas
2318 1465 2528 1532 Jacobi,
2556 1469 2647 1537 qui
2673 1468 2799 1523 alibi
2828 1469 3129 1539 appellatur
3168 1469 3464 1535 Lebbaaus,
3507 1470 3647 1540 ﬁgu-

2057 1563 2232 1610 ratum
2264 1572 2462 1620 nomen
2510 1559 2674 1615 habet
2708 1577 2737 1614 a
2778 1561 2981 1615 corde:
3014 1561 3159 1630 quod
3187 1577 3286 1617 nos
3327 1561 3651 1616 diminutive

2055 1645 2323 1700 corculum
2352 1663 2641 1717 possumus
2667 1651 2957 1720 appellare.
2988 1651 3108 1720 Ipse
3135 1653 3190 1706 in
3215 1651 3509 1722 Evangelio
3534 1653 3641 1706 alio

2057 1735 2351 1792 Thathreus
2387 1740 2660 1795 scribitur.
2709 1741 2778 1795 Et
2816 1744 2953 1796 bene
2975 1750 3092 1808 est,
3119 1753 3182 1798 ut
3203 1741 3358 1810 cujus
3381 1758 3577 1798 nomen
3617 1759 3646 1798 a

356 1831 451 1890 vit,
478 1845 577 1898 per
600 1845 759 1898 quem
783 1829 1022 1884 Ecclesia
1053 1828 1296 1898 gentium
1319 1826 1665 1896 designatur:
1691 1839 1812 1893 qua:
1841 1833 1950 1878 sta-
1977 1820 2026 1879 B
2055 1827 2216 1881 corde
2239 1827 2522 1899 ﬁguratur,
2554 1839 2724 1885 totam
2755 1832 3110 1887 intentionem
3152 1833 3350 1888 mentis
3379 1834 3447 1887 ad
3472 1834 3642 1889 Deum

356 1926 448 1977 tim
473 1933 531 1976 ut
557 1923 765 1977 audivit
790 1923 856 1976 de
877 1921 1098 1977 Christo
1120 1917 1421 1974 mediatore
1442 1918 1537 1973 Dei
1562 1929 1618 1973 et
1641 1917 1943 1980 hominum,

353 2031 513 2078 eum,
560 2029 721 2082 quem
764 2015 1018 2084 cognovit
1054 2020 1367 2076 mortuum,
1406 2010 1678 2064 viventem
1721 2009 1950 2063 credidit

353 2105 543 2158 Deum.
569 2103 717 2157 Tunc
746 2121 868 2172 ergo
892 2104 1130 2156 introivit
1161 2111 1208 2154 et
1237 2101 1326 2154 ille
1348 2100 1486 2154 alius
1510 2099 1826 2168 discipulus,
1859 2099 1947 2169 qui

352 2206 561 2250 venerat
603 2197 751 2266 prior
792 2195 862 2248 ad
906 2201 1303 2247 monumentum
1338 2190 1562 2262 (Ibid.):
1598 2191 1724 2260 quia
1755 2191 1808 2244 in
1841 2190 1946 2244 ﬁne

352 2289 538 2343 nmndi
581 2291 648 2343 ad
695 2287 854 2341 ﬁdem
890 2286 1103 2340 Domini
1132 2285 1304 2340 nostri
1334 2285 1497 2338 etiam
1527 2283 1710 2338 Judaea
1743 2283 1946 2352 colligi-

357 2388 466 2442 tur,
482 2377 648 2432 Paulo
674 2384 989 2434 attestante,
1009 2375 1098 2443 qui
1115 2375 1190 2427 ait
1207 2389 1220 2426 :
1240 2374 1414 2427 Donec
1430 2374 1698 2443 plenitudo
1716 2375 1945 2442 gentium

353 2471 664 2534 intraverit,
704 2479 826 2521 tunc
856 2469 1024 2521 omnis
1071 2466 1242 2521 Israel
1281 2467 1459 2519 salvus
1504 2467 1599 2519 erit
1630 2464 1807 2536 (Rom.
1841 2466 1941 2538 ιι).

423 2561 655 2615 Jacobus
683 2561 926 2614 Zebedaai
957 2575 984 2612 a
1019 2567 1175 2628 patre
1205 2559 1644 2628 cognominatur,
1669 2573 1828 2627 quem
1859 2573 1946 2612 re-

352 2653 602 2723 linquens
630 2669 753 2708 cum
785 2652 994 2712 Joanne
1023 2667 1212 2704 verum
1259 2658 1469 2720 patrem
1501 2658 1720 2705 secutus
1749 2660 1849 2704 est.
1877 2650 1943 2704 Hi

353 2752 481 2798 sunt
513 2743 607 2796 ﬁlii
637 2742 881 2804 tonitrui,
911 2742 1000 2812 qui
1031 2741 1194 2794 etiam
1232 2739 1537 2809 Boanerges
1579 2754 1642 2793 ex
1686 2738 1945 2794 ﬁrmitate

352 2845 406 2888 et
431 2834 803 2903 magnitudine
829 2832 948 2887 ﬁdei
973 2831 1239 2886 nominati
1269 2840 1414 2884 sunt.
1449 2829 1547 2885 Hic
1569 2837 1653 2884 est
1675 2829 1910 2884 Jacobus
1927 2871 1942 2894 ,

355 2923 497 2976 ﬁlius
526 2923 790 2983 Zebedaei,
825 2921 994 2976 frater
1017 2921 1261 2984 Joannis,
1293 2920 1385 2989 qui
1416 2927 1539 2990 post
1571 2920 1941 2975 ascensionem

354 3013 568 3066 Domini
594 3013 662 3066 ab
693 3012 906 3067 Herode
932 3012 1314 3065 manifestatur
1342 3011 1576 3065 occisus.

424 3109 656 3163 Jacobus
678 3108 883 3177 Alphmi
915 3109 985 3160 ob
1013 3106 1417 3160 distinctionem
1441 3105 1639 3175 prioris
1666 3104 1942 3174 cognomi-

355 3209 512 3254 natus
543 3219 554 3252 :
589 3201 713 3269 quia
750 3200 890 3254 sicut
919 3198 1010 3253 ille
1035 3199 1233 3252 dicitur
1268 3197 1406 3253 ﬁlius
1427 3197 1700 3258 Zebedmi,
1736 3198 1813 3252 sic
1840 3198 1943 3252 iste

357 3291 497 3344 ﬁlius
539 3291 766 3360 Alphrei.
820 3290 1254 3360 Cognomentum
1310 3290 1474 3361 igitur
1519 3291 1680 3343 ambo
1723 3305 1752 3341 a
1790 3298 1943 3357 patre

358 3391 725 3450 sumpserunt.
751 3381 856 3434 Iste
882 3390 966 3434 est
993 3379 1224 3434 Jacobus
1253 3381 1448 3444 minor,
1475 3381 1566 3449 qui
1587 3380 1638 3432 in
1657 3379 1945 3448 Evangelio

357 3471 526 3523 frater
559 3471 770 3523 Domini
799 3471 1112 3522 nominatur
1139 3487 1148 3520 :
1179 3468 1304 3535 Quia
1330 3467 1517 3530 Maria,
1553 3484 1691 3522 uxor
1715 3467 1940 3537 Alphtei,

357 3577 510 3615 soror
540 3561 639 3614 fuit
666 3559 870 3623 Mariae,
900 3557 1087 3611 Matris
1125 3557 1370 3621 Domini,
1403 3572 1564 3625 quam
1600 3557 1762 3610 Maria
1793 3555 1946 3611 Cleo-

359 3652 478 3721 pha:
507 3650 746 3705 Joannes
775 3648 1118 3719 Evangelista
1164 3648 1510 3716 cognominat
1542 3663 1571 3700 a
1607 3657 1758 3716 patre
1787 3662 1800 3699 :
1833 3648 1946 3701 sive

359 3759 389 3795 a
437 3742 744 3812 gentilitate
790 3742 1043 3806 familiae,
1087 3750 1181 3794 aut
1219 3754 1539 3808 quacunque
1569 3739 1673 3792 alia
1705 3754 1866 3793 causa
1897 3740 1946 3793 ei

361 3848 554 3886 nomen
584 3835 886 3901 imponens.

431 3923 685 3991 Alphzeus
718 3931 897 3975 autem
923 3921 1152 3977 Hebraeo
1186 3937 1438 3976 sermone
1468 3921 1522 3975 in
1550 3920 1806 3976 Latinum
1850 3937 1946 3976 ex-

366 4015 640 4083 primitur,
669 4013 978 4066 millesimus
1009 4013 1124 4066 sive
1145 4013 1349 4066 doctus.

441 4106 734 4176 Philippus,
775 4123 831 4159 os
855 4104 1225 4175 lampadarum
1255 4104 1338 4158 vel
1362 4121 1634 4158 manuum.

437 4199 692 4262 Thomas,
727 4201 965 4268 abyssus,
993 4196 1078 4252 vel
1102 4199 1369 4267 geminus,
1397 4198 1538 4252 unde
1571 4206 1625 4250 et
1649 4196 1834 4252 Grece
1868 4198 1953 4250 Di-

365 4296 558 4366 dymus
607 4293 930 4362 appellatur.
983 4289 1052 4344 Hi
1094 4291 1254 4344 ambo
1301 4289 1717 4359 prmdicatorum
1768 4298 1950 4360 typum

367 4395 573 4450 tenent,
602 4387 692 4456 qui
725 4386 976 4455 abyssum
1007 4391 1321 4437 sanctarum
1353 4381 1771 4450 Scripturarum.
1793 4395 1953 4449 pene—

367 4487 594 4542 trantes,
625 4478 804 4531 lumen
833 4473 1234 4545 prtedicationis
1271 4488 1368 4542 per
1407 4487 1501 4526 ora
1533 4486 1630 4525 sua
1655 4471 1722 4524 ad
1748 4469 1947 4524 illumi-

368 4571 572 4625 nandas
601 4576 787 4637 gentes
811 4564 1110 4634 proferunt.

440 4658 887 4718 Bartholommus,
925 4655 1064 4722 ﬁlius
1104 4654 1463 4722 suspendentis
1488 4667 1671 4720 aquas.
1702 4650 1784 4703 vel
1806 4650 1949 4718 ﬁlius

367 4751 728 4820 suspendentis
753 4763 874 4801 me:
902 4746 1098 4818 Syrum
1127 4755 1238 4808 est,
1272 4761 1376 4799 non
1407 4744 1711 4798 Hebraeum.
1746 4743 1850 4797 lste
1881 4743 1952 4797 si-

371 4841 569 4895 militer
597 4840 845 4892 doctores
888 4846 1104 4891 sanctos
1140 4834 1442 4905 signiﬁcat:
1475 4834 1567 4902 qui
1612 4849 1809 4902 aquas,
1849 4834 1952 4888 hoc

367 4940 456 4988 est
487 4929 735 5000 populos,
763 4928 1148 4997 prmdicatione
1172 4942 1264 4979 sua
1294 4925 1627 4994 suspendunt
1653 4925 1950 4978 intentione

373 5024 438 5079 ad
470 5037 761 5093 supernum
793 5019 1031 5081 Patrem,
1065 5019 1216 5085 cujus
1240 5017 1339 5084 ipsi
1372 5016 1464 5068 ﬁlii
1497 5024 1640 5068 sunt.

442 5115 724 5170 Matthaaus
759 5114 814 5166 in
841 5112 1068 5165 Heliraro
1093 5150 1106 5173 ,
1138 5109 1363 5160 donatus
1381 5147 1394 5167 ,
1428 5107 1782 5174 exprimitur:
1811 5105 1948 5159 idem

372 5221 428 5266 et
460 5207 760 5280 appellatur
788 5205 915 5259 Levi
939 5219 1002 5256 ex
1034 5203 1172 5255 tribu
1213 5215 1278 5253 ex
1311 5214 1414 5267 qua
1438 5206 1587 5250 ortus
1611 5197 1704 5250 fuit
1733 5217 1745 5250 :
1775 5199 1829 5251 in
1851 5197 1952 5250 La—

375 5305 488 5357 tino
523 5309 704 5354 autem
735 5311 803 5350 ex
830 5310 992 5364 opere
1019 5291 1292 5362 publicani
1321 5304 1516 5343 nomen
1555 5289 1791 5356 accepit:
1827 5288 1951 5357 quia

375 5415 441 5452 ex
468 5392 772 5466 publicanis
809 5389 909 5442 fuit
941 5387 1141 5440 electus
1171 5392 1225 5437 et
1254 5385 1306 5437 in
1337 5381 1696 5450 apostolatum
1722 5378 1953 5431 transla-

379 5499 483 5542 tus.
510 5485 604 5538 Hic
635 5486 690 5536 in
720 5477 992 5548 Evangelii
1019 5473 1411 5542 conscriptione
1461 5481 1719 5540 quantum
1751 5469 1951 5522 donum

377 5579 562 5650 gratiae
582 5579 702 5642 post
724 5569 1125 5624 conversionem
1149 5562 1464 5633 promeruit,
1487 5559 1739 5621 ostendit,
1772 5573 1953 5612 exem-

378 5649 524 5738 plum
572 5665 813 5718 tribuens
856 5659 1103 5712 omnibus
1167 5655 1257 5722 qui
1318 5650 1687 5719 paenitentiam
1737 5649 1951 5715 dignam

382 5771 479 5828 pro
516 5753 748 5824 peccatis
789 5750 901 5804 suis
933 5755 1159 5816 gerunt:
1196 5752 1251 5796 ut
1295 5757 1454 5794 nemo
1482 5741 1726 5806 desperet
1753 5739 1817 5789 de
1856 5752 1951 5788 ve-

2051 1925 2247 1982 vertat,
2279 1927 2338 1972 ut
2369 1921 2420 1975 ei
2450 1936 2548 1991 per
2575 1923 2758 1978 omnia
2786 1923 3019 1992 placeat,
3047 1923 3202 1993 cujus
3240 1925 3551 1982 ministrum
3587 1943 3647 1982 se

2050 2025 2170 2064 esse
2198 2011 2468 2081 probavit.

2119 2102 2286 2160 Judas
2308 2104 2615 2164 Scariothis
2638 2125 2668 2163 a
2695 2110 2845 2174 vico,
2877 2111 2932 2166 in
2959 2127 3065 2182 quo
3094 2121 3248 2168 ortus
3291 2123 3377 2170 est
3401 2129 3416 2167 :
3443 2113 3529 2168 vel
3573 2129 3642 2170 ex

2049 2192 2190 2246 tribu
2214 2196 2434 2251 lsachar
2461 2199 2780 2254 vocabulum
2823 2203 3053 2272 sumpsit
3093 2204 3326 2273 quodam
3372 2211 3640 2278 prmsagio

2049 2279 2212 2336 futuri
2252 2285 2304 2339 in
2337 2288 2841 2344 condemnationem
2872 2292 2975 2345 sui.
3012 2291 3232 2348 lsachar
3273 2295 3415 2350 enim
3463 2297 3637 2352 inter-

2045 2383 2293 2442 pretatur
2331 2396 2526 2434 merces
2560 2393 2579 2432 :
2605 2390 2665 2434 ut
2697 2383 3101 2452 signiﬁcaretur
3130 2387 3366 2455 pretium
3391 2389 3638 2458 prodito-

2048 2464 2145 2528 ris,
2173 2482 2280 2535 quo
2307 2469 2547 2524 vendidit
2570 2471 2857 2526 Dominum
2886 2491 2898 2525 :
2929 2474 3068 2529 sicut
3108 2476 3366 2546 scriptum
3405 2489 3507 2532 est.
3537 2479 3639 2532 Ac—

2047 2568 2287 2625 ceperunt
2308 2561 2596 2614 mercedem
2618 2579 2808 2626 meam,
2834 2565 3049 2633 triginta
3073 2576 3367 2635 argenteos,
3389 2570 3636 2637 pretium,

2046 2646 2185 2714 quod
2215 2647 2535 2716 appretiatus
2560 2666 2677 2704 sum
2706 2652 2770 2704 ab
2795 2653 2868 2705 eis
2901 2652 3087 2724 (Zach.
3114 2654 3216 2726 ιι),
3242 2657 3368 2726 quia
3390 2673 3488 2727 per
3514 2674 3638 2727 pro-

2048 2737 2303 2793 ditionem
2332 2740 2576 2810 magistri
2598 2751 2812 2796 aeternm
2836 2744 3157 2812 perditionis
3182 2745 3284 2801 sibi
3316 2749 3637 2803 memoriam

2048 2827 2259 2882 ascivit.

2121 2916 2395 2984 Matthias,
2419 2922 2511 2989 qui
2536 2920 2681 2977 inter
2708 2922 2980 2991 apostolos
3002 2923 3120 2978 sine
3145 2925 3466 2995 cognomine
3493 2926 3639 2981 solus

2049 3007 2299 3072 habetur,
2332 3010 2723 3080 interpretatur
2749 3013 3007 3079 donatus,
3049 3022 3108 3068 ut
3135 3015 3508 3080 subaudiatur,
3543 3034 3638 3086 pro

2046 3098 2214 3153 Iuda.
2248 3102 2353 3155 lste
2381 3103 2527 3156 enim
2563 3104 2616 3157 in
2653 3104 2829 3158 locum
2857 3105 2974 3175 ejus
2996 3105 3198 3160 electus
3220 3116 3304 3160 est
3333 3107 3404 3159 ab
3427 3115 3642 3176 aposto-

1971 3174 2016 3238 C
2048 3189 2133 3255 lis,
2166 3207 2287 3245 cum
2318 3207 2419 3262 pro
2446 3193 2654 3249 duobus
2682 3211 2801 3250 sors
2833 3174 3159 3251 mitteretur.

2116 3282 2287 3336 Aliter
2344 3281 2594 3338 Matthias
2632 3302 2827 3353 parvus
2866 3285 3270 3355 interpretatur,
3316 3295 3373 3340 et
3403 3284 3636 3356 Joseph,

2046 3373 2138 3442 qui
2169 3389 2290 3427 cum
2321 3388 2386 3428 eo
2412 3374 2515 3428 sub
2541 3382 2686 3430 sorte
2709 3384 2943 3430 statutus
2972 3383 3089 3440 est,
3118 3383 3343 3430 vocatur
3374 3374 3634 3440 Barsaba,

2047 3462 2148 3517 hoc
2199 3471 2310 3526 est,
2345 3462 2487 3532 ﬁlius
2516 3465 2720 3533 quietis.
2765 3463 2841 3518 De
2885 3465 3079 3533 quibus
3119 3465 3329 3520 duobus
3353 3464 3551 3518 Arator
3580 3466 3634 3518 in

2047 3554 2273 3608 metrico
2300 3567 2463 3622 opere
2489 3569 2588 3608 suo
2625 3554 2700 3608 ita
2728 3553 2874 3617 lusit,
2904 3555 3086 3610 dicens
3115 3572 3129 3607 :

2171 3693 2484 3744 Constituere
2505 3693 2646 3751 duos,
2669 3691 2852 3754 Joseph
2877 3696 3170 3755 cognomine
3191 3691 3384 3742 Iustum
3402 3731 3416 3754 ,

2173 3755 2551 3816 yauhismque,
2577 3755 2670 3804 Dei
2694 3766 2894 3815 parvum
2919 3754 3047 3816 quod
3072 3767 3266 3811 nomen.
3303 3761 3356 3802 ut
3375 3757 3531 3806 alunt.

2169 3815 2384 3876 Bebreo
2406 3813 2637 3864 sermone
2659 3813 2818 3876 sonat,
2849 3813 3184 3875 humilemque
3210 3817 3427 3864 vocando

2170 3875 2479 3937 Comprobat.
2506 3877 2546 3924 Ο
2573 3875 2809 3936 quantum
2830 3876 3010 3924 distant
3037 3876 3242 3937 humana
3261 3878 3494 3937 supernis

2171 3933 2402 3986 Judictisl
2430 3936 2568 3986 Parvi
2592 3933 2771 3985 merito
2795 3937 3156 3985 transcendltur
3181 3935 3282 3997 ille,

2171 3998 2338 4046 Laude
2363 3999 2611 4046 hominum
2632 4000 2714 4058 qui
2737 3999 2899 4060 justus
2923 3997 3298 4060 erat._Duodena
3319 3997 3572 4060 refulgent

2173 4061 2318 4119 Signa
2343 4060 2495 4116 chori,
2523 4057 2766 4120 terriSque
2785 4059 2930 4120 jubar
2943 4057 3178 4118 jaculatur
3202 4057 3413 4120 Olympi.

2051 4184 2118 4236 Et
2156 4182 2482 4245 notandum,
2509 4182 2650 4250 quod
2685 4181 2932 4236 Clemens
2967 4181 3342 4236 Alexandrinae
3379 4183 3641 4238 Ecclesiae

2051 4273 2350 4340 presbyter,
2383 4272 2462 4323 vir
2485 4286 2580 4338 per
2606 4267 2786 4324 omnia
2811 4270 3175 4332 doctissimus,
3211 4271 3399 4326 ambos
3421 4273 3520 4326 hos
3543 4277 3639 4342 qui

2053 4371 2116 4422 ad
2148 4377 2347 4423 sortem
2378 4367 2709 4437 apostolatus
2743 4365 2929 4419 statuti
2956 4372 3102 4428 sunt,
3125 4365 3191 4418 de
3215 4379 3442 4420 numero
3467 4366 3640 4421 fuisse

2054 4463 2394 4533 septuaginta
2429 4460 2816 4529 discipulorum
2851 4457 3035 4513 refert.

2126 4554 2354 4617 Marcus,
2384 4553 2615 4606 excelsus
2640 4549 2911 4615 mandato,
2941 4549 3125 4618 utique
3150 4556 3370 4618 propter
3389 4549 3637 4619 Evange-

2053 4647 2180 4699 lium
2210 4644 2495 4708 Altissimi,
2528 4643 2667 4711 quod
2698 4640 3030 4710 praedicavit.

2123 4734 2326 4798 Lucas,
2356 4735 2464 4802 ipse
2509 4748 2858 4801 consurgens,
2904 4744 2996 4784 seu
3023 4730 3132 4799 ipse
3163 4729 3390 4784 elevans.
3431 4731 3496 4806 Hi
3530 4733 3636 4786 duo

2054 4826 2423 4894 Evangelistze,
2453 4825 2554 4877 hoc
2575 4832 2678 4886 est,
2709 4821 2919 4875 Marcus
2958 4829 3012 4874 et
3053 4819 3225 4874 Lucas
3243 4861 3257 4882 ,
3283 4836 3422 4874 unus
3447 4836 3510 4876 ex
3536 4822 3634 4875 Ju-

2055 4916 2202 4977 daeis,
2243 4915 2376 4966 alter
2415 4929 2480 4967 ex
2529 4911 2836 4965 nationibus
2881 4910 3118 4973 electus,
3158 4908 3469 4978 signiﬁcant
3499 4911 3634 4965 duos

2054 5006 2269 5059 ordines
2297 5003 2710 5073 praedicatorum
2733 5041 2747 5063 ,
2777 5000 2879 5053 hoc
2923 5007 3036 5061 est,
3088 5013 3254 5052 unum
3287 5011 3352 5050 ex
3397 4995 3629 5063 Judteis,

2055 5098 2281 5151 alterum
2309 5111 2373 5150 ex
2402 5095 2648 5166 gentibus
2681 5092 2745 5145 ad
2777 5089 3177 5160 praedicandum
3201 5088 3550 5158 Evangelium
3577 5093 3628 5146 in

2057 5197 2165 5244 toto
2194 5188 2322 5241 orbe
2353 5186 2606 5240 directos.
2632 5182 2730 5248 Qui
2764 5180 2925 5234 etiam
2951 5178 3244 5248 principem
3270 5179 3628 5248 apostolorum

2055 5288 2108 5332 et
2137 5279 2452 5348 magistrum
2476 5273 2713 5345 gentium
2738 5270 2904 5325 secuti
2942 5278 3066 5323 sunt
3093 5287 3104 5321 :
3138 5267 3387 5322 videlicet
3420 5267 3631 5323 Marcus

2056 5369 2288 5432 Petrum,
2315 5368 2400 5422 cui
2424 5363 2751 5435 apostolatus
2772 5361 3042 5430 delegatus
3063 5367 3147 5414 est
3166 5359 3625 5414 circumcisionis:

2054 5471 2108 5514 et
2135 5459 2304 5514 Lucas
2348 5455 2572 5510 Paulum
2595 5495 2610 5519 ,
2644 5452 2735 5522 qui
2764 5451 2952 5505 doctor
2993 5459 3048 5505 et
3088 5449 3347 5517 magister
3388 5451 3626 5518 gentium

2056 5552 2183 5606 fuit:
2213 5552 2289 5604 ita
2313 5558 2371 5603 ut
2391 5557 2619 5616 uterque
2641 5544 2887 5615 magistri
2913 5543 2994 5597 sui
3015 5540 3117 5594 rite
3139 5547 3357 5593 secutus
3376 5540 3627 5609 vestigia,

2057 5641 2338 5697 ministerii
2369 5639 2449 5694 sui
2483 5639 2637 5708 digne
2660 5635 2900 5704 expleret
2926 5631 3179 5686 ollicium.

2130 5734 2416 5792 Barnabas,
2447 5729 2590 5794 filius
2622 5725 2920 5795 prophetiae,
2952 5721 3035 5775 vel
3064 5721 3208 5787 ﬁlius
3230 5718 3626 5785 consolationis,
