3896 6344
258 377 325 438 89
1250 371 1338 428 DE
1381 371 1726 428 UNIVERSO
1764 371 1944 427 LIBRI
1982 371 2146 426 XXII.
2187 401 2256 411 ——
2294 372 2421 427 LIB.
2459 373 2544 429 IV.
3454 386 3526 443 90

257 499 666 567 interpretatur.
706 491 810 547 Iste
846 491 1004 546 simu.
1034 505 1154 545 cum
1185 489 1350 542 Paulo
1394 489 1627 557 Spiritus
1667 488 1840 541 sancti
1867 493 1917 552 Α
1944 495 2118 542 vocet.
2164 486 2473 552 Catholica,
2519 488 2842 545 universalis
2871 507 2884 545 :
2914 507 3016 562 apo
3045 500 3103 548 to
3131 493 3438 564 Catholico,
3469 498 3524 554 id

251 587 446 658 judicio
473 585 544 638 ab
573 583 833 652 apostolis
863 588 1173 652 segregatus
1208 587 1293 633 est
1327 579 1393 632 ad
1433 577 1836 647 praedicandum

256 672 605 744 Evangelium
636 673 690 726 in
719 671 996 743 gentibus,
1043 677 1105 722 ut
1151 667 1254 721 illis
1292 666 1589 736 prophetia-2
1641 666 1840 719 donum

256 764 546 828 revelaret,
571 772 629 817 et
651 772 865 818 aeterna:
888 759 1242 815 consolationi
1276 766 1639 828 opportunum
1679 755 1841 810 dictis

258 864 314 907 et
346 852 505 907 factis
530 853 818 922 praeberet.

328 941 687 1007 Nicodemus,
731 941 824 1010 qui
863 948 1084 995 venerat
1123 940 1190 994 ad
1231 937 1520 993 Dominum
1557 943 1750 1002 nocte,
1786 945 1840 990 et

257 1037 578 1106 mysterium
611 1036 679 1089 ab
701 1049 765 1088 eo
791 1032 978 1087 didicit
1003 1030 1250 1087 secunda:
1278 1029 1595 1092 nativitatis,
1631 1027 1840 1098 signiti-

258 1135 345 1178 cat
372 1140 496 1188 eos,
530 1124 623 1192 qui
652 1122 844 1176 devoto
870 1120 1033 1174 corde
1059 1119 1286 1172 veniunt
1327 1117 1394 1171 ad
1421 1118 1710 1188 magistros
1740 1116 1839 1171 Ec-

259 1215 456 1278 clesiae,
487 1223 550 1267 ut
577 1215 790 1268 discant
817 1213 884 1266 ab
912 1210 991 1265 eis
1017 1223 1198 1264 veram
1225 1209 1548 1278 sapientiam
1578 1227 1590 1261 :
1625 1209 1717 1263 sed
1741 1208 1837 1262 ad-

259 1303 364 1356 huc
395 1302 449 1354 in
482 1301 721 1355 tenebris
762 1298 1080 1370 ignorantiae
1128 1295 1289 1366 positi
1345 1297 1629 1358 dubitant,
1669 1296 1839 1352 donec

255 1391 428 1459 gratia
475 1390 712 1459 Spiritus
740 1389 945 1454 sancti,
976 1386 1130 1454 cujus
1169 1386 1468 1456 potentiam
1497 1383 1654 1439 Jesus
1678 1399 1840 1454 expo-

254 1480 362 1533 suit
393 1480 494 1548 ipsi
518 1478 828 1542 Nicodemo,
856 1478 1209 1532 illustrentur.
1234 1476 1370 1530 Nam
1398 1475 1572 1530 fertur
1590 1476 1646 1529 in
1666 1475 1840 1529 Evan-

254 1568 416 1636 gelio,
443 1567 588 1635 quod
615 1568 756 1621 idem
783 1565 1107 1621 Nicodemns
1135 1564 1344 1618 venerit
1369 1564 1424 1617 in
1457 1564 1706 1632 passione
1737 1565 1840 1618 Do-

259 1658 412 1721 mini,
449 1657 630 1711 ferens
655 1657 938 1710 misturam
966 1655 1202 1725 myrrhae
1227 1661 1283 1708 et
1312 1652 1478 1716 aloes,
1501 1653 1654 1721 quasi
1676 1652 1840 1708 libras

254 1754 495 1807 centum,
519 1753 578 1798 ut
603 1759 725 1799 cum
757 1741 978 1812 Joseph,
1002 1742 1092 1812 qui
1123 1740 1226 1795 fuit
1250 1741 1317 1795 ab
1336 1739 1656 1806 Arimathia,
1684 1755 1838 1810 sepe-

1941 586 2047 642 est,
2078 578 2375 632 secundum
2405 586 2596 632 totum.
2629 580 2746 636 Non
2784 582 2927 636 enim
2971 585 3110 639 sicut
3151 588 3527 644 conventicula

1943 669 2340 731 haereticorum,
2355 668 2621 738 aliquibus
2637 673 2915 742 regionum
2929 675 3173 744 partibus
3185 685 3495 733 coarctatur
3511 697 3524 733 :

1943 758 2036 812 sed
2057 772 2154 826 per
2176 767 2346 812 totum
2380 766 2646 813 terrarum
2683 764 2868 818 orbem
2918 764 3144 820 dilatata
3192 767 3523 825 diffunditur.

1943 846 2096 912 Quod
2124 848 2286 902 etiam
2311 847 2601 916 Apostolus
2631 854 2893 920 approbat
2923 855 2990 908 ad
3023 853 3304 911 Romanos
3341 858 3527 914 dicens

1941 938 2114 1010 (Rom.
2147 938 2187 1010 ι)
2216 959 2228 994 :
2262 937 2473 995 Gratias
2499 959 2597 1011 ago
2631 942 2741 996 Deo
2782 960 2894 998 meo
2931 963 3025 1015 pro
3069 947 3307 1003 omnibus
3341 949 3485 1004 vobis
3507 962 3526 1001 :

1939 1033 2062 1102 quia
2087 1031 2216 1100 ﬁdes
2247 1041 2415 1085 vestra
2438 1035 2782 1087 annuntiatur
2805 1038 2860 1091 in
2887 1039 3126 1094 universo
3147 1043 3360 1097 mundo.
3388 1043 3527 1100 Hinc

1940 1129 1994 1176 et
2021 1122 2347 1176 universitas
2376 1123 2442 1177 ab
2465 1139 2572 1178 uno
2601 1128 2982 1194 cognominata
3009 1136 3112 1194 est,
3135 1140 3354 1200 propter
3382 1135 3526 1202 quod

1941 1213 1995 1266 in
2017 1214 2223 1268 unitate
2249 1214 2534 1285 colligitur.
2556 1216 2710 1272 Unde
2736 1217 2995 1275 Dominus
3019 1221 3074 1276 in
3094 1221 3386 1293 Evangelio
3414 1226 3521 1279 ait:

1943 1304 2044 1368 Qui
2067 1321 2265 1358 mecum
2290 1322 2392 1359 non
2415 1306 2631 1376 colligit,
2661 1311 2857 1378 spargit
2889 1310 3038 1380 (Luc.
3063 1312 3164 1385 ιι).
3192 1314 3302 1369 Cur
3322 1325 3520 1384 autem,

1939 1395 2332 1450 Ecclesia‘cum
2360 1413 2466 1450 una
2496 1399 2585 1462 sit,
2620 1415 2648 1452 a
2681 1397 2889 1454 Joanne
2933 1411 3137 1472 septem
3180 1406 3526 1461 scribuntur?

1940 1487 2124 1558 (Apoc.
2154 1486 2194 1557 ι)
2223 1489 2325 1541 nisi
2355 1497 2413 1542 ut
2437 1505 2542 1542 una
2570 1489 2845 1546 Catholica
2881 1493 3180 1562 septiformi
3209 1497 3365 1565 plena
3399 1497 3525 1569 Spi-

1939 1577 2046 1630 ritu
2076 1577 2390 1647 designetur
2418 1596 2429 1630 :
2460 1581 2600 1633 sicut
2625 1590 2680 1635 et
2704 1583 2769 1635 de
2797 1581 3024 1638 Domino
3047 1587 3296 1641 novimus
3325 1589 3526 1645 dixisse

1941 1667 2283 1723 Salomonem
2308 1687 2320 1721 :
2351 1666 2621 1739 Sapientia
2641 1671 2920 1740 aediﬁcavit
2942 1674 3041 1728 sibi
3071 1676 3303 1741 domum,
3330 1680 3525 1734 excidit

1940 1756 2208 1811 columnas
2237 1768 2428 1827 septem
2458 1756 2642 1827 (Prov.
2674 1759 2772 1830 ιχ).
2806 1759 2935 1826 Quae
2974 1769 3152 1816 tamen
3182 1772 3387 1832 septem
3417 1781 3523 1820 una

253 1841 375 1893 “re!
427 1837 588 1892 Si!!!“l
638 1849 833 1904 corpus
880 1832 1092 1886 Domini
1131 1831 1267 1886 ’δαί
1316 1845 1424 1885 ηοη
1466 1831 1568 1885 hoc
1613 1831 1773 1884 “iam
1804 1845 1835 1883 ³
1863 1839 1911 1898 Β
1939 1861 2058 1902 εεεε
2084 1862 2191 1901 non
2222 1848 2530 1915 ambigitur,
2578 1850 2789 1904 dicente
2831 1850 3126 1920 Apostolo:
3157 1831 3395 1909 Ecclesia
3425 1857 3524 1911 Dei

254 1929 516 1998 mysterio
545 1935 700 1981 vacat
728 1945 740 1979 :
771 1923 898 1994 quia
924 1922 1022 1986 illi,
1054 1923 1147 1992 qui
1187 1935 1317 1976 vere
1339 1922 1680 1993 discipulatui
1718 1921 1837 1977 Sal-

252 2018 459 2072 vatoris
490 2017 789 2079 adhaerent,
817 2013 1008 2067 mortis
1029 2011 1148 2080 ejus
1178 2027 1240 2067 ac
1278 2014 1694 2067 resurrectionis
1720 2028 1836 2066 me-

253 2106 484 2159 moriam
510 2119 630 2158 cum
663 2102 997 2158 aromatibus
1031 2117 1308 2156 sacrarum
1341 2102 1601 2155 virtutum
1642 2101 1697 2154 in
1726 2116 1843 2155 cor-

253 2196 336 2249 dis
377 2196 460 2248 sui
507 2195 806 2250 recondunt
854 2201 1066 2248 secreto
1085 2234 1100 2258 ,
1125 2192 1269 2263 juste
1291 2200 1346 2246 et
1369 2192 1456 2261 pie
1485 2192 1713 2246 vivendo
1740 2206 1837 2246 ex-

254 2294 562 2354 spectantes
589 2285 730 2338 diem
771 2284 1220 2348 resurrectionis,
1253 2290 1307 2336 et
1335 2284 1623 2336 adventum
1655 2282 1839 2353 gloriae

253 2382 432 2449 magni
462 2382 556 2434 Dei
585 2391 639 2434 et
669 2379 967 2433 Salvatoris
987 2379 1158 2434 nostri
1185 2377 1313 2431 Jesu
1334 2376 1558 2437 Christi,
1583 2376 1671 2443 qui
1696 2372 1837 2425 dedit

252 2474 583 2542 semetipsum
608 2487 700 2541 pro
729 2471 892 2528 nobis.
925 2479 978 2522 ut
1005 2468 1280 2521 mundaret
1308 2466 1407 2519 sibi
1452 2463 1700 2536 papulum
1745 2479 1836 2515 ac-

254 2563 578 2633 ceptabilem,
606 2571 911 2616 sectatorem
934 2563 1184 2613 bonorum
1212 2574 1424 2626 operum
1451 2556 1578 2626 ('I'it.
1609 2553 1692 2625 ιι).

325 2652 644 2717 Nathanael,
677 2654 875 2703 donum
902 2649 1019 2714 Dei,
1045 2649 1432 2716 interpretatur
1462 2663 1473 2697 :
1500 2645 1628 2714 quia
1659 2642 1832 2704 dolus,

255 2748 306 2799 id
341 2753 442 2808 cst,
471 2742 746 2797 simulatio
773 2741 913 2795 dono
938 2740 1036 2794 Dei
1063 2739 1115 2792 in
1146 2752 1212 2793 eo
1236 2751 1341 2790 non
1367 2735 1486 2790 fuit.
1519 2733 1685 2802 Cujus
1713 2733 1835 2788 imi-

258 2845 461 2892 tatores
493 2845 621 2891 sunt
643 2835 844 2905 quique
873 2834 1054 2899 electi,
1079 2835 1169 2904 qui
1195 2831 1424 2901 simplici
1454 2829 1735 2884 devotione
1769 2828 1836 2882 ad

256 2929 544 2983 Dominum
577 2928 816 2992 veniunt,
847 2935 900 2981 et
923 2926 1176 2980 mandata
1201 2924 1320 2993 ejus
1343 2920 1670 2977 custodiunt.

888 3036 1114 3093 CAPUT
1152 3034 1213 3088 ll.

836 3108 915 3162 De
937 3105 1270 3175 martyribus.

1937 1937 2056 2000 vivi,
2078 1953 2194 2006 qum
2213 1947 2288 1989 est
2317 1936 2559 1990 columna
2579 1949 2627 1990 et
2655 1939 3042 2006 ﬁrmamentum
3066 1946 3295 1999 veritatis
3313 1946 3365 2017 (1
3382 1946 3517 2001 Tim.

1941 2028 2046 2093 ιιι).
2093 2025 2367 2080 inchoavit
2410 2033 2589 2080 autem
2623 2027 2860 2082 Ecclesia
2890 2044 2920 2082 a
2954 2031 3072 2086 loco
3125 2033 3215 2086 ubi
3257 2036 3402 2088 venit
3454 2037 3521 2091 de

1940 2120 2076 2174 coelo
2103 2118 2335 2188 Spiritus
2365 2126 2584 2172 sanctus
2611 2136 2622 2168 :
2650 2126 2705 2172 et
2728 2118 2969 2187 implevit
2994 2137 3100 2176 uno
3129 2122 3249 2178 loco
3271 2127 3520 2180 sedentes

1937 2224 2058 2263 cxx.
2099 2208 2203 2261 Pro
2250 2207 2682 2278 peregrinatione
2726 2217 2904 2263 autem
2962 2213 3216 2279 praesenti
3280 2214 3516 2270 Ecclesia

1938 2297 2079 2367 Syon
2101 2298 2331 2352 dicitur:
2364 2311 2429 2350 eo
2453 2297 2595 2365 quod
2630 2297 2696 2351 ab
2731 2296 2890 2366 hujus
2926 2302 3375 2371 peregrinationis
3403 2303 3519 2355 lon-

1939 2386 2176 2456 gitudine
2200 2387 2372 2455 posita
2397 2387 2808 2454 promissionem
2854 2403 3032 2442 rerum
3073 2392 3372 2446 caelestium
3398 2409 3517 2462 spe-

1939 2476 2147 2531 culetur
2175 2496 2186 2529 :
2217 2483 2270 2530 et
2303 2477 2504 2531 idcirco
2533 2476 2711 2547 Syon,
2756 2479 2809 2533 id
2849 2487 2951 2543 est,
2975 2481 3287 2549 speculatio,
3321 2498 3515 2538 nomen

1938 2567 2143 2634 accepit
2171 2584 2183 2618 :
2211 2580 2306 2635 pro
2329 2565 2522 2619 futurae
2546 2581 2674 2620 vero
2697 2569 2885 2636 patriae
2905 2582 3038 2638 pace
3060 2569 3395 2625 Hierusalem
3430 2586 3517 2626 vo-

1939 2667 2114 2712 catur.
2147 2657 2279 2712 Nam
2319 2659 2653 2714 Hierusalem
2675 2701 2689 2725 ,
2729 2663 2871 2731 pacis
2913 2663 3074 2726 visio,
3106 2664 3512 2734 interpretatur.

1935 2748 2012 2803 lbi
2051 2749 2192 2803 enim
2235 2750 2430 2804 abolita
2480 2752 2626 2805 omni
2676 2753 3001 2808 adversitate
3037 2770 3223 2824 pacem
3247 2797 3262 2821 ,
3294 2766 3518 2827 quaeest

1937 2838 2203 2903 Christus,
2231 2842 2483 2909 praesenti
2514 2840 2807 2910 possidebit
2834 2844 3043 2897 obtutu.

2011 2929 2291 3000 Synagoga
2306 2929 2513 2995 Graece,
2537 2930 2745 2993 Latine,
2763 2933 3112 3002 congregatio,
3136 2935 3350 2989 dicitur.
3365 2933 3516 3000 Quod

1939 3020 2214 3089 proprium
2239 3035 2429 3075 nomen
2452 3020 2758 3076 Judaa'orum
2791 3022 3016 3091 populus
3045 3026 3236 3078 tenuit.
3274 3024 3515 3094 Ipsorum

1941 3109 2085 3162 enim
2111 3110 2454 3180 congregatio
2473 3111 2688 3178 proprie
2711 3127 2980 3181 synagoga
3008 3113 3112 3167 dici
3135 3115 3300 3168 solet:
3327 3132 3516 3184 quam-

327 3201 592 3271 Martyres
641 3199 826 3254 Graeca
878 3197 1079 3264 lingua,
1129 3194 1320 3247 Latine
1370 3201 1521 3246 testes
1563 3190 1833 3245 ἀίουηιυνο
1864 3181 1908 3243 C
1941 3201 2019 3254 vis
2047 3209 2102 3254 et
2129 3201 2367 3255 Ecclesia
2391 3202 2531 3255 dicta
2562 3202 2654 3256 sit.
2681 3202 2929 3257 Nostram
2958 3219 3085 3258 vero
3114 3181 3356 3274 Apostoli
3381 3223 3515 3260 nun-

261 3294 414 3349 Unde
461 3300 518 3346 et
560 3290 856 3345 testimonia
903 3287 1087 3342 Graece
1133 3285 1385 3352 martyria
1439 3291 1835 3351 nuncupantur.

263 3387 459 3441 Testes
487 3393 669 3437 autem
701 3381 824 3436 ideo
850 3379 1024 3435 vocati
1055 3384 1178 3431 sunt
1209 3394 1220 3428 :
1251 3376 1392 3443 quod
1428 3381 1648 3442 pr0pter
1683 3373 1838 3426 testi-

263 3476 502 3531 monium
530 3472 728 3528 Christi
755 3470 1032 3540 passiones
1065 3465 1466 3525 sustinuerunt,
1490 3471 1545 3516 et
1577 3476 1746 3531 usque
1773 3461 1839 3514 ad

266 3575 493 3620 mortem
533 3578 632 3634 pro
679 3563 908 3618 veritate
951 3563 1315 3615 certaverunt.
1365 3552 1516 3621 Quod
1562 3567 1688 3605 vero
1731 3566 1838 3604 non

264 3669 412 3713 testes
428 3657 593 3728 (quod
604 3655 792 3709 Latine
812 3654 995 3722 utique
1015 3663 1301 3720 possumus
1321 3646 1523 3716 dicere)
1543 3643 1635 3699 sed
1656 3639 1842 3698 Graece

263 3755 519 3817 martyres
563 3743 926 3814 appellamus:
965 3738 1286 3794 familiarius
1327 3736 1582 3790 Ecclesia:
1621 3732 1841 3788 auribus

267 3839 366 3892 hoc
398 3836 621 3890 verbum
647 3833 892 3888 Graecum
926 3839 1118 3885 sonat:
1152 3829 1292 3882 sicut
1336 3836 1390 3881 et
1439 3826 1602 3880 multa
1654 3823 1839 3878 Graaca

268 3927 507 3989 nomina,
537 3940 656 3994 qua:
686 3938 783 3993 pro
811 3922 1016 3975 Latinis
1046 3920 1267 3973 utimur.
1295 3917 1591 3987 Martyrum
1634 3917 1840 3985 primus

269 4017 319 4068 in
369 4013 518 4067 Novo
563 4013 907 4067 Testamento
955 4009 1258 4077 Stephanus
1304 4005 1426 4070 fuit,
1472 4006 1563 4075 qui
1613 4004 1838 4059 Hebraeo

266 4118 514 4159 sermone
565 4103 949 4170 interpretatur
1007 4115 1224 4162 norma,
1292 4097 1434 4166 quod
1484 4097 1633 4164 prior
1678 4095 1840 4150 fuerit

267 4196 318 4247 in
348 4192 611 4262 martyrio
639 4191 704 4244 ad
733 4191 1085 4244 imitationem
1119 4187 1373 4241 ﬁdelium.
1403 4186 1546 4240 Idem
1577 4193 1754 4239 autem
1785 4194 1840 4239 et

266 4282 455 4336 Grzeco
516 4295 762 4334 sermone
811 4281 863 4333 in
911 4279 1156 4332 Latinum
1203 4277 1462 4340 vertitur,
1519 4284 1837 4328 coronatus:

266 4381 319 4427 et
344 4373 447 4426 hoc
473 4370 788 4440 prophetice
812 4387 823 4420 :
859 4377 916 4420 ut
941 4368 1082 4436 quod
1111 4378 1428 4436 sequeretur
1455 4368 1510 4421 in
1539 4383 1619 4431 re,
1651 4367 1840 4420 vatici-

269 4466 362 4518 nio
419 4462 651 4532 quodam
704 4459 866 4513 futuri
925 4460 1075 4529 prius
1129 4459 1182 4512 in
1229 4459 1490 4514 vocabulo
1537 4468 1832 4514 resonaret.

268 4554 469 4607 Passus
515 4558 602 4604 est
640 4550 816 4614 enim,
843 4558 896 4603 et
927 4549 1069 4617 quod
1097 4550 1410 4613 vocabatur,
1456 4549 1682 4618 accepit.
1718 4548 1838 4602 Ste-

269 4647 480 4714 phanus
505 4642 672 4705 enim,
698 4657 921 4705 corona,
953 4641 1148 4695 dicitur
1176 4660 1186 4693 :
1214 4641 1488 4694 humiliter
1528 4640 1792 4709 lapidatus
1823 4657 1834 4693 :

269 4734 360 4788 sed
389 4731 694 4786 sublimiter
719 4738 1024 4784 coronatus.
1053 4729 1170 4785 Duo
1207 4739 1385 4784 autem
1429 4739 1556 4785 sunt
1598 4729 1841 4800 martyrii

272 4835 468 4890 genera
502 4833 704 4870 :unum
738 4817 790 4870 in
823 4825 1009 4882 aperta
1039 4818 1308 4884 passione,
1342 4818 1572 4871 alterum
1593 4818 1644 4870 in
1669 4817 1844 4871 occul-

275 4922 323 4963 ta
354 4909 519 4963 animi
549 4909 768 4961 virtute.
808 4906 937 4958 Nam
977 4906 1128 4959 multi
1169 4908 1342 4961 hostis
1388 4908 1613 4961 insidias
1642 4907 1840 4961 diaboli

275 4999 586 5060 tolerantes,
619 5005 676 5050 et
701 4997 912 5050 cunctis
938 4995 1240 5049 carnalibus
1264 4996 1548 5049 desideriis
1579 4998 1839 5050 resisten-

276 5099 370 5146 tes.
397 5104 496 5157 per
523 5089 646 5151 hoc,
673 5089 811 5156 quod
840 5104 898 5143 se
929 5089 1276 5157 omnipotenti
1303 5088 1412 5142 Deo
1443 5089 1498 5141 in
1539 5090 1700 5142 corde
1728 5103 1842 5141 ma-

274 5187 581 5243 ctaverunt,
611 5180 775 5232 etiam
800 5182 948 5249 pacis
977 5190 1213 5249 tempore
1237 5189 1504 5249 martyres
1524 5180 1646 5233 facti
1672 5188 1796 5235 sunt
1826 5197 1838 5233 :

275 5271 575 5339 quietiam,
608 5270 653 5323 si
681 5272 1070 5339 persecutionis
1100 5279 1305 5339 tempus
1330 5271 1605 5334 existeret,
1641 5277 1842 5339 marty-

276 5375 356 5412 res
387 5360 503 5414 ﬁeri
532 5367 773 5428 possent.

895 5447 1119 5503 CAPUT
1157 5450 1240 5503 Ill.

699 5539 776 5592 De
799 5539 1031 5592 Ecclesia
1057 5548 1107 5592 et
1134 5537 1428 5610 Synagoga.

337 5633 580 5689 Ecclesia
613 5630 862 5686 Graecum
889 5641 990 5695 est,
1020 5631 1160 5700 quod
1204 5632 1258 5684 in
1300 5632 1549 5688 Latinum
1591 5634 1838 5699 vertitur,

271 5726 601 5780 convocatio:
626 5731 844 5792 propter
869 5721 1193 5793 [propterea]
1211 5724 1351 5791 quod
1374 5739 1563 5778 omnes
1583 5740 1612 5778 a
1636 5740 1694 5779 se
1716 5741 1840 5779 con-

1864 4511 1914 4569 D

1940 3305 2098 3360 quam
2134 3306 2452 3360 synagogam
2503 3291 2774 3356 dixerunt,
2821 3295 2913 3346 sed
2963 3309 3176 3363 semper
3203 3295 3513 3349 ecclesiam:

1941 3384 2052 3438 sive
2083 3382 2422 3437 discernendi
2448 3395 2609 3436 causa
2637 3398 2650 3436 :
2677 3383 2790 3436 sive
2811 3385 2954 3452 quod
2981 3385 3120 3437 inter
3149 3393 3517 3454 congregatio-

1938 3486 2082 3532 nem,
2115 3471 2258 3524 unde
2286 3486 2575 3541 synagoga,
2598 3479 2652 3525 et
2680 3473 3139 3537 convocationem,
3165 3476 3304 3527 unde
3336 3475 3515 3528 Eccle-

1939 3560 2017 3614 sia
2044 3574 2238 3612 nomen
2261 3561 2487 3626 accepit,
2516 3561 2678 3614 distet
2710 3559 2912 3628 aliquid
2938 3578 2949 3613 :
2980 3562 3124 3630 quod
3155 3562 3359 3617 scilicet
3380 3578 3511 3617 con-

1940 3649 2146 3719 gregari
2181 3658 2235 3702 et
2257 3663 2452 3716 pecora
2488 3651 2688 3713 solent,
2729 3667 2958 3720 quorum
3001 3660 3056 3705 et
3083 3667 3271 3722 greges
3303 3654 3516 3722 proprie

1941 3743 2166 3797 dicimus
2203 3742 2516 3813 congregari
2548 3761 2558 3795 :
2593 3744 2878 3796 convocari
2906 3750 3086 3797 autem
3128 3743 3374 3797 homines
3413 3751 3503 3797 so-

1940 3834 2112 3888 lemus
2140 3835 2339 3888 dicere.

2544 3925 2771 3982 CAPUT
2807 3928 2896 3983 IV.

2447 4013 2519 4067 De
2538 4013 2784 4084 religione
2809 4025 2857 4070 et
2889 4015 3009 4084 ﬁde.

2011 4102 2212 4172 Dogma
2237 4117 2267 4155 a
2295 4104 2528 4172 putando
2549 4104 2849 4174 philosophi
2872 4107 3314 4163 nominaverunt?
3341 4110 3509 4178 idest,

1941 4193 2045 4246 hoc
2064 4200 2195 4260 puto
2220 4207 2338 4247 esse
2368 4194 2564 4247 bonum
2597 4213 2607 4246 :
2640 4195 2742 4250 hoc
2761 4205 2890 4264 puto
2920 4211 3039 4252 esse
3067 4213 3277 4253 verum.
3305 4199 3511 4268 Religio

1943 4283 2230 4352 appellata,
2256 4284 2396 4350 quod
2421 4297 2518 4352 per
2543 4297 2660 4337 eam
2691 4286 2783 4338 uni
2825 4286 2933 4341 Deo
2974 4287 3260 4359 religamus
3304 4291 3512 4347 animas

1941 4381 2154 4427 nostras
2182 4373 2248 4427 ad
2277 4373 2477 4428 cultum
2517 4374 2754 4428 divinum
2795 4377 3006 4431 vinculo
3037 4380 3323 4434 serviendi.
3362 4379 3511 4446 Quod

1940 4465 2163 4518 verbum
2187 4465 2540 4532 compositum
2569 4474 2652 4519 est
2685 4480 2714 4518 a
2746 4466 3040 4537 religendo,
3081 4469 3132 4521 id
3160 4478 3274 4534 est,
3306 4471 3510 4540 eligen-

1943 4556 2011 4609 do
2042 4574 2052 4608 :
2081 4564 2137 4608 ut
2161 4555 2234 4607 ita
2251 4555 2498 4608 Latinum
2523 4556 2783 4620 videatur,
2814 4556 3011 4626 religio,
3039 4559 3177 4612 sicut
3196 4558 3366 4628 eligio.
3386 4561 3509 4613 Tria

1943 4653 2067 4700 sunt
2108 4653 2284 4698 autem
2308 4683 2322 4707 ,
2355 4659 2472 4712 qua:
2515 4645 2568 4696 in
2616 4644 2889 4714 religionis
2927 4647 3071 4701 cultu
3122 4649 3189 4702 ad
3231 4649 3510 4702 colendum

1944 4736 2109 4789 Deum
2157 4735 2211 4787 in
2261 4735 2563 4788 hominibus
2596 4740 3017 4804 perquiruntur:
3049 4737 3101 4790 id
3150 4747 3269 4802 est,
3317 4738 3506 4802 Fides,

1945 4825 2094 4894 Spes,
2121 4823 2389 4878 Charitas.
2423 4824 2480 4876 ln
2504 4825 2607 4877 ﬁde
2636 4825 2763 4891 quid
2787 4827 3113 4880 credendum
3141 4842 3154 4879 :
3183 4828 3235 4881 in
3259 4843 3352 4898 spe
3381 4831 3510 4898 quid

1945 4912 2304 4981 sperandum:
2340 4910 2393 4963 in
2430 4911 2694 4964 charitate
2724 4912 2852 4978 quid
2891 4912 2960 4965 sit
3005 4912 3314 4967 amandum.
3351 4916 3510 4970 Fides

1943 5009 2048 5064 est,
2068 5015 2173 5068 qua
2199 4999 2464 5053 veraciter
2505 4999 2775 5052 credimus
2805 5002 2946 5069 quod
2972 5017 3307 5069 nequaquam
3330 5004 3509 5058 videre

1944 5090 2198 5144 valemus.
2238 5088 2369 5142 Nam
2400 5091 2620 5144 credere
2641 5088 2754 5157 jam
2787 5105 2888 5143 non
2933 5106 3217 5157 possumus
3253 5095 3391 5159 quod
3431 5095 3508 5146 vi-

1945 5183 2150 5236 demus.
2184 5179 2402 5250 Proprie
2432 5189 2606 5233 antem
2637 5196 2828 5234 nomen
2856 5182 2977 5234 tidei
3008 5181 3130 5235 inde
3163 5191 3245 5236 est
3273 5185 3503 5245 dictum,

1947 5272 1991 5325 si
2020 5271 2238 5324 omnino
2259 5269 2352 5323 ﬁat
2377 5272 2516 5338 quod
2546 5271 2744 5322 dictum
2773 5279 2886 5332 est,
2926 5277 3018 5348 aut
3053 5273 3375 5338 promissum
3407 5287 3420 5322 :
3453 5282 3507 5326 et

1946 5360 2068 5413 inde
2097 5360 2228 5413 lides
2251 5369 2440 5413 vocata
2488 5358 2554 5411 ab
2595 5372 2687 5422 eo,
2719 5359 2860 5425 quod
2893 5357 2985 5411 ﬁat
3039 5358 3165 5412 illud
3197 5360 3337 5426 quod
3367 5359 3508 5414 inter

1946 5459 2198 5518 utrosque
2235 5450 2486 5519 placitum
2533 5457 2618 5502 est
2647 5467 2658 5500 :
2691 5449 2842 5516 quasi
2873 5448 3014 5502 inter
3047 5447 3213 5501 Deum
3243 5458 3297 5502 et
3331 5449 3503 5502 homi-

1943 5553 2085 5593 nem.
2111 5538 2246 5593 Hinc
2275 5548 2329 5592 et
2357 5536 2550 5591 foedus.
2583 5537 2717 5607 Spes
2742 5545 2949 5599 vocata,
2979 5535 3120 5604 quod
3150 5537 3217 5589 sit
3258 5552 3351 5605 pes
3375 5552 3501 5604 pro-

1942 5629 2232 5699 grediendi,
2250 5629 2512 5696 quasi,est
2538 5644 2641 5696 pes.
2672 5626 2820 5681 Unde
2842 5627 3146 5680 econtrario
3175 5626 3496 5692 desperatio.

1943 5725 2099 5777 Deest
2131 5722 2271 5775 enim
2316 5721 2384 5775 ibi
2421 5737 2540 5790 pes.
2584 5720 2834 5789 nullaque
2877 5719 3245 5788 progrediendi
3276 5718 3496 5772 facultas
