3896 6340
423 378 489 444 91
1061 389 1122 444 Β.
1161 387 1413 444 RABANI
1452 384 1670 444 MAURI
1706 380 2027 442 ARGBIEP.
2067 381 2375 444 MOGUNT.
2407 383 2700 444 OPERUM
2735 386 2916 445 PARS
2953 389 3018 446 Il.

3620 394 3706 461 9!

424 505 509 558 est
535 521 547 555 :
571 498 704 572 quia
733 499 860 556 dum
874 498 1111 571 quisque
1138 510 1421 571 peccatum
1440 509 1608 565 amat,
1637 498 1874 554 futuram
1895 498 2004 570 glo—
2029 499 2084 560 Α
2107 500 2360 556 ostendit.
2381 498 2556 554 Antea
2589 507 2768 555 autem
2791 500 3080 570 pontiﬁces
3100 512 3165 558 et
3181 517 3336 576 reges
3355 516 3530 562 erant.
3561 505 3694 564 Nam

425 593 563 647 riam
618 604 726 647 non
770 600 970 662 sperat.
1015 591 1263 647 Charitas
1313 591 1534 658 Graece,
1567 592 1758 647 Latine
1797 590 2006 645 dilectio

423 683 830 755 interpretatur,
864 683 1005 754 quod
1041 685 1176 740 duos
1204 685 1257 739 in
1288 695 1346 740 se
1373 684 1524 754 ﬁget.
1552 684 1687 740 Nam
1722 683 1938 740 dilectio
1974 698 2005 736 a

421 774 633 831 dudbus
679 775 908 845 incipit:
936 777 1082 846 quod
1127 784 1210 831 est
1244 791 1399 831 amor
1423 776 1520 832 Dei
1553 785 1608 833 et
1647 777 1898 849 proximi.
1929 778 2007 834 De

421 877 528 937 qua
566 865 858 937 Apostolus
899 865 1077 937 (diem.
1125 868 1279 935 xm):
1305 862 1614 934 Plenitudo,
1646 868 1850 938 inquit,
1881 867 2007 939 leg-is

419 967 495 1012 est
527 956 756 1011 dilectio.
789 956 962 1026 Major
991 967 1170 1012 autem
1197 967 1280 1012 est
1307 953 1426 1013 bzec
1445 961 1696 1015 omnibus
1720 976 1734 1013 :
1765 957 2003 1031 quiaqui

420 1043 616 1116 diligit,
648 1051 702 1100 et
729 1046 904 1101 credit
945 1054 1000 1101 et
1044 1054 1245 1116 sperat,
1287 1049 1376 1116 qui
1413 1058 1592 1103 autem
1633 1065 1738 1104 non
1783 1049 1996 1120 diligit;

416 1137 664 1213 qumvis
686 1137 855 1190 multa
873 1135 1096 1192 *diiectio
1116 1137 1351 1192 carnalis
1377 1153 1482 1194 non
1515 1138 1678 1194 faciat
1699 1140 1858 1205 bona,
1888 1139 2004 1195 frtr-

415 1235 528 1280 stra
553 1223 992 1282 la-borat.'0mnis
1022 1238 1201 1282 autem
1231 1228 1474 1295 dilectio,
1496 1231 1599 1285 sed
1631 1231 1806 1301 magis
1849 1244 2004 1288 amor

413 1317 519 1373 dici
547 1317 704 1372 solet.
722 1317 1047 1374 ibiiectionis
1071 1329 1253 1374 autem
1281 1335 1481 1375 nomen
1498 1327 1715 1376 tantum
1734 1322 1794 1376 in
1816 1323 2003 1378 melio-

411 1409 566 1464 ribus
590 1410 754 1466 rebus
783 1411 952 1481 accipi
984 1411 1137 1467 solet.
1185 1411 1302 1467 Sub
1346 1411 1600 1469 Ecclesiae
1631 1422 1822 1470 actem
1840 1428 2002 1470 voca-

411 1501 538 1556 bulo
581 1501 860 1558 distinetio
895 1505 1146 1572 quaedam
1195 1505 1500 1574 reperitur:
1529 1505 1602 1557 ita
1637 1504 1797 1561 tit-lin
1827 1505 2001 1561 sacris

406 1592 690 1647 ordinibus
720 1600 775 1646 et
801 1593 1211 1664 in-quibusdam
1252 1592 1680 1664 professionibus
1709 1592 1998 1651 “deses-ah

667 1683 888 1740 distent.
1523 1703 1531 1711 ·

1023 1773 1252 1831 CAPUT
1292 1777 1356 1832 V.

1035 1864 1110 1919 De
1128 1864 1354 1920 clericis.

466 1953 612 2010 Cleri
663 1961 720 2009 et
776 1954 964 2010 clerici
1018 1954 1150 2009 hinc
1210 1955 1463 2025 appeila'ti
1493 1996 1507 2021 ,
1562 1956 1696 2024 quia
1739 1955 1992 2012 Matthiae

403 2057 552 2103 sorte
575 2047 785 2103 electus
815 2057 920 2114 est,
955 2062 1115 2118 quem
1146 2048 1388 2118 primum
1430 2062 1526 2118 per
1560 2049 1831 2119 apostolos
1850 2047 1991 2112 legi-

398 2154 522 2196 mus
545 2154 666 2195 esse
694 2137 1221 2194 ordinatum.'Cleros
1243 2139 1618 2205 enim'Grtece,
1641 2159 1754 2197 sors
1776 2141 1862 2198 vei
1883 2144 1993 2197 Iur-

397 2230 594 2284 redr'tas
619 2230 833 2285 dicitur.
855 2228 1157 2300 Propterea
1190 2243 1326 2299 ergo
1373 2228 1504 2284 dicti
1528 2230 1709 2286 clerici
1730 2272 1745 2296 ,
1774 2233 1991 2301 quia-dc

396 2329 543 2374 sorte
571 2330 698 2374 sunt
714 2320 965 2374 Domini:
998 2320 1085 2374 νει
1115 2321 1260 2389 quod
1289 2319 1503 2374 Domi-ni
1525 2330 1736 2388 partem
1761 2323 1982 2378 habent.

396 2412 733 2469 Generaliter
769 2425 948 2466 autem
988 2411 1172 2467 clerici
1221 2419 1604 2481 mincuparttur
1637 2427 1865 2479 omnes,
1896 2414 1987 2483 qui

399 2503 456 2559 in
493 2501 737 2558 Ecclesia
793 2502 996 2558 Christi
1049 2502 1379 2558 deserviunt.
1422 2501 1662 2568 Quorum
1699 2504 1898 2573 gradus
1926 2514 1989 2559 ει

403 2594 623 2649 nomina
669 2594 790 2648 haec
850 2601 978 2648 sunt
1032 2611 1045 2645 :
1090 2592 1384 2657 octiarius,
1437 2592 1750 2663 psalmista,
1795 2593 1981 2658 lector,

395 2687 685 2749 exorcista,
732 2682 1046 2756 acolythus,
1084 2682 1470 2739 subdiaconus.
1518 2683 1818 2751 Diaconus,
1867 2701 1986 2756 pre-

395 2775 598 2846 sbyter,
627 2775 932 2844 episcopus.
954 2773 1108 2830 Ordo
1143 2775 1519 2844 episcoporum
1549 2777 1984 2846 quadripartitus

390 2875 496 2929 est,
527 2865 579 2920 id
610 2874 711 2930 est,
750 2865 805 2919 in
838 2865 1187 2934 patriarcbis,
1236 2865 1682 2935 arc'lr'iepiscopis,
1719 2876 1985 2936 metrOpo-

395 2955 608 3020 litartis,
656 2963 818 3025 atque
861 2955 1149 3026 episcopis.
1187 2953 1504 3010 Patﬁarolra
1552 2970 1733 3028 graeca
1772 2957 1981 3029 dingua,

390 3063 626 3103 summus
677 3057 910 3118 prmum,
963 3050 1351 3119 interpretatur
1403 3067 1415 3102 :
1466 3050 1598 3119 quia
1638 3052 1995 3121 prirnurn,id‘

390 3147 492 3200 est,
517 3138 870 3206 apostolicum
897 3139 1095 3195 retinet
1121 3139 1296 3195 locum
1329 3157 1344 3195 :
1370 3148 1426 3196 et
1447 3139 1750 3211 ideo,un
1769 3153 1980 3201 summo

390 3233 596 3289 honore
617 3233 885 3305 iungitur,
913 3235 1009 3289 tali
1040 3235 1258 3290 nomine
1292 3244 1546 3291 censetur
1571 3255 1584 3290 :
1614 3233 1979 3294 sicdtftoma—

392 3341 518 3390 nus,
543 3326 936 3392 Antiochenus,
965 3338 1020 3382 et
1048 3327 1461 3384 Alexandrinus.

459 3417 911 3489 Archiepiscopus
951 3420 1140 3476 Graeco
1187 3417 1449 3477 vocabu’lo
1490 3424 1710 3488 dicitur,
1740 3425 1882 3493 quod
1911 3422 1981 3480 s'it

388 3523 630 3564 summus
647 3510 1018 3578 episcoporum
1039 3530 1051 3564 :
1073 3518 1220 3566 tenet
1232 3514 1376 3566 enim
1395 3513 1565 3568 vicem
1591 3515 1973 3583 apostolorum,

387 3607 442 3654 et
471 3601 720 3668 przesidet
754 3611 859 3654 tam
891 3601 1313 3671 metropolitanis
1342 3619 1502 3673 quam
1531 3605 1796 3674 episc0pis
1821 3614 1978 3660 caete-

387 3689 485 3743 ris.
510 3686 752 3760 Singulis
780 3692 923 3745 enim
953 3692 1243 3762 provinciis
1270 3693 1581 3762 praeminet,
1613 3709 1842 3761 quorum
1884 3709 1980 3746 au-

389 3781 624 3836 ctoritati
656 3790 709 3835 et
736 3783 996 3838 doctrinze
1019 3784 1201 3837 caeteri
1235 3785 1544 3838 sacerdotes
1571 3783 1798 3854 subjecti
1829 3793 1974 3849 sunt,

390 3872 506 3927 sine
535 3873 728 3941 quibus
755 3873 975 3940 reliquis
1005 3873 1272 3943 episcopis
1303 3873 1436 3926 nihil
1464 3887 1623 3944 agere
1646 3873 1789 3928 licet.
1819 3872 1977 3928 86τῆ-

391 3964 575 4018 citudo
626 3964 767 4017 enim
815 3965 978 4017 totius
1022 3965 1314 4034 provincia
1361 3963 1498 4032 ipsis
1540 3964 1828 4019 commissa
1872 3971 1972 4019 est.

388 4051 586 4106 Omnes
617 4061 794 4107 autem
827 4055 1073 4123 superius
1096 4053 1357 4122 designati
1386 4053 1608 4108 ordines
1635 4069 1742 4107 uno
1762 4056 1976 4107 eodem-

388 4157 491 4213 que
516 4145 776 4198 vocabulo
797 4145 1036 4214 episcopi
1067 4144 1443 4204 nominantur;
1490 4143 1582 4196 sed
1613 4143 1735 4197 ideo
1765 4141 1977 4212 privato

387 4235 603 4289 nomine
629 4235 840 4304 quidam
881 4243 1104 4288 utuntur
1140 4244 1358 4302 propter
1383 4233 1782 4289 distinctionem
1818 4243 1972 4303 pote-

389 4334 609 4389 statum,
642 4343 801 4394 quam
820 4326 1175 4391 singulariter
1205 4335 1547 4396 acceperunt.

457 4415 769 4473 Patriarc'ha
816 4428 971 4488 pater
1012 4417 1334 4488 principum.
1380 4417 1596 4472 Arcbon
1643 4417 1788 4472 enim
1825 4413 1975 4479 prin-

390 4524 536 4579 ceps.
1177 4505 1188 4514 “

456 4600 904 4669 Arcbiepiscopus
948 4598 1198 4669 princeps
1243 4599 1637 4668 episcoporum,
1681 4598 1819 4652 sicut
1861 4614 1970 4653 me-

389 4690 746 4758 tropolitanus
771 4706 801 4742 a
833 4705 1082 4743 mensura
1117 4689 1418 4742 civitatum.

457 4781 808 4850 Episcopatus
852 4789 1030 4834 autem
1061 4779 1378 4833 vocabulum
1418 4778 1539 4831 inde
1580 4782 1801 4842 dictum,
1826 4779 1967 4846 quod

387 4873 475 4928 ille
503 4873 592 4940 qui
637 4871 1047 4940 superellici'tur,
1077 4869 1502 4940 superintendat,
1541 4884 1725 4924 curam
1763 4869 1965 4923 scilicet

387 4962 720 5017 subditorum
767 4977 978 5031 gerens.
1031 4959 1228 5028 Scopin
1271 4960 1412 5014 enim
1465 4959 1654 5014 Latine
1701 4959 1966 5012 intendere

385 5051 598 5104 dicitur.
631 5051 879 5119 Episcopi
919 5059 1098 5104 autem
1135 5048 1343 5111 Graece,
1379 5049 1566 5103 Latine
1617 5049 1964 5119 speculatores

386 5144 825 5210 interpretantur.
862 5143 993 5196 Nam
1018 5141 1324 5212 speculator
1348 5151 1431 5196 est
1453 5143 1767 5210 prmpositus
1790 5142 1841 5194 in
1873 5139 1968 5195 Ec-

386 5233 547 5289 clesia
593 5235 898 5294 dictus:eo
939 5235 1082 5305 quod
1132 5234 1436 5305 speculetur
1478 5240 1636 5300 atque
1666 5231 1967 5301 praespiciat

384 5325 699 5396 populorum
727 5324 867 5380 infra
896 5341 956 5380 se
984 5327 1278 5395 positorum
1309 5341 1487 5379 mores
1514 5332 1567 5378 et
1598 5324 1779 5377 vitam.

459 5413 705 5471 Pontifex
730 5417 982 5487 princeps
1009 5419 1346 5470 sacerdotum
1381 5425 1463 5471 est
1490 5456 1504 5479 ,
1554 5415 1731 5483 quasi'
1761 5414 1845 5467 v'ia
1883 5429 1969 5468 se-

386 5505 664 5576 quentium
698 5525 709 5559 :
738 5507 852 5576 ipse
890 5515 945 5562 et
972 5522 1214 5562 summus
1245 5507 1519 5568 sacerdos,
1573 5503 1686 5574 ipse
1727 5503 1968 5578 pontifex

386 5594 654 5651 maximus
701 5607 1040 5666 nuncupatur
1077 5600 1235 5668 :ipse
1276 5598 1419 5652 enim
1451 5596 1616 5653 ellicit
1659 5599 1968 5653 sacerdotes

387 5692 547 5753 atque
597 5684 810 5742 Levitas
859 5705 878 5748 ε,
922 5689 1035 5758 ipse
1079 5705 1266 5743 omnes
1314 5688 1532 5743 ordines
1573 5689 1969 5745 ecclesiasticos

390 5777 624 5848 disponit
673 5769 872 5852 :ipse,
901 5779 1033 5852 quid
1086 5781 1458 5852 unusquisque
1516 5776 1695 5835 facere
1748 5779 1962 5849 debeat,

2110 591 2372 660 majorum
2401 599 2518 644 erat
2547 591 2666 646 htec
2701 593 3054 659 consuetudo,
3096 602 3157 649 ut
3209 610 3305 650 rex
3341 607 3487 653 esset
3521 599 3693 654 etiam

2109 684 2362 738 sacerdos
2387 681 2471 736 vel
2496 679 2759 752 pontifex.
2789 680 2946 738 Unde
2984 691 3040 738 et
3085 685 3296 740 romani
3331 687 3694 754 imper-teres

2107 770 2391 842 pontiﬁces
2415 770 2753 826 dicebantur.

2179 859 2342 916 Vates
2393 875 2424 914 a
2462 860 2515 914 vi
2568 860 2766 915 mentis
2827 860 3102 932 appellati.
3149 861 3314 932 Cujus
3361 866 3698 939 signiﬁcatio

2109 951 2386 1020 multiplex
2437 959 2539 1006 est.
2595 952 2729 1006 Nam
2761 953 2921 1007 modo
2950 954 3312 1019 sacerdotem,
3362 959 3524 1016 modo
3563 975 3697 1030 pro-

2105 1045 2324 1114 phetam
2348 1043 2634 1113 signiﬁcat,
2653 1043 2820 1100 modo
2835 1052 3054 1113 poetam

2176 1134 2414 1192 Antistes
2459 1135 2713 1191 sacerdos
2763 1134 2940 1190 dietus
2989 1136 3176 1199 abeo,
3206 1137 3360 1204 quod
3405 1145 3690 1195 anteetat.

2104 1223 2424 1279 Primusest
2451 1225 2596 1278 enim
2623 1224 3180 1293 inm-em,
3202 1235 3266 1285 et
3289 1241 3461 1300 qua
3485 1244 3543 1285 se
3562 1235 3696 1285 aul-

2103 1311 2213 1367 lum
2260 1313 2440 1369 habet.

2169 1404 2439 1460 Sacerdos
2451 1414 2840 1462 autemunomen
2863 1408 3028 1463 habet
3044 1409 3398 1478 cbmpositum
3419 1425 3484 1465 ex
3501 1409 3695 1467 Graeco

2101 1505 2157 1552 et
2182 1494 2399 1562 Latine,
2425 1498 2578 1567 quasi
2613 1512 2832 1551 sacrum
2863 1498 3017 1553 dum.
3040 1498 3203 1554 Sicut
3235 1500 3379 1554 enim
3409 1515 3509 1557 rex
3533 1516 3566 1554 a
3607 1517 3696 1556 re-

2100 1589 2294 1660 gendo,
2360 1590 2446 1644 ‘ita
2485 1591 2752 1648 sacerdos
2799 1607 2831 1646 a
2869 1593 3269 1649 senetiﬂcando
3318 1603 3543 1650 vocatus
3572 1603 3687 1650 est.

2100 1678 2397 1737 Consecrat
2427 1682 2579 1737 enim
2621 1689 2686 1738 vet
2745 1682 3068 1738 sanctificat.
3117 1682 3449 1739 Sacerdotes
3503 1692 3689 1739 autem

2101 1769 2380 1842 gentiﬁum
2416 1770 2668 1828 ﬂamines
2697 1772 3036 1830 dicaram».
3057 1775 3102 1830 ιι
3141 1775 3198 1830 in
3221 1778 3396 1846 capite
3409 1777 3695 1833 habebant

2020 1850 2068 1910 B
2095 1862 2319 1932 pileum,
2358 1862 2415 1916 in
2456 1874 2564 1933 quo
2608 1871 2738 1918 erat
2765 1865 2954 1920 brevis
2998 1865 3149 1936 virga
3193 1865 3425 1936 desuper
3468 1869 3688 1924 habens

2094 1951 2232 2008 lanae
2275 1953 2497 2024 aliquid.
2538 1952 2700 2022 Quod
2730 1968 2856 2012 cum
2873 1969 2980 2025 iper
3000 1964 3200 2011 eastern
3243 1956 3388 2012 ᾔει-νε
3422 1972 3530 2012 non
3559 1973 3692 2034 pos-

2095 2054 2216 2100 sent
2267 2064 2281 2100 :
2334 2045 2426 2102 illo
2471 2053 2687 2100 tantum
2717 2046 2897 2116 capita
2944 2046 3174 2118 religare
3213 2055 3517 2116 ewperunt.
3547 2047 3690 2104 Nam

2094 2135 2254 2190 nudis
2290 2136 2506 2205 penitus
2562 2149 2660 2191 eos
2695 2136 2974 2207 capitibus
3025 2137 3284 2192 incedere
3329 2137 3488 2192 nefas
3529 2149 3677 2192 erat.

2094 2224 2250 2286 Unde
2273 2227 2304 2281 a
2331 2226 2445 2292 filo,
2475 2231 2582 2298 quo
2603 2227 2912 2293 utebantur,
2928 2229 3172 2298 ﬂamines
3192 2228 3682 2300 «dicvi'sunt,quasi

2090 2319 2372 2387 ﬁlamines.
2428 2319 2629 2376 Verum
2668 2321 2826 2376 Testis
2856 2322 3052 2376 diebus
3076 2321 3172 2376 ﬁlo
3203 2321 3443 2393 deposito
3484 2322 3685 2393 pileum

2091 2407 2440 2478 iurpone‘hant
2460 2425 2556 2480 pro
2586 2411 2873 2466 sacerdotii
2897 2411 3220 2466 eminent-ia.

2153 2496 2674 2573 Presbyter'Grtece,
2697 2502 2885 2558 Latine
2911 2505 3514 2575 senior,-interpretatur
3533 2523 3546 2539 '
3567 2523 3681 2564 non

2087 2605 2187 2658 pro
2229 2597 2388 2646 aucte
2415 2591 2501 2646 vel
2529 2593 2803 2662 decrepita
2851 2602 3129 2649 senectute
3161 2612 3174 2648 :
3207 2596 3300 2650 sed
3329 2605 3551 2666 propter
3575 2599 3676 2654 ho-

2087 2697 2275 2737 norem
2316 2690 2370 2738 et
2396 2683 2730 2755 dignitatem,
2781 2698 2943 2756 quam
2985 2696 3324 2758 acceperunt,
3371 2691 3676 2764 presbyteri

2087 2773 2453 2829 nominantur.
2483 2771 2645 2832 ‘Unde
2667 2784 2720 2831 et
2745 2779 2886 2848 apud
2914 2787 3128 2835 veteres
3164 2781 3330 2836 iidem
3361 2792 3415 2838 et
3435 2785 3679 2856 episcopi

2087 2871 2142 2918 et
2163 2864 2470 2936 presbyteri
2516 2863 2735 2921 fuemnt
2765 2882 2779 2920 :
2805 2869 2937 2937 quia
2973 2869 3100 2924 illud
3136 2886 3339 2927 men
3393 2874 3673 2943 dignitatis

2085 2965 2187 3022 est,
2242 2959 2345 3013 hoc
2392 2959 2586 3014 tutetis.
2626 2957 2761 3015 ideo
2803 2969 2983 3016 amem
3005 2965 3314 3034 presbyteri
3365 2968 3683 3024 sacerdotes-

2084 3060 2364 3114 vocantur,
2393 3049 2534 3120 quod
2569 3066 2784 3106 sacrum
2819 3052 2968 3118 dant,
3016 3056 3156 3110 sicut
3207 3065 3262 3110 et
3281 3059 3543 3128 episcopi,
3581 3062 3678 3130 qui

2087 3138 2212 3195 licet
2238 3141 2346 3194 sint
2374 3143 2700 3205 sacerdotes,
2726 3149 2904 3196 tamen
2941 3144 3284 3212 pontiﬁcatus
3329 3149 3531 3217 apicem
3564 3164 3675 3204 non

2083 3228 2284 3283 habent
2341 3242 2356 3280 :
2402 3229 2528 3298 quia
2566 3243 2676 3284 "nec
2697 3230 2993 3285 chrismate
3015 3230 3252 3287 frontem
3284 3235 3519 3305 signant,
3568 3253 3674 3294 nec

2079 3314 2401 3384 paradisum
2431 3314 2683 3385 spiritum
2713 3317 2844 3370 dant
2875 3335 2886 3370 :
2919 3317 3061 3386 quod
3103 3318 3231 3374 solis
3249 3321 3530 3390 episcopis
3581 3324 3646 3378 de

2081 3406 2193 3460 beri
2220 3405 2382 3461 lectio
2426 3404 2592 3461 Actus
2620 3406 2998 3476 Apostolorum
3023 3409 3382 3465 demonstrat.
3435 3412 3595 3470 {huic
3618 3424 3675 3469 et

2081 3497 2221 3566 apud
2263 3503 2477 3551 veteres
2515 3497 2684 3551 iidem
2710 3497 2952 3567 episcopi
2977 3499 3352 3570 «presbyteri
3394 3501 3620 3558 fuerunt
3652 3522 3664 3557 :

2079 3586 2205 3655 quia
2251 3584 2383 3640 illud
2427 3593 2514 3640 est
2541 3584 2623 3657 (ut
2669 3587 3084 3654 mox'disintus)
3110 3606 3313 3645 nomen
3343 3592 3664 3664 dignitatis:

2079 3675 2268 3729 astatis.

2142 3766 2350 3821 Levitae
2382 3781 2447 3821 ex
2470 3768 2695 3823 nomine
2723 3769 2969 3824 auctoris
2993 3772 3193 3826 vocati.
3223 3774 3272 3826 Α
3319 3773 3443 3829 Levi
3485 3788 3663 3833 autem

2081 3857 2283 3912 Levita:
2308 3859 2484 3912 exorti
2529 3868 2677 3924 sunt,
2711 3860 2963 3929 aquibus
2993 3864 3045 3914 in
3086 3863 3291 3932 templo
3318 3865 3410 3919 Dei
3443 3869 3660 3938 mystici

2075 3951 2400 4004 sacramenti
2454 3949 2750 4004 ministeria
2799 3951 3170 4019 explebauwr.
3215 3953 3258 4006 Ii
3315 3953 3502 4010 Graece
3544 3956 3659 4011 dia-

2077 4055 2258 4103 coues,
2289 4039 2479 4096 Latine
2508 4041 2751 4096 «ministri
2782 4042 3033 4096 dicuntur
3064 4061 3074 4095 :
3107 4045 3248 4112 quod
3275 4045 3415 4099 sicut
3464 4047 3519 4100 in
3569 4064 3657 4102 sa-

2078 4132 2296 4184 cerdote
2322 4132 2676 4195 consecratio,
2707 4133 2779 4187 ita
2799 4133 2858 4187 {in
2882 4134 3111 4188 diacono
3130 4135 3412 4190 ministerii
3445 4137 3658 4207 dispen-

2079 4226 2218 4280 satio
2246 4226 2500 4280 habetur.

2152 4317 2788 4388 Hypodiacoues‘Grazce,
2822 4332 2957 4387 quos
2987 4333 3084 4373 nos
3111 4320 3471 4375 subdiacones
3517 4322 3656 4376 dici-

2077 4423 2196 4462 mus
2225 4422 2239 4460 :
2271 4407 2361 4476 qui
2391 4406 2510 4460 ideo
2535 4407 2615 4461 sic
2654 4406 3008 4476 appellantur,
3039 4408 3164 4476 quia
3212 4408 3488 4476 subjacent
3513 4427 3656 4480 prte-

1996 4536 2050 4596 D
2077 4499 2248 4568 ceptis
2283 4506 2337 4552 ει
2361 4497 2550 4552 ciliciis
2568 4497 2908 4552 'Levitarum.
2935 4497 3246 4553 Oblationcs
3276 4501 3420 4554 enlm
3440 4501 3498 4555 in
3524 4511 3656 4557 tem-

2076 4591 2164 4658 plo
2194 4590 2289 4643 Dci
2324 4605 2354 4642 a
2386 4589 2629 4643 ﬁdelibus
2671 4589 2769 4658 ipsi
2802 4590 3121 4658 suscipiunt,
3146 4600 3208 4644 et
3239 4590 3439 4646 Levitis
3469 4608 3656 4662 supcr-

2077 4681 2350 4749 ponendas
2378 4679 2636 4733 altaribus
2665 4678 2932 4732 deferunt.
2966 4677 3048 4732 Hii
3090 4681 3227 4750 apud
3253 4679 3521 4736 Htebraeos
3552 4682 3655 4736 Na-

2076 4771 2278 4826 thiuuei
2308 4780 2591 4825 vocantur.

2142 4861 2396 4916 Lectores
2438 4877 2466 4914 a
2497 4860 2741 4930 legendo,
2762 4858 3064 4928 psalmistae
3089 4865 3364 4927 apsalmis
3394 4863 3652 4917 canendis

2071 4955 2266 5008 vocati.
2291 4953 2370 5006 llli
2401 4953 2868 5020 enim'prtcdicam
2902 4951 3129 5020 populis,
3158 4951 3284 5019 quid
3312 4963 3612 5021 sequantur
3638 4974 3648 5007 :

2073 5045 2162 5098 isti
2196 5051 2416 5106 canunt,
2464 5051 2523 5095 ut
2567 5042 2801 5096 excitent
2835 5041 2900 5095 ad
2924 5043 3394 5111 compunctioncm
3440 5044 3651 5098 animos

2073 5136 2421 5190 audientium.
2445 5134 2601 5189 Licet
2629 5143 2682 5189 et
2708 5134 2925 5202 quidam
2969 5133 3200 5187 lectores
3226 5133 3298 5187 ita
3323 5134 3651 5190 miseranter

2071 5225 2438 5296 pronuntient,
2462 5233 2520 5278 ut
2545 5225 2805 5293 quosdam
2835 5223 2900 5276 ad
2929 5223 3131 5276 luctum
3182 5223 3651 5279 lamentationem-

2072 5335 2176 5390 que
2227 5315 2566 5384 compellant.
2596 5314 2759 5368 [idem
2786 5313 2949 5366 etiam
2989 5322 3042 5366 et
3071 5313 3508 5383 pronuntiatores
3553 5331 3648 5370 vo-

2071 5419 2278 5473 cantur,
2309 5411 2448 5479 quod
2478 5422 2639 5477 porro
2668 5406 3004 5460 annuutient.
3045 5405 3216 5459 Tanta
3245 5405 3390 5459 enim
3433 5413 3485 5460 et
3534 5415 3646 5462 tam

2069 5501 2211 5556 clara
2239 5515 2425 5556 eorum
2457 5507 2540 5553 est
2591 5513 2713 5562 vox,
2765 5504 2824 5551 ut
2850 5495 3095 5565 quamvis
3137 5493 3292 5564 longe
3344 5495 3645 5565 positorum

2069 5607 2227 5646 aures
2249 5589 2593 5658 adimpleant.

2129 5683 2339 5739 “Cantor
2379 5689 2554 5736 autem
2574 5686 2824 5742 Vocatus,
2863 5677 3011 5746 quod
3051 5688 3192 5730 uoce
3234 5673 3546 5730 modulatur
3587 5672 3647 5729 in

2068 5786 2248 5834 cantu.
2283 5772 2451 5844 Hujus
2499 5773 2604 5829 duo
2629 5783 2830 5843 genera
2874 5767 3129 5823 dicuntur
3146 5768 3212 5834 in
3239 5776 3352 5823 arte
3381 5765 3594 5824 musica
