3896 6352
242 431 312 491 π
1244 431 1334 488 DE
1371 420 1728 491 UNIVERSO'
1754 425 1934 486 LIBRI
1970 425 2136 486 XXII.
2178 458 2248 472 --
2284 429 2413 486 LIB.
2451 425 2538 487 IV.
3432 428 3503 487 94

242 549 384 610 sicut
453 558 523 606 ea
582 548 728 607 docti
771 549 1018 606 homines
1046 549 1233 605 Latine
1289 549 1467 605 dicere
1520 556 1826 620 potuerunt,
1858 547 1910 606 Α
1935 546 2050 603 Νοη
2092 563 2152 603 se
2208 556 2388 603 autem
2435 547 2692 618 glorietur
2738 545 3126 613 Christianum,
3165 544 3257 618 qui
3311 560 3502 604 nomen

239 650 542 716 pra-center
561 650 618 698 et
639 651 934 697 succemor.
959 637 1270 697 Prmeentor
1285 637 1508 707 scilicet,
1531 641 1621 712 qui
1639 643 1830 695 vocem

239 733 533 806 prtemittlt
555 734 614 788 in
642 741 803 790 cantu
838 750 851 788 :
877 737 1166 790 succentor
1189 739 1365 789 autem
1387 733 1478 803 q‘ui
1503 732 1832 801 subsequen-

241 835 326 878 ter
350 825 938 901 canendobre‘spondet.
969 821 1272 880 Concentor
1309 832 1487 880 autem
1515 816 1711 879 dicitur
1739 823 1829 892 qui

242 925 511 970 consonat
565 932 580 969 :
629 918 720 986 qui
763 926 942 970 autem
991 930 1095 970 non
1124 923 1404 979 consonat,
1434 929 1540 968 non
1577 913 1825 976 concinit,

241 1025 339 1063 nec
362 1020 674 1066 concentor
696 1011 816 1065 erit.

307 1100 524 1171 Acolyti
546 1101 760 1162 Graece,
780 1101 968 1156 Latine
994 1099 1302 1157 ceroferarii
1325 1099 1622 1155 dicuntura
1645 1099 1834 1169 depor-

245 1191 419 1244 tandis
470 1193 674 1246 cereis.
721 1193 934 1259 quando
977 1191 1258 1262 legendum
1286 1201 1369 1246 est
1388 1190 1722 1262 evangelium
1742 1198 1835 1244 aut

243 1279 578 1336 sacriﬁcium
609 1280 940 1337 od‘erendum
974 1301 987 1336 :
1017 1291 1146 1336 tunc
1175 1283 1319 1337 enim
1344 1283 1712 1338 accenduntur
1743 1282 1831 1347 lu-

244 1369 473 1424 minaria
523 1371 596 1423 ab
622 1377 722 1435 eis,
751 1380 803 1426 et
855 1377 1207 1442 deportantur
1236 1390 1248 1424 :
1281 1389 1389 1429 non
1429 1371 1495 1427 ad
1524 1371 1834 1442 etiugandas

245 1462 522 1528 tenebras,
579 1461 708 1515 dum
737 1462 816 1516 s'ol
844 1466 1031 1519 eodem
1065 1471 1306 1534 tempore
1357 1457 1569 1529 rutiiet,
1620 1463 1712 1518 sed
1767 1465 1835 1519 ad

244 1551 458 1620 signum
495 1551 705 1605 laetitia:
743 1552 1262 1608 demonstrandum:
1301 1555 1489 1608 utsth
1523 1561 1649 1625 typo
1675 1553 1835 1607 lumi-

245 1642 326 1696 nis
340 1645 651 1711 corporalis
675 1644 763 1697 illa
786 1644 875 1698 lux
901 1646 1242 1712 ostendatur,
1267 1647 1331 1701 de
1353 1663 1458 1716 qua
1480 1648 1533 1700 in
1548 1645 1838 1717 Evangelio

244 1730 438 1802 legitur
471 1751 483 1786 :
511 1733 651 1788 Erat
697 1733 810 1798 lux.
835 1753 973 1801 vera,
1012 1753 1128 1807 qum
1180 1736 1441 1791 illuminat
1493 1753 1695 1792 omnem
1738 1735 1836 1790 ho-

245 1824 432 1877 minem
481 1826 775 1880 venientem
813 1827 868 1880 in
920 1828 1174 1880 mundum
1207 1828 1386 1900 (Joan.
1421 1830 1482 1899 ι).

309 1914 616 1972 Exorcistze
661 1931 729 1973 ex
755 1913 972 1986 Graeco,
1001 1919 1058 1974 in
1084 1913 1337 1975 Latinum
1365 1919 1675 1990 adiurantes
1725 1921 1836 1976 sive

246 2005 593 2074 increpantes
621 2019 904 2064 vocantur.
937 2007 1195 2065 Invocant
1221 2013 1364 2065 enim
1395 2027 1557 2081 super
1583 2013 1838 2066 catechu-

246 2111 451 2162 menos,
477 2099 566 2152 vel
603 2115 767 2170 super
813 2117 906 2157 eos
945 2101 1038 2171 qui
1079 2097 1285 2157 habent
1311 2103 1558 2172 spiritum
1606 2104 1840 2157 immun-

248 2188 391 2254 dum,
442 2203 652 2245 nomen
691 2190 904 2247 Domini
934 2191 1083 2257 Jesu,
1128 2187 1438 2262 adjurantes
1456 2208 1562 2263 per
1605 2209 1748 2251 eum.
1781 2203 1840 2247 ut

246 2278 558 2348 egrediatur
587 2280 659 2334 ab
687 2281 785 2335 eis.

312 2363 539 2420 Ostiarii
583 2368 750 2422 iidem
782 2377 836 2423 et
876 2368 1140 2437 ianitores
1173 2390 1185 2424 :
1216 2374 1305 2441 qui
1338 2373 1392 2426 in
1419 2367 1603 2427 'Veteri
1655 2371 1838 2427 Testa-

245 2464 425 2510 mento
483 2455 649 2510 electi
679 2461 803 2510 sunt
833 2461 898 2512 ad
929 2461 1230 2514 custodiam
1267 2461 1472 2534 templi,
1518 2469 1578 2514 ut
1622 2477 1726 2516 non
1759 2463 1840 2514 in-

248 2548 571 2618 grederetur
589 2548 644 2602 in
667 2557 788 2602 eum
815 2547 1120 2602 immundus
1142 2549 1194 2602 in
1217 2549 1362 2603 omni
1396 2565 1471 2603 re.
1495 2547 1634 2604 Dicti
1659 2560 1837 2606 autem

249 2637 453 2690 ostiarii
491 2655 503 2690 :
539 2639 686 2706 quod
716 2638 937 2706 praesint
965 2634 1120 2691 ostiis
1177 2636 1379 2707 templi.
1411 2637 1522 2706 Ipsi
1564 2639 1712 2692 enim
1757 2647 1837 2693 te-

249 2736 436 2782 nentes
464 2728 704 2792 clavem,
740 2728 917 2782 omnia
937 2729 1088 2783 intus
1109 2741 1172 2782 ex
1217 2737 1448 2798 utraque
1476 2738 1631 2798 parte
1667 2738 1840 2784 custo-

250 2816 395 2870 diunt
423 2835 436 2869 :
461 2826 629 2888 atque
651 2817 791 2870 inter
818 2818 986 2872 bonos
1009 2823 1064 2872 et
1087 2817 1254 2871 malos
1275 2817 1535 2872 habentes
1555 2816 1836 2885 judicium,

253 2905 432 2962 fideles
454 2907 762 2978 recipiunt:
790 2914 1052 2979 respuunt
1076 2906 1340 2962 inﬁdeles.

881 3019 1112 3076 CAPUT
1152 3019 1238 3072 VI.

825 3088 902 3144 De
976 3089 1028 3143 Μ
1037 3089 1270 3143 onachis.

1932 647 2115 712 habet,
2147 655 2203 702 et
2224 645 2367 702 facta
2405 654 2509 700 non
2533 643 2721 702 habet.
2750 640 2856 701 Ubi
2887 651 3067 699 autem
3096 654 3296 699 nomen
3345 653 3505 698 secu-

1933 745 2044 793 tum
2091 737 2254 794 fuerit
2303 753 2439 808 opus
2480 738 2824 794 :certlssime
2880 737 2968 791 illo
3015 745 3099 792 est
3145 731 3502 799 Christianus,

1933 832 2058 903 quia
2098 848 2162 888 se
2227 832 2380 886 factis
2433 822 2668 886 ostendit
2718 822 3084 886 Christianum
3141 846 3153 881 :
3209 828 3506 892 ambulans,

1933 923 2071 978 sicut
2099 932 2156 978 et
2181 923 2270 978 ille
2294 916 2601 988 ambulavit,
2634 937 2664 975 a
2693 935 2799 991 quo
2825 929 2878 977 et
2918 932 3112 976 nomen
3144 919 3328 975 traxit.

1997 1007 2312 1068 'Ca'tholicus
2333 1053 2347 1078 ,
2377 1012 2711 1077 universalis,
2741 1012 2856 1066 sive
2881 1009 3135 1081 generalis
3153 1051 3166 1074 ,
3189 1011 3510 1080 interpreta-

1934 1113 2038 1158 tur.
2070 1103 2200 1160 Nam
2233 1104 2404 1161 Grmci
2431 1103 2728 1159 universale
2752 1101 3043 1158 catholicon
3068 1108 3283 1160 vocant.

2001 1191 2350 1251 ‘Or'thodoxus
2374 1203 2454 1251 est
2496 1203 2641 1251 recte
2670 1195 2895 1250 credens
2922 1210 2934 1250 :
2966 1187 3020 1247 et
3054 1200 3114 1247 ut
3137 1187 3327 1254 credit,
3359 1196 3509 1244 recte

1938 1286 2144 1342 vivens.
2201 1287 2398 1343 Orthos
2441 1287 2581 1342 enim
2639 1285 2844 1349 Graece,
2888 1292 3042 1348 recte,
3091 1282 3289 1337 dicitur
3329 1281 3509 1336 :doxa

1913 1374 2125 1447 ‘gloria,
2165 1379 2268 1434 hoc
2311 1387 2395 1433 est
2413 1378 2499 1432 vir
2546 1385 2710 1432 rectae
2747 1375 2950 1445 gleriae.
2998 1373 3115 1440 Quo
3158 1372 3375 1427 nomine
3405 1386 3510 1426 non

1935 1480 2115 1543 potest
2139 1471 2339 1538 vocari,
2366 1470 2457 1539 qui
2491 1469 2649 1526 aliter
2676 1467 2810 1522 vivit
2845 1463 3225 1543 quam‘credit.

2004 1561 2317 1633 Neopbytus
2347 1560 2551 1626 Graece,
2583 1556 2773 1612 Latine
2799 1539 3027 1611 novellus
3057 1559 3114 1610 et
3148 1554 3295 1608 rudis
3323 1550 3514 1616 ﬁdelis,

1937 1655 2024 1711 vel
2053 1671 2218 1723 nuper
2252 1663 2483 1717 renatus,
2511 1649 2855 1723 interpretari
2884 1656 3080 1717 potest.

2007 1721 2446 1799 Catechumenus
2500 1755 2597 1812 pro
2649 1721 2733 1804 eo,
2787 1737 2927 1807 quod
2984 1732 3159 1790 adhuc
3214 1733 3514 1789 doctrinam

1941 1837 2062 1894 fidei
2093 1837 2262 1902 audit,
2300 1833 2526 1890 necdum
2573 1825 2898 1902 baptismum
2926 1828 3185 1899 percepit.
3212 1821 3345 1880 Nam
3369 1831 3516 1878 eate-
3581 1865 3586 1870 .

1941 1929 2238 1984 chnmenus
2257 1926 2462 1990 Graece,
2478 1922 2666 1978 Latine
2677 1922 2906 1985 auditor,
2922 1919 3007 1974 vel
3031 1921 3330 1979 instructor,
3358 1915 3519 1970 inter-

1939 2025 2206 2088 pretatu'r.

2012 2109 2338 2180 Competens
2360 2113 2604 2167 vocatur,
2629 2102 2755 2173 quia
2802 2104 2925 2170 post
2951 2094 3368 2154 instructionem
3395 2099 3518 2149 ﬁdei

1940 2201 2198 2271 competit
2224 2199 2449 2270 gratiam
2474 2193 2696 2252 Christi.
2723 2187 2853 2248 Inde
2895 2199 2950 2246 et
2978 2203 3007 2244 a
3039 2188 3271 2259 petendo
3300 2200 3518 2255 compe-

1938 2300 2118 2347 tentes
2158 2289 2360 2344 vocati.

2005 2374 2230 2442 Laicus,
2259 2372 2549 2448 popularis.
2575 2372 2720 2429 Laos
2760 2372 2904 2427 enim
2948 2368 3133 2425 Griece
3178 2366 3407 2438 populus
3441 2366 3521 2420 di-

1943 2473 2104 2528 citur.

2013 2558 2344 2632 Proselytus,
2399 2558 2451 2612 id
2497 2565 2599 2621 est,
2648 2556 2874 2618 advena,
2927 2561 2982 2607 et
3010 2549 3384 2612 circumcisus,
3428 2546 3519 2616 qui

1941 2644 2272 2706 miecéhatu'r
2287 2647 2484 2720 populo
2510 2645 2627 2708 Del,
2645 2643 2899 2699 Graecum
2919 2646 3022 2696 est.

2534 2753 2758 2810 CAPUT
2797 2751 2930 2806 VIII.

2377 2821 2453 2880 De
2492 2825 2676 2880 hteresi
2715 2833 2760 2878 et
2796 2822 3092 2877 schismate.

2016 2913 2251 2974 Haeresis
2268 2911 2455 2972 Graec
2479 2915 2548 2969 ab
2571 2914 2836 2970 electione
2862 2916 3108 2973 vocatur,
3131 2908 3295 2979 quod,
3309 2901 3525 2962 scilicet

1944 3009 2314 3078 unusquisque
2357 3006 2409 3059 id
2440 3005 2542 3059 sibi
2595 3005 2659 3059 de
2684 3001 2880 3058 haeresi
2926 3009 2980 3055 et
3012 2999 3306 3054 schismate
3331 2992 3518 3067 eligat,

1946 3097 2091 3170 quod
2134 3097 2326 3154 melius
2366 3095 2441 3152 illi
2468 3106 2586 3150 esse
2626 3094 2859 3156 videtur,
2887 3099 2946 3146 ut
2985 3084 3287 3159 philos0phl
3315 3085 3522 3156 peripa-

322 3183 624 3280 Mofmclms
649 3182 840 3236 Graeca
885 3179 1210 3280 etymg'osia
1237 3177 1743 3280 t'ecatus,_co'qn0d
1773 3177 1843 3232 sit
1871 3218 1915 3280 ο
1948 3192 2116 3255 tetici,
2169 3187 2502 3250 Academici,
2527 3194 2581 3239 et
2621 3183 2906 3253 Epicurtei,
2941 3189 2996 3235 et
3040 3179 3194 3234 stoici
3223 3192 3238 3230 :
3266 3175 3351 3231 vel
3381 3177 3517 3245 siqui

256 3275 577 3344 singularis,
611 3286 797 3326 monas
847 3271 992 3324 enim
1039 3269 1223 3324 Graece
1255 3269 1600 3340 singularitas
1630 3269 1842 3324 dicitur.

257 3365 393 3434 Ergo
416 3365 460 3416 si
495 3363 773 3416 solitarius
796 3363 1186 3429 interpretatur
1207 3359 1526 3412 vocabulum
1550 3358 1800 3412 monachi
1829 3375 1842 3411 :

260 3457 381 3525 quid
420 3453 564 3509 ‘facit
597 3455 651 3507 in
690 3453 869 3515 turba,
902 3451 995 3520 qui
1035 3450 1181 3504 solus
1205 3446 1331 3505 est?
1358 3448 1517 3505 Plura
1547 3457 1672 3502 smn
1698 3450 1845 3504 enim

261 3562 450 3618 genera
478 3546 900 3600 monachorum.

328 3635 651 3700 Ctenobitm,
680 3646 814 3704 qttos
847 3649 944 3688 nos
993 3636 1047 3687 in
1077 3633 1347 3688 communi
1395 3632 1634 3686 viventes
1660 3647 1849 3698 possu-

265 3743 378 3782 mus
413 3727 711 3797 appellare.
735 3721 1056 3780 Caenobium
1087 3726 1228 3779 enim
1251 3719 1606 3794 plurimorum
1640 3731 1740 3777 est.

331 3814 682 3872 An‘aeboritte
717 3824 861 3879 sunt,
891 3816 981 3884 qui
1011 3823 1232 3884 propter
1280 3812 1633 3867 cmuobialem
1683 3813 1848 3865 vitam

269 3909 472 3964 deserta
515 3915 730 3978 petunt,
762 3914 815 3959 et
847 3906 943 3960 soli
978 3906 1226 3959 habitant
1275 3919 1370 3973 per
1398 3904 1610 3958 deserta
1643 3915 1656 3954 :
1683 3909 1737 3955 et
1781 3901 1848 3954 ab

269 4020 348 4068 eo,
379 4005 522 4074 quod
559 4003 743 4073 procul
772 4003 839 4055 ab
864 4001 1173 4055 hominibus
1227 4003 1606 4059 recesserunt,
1630 3994 1720 4048 tali
1750 4008 1847 4047 no-

273 4096 409 4148 mine
436 4099 836 4159 mmcupantur.
871 4090 977 4144 Sed
1010 4088 1338 4142 anachor‘lta‘:
1368 4081 1576 4139 Heliam
1607 4091 1661 4138 et
1692 4079 1851 4136 JOan-

272 4199 408 4245 ncm,
440 4181 727 4236 t‘d‘llol‘tlt'e
753 4180 1021 4249 apostolos
1052 4177 1352 4232 imitantur.

337 4274 592 4329 Eremitte
629 4274 664 4326 ii
713 4281 839 4326 sunt
875 4273 964 4341 qui
998 4278 1051 4325 et
1094 4270 1448 4346 Ianachoritze,
1483 4269 1550 4321 ab
1575 4268 1848 4320 hominum

275 4375 559 4427 conspectu
602 4365 818 4427 remoti,
853 4373 1093 4418 eremttm
1140 4370 1192 4416 et
1241 4363 1484 4416 desertas
1537 4359 1851 4414 solitudines

277 4464 603 4524 appetentes.
666 4448 797 4505 Nam
828 4462 1066 4505 eremum
1113 4449 1310 4502 dicitur
1356 4448 1504 4516 quasi
1564 4455 1846 4500 remotum.

1947 3287 2057 3350 alii,
2099 3286 2190 3356 qni
2247 3296 2559 3355 perversum
2617 3279 2810 3349 dogma
2865 3276 3236 3345 excogitantes
3295 3272 3522 3326 arbitrio

1948 3394 2044 3434 suo
2069 3377 2136 3432 de
2161 3375 2388 3432 ecclesia
2419 3375 2781 3428 recesserunt.
2811 3367 2936 3422 Inde
2972 3379 3100 3436 ergo
3126 3363 3348 3420 haeresis
3378 3363 3518 3418 dicta

1946 3469 2135 3524 Graeca
2204 3482 2338 3521 voce
2394 3480 2462 3520 ex
2533 3458 2980 3530 interpretatione
3049 3455 3349 3516 electionis,
3420 3469 3522 3522 qua

1946 3558 2173 3627 quisque
2210 3555 2435 3608 arbitrio
2485 3569 2583 3607 suo
2637 3553 2702 3604 ad
2756 3549 3081 3604 instituenda
3115 3548 3227 3600 sive
3258 3546 3324 3599 ad
3349 3545 3520 3599 susci-

1948 3648 2140 3720 pienda
2169 3644 2421 3715 qumlibet
2459 3645 2572 3714 ipse
2603 3642 2701 3696 sibi
2729 3640 2910 3712 elegit.
2950 3637 3114 3692 Nobis
3136 3649 3266 3691 vero
3287 3635 3420 3689 nihil
3459 3649 3526 3687 ex

1948 3746 2137 3792 nostro
2168 3733 2390 3788 arbitrio
2417 3731 2668 3785 inducere
2693 3727 2820 3784 licet
2850 3745 2862 3781 :
2896 3729 2988 3782 sed
3012 3741 3110 3780 nec
3133 3725 3351 3794 eligere,
3379 3722 3522 3792 quod

1951 3828 2142 3898 aliquis
2170 3827 2235 3879 de
2267 3823 2491 3878 arbitrio
2514 3837 2610 3876 suo
2637 3819 2926 3874 induxerit.
2959 3814 3236 3884 Apostolos
3282 3812 3377 3867 Dei
3422 3813 3526 3865 ha-

1948 3919 2138 3973 bemus
2181 3925 2453 3975 auctores,
2502 3911 2624 3978 quia
2671 3923 2770 3962 nec
2824 3907 2920 3975 ipsi
2965 3906 3255 3974 quidquam
3312 3914 3378 3955 ex
3428 3916 3524 3955 suo

1949 4007 2198 4069 arltitrio,
2230 4003 2372 4074 quod
2414 4001 2756 4057 inducerent,
2785 3995 3059 4065 elegerunt
3088 4013 3099 4046 :
3130 3994 3222 4047 sed
3247 4003 3524 4060 acceptam

1951 4113 1980 4150 a
2002 4095 2220 4152 Christo
2255 4090 2590 4160 disciplinam
2625 4087 2854 4142 ﬁdeliter
2884 4082 3192 4138 nationibus
3215 4083 3525 4149 assignave-

1953 4196 2095 4242 rttnt.
2125 4185 2311 4254 Itaque
2350 4184 2506 4234 etiam
2537 4181 2582 4232 si
2616 4176 2830 4246 angelus
2860 4177 2923 4230 de
2952 4175 3091 4229 caelis
3120 4173 3271 4227 aliter
3311 4189 3527 4242 evange-

1953 4278 2207 4342 lizaverit,
2249 4275 2525 4328 anathema
2552 4263 2828 4323 vocabitur
2851 4265 3048 4336 (Colat.
3075 4266 3136 4335 l).

2025 4366 2184 4423 Secta
2221 4378 2248 4419 a
2275 4364 2529 4418 sectando
2553 4370 2606 4416 et
2635 4361 2865 4415 tenendo
2894 4353 3336 4412 nom'mata.Nam
3353 4360 3527 4407 sectas

1952 4459 2179 4513 dicimus
2217 4455 2431 4509 habitus
2473 4452 2798 4512 animorum,
2827 4465 2889 4503 ac
2931 4449 3174 4500 instituta
3206 4446 3346 4499 circa
3374 4444 3532 4498 disci-

341 4546 486 4597 ᾹδΙκι
537 4552 738 4607 amem,
782 4554 967 4628 εγτυπι
998 4554 1218 4603 "Ome",
1246 4539 1514 4608 Signiﬁcat
1542 4539 1592 4591 'm
1623 4537 1846 4628 lalmni"
1875 4569 1928 4628 D
1952 4550 2153 4618 plinam
2188 4545 2435 4607 ﬁdeliter,
2461 4540 2544 4598 ve'l
2571 4540 2901 4612 propositum
2934 4551 3094 4607 quem
3129 4534 3314 4608 [quod]
3344 4543 3529 4588 tonen-

277 4645 438 4703 patcr.
484 4633 646 4700 Quod
697 4633 890 4686 Paulus
911 4627 1178 4686 'Romanis
1212 4632 1455 4685 scribens
1495 4629 1744 4699 exposuit
1772 4623 1852 4681 dl-

279 4739 396 4779 t'cns
426 4741 439 4778 :
475 4724 543 4778 In
585 4739 686 4794 quo
715 4730 1024 4787 etamamtts,
1067 4723 1198 4776 abba
1253 4718 1415 4775 Pater
1454 4720 1630 4793 (Rom.
1682 4720 1800 4791 vm)
1836 4735 1850 4773 :

282 4815 479 4870 tluahns
513 4832 645 4870 ttsus
687 4813 904 4885 linguis.
947 4814 1092 4868 Dicit
1119 4815 1260 4868 enim
1307 4815 1440 4870 abha
1471 4812 1610 4883 Syro
1642 4813 1855 4867 nomine

280 4918 496 4975 patrem,
528 4917 584 4962 et
610 4915 798 4961 rursus
819 4906 1015 4959 Latine
1041 4906 1303 4968 nominat,
1339 4906 1391 4959 id
1420 4914 1524 4970 est,
1545 4913 1780 4974 patrem.

877 4991 1105 5050 CAPUT
1141 4994 1250 5048 VII.

747 5086 819 5140 De
877 5088 1074 5139 caeteris
1129 5081 1390 5153 fidelibus.

349 5178 690 5233 Christianus
734 5190 935 5246 autem,
965 5189 1224 5250 quantum
1254 5173 1632 5248 interpretatio
1678 5182 1856 5234 Osten-

289 5268 377 5330 dit,
408 5263 473 5324 de
513 5270 768 5324 unctione
795 5269 1095 5337 deducitur,
1129 5270 1332 5328 sivede
1358 5273 1572 5327 nomine
1601 5271 1851 5335 auctoris,

289 5369 338 5414 et
365 5363 646 5415 creatoris.
695 5362 739 5414 Α
771 5357 988 5416 Christo
1018 5359 1160 5418 enim
1185 5353 1475 5419 Christiani
1505 5371 1627 5417 sunt
1664 5377 1858 5432 cogno-

291 5453 465 5506 minati
497 5470 510 5504 :
545 5453 623 5507 sic
653 5469 680 5506 a
709 5445 846 5508 Iuda
877 5449 1070 5508 Judaei.
1117 5453 1192 5510 De
1241 5440 1486 5526 magistri
1535 5453 1730 5526 quippe
1762 5468 1849 5507 no-

295 5544 428 5598 mine
473 5557 770 5614 cognomen
822 5545 1177 5602 sectatoribus
1220 5544 1401 5607 datum
1443 5555 1544 5618 eg.
1571 5538 1859 5604 Christiani

295 5643 464 5687 autem
493 5626 620 5688 olim
664 5647 693 5686 a
733 5631 952 5700 Iudaeis,
1001 5635 1154 5706 quasi
1183 5637 1252 5690 σι)
1277 5632 1646 5706 opprobrium,
1677 5630 1860 5688 Naza—

296 5725 400 5776 reni
423 5718 758 5778 vocabantur
783 5743 794 5776 :
825 5742 922 5794 pro
947 5741 1011 5781 eo
1045 5727 1186 5799 quod
1207 5716 1471 5782 Dominus
1495 5713 1679 5781 noster
1705 5733 1863 5794 atque

303 5805 539 5868 Salvator
594 5829 624 5869 a
673 5815 790 5871 viCo
826 5812 1067 5872 Galilaeae
1095 5805 1407 5872 Nazareni“
1452 5816 1525 5872 sit
1549 5815 1861 5888 appellatus.

1962 4641 2029 4695 do
2064 4644 2382 4706 sequuntur,
2431 4621 2593 4702 longe
2639 4631 2742 4684 alia
2796 4629 2848 4682 in
2904 4627 3180 4699 religionis
3213 4626 3359 4680 cultu
3418 4623 3530 4684 oni—

1961 4737 2172 4788 nantes,
2200 4739 2358 4794 quam
2383 4721 2588 4776 caeteri.

2032 4817 2279 4872 Schisma
2329 4815 2396 4868 ab
2440 4814 2674 4867 scissura
2722 4815 3022 4864 animorum
3055 4816 3267 4862 vocata.
3327 4805 3528 4860 Eodem

1961 4906 2101 4963 enim
2131 4907 2278 4960 cultu
2329 4902 2724 4966 schismaticus,
2778 4900 3071 4968 eodemque
3119 4897 3224 4950 ritu
3250 4895 3442 4959 credit,
3472 4901 3532 4948 ut

1962 4996 2142 5053 caeteri
2173 5015 2184 5049 :
2215 4994 2328 5050 solo
2358 4993 2789 5065 congregationis
2834 4990 3131 5045 delectatur
3167 4989 3410 5044 discidio.
3446 4987 3531 5041 Fit

1956 5099 2131 5144 autem
2161 5088 2418 5151 schisma,
2450 5100 2570 5140 cum
2599 5085 2788 5139 dicunt
2819 5083 3063 5136 homines
3104 5099 3115 5133 :
3145 5079 3251 5133 Nos
3296 5077 3530 5131 sanctifi-

1959 5193 2145 5234 cantus
2174 5176 2501 5239 immundos,
2533 5183 2586 5229 et
2615 5182 2811 5228 caetera
2842 5172 3059 5226 similia.

2034 5269 2356 5338 Superstitio
2383 5267 2523 5322 dicta
2552 5281 2634 5329 eo,
2666 5264 2806 5334 quod
2839 5264 2910 5317 sit
2938 5257 3204 5332 superflua
3231 5268 3322 5314 aut
3349 5274 3507 5327 super

1968 5359 2153 5414 stituta
2180 5357 2502 5411 observatio.
2533 5355 2637 5409 Alii
2670 5354 2857 5409 dicunt
2877 5367 2905 5406 a
2931 5349 3165 5416 senibus,
3216 5352 3306 5419 qui
3355 5348 3531 5402 multis

1967 5450 2123 5504 annis
2177 5449 2496 5518 superStites
2533 5458 2633 5516 per
2659 5455 2868 5500 aetatem
2899 5444 3128 5499 delirant
3151 5449 3203 5494 et
3231 5447 3415 5494 errant
3439 5453 3527 5492 sn-

1965 5540 2284 5612 perstitione
2310 5535 2559 5608 quadam,
2586 5524 2887 5592 nescientes
2925 5546 3042 5602 quae
3075 5539 3284 5585 veteres
3329 5527 3528 5586 coltmt,

1970 5639 2064 5685 aut
2093 5641 2214 5700 quae
2240 5637 2480 5684 veterum
2506 5626 2680 5698 ignari
2711 5626 2992 5679 asciscant.
3026 5620 3304 5676 Lucretius
3351 5626 3527 5671 autem

1971 5722 2410 5790 superstitionem
2425 5720 2554 5774 dicit
2569 5716 2984 5788 superstantiam
3018 5709 3286 5774 rerum,id
3312 5715 3396 5762 est
3423 5722 3532 5760 cte-

1964 5812 2188 5868 ie‘stinm
2234 5817 2285 5867 et
2320 5809 2642 5876 divinorum,
2692 5821 2811 5879 quae
2862 5818 3021 5876 super
3067 5816 3168 5856 nos
3207 5807 3351 5856 stant
3393 5793 3532 5853 :sed
