3896 6344
338 406 406 462 95
974 401 1033 455 B.
1076 396 1331 454 RABANI
1368 396 1588 453 MAURI
1623 392 1944 450 ARCHIEP.
1986 390 2296 447 MOGUNT.
2338 388 2623 446 OPERUM
2663 389 2841 444 PARS
2876 388 2942 445 Η.
3529 378 3607 437 96

334 518 475 566 male
521 517 669 567 dicit.
697 512 1092 565 Haereticorum
1132 515 1314 561 autem
1365 507 1617 576 dogmata
1659 515 1720 558 ut
1757 504 1913 557 facile
1941 505 1992 564 Α
2019 513 2170 559 ratus
2227 505 2434 568 doctor,
2486 502 2549 555 in
2589 502 2996 558 diﬁinitionibus
3057 505 3171 558 suis
3227 505 3610 562 ecclesiastica

332 603 542 674 possint
585 603 826 673 agnosci,
854 616 1049 657 causas
1069 613 1284 665 eorum,
1311 599 1397 654 vel
1442 600 1661 654 nomina
1697 598 1917 654 demun-

333 691 497 746 strari
523 699 757 763 oportet.

947 780 1174 836 CAPUT
1211 780 1303 835 IX.

737 871 818 926 De
853 872 1151 926 haeresibus'
1166 869 1500 926 Iudaeorum.

403 961 544 1018 Sunt
563 963 706 1017 enim
722 963 961 1019 haereses
980 962 1314 1029 Iudaeorum,
1331 979 1467 1032 quas
1484 964 1700 1033 quidam
1725 979 1914 1020 eoru

330 1061 522 1108 contra
546 1052 706 1107 ﬁdem
737 1052 938 1108 Christi
967 1053 1318 1127 reperientes,
1345 1055 1498 1123 pravi
1527 1055 1795 1123 dogmatis
1824 1070 1916 1109 au-

328 1151 509 1198 ctores
535 1142 877 1206 exstiterunt,
909 1157 1140 1213 quorum
1167 1143 1282 1197 haec
1305 1152 1432 1198 sunt
1467 1143 1684 1197 nomina
1719 1161 1731 1196 :
1766 1143 1793 1198 1
1827 1142 1907 1196 Ef-

329 1235 457 1299 mei,
486 1234 524 1287 2
547 1232 778 1299 Galilaei,
815 1236 849 1288 '5
891 1234 1205 1298 Marbonzci,
1235 1233 1269 1286 4
1302 1233 1562 1297 Genistaa,
1590 1234 1623 1287 5
1653 1234 1911 1300 Meristaa,

329 1323 362 1376 6
390 1324 688 1388 Sadducaei,
721 1325 751 1379 7
777 1324 1062 1392 Pharisaei,
1108 1327 1141 1380 8
1179 1325 1491 1389 Herodiani,
1523 1326 1558 1381 9
1601 1325 1912 1392 Samaritae,

330 1412 398 1466 10
427 1413 936 1484 Hemerobaptistze.

398 1503 568 1559 Efnaei
640 1505 828 1559 dicunt
892 1505 1167 1560 Christum
1221 1506 1469 1561 docuisse
1529 1506 1647 1561 illos
1695 1521 1913 1564 omnem

326 1594 732 1648 abstinentiam.
1174 1599 1178 1602 '

397 1685 602 1742 Calilaei
653 1696 709 1743 et
759 1688 859 1759 ipsi
906 1689 1094 1745 dicunt
1148 1688 1423 1745 Christum
1454 1690 1667 1744 venisse
1704 1697 1761 1744 et
1811 1689 1912 1745 do-

324 1783 504 1838 cuisse
553 1796 669 1848 eos,
718 1799 786 1838 ne
829 1785 1074 1840 dicerent
1134 1785 1423 1838 Dominum
1451 1783 1742 1848 Caesarem,
1774 1797 1912 1839 neve

324 1876 440 1944 ejus
468 1876 691 1930 monitis
717 1885 1016 1931 uterentur.

394 1964 683 2021 Marbonaei
735 1966 942 2031 dicunt,
975 1967 1150 2036 ipsum
1183 1982 1308 2024 esse
1343 1965 1640 2031 Christum,
1694 1966 1789 2036 qui
1817 1966 1913 2021 do-

324 2058 434 2111 cuit
474 2057 592 2111 illos
620 2057 676 2110 in
704 2057 850 2112 omni
876 2072 935 2112 re
959 2058 1261 2126 baptizare.

395 2146 631 2200 Genistae
667 2153 1026 2214 praesumunt,
1061 2147 1319 2216 quoniam
1344 2148 1410 2200 de
1453 2162 1654 2216 genere
1678 2147 1912 2204 Abrahae

323 2247 469 2294 sunt.
501 2237 638 2293 Nam
668 2253 792 2294 cum
816 2239 870 2292 in
898 2237 1230 2309 Babylonem
1261 2239 1504 2292 venisset
1526 2239 1760 2308 populus
1786 2239 1908 2306 Dei,

321 2329 568 2400 plerique
611 2330 980 2400 relinquentes
1013 2345 1213 2384 uxores
1259 2345 1408 2394 suas,
1441 2329 1752 2401 Babyloniis
1785 2346 1908 2384 mu-

320 2418 543 2474 lieribus
620 2419 986 2475 adhaeserunt.
1044 2418 1273 2485 Quidam
1343 2428 1523 2474 autem
1599 2420 1911 2476 Israeliticis

323 2508 589 2580 coniugiis
628 2510 888 2574 contenti,
923 2509 1010 2564 vel
1058 2525 1121 2564 ex
1163 2511 1242 2565 eis
1293 2511 1480 2579 geniti,
1526 2511 1651 2564 dum
1703 2513 1928 2567 reversi

323 2612 508 2658 essent
552 2604 620 2658 de
662 2604 974 2676 Babylonia,
1009 2604 1310 2658 diviserunt
1336 2619 1394 2658 se
1423 2605 1491 2659 ab
1516 2605 1662 2660 omni
1686 2605 1904 2674 populo,

323 2702 376 2748 et
405 2686 814 2765 assumpserun't
853 2695 953 2749 sibi
985 2710 1182 2749 nomen
1209 2693 1506 2762 iactantia.

394 2783 625 2840 Meristac
655 2794 910 2855 separant
941 2787 1260 2855 scripturas,
1293 2801 1399 2840 non
1421 2785 1707 2841 credentes
1733 2789 1910 2841 omni-

322 2874 422 2928 bus
447 2875 755 2945 prophetis;
786 2876 1049 2935 dicentes.
1077 2877 1197 2931 aliis
1230 2886 1286 2932 et
1325 2877 1446 2931 aliis
1476 2877 1762 2948 spiritibus
1787 2879 1908 2935 illos

323 2965 690 3035 prophetasse.

396 3054 674 3110 Sadducaei
723 3057 1169 3126 interpretantur,
1213 3059 1394 3127 justi:
1426 3059 1714 3115 vendicant
1759 3062 1905 3116 enim

322 3147 444 3210 sibi,
502 3149 643 3217 quod
700 3163 807 3204 non
846 3158 1018 3205 sunt:
1053 3159 1251 3220 negant
1309 3153 1788 3219 resurrectionem,
1833 3155 1908 3209 di-

323 3246 508 3291 centes
536 3257 548 3290 :
582 3239 784 3292 dictum
831 3251 913 3293 est
960 3241 1012 3294 in
1044 3240 1238 3295 Genesi
1272 3243 1400 3296 Adae
1428 3261 1440 3295 :
1472 3242 1552 3296 De
1579 3253 1718 3296 terra
1746 3262 1822 3310 es,
1858 3255 1905 3299 et

325 3329 378 3379 in
411 3337 604 3382 terram
638 3329 736 3383 ibis
777 3326 927 3400 (Gen.
962 3329 1062 3401 tu).
1124 3330 1190 3384 Hi
1231 3331 1469 3400 quinque
1505 3340 1715 3387 tantum
1742 3333 1911 3390 libros

324 3415 458 3485 legis
491 3418 760 3486 recipiunt
804 3419 1234 3488 :prophetarum
1287 3429 1468 3475 autem
1519 3422 1777 3476 vaticinia
1825 3437 1912 3476 re-

325 3516 540 3575 spuunt.

397 3598 653 3654 Pharisa>i
695 3609 895 3670 negant
923 3601 1200 3657 Christum
1233 3602 1466 3666 venisse,
1499 3616 1599 3656 nec
1632 3600 1739 3654 ulla
1764 3598 1819 3655 in
1853 3616 1912 3656 re

330 3702 494 3757 supra
517 3688 674 3743 dictis
707 3689 1129 3745 communicant.
1164 3690 1423 3745 Pharisaei
1451 3691 1667 3760 quidem
1699 3699 1755 3744 et
1781 3689 1913 3744 Sad-

332 3777 497 3830 ducmi
538 3777 677 3831 inter
705 3793 762 3833 se
792 3781 1051 3833 contrarii
1083 3787 1226 3832 sunt.
1261 3778 1396 3832 Nam
1425 3778 1685 3832 Pharisaei
1715 3794 1782 3832 ex
1809 3778 1912 3832 He-

331 3867 477 3922 braeo
499 3869 553 3921 in
575 3867 824 3923 Latinum
851 3870 1296 3939 interpretantur,
1327 3870 1479 3922 divisi
1502 3883 1520 3919 .'
1542 3883 1606 3923 eo
1635 3869 1777 3936 quod
1806 3878 1914 3922 tra-

331 3957 595 4013 ditionum
647 3970 703 4014 et
745 3962 1204 4026 Observationum,
1264 3977 1397 4030 quas
1456 3960 1529 4014 illi
1586 3962 1911 4016 deuterosios

328 4057 544 4111 vocant,
565 4047 830 4116 justitiam
852 4049 1146 4118 praeferant
1171 4068 1182 4102 :
1210 4051 1352 4104 unde
1381 4058 1435 4105 et
1461 4050 1618 4104 divisi
1650 4060 1914 4106 vocantur

331 4150 361 4188 a
393 4137 588 4205 populo
622 4139 776 4206 quasi
806 4153 903 4208 per
925 4137 1212 4206 justitiam.

407 4233 718 4288 Herodiani.
756 4234 1111 4304 Temporibus
1166 4234 1466 4290 Salvatoris
1523 4235 1638 4289 haec
1694 4235 1916 4290 haeresis

337 4325 590 4379 surrexit.
618 4324 684 4378 Hi
713 4323 982 4380 Herodem
1003 4324 1443 4396 magniﬁcabant,
1473 4326 1714 4381 dicentes
1738 4325 1915 4396 ipsum

333 4431 452 4470 esse
484 4415 778 4469 Christum.

407 4504 688 4559 Samaritae
709 4521 946 4575 quoque,
977 4506 1238 4568 custodes,
1268 4506 1713 4574 interpretantur,
1743 4505 1836 4573 qui
1861 4505 1914 4559 in

337 4597 509 4649 locum
564 4595 744 4659 Israel,
767 4594 882 4662 jam
915 4597 1127 4664 captivo
1156 4604 1210 4648 et
1264 4597 1574 4648 transducto
1609 4597 1660 4648 in
1692 4594 1915 4664 Babylo-

338 4686 480 4737 niam
531 4686 746 4754 populo,
799 4687 1043 4740 translati
1095 4688 1314 4740 suntin
1355 4695 1549 4738 terram
1581 4687 1764 4761 decem
1818 4685 1915 4737 tri-

338 4773 500 4824 buum
533 4791 545 4826 :
579 4782 633 4827 et
661 4789 730 4828 ex
784 4783 941 4845 parte
979 4777 1094 4830 sine
1126 4777 1240 4846 lege
1283 4776 1646 4830 lsraelitarmn
1687 4791 1914 4829 consue—

338 4864 572 4918 tudinem
644 4865 909 4919 obtinent.
965 4867 1054 4920 lsti
1117 4867 1407 4935 prophetas
1469 4879 1577 4918 non
1624 4863 1912 4931 recipiunt,

339 4963 500 5022 atque
541 4956 593 5008 in
623 4957 1092 5011 observationibus
1129 4959 1242 5011 suis
1271 4972 1300 5009 a
1329 4955 1530 5010 Judaeis
1551 4955 1800 5009 omnibus
1823 4969 1910 5008 se-

338 5056 599 5114 parantur
627 5064 638 5099 :
670 5061 900 5116 quorum
930 5048 1244 5115 superstitio
1268 5046 1453 5114 procul
1477 5046 1638 5098 dubio
1663 5045 1914 5099 omnibus

340 5144 464 5189 nota
487 5145 590 5192 est.

414 5225 892 5298 Hemerobaptistae
934 5229 1084 5293 dicti,
1152 5243 1216 5282 eo
1280 5227 1422 5297 quod
1465 5228 1702 5296 quotidie
1743 5227 1910 5282 vesti-

344 5325 521 5370 menta
553 5332 647 5370 sua
691 5327 746 5371 et
774 5333 1000 5386 corpora
1048 5319 1246 5374 lavent.
1305 5317 1571 5371 Praeterea
1598 5317 1778 5386 plures
1807 5317 1915 5372 ha:—

344 5424 524 5464 resunt
549 5412 757 5480 species
784 5411 1149 5476 inveniuntur,
1175 5427 1293 5481 qua:
1318 5412 1371 5466 in
1395 5409 1726 5478 temporibus
1753 5407 1910 5462 Chri-

343 5501 535 5555 stiauis
579 5512 927 5572 exortsegper
973 5505 1281 5558 inventores
1328 5512 1384 5558 et
1433 5518 1692 5572 sequaces
1724 5518 1914 5557 eorum

347 5593 504 5647 ﬁdem
528 5594 851 5650 catholicam
877 5597 1191 5668 impugnare
1221 5597 1393 5651 solitaa
1423 5605 1564 5659 sunt,
1588 5611 1723 5664 quas
1753 5597 1915 5648 etiam

348 5683 506 5739 Pater
529 5686 859 5756 Augustinus
904 5689 970 5742 ad
1007 5687 1436 5755 Quodvultdeum
1466 5689 1750 5743 diaconum
1785 5685 1917 5740 scri-

348 5775 501 5842 bens,
553 5780 683 5833 satis
735 5782 1022 5837 manifeste
1075 5783 1331 5840 declarat.
1375 5781 1480 5835 Sed
1541 5781 1664 5849 quia
1723 5793 1920 5833 memo-

2023 597 2274 664 dogmata
2320 608 2666 658 enumerans,
2726 595 2855 664 quid
2898 593 3247 661 credendum,
3274 595 3471 665 quidve
3514 609 3610 652 cr

2019 687 2252 744 vendum
2277 687 2368 751 sit,
2405 686 2580 740 lucide
2608 685 2898 756 descripsit
2932 700 2946 738 :
2982 687 3185 740 omisso
3220 687 3608 744 haereticorum

2018 777 2284 847 catalogo,
2321 776 2444 832 fidei
2467 776 2744 832 catholica:
2755 775 2880 844 jura
2913 776 2970 830 in
2987 776 3091 832 hoc
3119 791 3286 847 opere
3306 778 3606 838 inserenda

2019 882 2319 924 censemus.

2639 956 2868 1014 CAPUT
2904 958 2972 1013 X.

2018 1050 2096 1104 De
2149 1049 2543 1119 cii/finitionibus
2605 1060 2758 1105 recte
2821 1051 2948 1119 ﬁdei
3013 1061 3062 1105 et
3129 1051 3604 1111 ecclesiasticarum

2647 1121 2968 1191 dogmatum.

2089 1227 2376 1282 Credimus
2429 1244 2596 1282 unum
2625 1229 2793 1282 Deum
2821 1244 2940 1284 esse
2982 1229 3199 1287 Patrem
3231 1241 3288 1288 et
3321 1234 3520 1289 Filium
3547 1244 3610 1291 et

2019 1316 2278 1386 Spiritum
2307 1326 2574 1373 sanctum.
2610 1318 2828 1373 Patrem
2857 1334 2943 1383 eo,
2968 1322 3111 1389 quod
3141 1321 3337 1377 habeat
3383 1324 3552 1379 ﬁlium
3584 1344 3599 1380 :

2017 1411 2214 1465 Filium
2244 1425 2328 1478 eo,
2361 1411 2504 1482 quod
2554 1412 2752 1466 habeat
2778 1421 2989 1482 patrem
3025 1413 3323 1485 :Spiritum
3351 1427 3600 1473 sanctum

2016 1519 2082 1558 eo
2127 1505 2270 1574 quod
2315 1518 2382 1558 ex
2435 1503 2598 1560 Patre
2655 1513 2712 1558 et
2771 1503 2909 1560 Filio
2938 1506 3216 1574 procedat.
3257 1507 3424 1561 Pater
3471 1524 3606 1580 ergo

2018 1593 2340 1663 principium
2392 1593 2620 1647 Deitatis
2670 1611 2682 1646 :
2726 1593 2819 1663 qui
2865 1593 3007 1646 sicut
3047 1609 3321 1663 nunquam
3361 1595 3463 1649 fuit
3493 1612 3602 1652 non

2017 1685 2181 1749 Deus,
2238 1686 2312 1739 ita
2339 1701 2618 1754 nunquam
2642 1701 2747 1739 non
2775 1684 2878 1738 fuit
2897 1699 3003 1737 non
3029 1684 3208 1740 Pater.
3230 1688 3277 1740 A
3303 1703 3410 1757 quo
3433 1688 3605 1744 Filius

2017 1784 2178 1830 natus
2207 1794 2220 1828 :
2254 1791 2283 1829 a
2311 1791 2418 1844 quo
2450 1775 2686 1844 Spiritus
2716 1786 2935 1832 sanctus
2963 1793 3072 1832 non
3125 1786 3309 1844 natus,
3339 1779 3464 1846 quia
3495 1795 3602 1835 non

1940 1858 1991 1917 B
2018 1872 2102 1919 est
2119 1864 2290 1918 Filius
2314 1883 2326 1916 :
2352 1879 2527 1934 neque
2555 1865 2847 1935 ingenitus,
2862 1865 2987 1936 quia
3014 1881 3123 1920 non
3151 1875 3234 1922 est
3261 1868 3424 1922 Pater
3455 1887 3468 1923 :
3501 1885 3604 1924 nec

2017 1955 2192 2010 factus
2228 1955 2464 2025 Spiritus
2493 1964 2732 2019 sanctus,
2764 1955 2890 2024 quia
2917 1971 3025 2010 non
3055 1963 3138 2011 est
3161 1972 3228 2010 ex
3256 1957 3425 2010 nihilo
3455 1977 3467 2010 :
3505 1958 3601 2013 sed

2013 2061 2083 2099 ex
2129 2047 2242 2100 Deo
2267 2045 2448 2109 Patre,
2491 2053 2544 2098 et
2590 2044 2699 2098 Deo
2745 2043 2881 2097 Filio
2915 2043 3059 2098 Deus
3085 2045 3402 2113 procedens.
3437 2046 3602 2101 Pater

2013 2146 2247 2192 atternus
2301 2152 2383 2200 eo,
2447 2137 2589 2204 quod
2640 2136 2836 2190 habeat
2872 2136 3068 2190 Filium
3112 2144 3394 2201 reternum,
3445 2136 3600 2206 cujus

2012 2239 2246 2283 aeternus
2288 2229 2360 2283 sit
2386 2228 2567 2282 Pater.
2600 2226 2768 2281 Filius
2790 2235 3028 2282 aeternus
3057 2243 3142 2291 eo,
3186 2229 3329 2297 quod
3355 2230 3425 2282 sit
3448 2228 3597 2284 Patri

2011 2329 2067 2375 et
2093 2319 2316 2388 Spiritui
2345 2329 2532 2374 sancto
2559 2330 2876 2375 coaeternus.
2914 2319 3150 2390 Spiritus
3200 2330 3421 2375 sanctus
3447 2328 3598 2375 aeter-

2014 2426 2115 2464 nus
2140 2425 2226 2474 eo,
2252 2411 2394 2478 quod
2417 2410 2487 2463 sit
2520 2409 2668 2461 Patri
2696 2417 2750 2462 et
2791 2409 2930 2464 Filio
2952 2417 3253 2463 coaeternus
3286 2428 3297 2439 ·
3324 2425 3432 2464 non
3463 2426 3594 2464 con-

2015 2502 2130 2556 iusa
2182 2503 2236 2555 in
2285 2515 2392 2554 una
2436 2514 2670 2568 persona
2715 2498 2976 2562 Trinitas,
3019 2507 3080 2552 ut
3113 2497 3380 2553 Sabellius
3419 2500 3591 2553 dicit:

2010 2607 2186 2661 neque
2238 2599 2485 2660 separata
2524 2598 2620 2643 aut
2665 2589 2836 2643 divisa
2883 2590 2939 2642 in
2981 2597 3175 2642 natura
3217 2589 3488 2652 divinitas,
3537 2598 3596 2642 ut

2011 2685 2172 2740 Arius
2199 2684 2537 2754 blasphemat
2563 2701 2574 2734 :
2606 2683 2699 2736 sed
2730 2681 2866 2736 alter
2891 2682 2945 2735 in
2988 2697 3219 2750 persona
3249 2683 3429 2745 Pater,
3461 2683 3597 2738 alter

2012 2783 2065 2835 in
2087 2795 2316 2851 persona
2350 2778 2544 2842 Filius,
2568 2777 2706 2830 alter
2732 2777 2782 2830 in
2816 2791 3045 2846 persona
3077 2775 3316 2847 Spiritus
3341 2786 3591 2831 sanctus:

2010 2886 2149 2925 unus
2176 2872 2229 2924 in
2270 2869 2547 2924 naturain
2599 2875 2784 2922 sancta
2817 2867 3083 2921 Trinitate
3131 2866 3274 2921 Deus
3310 2866 3491 2929 Pater,
3540 2879 3597 2924 et

2008 2959 2198 3024 Filius,
2246 2969 2302 3015 et
2331 2959 2565 3029 Spiritus
2614 2967 2853 3013 sanctus.
2889 2958 3006 3012 Non
3037 2957 3201 3011 Pater
3248 2972 3470 3012 carnem
3513 2974 3600 3013 as-

2009 3053 2237 3122 sumpsit
2265 3065 2441 3121 neque
2473 3051 2707 3121 Spiritus
2736 3058 2956 3105 sanctus
2984 3067 2997 3102 :
3033 3050 3124 3103 sed
3155 3050 3326 3104 Filius
3361 3060 3594 3117 tantum,

2011 3152 2071 3198 ut
2094 3145 2186 3213 qui
2213 3150 2332 3198 erat
2372 3144 2424 3196 in
2455 3143 2735 3196 divinitate
2756 3141 2933 3195 Patris
2964 3142 3057 3195 Dei
3080 3140 3272 3205 Filius,
3297 3143 3414 3211 ipse
3443 3141 3598 3198 fieret

2013 3236 2064 3288 in
2089 3235 2304 3289 homine
2333 3234 2566 3288 hominis
2608 3232 2748 3286 ﬁlius
2775 3250 2786 3283 :
2831 3247 2897 3285 ne
2927 3231 3021 3284 ﬁlii
3048 3247 3244 3286 nomen
3268 3234 3335 3286 ad
3364 3233 3594 3287 alterum

2014 3323 2278 3377 transiret
2329 3323 2420 3390 qui
2467 3337 2572 3376 non
2613 3331 2757 3376 esset
2809 3322 3091 3375 nativitate
3146 3322 3305 3376 ﬁlius.
3348 3323 3440 3376 Dei
3467 3340 3598 3394 ergo

2013 3413 2172 3478 ﬁlius,
2222 3412 2456 3467 hominis
2505 3412 2677 3467 factus
2718 3422 2802 3466 est
2839 3411 2980 3466 ﬁlius
3032 3427 3047 3465 :
3099 3422 3259 3467 natus
3295 3415 3594 3468 secundum

2012 3503 2296 3556 veritatem
2324 3511 2532 3556 natura:
2562 3517 2626 3555 ex
2655 3503 2765 3557 Deo
2800 3501 2894 3557 Déi
2921 3503 3062 3558 ﬁlius
3090 3513 3146 3558 et
3179 3506 3475 3560 secundum
3499 3520 3594 3558 ve-

2015 3594 2228 3647 ritatem
2257 3601 2465 3646 natura:
2487 3606 2554 3646 ex
2580 3593 2798 3647 homine
2827 3593 3061 3648 hominis
3088 3593 3229 3649 ﬁlius
3262 3612 3275 3648 :
3306 3603 3365 3647 ut
3395 3597 3598 3649 veritas

2013 3683 2176 3752 geniti
2197 3698 2303 3738 non
2327 3684 2632 3753 adoptione,
2664 3699 2770 3739 non
2802 3684 3203 3754 appellatione:
3235 3686 3330 3740 sed
3364 3686 3414 3738 in
3445 3695 3597 3738 utra-

2012 3789 2118 3842 que
2143 3774 2424 3828 uativitate
2451 3774 2544 3827 ﬁlii
2578 3789 2772 3828 nomen
2803 3776 3074 3829 nascendo
3095 3775 3338 3836 haberet,
3368 3784 3422 3829 et
3451 3784 3599 3830 esset

2014 3879 2174 3918 verus
2224 3865 2364 3918 Deus
2407 3873 2461 3919 et
2501 3879 2660 3919 verus
2714 3866 2896 3928 homo,
2945 3880 3085 3919 unus
3112 3864 3273 3918 ﬁlius.
3320 3863 3436 3919 Non
3465 3880 3599 3934 ergo

2015 3960 2148 4013 duos
2174 3959 2442 4023 Christos,
2488 3975 2663 4029 neque
2708 3963 2840 4015 duos
2867 3960 3004 4014 ﬁlios
3036 3979 3048 4012 τ
3079 3961 3172 4014 sed
3209 3961 3377 4014 Deum
3417 3969 3471 4014 et
3502 3962 3600 4016 ho-

2015 4049 2215 4102 minem
2243 4065 2406 4102 unum
2441 4049 2629 4114 ﬁlium,
2679 4065 2836 4119 quem
2867 4061 3153 4120 propterea
3181 4060 3236 4105 et
3259 4051 3598 4121 unigenitum

2017 4140 2245 4194 dicimus
2292 4149 2597 4195 manentem
2648 4142 2701 4195 in
2725 4142 2933 4196 duabus
2983 4143 3297 4198 substantiis
3328 4160 3340 4194 :
3371 4143 3510 4196 sicut
3548 4143 3599 4198 ei

2016 4238 2223 4284 natura:
2259 4231 2461 4285 veritas
2490 4230 2737 4294 contulit,
2771 4247 2876 4285 non
2906 4231 3143 4286 confusis
3169 4234 3378 4285 naturis
3423 4247 3598 4301 neque

2018 4325 2290 4388 immistis,
2340 4325 2497 4378 sicuti
2542 4323 2876 4377 Timochiani
2921 4323 3153 4377 volunt:
3196 4325 3289 4377 sed
3343 4323 3600 4379 societate

2018 4415 2202 4469 unitis.
2244 4413 2384 4468 Deus
2434 4430 2563 4484 ergo
2620 4416 2893 4469 hominem
2931 4415 3274 4484 assumpsit:
3329 4415 3491 4468 homo
3543 4416 3597 4471 in

2021 4504 2189 4558 Deum
2211 4506 2483 4569 transivit,
2514 4521 2620 4559 non
2645 4515 2851 4560 natura:
2877 4505 3250 4572 versibilitate,
3274 4507 3413 4562 sicut
3435 4507 3600 4575 Apol-

2019 4595 2278 4649 linaristze
2311 4596 2496 4649 dicunt
2531 4614 2542 4648 :
2575 4597 2668 4650 sed
2699 4597 2792 4650 Dei
2849 4597 3176 4666 dignatione,
3219 4607 3280 4650 ut
3313 4612 3410 4651 nec
3457 4598 3600 4655 Deus

2017 4694 2317 4741 mutaretur
2344 4689 2396 4740 in
2418 4689 2705 4741 humanam
2730 4689 3104 4750 substantiam,
3140 4689 3462 4743 assumendo
3494 4689 3596 4744 ho-

2019 4779 2215 4832 minem
2245 4797 2256 4831 :
2285 4794 2382 4832 nec
2422 4780 2583 4832 homo
2609 4780 2661 4832 in
2685 4781 2940 4843 divinam,
2959 4780 3289 4848 gloriticatus
3313 4779 3365 4831 in
3391 4779 3594 4851 Deum:

2017 4871 2142 4938 quia
2171 4869 2396 4922 mutatio
2423 4869 2505 4922 vel
2530 4869 2854 4923 versibilitas
2877 4878 3081 4923 natura
3101 4877 3156 4923 et
3180 4869 3597 4924 diminutionem

2017 4967 2071 5012 et
2095 4957 2438 5011 abolitionem
2468 4957 2780 5012 substantia:
2805 4957 2952 5012 facit.
2979 4957 3231 5013 Creditur
3250 4974 3281 5011 a
3306 4959 3460 5013 nobis
3483 4960 3600 5016 sine

2013 5045 2326 5100 confusione
2367 5046 2651 5113 conjuncta
2683 5047 2941 5110 Trinitas,
2970 5048 3084 5100 sine
3111 5048 3453 5115 separatione
3487 5049 3600 5102 dis-

2013 5138 2200 5191 tincta.
2237 5136 2402 5191 Natus
2431 5148 2516 5192 est
2539 5153 2668 5206 ergo
2697 5138 2792 5193 Dei
2825 5137 2967 5191 (llius
2991 5154 3057 5192 ex
3098 5139 3314 5194 homine
3335 5180 3349 5202 ,
3387 5149 3440 5194 et
3488 5156 3596 5195 non

2016 5244 2111 5297 per
2141 5229 2407 5294 homines,
2441 5229 2490 5282 id
2521 5237 2626 5295 est,
2658 5246 2764 5284 non
2788 5245 2853 5283 ex
2886 5229 2985 5282 viri
3017 5231 3161 5284 coitu
3192 5230 3354 5300 (sicut
3388 5229 3595 5284 Hebion

2017 5318 2187 5389 dicit)
2223 5337 2235 5370 :
2268 5319 2358 5372 sed
2400 5335 2619 5374 carnem
2666 5335 2732 5373 ex
2776 5319 3002 5388 virginis
3027 5334 3255 5388 corpore
3298 5320 3515 5373 trahens
3541 5328 3598 5374 et

2023 5426 2127 5464 non
2174 5412 2240 5466 de
2266 5411 2402 5465 cmlo
2452 5426 2632 5466 secum
2663 5409 2890 5466 aﬂ‘erens
2914 5411 3074 5481 (sicut
3098 5411 3368 5472 Marcaon,
3405 5409 3595 5479 Orige-

2022 5518 2137 5566 nes,
2182 5510 2236 5557 et
2273 5491 2540 5572 Eutyches
2565 5501 2876 5572 aﬂlrmant),
2909 5515 3083 5568 neque
3113 5501 3164 5553 in
3190 5500 3491 5568 phantasia,
3539 5499 3594 5553 id

2021 5604 2124 5659 est,
2167 5596 2370 5662 absque
2412 5593 2637 5646 veritate
2668 5592 2828 5662 (sicut
2863 5589 3176 5643 Valentinus
3205 5589 3409 5643 scilicet
3443 5586 3594 5660 dicit)

2025 5701 2200 5755 neque
2229 5684 2428 5754 doleysi
2458 5681 2722 5754 [domini],
2755 5682 2807 5734 id
2829 5689 2910 5734 est
2935 5679 3176 5748 putative
3200 5677 3545 5747 imaginatum
3573 5690 3590 5730 :

2025 5778 2118 5830 sed
2145 5792 2339 5845 corpus
2364 5791 2569 5837 verum,
2586 5790 2691 5828 non
2721 5783 2930 5826 tantum
2955 5785 3173 5825 carnem
3191 5784 3257 5821 ex
3279 5781 3442 5821 carne
3467 5764 3590 5834 (sic-
