3896 6344
249 357 308 412 97
1228 352 1317 408 DE
1360 351 1704 409 UNIVERSO
1742 351 1920 407 LIBRI
1959 351 2118 409 XXII.
2161 383 2230 394 —
2267 354 2394 409 LIB.
2434 356 2522 412 IV.
3412 379 3481 435 93

249 476 301 520 ut
346 463 672 532 Marcianus)
701 463 797 517 sed
827 478 986 519 verus
1013 466 1152 520 Deus
1189 480 1254 519 ex
1305 465 1601 530 divinitate,
1635 474 1688 519 et
1717 480 1812 520 ve-
1840 472 1893 530 Α
1915 467 2226 523 inveniendi
2281 479 2426 538 sunt,
2474 481 2528 528 et
2557 473 2661 531 hoc
2706 478 2786 532 eis
2814 482 3051 548 reputari
3086 499 3186 553 pro
3242 502 3484 548 resurre-

247 571 333 610 rus
381 554 543 608 homo
572 567 638 605 ex
671 567 836 607 carne
874 572 886 607 :
918 571 1055 610 unus
1088 555 1229 609 ﬁlius
1260 555 1312 609 in
1355 555 1656 620 divinitate,
1687 554 1815 610 Ver-

245 647 364 701 bum
390 643 593 707 Patris,
623 651 680 698 et
698 645 841 700 Deus
877 647 930 700 in
957 647 1192 712 homine,
1224 648 1400 702 anima
1432 657 1485 702 et
1509 664 1654 703 caro.
1686 649 1814 703 Ani-

245 753 324 793 ma
354 749 460 789 non
486 735 694 805 absque
732 752 894 792 sensu
921 746 977 792 et
1005 739 1228 803 ratione,
1255 748 1314 793 ut
1334 739 1696 808 Apollinaris;
1724 754 1815 794 ne-

244 841 339 896 que
369 841 498 881 caro
547 827 754 898 absque
783 831 986 895 anima,
1035 838 1096 884 ut
1119 829 1426 886 Anomocus
1459 849 1470 884 :
1505 830 1598 886 sed
1633 832 1812 886 anima

244 933 357 972 cum
398 919 608 974 ratione
654 935 750 975 sua
783 939 796 974 :
826 930 882 975 et
909 936 1039 976 caro
1081 937 1202 977 cum
1243 923 1494 978 sensibus
1526 924 1639 979 suis
1675 943 1686 977 :
1718 939 1814 995 per

243 1026 368 1080 quos
414 1026 608 1067 sensus
650 1028 811 1068 veros
857 1014 912 1067 in
961 1014 1209 1083 passione
1255 1023 1312 1068 et
1348 1023 1471 1070 ante
1510 1017 1813 1084 passionem

242 1107 414 1162 carnis
442 1122 555 1162 suae
583 1107 799 1164 dolores
824 1109 1098 1164 sustinuit.
1130 1108 1314 1178 Neque
1344 1109 1423 1164 sic
1450 1121 1534 1164 est
1561 1119 1718 1166 natus
1746 1125 1811 1164 ex

243 1199 459 1270 virgine,
508 1209 569 1254 ut
595 1200 819 1254 deitatis
847 1200 1059 1255 initium
1085 1201 1247 1255 homo
1287 1201 1556 1256 nascendo
1592 1217 1813 1272 accepe-

243 1291 306 1344 rit
339 1291 558 1360 :quasi,
595 1301 886 1362 antequam
934 1307 1002 1347 ex
1044 1291 1252 1362 virgine
1296 1300 1628 1357 nasceretur,
1674 1292 1814 1347 Deus

242 1399 338 1436 non
391 1380 578 1446 fuerit,
611 1382 752 1438 sicut
777 1382 1036 1437 Artemon
1085 1389 1140 1436 et
1180 1381 1410 1437 Berillus
1435 1391 1488 1435 et
1529 1381 1813 1436 Marcellus

242 1476 532 1531 docuerunt
561 1494 575 1529 :
601 1476 696 1531 sed
717 1485 952 1531 aeternus
971 1476 1114 1531 Deus
1136 1475 1298 1531 homo
1329 1491 1396 1529 ex
1417 1475 1628 1546 virgine
1657 1484 1813 1530 natus

240 1577 332 1623 est.
373 1566 515 1620 Nihil
548 1576 789 1621 creatum
821 1575 913 1620 aut
942 1567 1182 1622 serviens
1213 1568 1268 1621 in
1297 1566 1562 1620 Trinitate
1592 1567 1814 1621 creden-

242 1658 377 1719 dum,
415 1665 473 1710 ut
499 1656 613 1710 vult
635 1657 922 1728 Dionysius
950 1656 1070 1711 fons
1098 1657 1211 1710 Arii
1247 1675 1259 1709 :
1289 1656 1425 1710 nihil
1451 1656 1732 1725 inmquale,
1754 1664 1814 1710 ut

242 1746 528 1802 Eunomius
555 1765 568 1799 :
594 1747 728 1801 nihil
750 1748 920 1817 gratia
945 1746 1170 1816 aequale,
1199 1754 1258 1800 ut
1285 1740 1398 1800 vult
1415 1746 1606 1801 Ethius
1640 1765 1650 1800 :
1681 1746 1814 1800 nihil

241 1840 468 1894 anterius
525 1839 895 1910 posteriusve,
946 1847 1039 1892 aut
1086 1839 1283 1904 minus,
1317 1846 1378 1891 ut
1418 1839 1578 1893 Arius

241 1939 554 1986 extraneum
583 1939 676 1984 aut
715 1929 939 1983 olﬁciale
973 1929 1149 1995 alteri,
1176 1937 1238 1983 ut
1259 1928 1604 1984 Macedonius
1630 1948 1642 1982 :
1676 1930 1812 1986 nihil

241 2023 586 2092 persuasione
628 2031 721 2076 aut
773 2021 1106 2090 surreptione
1168 2020 1455 2086 insertum,
1516 2030 1577 2074 ut
1648 2021 1812 2075 Mani-

241 2114 410 2167 chacus
440 2131 454 2166 :
487 2112 626 2166 nihil
649 2126 987 2180 corporeum,
1033 2120 1091 2164 ut
1115 2111 1296 2165 Melito
1321 2121 1377 2166 et
1401 2111 1764 2166 Tertullianus
1795 2130 1808 2164 :

241 2201 363 2254 nihil
391 2200 752 2270 corporaliter
777 2199 1090 2270 eﬁigiatum,
1133 2208 1192 2254 ut
1240 2200 1731 2269 Anthropoformus
1759 2210 1813 2256 et

241 2290 502 2346 Vadianus
541 2309 556 2344 :
603 2291 736 2345 nihil
775 2291 877 2345 sibi
918 2290 1204 2355 invisibile,
1249 2299 1308 2344 ut
1334 2289 1594 2360 Origenes
1633 2291 1812 2347 :nihil

240 2381 490 2435 creaturis
536 2379 765 2443 visibile,
798 2388 858 2433 ut
885 2378 1214 2434 Fortunatus
1248 2394 1262 2432 :
1293 2380 1428 2433 nihil
1457 2379 1698 2434 moribus
1727 2379 1812 2434 vel

241 2471 505 2525 voluntate
556 2471 850 2534 diversum,
905 2478 968 2522 ut
1005 2469 1240 2525 Marcion
1291 2488 1303 2521 :
1345 2471 1478 2524 nihil
1531 2471 1813 2524 Trinitatis

241 2562 468 2617 essentia
498 2561 570 2615 ad
596 2569 969 2616 creaturarum
997 2569 1247 2616 naturam
1276 2561 1585 2626 deductum,
1611 2571 1671 2616 ut
1696 2560 1816 2614 Pla—

243 2660 294 2708 to
326 2660 377 2706 et
428 2649 800 2706 Tertullianus
854 2669 869 2703 :
909 2650 1044 2703 nihil
1071 2649 1244 2705 olﬁcio
1290 2651 1583 2722 singulare,
1613 2667 1714 2706 nec
1741 2652 1817 2704 al-

245 2742 334 2796 teri
365 2739 839 2805 communicabile,
887 2748 946 2793 ut
981 2738 1239 2811 Origenes
1270 2759 1282 2793 :
1326 2741 1458 2795 nihil
1507 2741 1810 2807 confusum,

244 2840 296 2885 ut
341 2830 610 2886 Sabellius
652 2849 666 2882 ;
706 2829 800 2884 sed
829 2845 995 2883 unum
1025 2829 1344 2898 perfectum,
1376 2832 1502 2900 quia
1549 2839 1720 2886 totum
1749 2846 1814 2885 ex

243 2936 358 2985 uno,
383 2929 438 2976 et
461 2935 657 2985 unum,
687 2934 794 2974 non
836 2927 1018 2974 tamen
1045 2920 1366 2986 solitarium,
1395 2929 1454 2976 ut
1484 2930 1818 2992 prmsumunt

246 3011 505 3082 Sylvanus
536 3022 594 3068 et
619 3021 871 3082 praxetos
897 3013 1337 3083 penthapolitana
1378 3015 1699 3070 damnabilis
1728 3013 1816 3068 illa

245 3101 498 3157 doctrina.

1913 556 2095 613 ctione
2125 574 2194 614 ex
2223 562 2470 628 mortuis,
2498 565 2641 633 quod
2679 569 3058 626 mortalitatem
3111 575 3485 639 immutatione

1913 648 2202 718 deponant,
2228 665 2335 705 non
2362 662 2554 709 morte:
2582 657 2954 729 quolibetquis
2965 665 3276 733 acquiescat
3299 674 3479 740 modo,

1914 753 2019 793 non
2033 749 2116 795 est
2130 742 2435 807 haereticus,
2452 746 2552 801 nisi
2569 751 2915 806 contentione
2932 755 3213 815 haereticus
3228 760 3340 816 ﬁat.
3363 763 3486 819 Suf—

1913 829 2027 884 ilcit
2053 833 2198 886 enim
2244 833 2300 886 in
2349 834 2602 892 Ecclesiae
2632 840 2979 911 lege,.carnis
3034 855 3480 910 resurrectionem

1913 921 2136 977 credere
2190 922 2424 980 futuram
2453 929 2519 983 de
2538 939 2732 986 morte.
2783 933 2935 1001 Quod
2952 948 3132 994 autem
3176 942 3405 1000 dicimus
3430 947 3485 1001 in

1913 1015 2189 1083 symbolo,
2232 1018 2287 1071 in
2318 1019 2546 1074 adventu
2562 1022 2772 1078 Domini
2797 1027 2946 1084 vivos
2972 1046 3036 1086 ac
3057 1043 3297 1090 mortuos
3336 1037 3483 1107 judi-

1914 1105 2134 1171 candos,
2159 1122 2264 1161 non
2290 1107 2468 1177 justos
2491 1119 2545 1164 et
2569 1124 2884 1182 peccatores
2905 1118 3170 1188 judicare,
3199 1105 3484 1183 sicut‘Dio-

1911 1191 2079 1249 dorus
2126 1197 2432 1269 signiﬁcare
2477 1209 2664 1269 putat;
2706 1205 2856 1262 vivos
2904 1224 3015 1275 eos,
3069 1213 3161 1281 qui
3212 1215 3265 1268 in
3319 1232 3484 1272 carne

1913 1282 2218 1342 inveniendi
2269 1298 2415 1355 sunt,
2460 1291 2604 1356 dicit,
2638 1294 2728 1361 qui
2763 1296 2940 1353 adhuc
2967 1301 3216 1357 morituri
3261 1307 3485 1361 credun-

1916 1381 2022 1439 tur,
2053 1376 2135 1430 vel
2189 1377 2530 1442 immutandi,
2581 1383 2721 1436 sicut
2746 1385 2836 1438 alii
2886 1389 3091 1454 volunt,
3146 1402 3206 1446 ut
3242 1397 3485 1450 suscitati

1912 1465 2170 1518 continuo
2209 1466 2292 1521 vel
2344 1468 2620 1524 reformati
2669 1486 2796 1527 cum
2868 1486 2994 1530 ante
3064 1483 3292 1537 mortuis
3345 1485 3486 1554 judi-

1912 1562 2122 1608 centur.

1983 1642 2115 1698 Post
2168 1649 2622 1706 resurrectionem
2649 1660 2703 1706 et
2747 1650 3006 1719 judicium
3055 1673 3163 1714 non
3205 1663 3488 1720 credamus

1916 1735 2311 1815 restitutiopem
2351 1738 2604 1805 futuram,
2635 1757 2740 1811 qua
2767 1743 3027 1814 Origenes
3053 1749 3266 1817 delirat,
3297 1761 3355 1806 ut
3381 1753 3487 1808 dae-

1629 1857 1641 1892 ;
1682 1838 1813 1892 nihil
1840 1821 1887 1880 B
1920 1841 2107 1882 mones
2137 1811 2221 1882 vel
2250 1829 2400 1899 impii
2431 1832 2676 1887 homines
2708 1845 2829 1904 post
2859 1811 3149 1906 tormenta,
3180 1811 3334 1912 quasi
3357 1860 3485 1914 sup-

1914 1916 2094 1987 pliciis
2117 1921 2422 1989 expurgati,
2464 1921 2546 1975 vel
2576 1922 2650 1975 illi
2694 1924 2748 1976 in
2782 1926 3077 1996 angelicam
3109 1930 3350 1998 redeant,
3382 1949 3488 2003 qua

1914 2009 2086 2060 creati
2113 2019 2258 2073 sunt,
2296 2009 2646 2078 dignitatem;
2679 2013 2762 2066 vel
2792 2015 2878 2068 isti
2914 2015 3184 2084 justorum
3231 2023 3489 2077 societate

1915 2096 2207 2164 donentur,
2237 2113 2302 2152 eo
2340 2101 2481 2167 quod
2509 2101 2610 2156 hoc
2651 2103 2844 2158 divinae
2873 2109 3157 2162 conveniat
3184 2111 3387 2179 pietati,
3421 2129 3490 2168 ne

1917 2191 2044 2259 quid
2078 2206 2146 2246 ex
2178 2191 2533 2246 rationalibus
2578 2204 2765 2263 pereat
2799 2201 3081 2265 creaturis,
3132 2205 3226 2258 sed
3251 2204 3490 2272 quolibet

1915 2278 2077 2332 modo
2115 2278 2410 2333 salventur.
2464 2279 2571 2336 Sed
2600 2297 2699 2337 nos
2745 2287 3026 2343 credamus
3055 2290 3156 2360 ipsi
3182 2291 3346 2360 iudici
3376 2309 3491 2348 om-

1916 2367 2064 2420 nium
2095 2376 2152 2422 et
2184 2369 2500 2425 retributori
2523 2370 2691 2439 justo,
2721 2375 2813 2443 qui
2855 2378 2989 2432 dixit
3015 2394 3029 2432 :
3059 2379 3218 2437 Ibunt
3265 2385 3412 2454 impii
3436 2385 3492 2438 in

1915 2455 2231 2525 supplicium
2275 2467 2550 2526 externum,
2586 2462 2723 2530 justi
2750 2475 2924 2520 autem
2951 2470 3008 2522 in
3036 2471 3194 2524 vitam
3241 2484 3491 2528 wternam

1918 2543 2135 2614 (Matth.
2189 2545 2340 2618 xxv),
2373 2557 2433 2602 ut
2475 2551 2778 2622 percipiant
2812 2553 3050 2612 fructum
3092 2574 3316 2630 operum
3371 2577 3495 2619 suo—

1917 2651 2038 2691 rum
2045 2678 2056 2690 .

1989 2726 2056 2781 In
2085 2730 2342 2800 principio
2364 2733 2555 2786 creavit
2607 2733 2748 2789 Deus
2774 2737 2960 2792 calum
2999 2749 3048 2793 et
3093 2750 3286 2796 terram
3335 2736 3490 2815 (Gen.

1919 2821 1958 2889 ι)
1990 2828 2045 2873 et
2076 2836 2270 2890 aquam
2301 2839 2366 2876 ex
2395 2823 2578 2878 nihilo.
2610 2825 2679 2879 Et
2704 2840 2826 2880 cum
2851 2829 3027 2884 adhuc
3054 2832 3287 2888 tenebrre
3322 2833 3493 2903 ipsam

1920 2925 2116 2979 aquam
2146 2913 2501 2979 occultarent,
2529 2924 2584 2969 et
2607 2931 2747 2985 aqua
2785 2927 2982 2974 terram
3008 2921 3382 2991 absconderet,
3407 2923 3494 2979 fa-

1918 3003 1990 3056 cti
2022 3013 2149 3058 sunt
2199 3006 2372 3075 angeli
2432 3016 2486 3060 et
2513 3021 2702 3063 omnes
2729 3009 2980 3066 C(elestes
3027 3013 3255 3068 virtutes
3301 3025 3493 3071 utnon

1919 3093 2093 3148 otiosa
2119 3093 2214 3148 Dei
2239 3095 2480 3162 bonitas,
2523 3098 2618 3152 sed
2654 3100 2878 3155 haberet
2905 3102 2960 3155 in
2984 3104 3180 3172 quibus
3202 3120 3301 3175 per
3329 3105 3493 3160 multa

309 3193 604 3250 Omousion
652 3211 783 3265 ergo
838 3205 923 3250 es;
988 3197 1043 3249 in
1109 3196 1390 3252 άίνίηίωιθ
1415 3196 1595 3252 pan-is
1624 3197 1810 3252 Filius,
1843 3191 1890 3253 ο
1921 3193 2047 3239 ante
2079 3187 2250 3255 spatia
2288 3188 2582 3244 bonitatem
2647 3206 2801 3245 suam
2835 3194 3172 3260 ostenderet;
3224 3203 3278 3248 et
3305 3196 3378 3250 ita
3409 3197 3496 3251 hic

245 3283 530 3340 Omousion
563 3283 712 3339 Patri
739 3293 795 3339 et
824 3283 960 3339 Filio
988 3283 1221 3353 Spiritus
1247 3296 1483 3342 sanctus.
1517 3286 1813 3342 Omousion

247 3375 347 3430 Deo
371 3384 424 3429 et
449 3375 682 3440 homini,
709 3390 850 3429 unus
879 3375 1021 3429 ﬁlius
1062 3389 1288 3431 manens
1341 3377 1482 3432 Deus
1517 3378 1570 3430 in
1600 3377 1819 3432 homine

249 3483 338 3522 suo
366 3468 420 3522 in
445 3467 622 3539 gloria
655 3467 848 3538 patris,
878 3465 1250 3522 desiderabilis
1299 3468 1470 3523 videri
1497 3469 1567 3523 ab
1593 3469 1816 3538 angelis,

248 3570 376 3616 sicut
421 3561 590 3616 Pater
615 3569 670 3614 et
700 3559 937 3630 Spiritus
965 3567 1182 3614 sanctus
1228 3561 1486 3615 adoratur
1515 3561 1581 3614 ab
1617 3562 1821 3631 angelis

247 3658 298 3705 et
329 3651 394 3704 ab
424 3651 576 3704 omni
603 3641 852 3704 creatura
884 3669 897 3702 :
933 3666 1036 3703 non
1086 3651 1246 3704 homo
1275 3661 1472 3720 praeter
1493 3651 1663 3706 Deum
1691 3671 1702 3704 :
1736 3653 1820 3707 vel

249 3735 482 3793 Christus
511 3755 636 3794 cum
665 3738 797 3803 Deo,
836 3739 976 3794 sicut
1014 3738 1295 3794 Nestorius
1318 3741 1661 3811 blasphemat
1685 3760 1698 3796 :
1729 3743 1824 3798 sed

253 3830 400 3886 homo
427 3831 481 3885 in
519 3832 631 3886 Deo
662 3839 718 3885 et
743 3832 796 3884 in
824 3830 1042 3885 homine
1068 3832 1227 3886 Deus.

316 3921 426 3975 Erit
456 3921 790 3976 resurrectio
817 3928 1150 3975 mortuorum
1183 3920 1483 3988 hominum,
1504 3922 1598 3977 sed
1625 3938 1733 3976 una
1770 3933 1824 3978 et

253 4013 428 4078 semel,
457 4029 568 4069 non
592 4013 764 4083 prima
787 4011 1081 4081 iustorum,
1107 4022 1162 4068 et
1189 4014 1422 4069 secunda
1451 4024 1820 4085 peccatorum,

252 4116 306 4160 ut
339 4106 519 4162 fabula
550 4107 890 4161 somniatur:
922 4107 1016 4161 sed
1046 4121 1152 4162 una
1183 4108 1423 4162 omnium
1452 4126 1464 4161 :
1503 4117 1558 4162 et
1582 4109 1628 4162 si
1654 4109 1706 4162 id
1734 4124 1824 4163 re-

252 4211 460 4268 surgere
491 4197 708 4259 dicitur,
749 4196 892 4267 quod
919 4197 1064 4252 cadit
1089 4215 1100 4250 :
1134 4212 1262 4252 caro
1285 4213 1414 4268 ergo
1443 4207 1629 4253 nostra
1653 4199 1708 4252 in
1729 4214 1824 4253 ve-

254 4291 401 4345 ritate
453 4291 713 4362 resurgit,
759 4291 902 4346 sicut
951 4291 1004 4344 in
1046 4291 1277 4345 veritate
1306 4291 1449 4345 cadit
1479 4311 1491 4343 :
1522 4300 1577 4346 et
1598 4306 1706 4346 non
1737 4307 1824 4346 se-

253 4384 476 4438 cundum
508 4382 802 4453 Origenem
833 4383 1136 4437 immutatio
1175 4397 1460 4452 corporum
1488 4384 1610 4448 erit,
1641 4383 1693 4436 id
1718 4392 1822 4447 est,

255 4473 388 4528 aliud
428 4488 629 4528 novum
654 4487 853 4541 corpus
879 4487 976 4540 pro
1000 4487 1163 4526 carne
1187 4491 1200 4524 :
1231 4473 1326 4527 sed
1345 4473 1534 4527 eadem
1563 4487 1688 4527 caro
1710 4487 1826 4526 cor-

1919 3275 2147 3330 visibilis
2185 3278 2415 3333 mundus
2448 3293 2516 3333 ex
2541 3280 2768 3334 materia
2813 3296 2934 3350 quae
2963 3297 2993 3335 a
3026 3282 3135 3338 Deo
3165 3292 3348 3339 creata
3384 3285 3498 3340 fue-

1918 3377 2024 3432 rat,
2059 3364 2237 3422 factus
2259 3377 2343 3422 est
2374 3380 2431 3422 et
2468 3378 2711 3426 ornatus.
2757 3370 2901 3425 Nihil
2929 3373 3308 3444 incorporeum
3333 3384 3388 3430 et
3415 3376 3498 3431 in-

1918 3455 2132 3511 visibile
2161 3458 2216 3510 in
2248 3466 2442 3512 natura
2469 3460 2820 3527 credendum,
2876 3463 2980 3517 nisi
3010 3463 3184 3519 solum
3215 3466 3401 3531 Deum,
3438 3467 3492 3522 id

1918 3556 2024 3612 est,
2050 3548 2289 3614 Patrem,
2321 3559 2378 3604 et
2405 3550 2619 3616 Filium,
2645 3561 2701 3606 et
2723 3552 2982 3622 Spiritum
3009 3567 3273 3622 sanctum,
3303 3558 3396 3627 qui
3427 3573 3494 3614 ex

1919 3657 1986 3698 eo
2011 3643 2361 3714 incorporeus
2392 3645 2649 3711 creditur,
2699 3647 2827 3716 quia
2863 3648 3063 3718 ubique
3094 3659 3196 3714 est,
3224 3650 3290 3704 'et
3313 3653 3496 3707 omnia

1923 3733 2112 3802 implet
2153 3741 2314 3803 atque
2367 3735 2732 3806 constringit;
2765 3737 2884 3792 ideo
2929 3737 3214 3794 invisibilis
3249 3741 3498 3798 omnibus

1925 3825 2209 3891 creaturis,
2243 3825 2370 3896 quia
2393 3825 2740 3895 incorporeus
2769 3837 2871 3881 est.
2903 3826 3165 3884 Creatura
3193 3822 3370 3887 omnis
3386 3848 3500 3887 cor»

1922 3931 2110 3985 porea,
2137 3917 2309 3987 angeli
2337 3926 2392 3972 et
2413 3933 2602 3973 omnes
2644 3919 2893 3974 caelestes
2943 3922 3173 3979 virtutes
3203 3939 3493 3995 corporeae,

1923 4007 2049 4063 licet
2079 4023 2187 4064 non
2217 4023 2381 4064 carne
2435 4008 2746 4064 subsistant.
2779 4009 2858 4064 Ex
2888 4025 2954 4066 eo
2983 4023 3162 4070 autem
3213 4031 3502 4086 corporeas

1925 4115 2046 4156 esse
2070 4101 2340 4156 credimus
2380 4101 2772 4158 intellectuales
2815 4111 3058 4170 naturas,
3088 4107 3230 4176 quod
3260 4108 3502 4163 localiter

1928 4196 2500 4252 circumscribuntur:
2551 4197 2696 4252 sicut
2745 4205 2799 4252 et
2860 4198 3037 4252 anima
3092 4199 3328 4254 humana
3382 4216 3501 4270 qua:

1927 4304 2091 4363 carne
2132 4287 2442 4343 clauditur:
2475 4297 2529 4344 et
2562 4291 2831 4346 daemones
2857 4291 2949 4361 qui
2999 4307 3097 4361 per
3145 4294 3499 4348 substantiam

1927 4378 2183 4448 angelica:
2212 4389 2418 4435 natura:
2439 4389 2582 4434 sunt.
2611 4381 2946 4438 [mmortales
2991 4385 3260 4439 credimus
3287 4385 3500 4440 intelle-

1929 4473 2136 4526 ctuales
2189 4477 2410 4524 naturas
2457 4485 2576 4540 quae
2610 4485 2771 4525 carne
2800 4482 3008 4537 carent,
3042 4491 3142 4529 nec
3170 4476 3372 4530 habent
3394 4491 3502 4545 quo

255 4563 513 4631 ruptibilis
567 4570 675 4615 tam
707 4561 979 4630 justorum
1009 4576 1170 4629 quam
1221 4560 1544 4631 injustorum
1577 4576 1703 4616 caro
1742 4561 1825 4614 in-
1850 4548 1902 4607 D
1929 4561 2147 4625 cadant,
2179 4567 2238 4612 ut
2257 4559 2654 4613 resurrectione
2705 4567 2895 4629 egeant
2942 4568 3063 4628 post
3091 4562 3326 4614 ruinam.
3376 4561 3502 4615 Inde

255 4651 613 4721 corruptibilis
643 4651 878 4722 resurgit
904 4668 917 4704 :
954 4660 1013 4704 ut
1044 4649 1127 4705 vel
1153 4661 1366 4720 poenam
1403 4650 1628 4706 suﬁ‘erre
1653 4651 1824 4722 possit

255 4759 344 4812 pro
369 4743 635 4813 peccatis,
673 4742 759 4796 vel
788 4743 842 4795 in
872 4741 1041 4811 gloria
1085 4749 1283 4796 aeterna
1334 4758 1556 4798 manere
1589 4758 1686 4813 pro
1714 4757 1826 4796 me-

257 4835 384 4889 ritis.
416 4835 671 4891 Omnium
720 4834 864 4887 enim
914 4834 1188 4888 hominum
1239 4835 1344 4888 erit
1378 4834 1724 4889 resurrectio.
1768 4832 1826 4888 Si

256 4927 488 4981 omnium
541 4927 662 4989 erit,
712 4940 841 4995 ergo
887 4939 1077 4979 omnes
1115 4925 1442 4992 moriuntur,
1497 4935 1556 4980 ut
1583 4941 1730 4980 mors
1757 4926 1826 4981 ab

257 5015 418 5072 Adam
449 5019 614 5072 ducta
641 5015 893 5072 omnibus
938 5014 1064 5069 ﬁliis
1110 5015 1226 5085 ejus
1251 5016 1576 5081 dominetur,
1626 5025 1682 5070 et
1705 5031 1823 5070 ma-

259 5115 346 5160 net
370 5107 499 5161 illud
529 5107 870 5178 privilegium
902 5105 958 5160 in
988 5105 1238 5169 Domino,
1262 5107 1406 5175 quod
1430 5106 1497 5160 de
1525 5122 1590 5162 eo
1612 5107 1823 5177 specia-

259 5192 376 5250 liter
397 5197 598 5251 dicitur
622 5212 636 5249 :
675 5198 800 5252 Non
827 5197 976 5252 dabis
1006 5208 1243 5250 sanctum
1270 5206 1418 5250 tuum
1455 5197 1625 5251 videre
1647 5215 1829 5252 corru-

260 5289 476 5357 ptionem
505 5287 678 5356 (Psal.
705 5289 822 5358 xv),
847 5298 903 5344 et
929 5304 1057 5344 caro
1085 5289 1201 5359 ejus
1235 5303 1340 5344 non
1368 5289 1502 5344 vidit
1529 5290 1830 5359 corruptio-

262 5392 396 5434 nem.
443 5378 598 5434 Hanc
642 5379 925 5446 rationem,
980 5381 1213 5435 maxima
1264 5389 1477 5449 patrum
1526 5379 1679 5435 turba
1717 5388 1827 5435 tra-

263 5468 431 5535 dente,
493 5471 850 5541 suscepimus.
908 5469 1111 5526 Verum
1142 5472 1269 5542 quia
1321 5481 1526 5528 suntet
1553 5473 1642 5527 alii
1673 5488 1827 5541 aeque

267 5563 504 5620 catholici
563 5573 619 5618 et
675 5563 873 5619 eruditi
919 5563 1053 5626 viri,
1107 5565 1202 5635 qui
1262 5566 1492 5621 credunt
1552 5566 1726 5620 anima
1773 5567 1828 5620 in

269 5669 480 5727 corpore
538 5666 788 5709 manente
847 5655 1208 5710 immutandos
1250 5657 1317 5710 ad
1369 5657 1826 5725 incorruptionem

270 5747 785 5805 Itinunortalitatem
815 5764 929 5814 eos,
961 5747 1054 5818 qui
1111 5747 1167 5807 in
1206 5747 1438 5802 adventu
1476 5749 1689 5802 Domini
1722 5750 1825 5802 vivi

1929 4652 2234 4706 necessario
2259 4649 2467 4704 animas
2500 4649 2776 4704 hominum
2802 4665 2907 4703 non
2936 4665 3058 4705 esse
3092 4653 3158 4706 ab
3187 4652 3339 4706 initio
3362 4653 3504 4707 inter

1930 4751 2156 4797 caateras
2212 4739 2597 4795 intellectuales
2627 4748 2865 4804 naturas,
2909 4756 3011 4795 nec
3063 4741 3224 4795 simul
3270 4751 3501 4809 creatas,

1931 4836 2069 4889 sicut
2090 4832 2350 4904 Origenes
2363 4832 2544 4901 ﬁngit;
2579 4847 2754 4901 neque
2779 4847 2902 4886 cum
2929 4833 3246 4902 corporibus
3271 4849 3369 4902 per
3395 4833 3508 4888 coi-

1933 4935 2044 4980 tum
2093 4925 2448 4988 seminantur,
2496 4923 2636 4977 sicut
2686 4921 3034 4986 Luciferiani,
3071 4930 3126 4976 et
3171 4922 3403 4993 Cyrillus
3449 4931 3505 4979 et

1930 5019 2095 5088 aliqui
2117 5017 2428 5072 Latinorum
2459 5023 2874 5084 praesumptores
2913 5013 3201 5080 aﬁirmant,
3230 5016 3384 5085 quasi
3412 5033 3508 5072 na-

1932 5117 2067 5163 turae
2108 5106 2498 5177 consequentia
2560 5104 2848 5170 serviente,
2903 5104 2997 5159 sed
3055 5105 3280 5160 dicimus
3307 5120 3503 5176 corpus

1932 5205 2143 5252 tantum
2167 5213 2263 5267 per
2287 5193 2518 5265 coniugii
2541 5194 2786 5265 copulam
2813 5194 3090 5249 seminari.

2004 5291 2346 5347 Creationem
2389 5301 2517 5343 vero
2550 5288 2744 5342 anima:
2771 5287 2947 5344 solum
2976 5295 3277 5344 creatorem
3317 5304 3500 5356 nosse,

1935 5382 2032 5436 Dei
2079 5395 2212 5435 vero
2272 5379 2476 5450 judicio
2546 5377 2835 5447 coagulari,
2898 5386 2954 5434 et
3006 5380 3277 5449 compingi
3338 5390 3501 5452 atque

1936 5471 2185 5527 formari:
2217 5485 2280 5525 ac
2311 5469 2541 5525 formato
2563 5468 2675 5536 jam
2705 5483 2933 5538 corpore
2957 5469 3192 5523 animam
3231 5471 3404 5525 creari
3451 5479 3507 5527 et

1936 5563 2161 5626 infundi,
2196 5572 2256 5616 ut
2278 5563 2418 5616 vivat
2441 5562 2494 5614 in
2520 5568 2672 5616 utero
2696 5560 2857 5614 homo
2881 5575 2946 5614 ex
2969 5559 3148 5614 anima
3178 5568 3433 5617 constans
3450 5570 3505 5616 et

1935 5669 2180 5723 corpore,
2228 5661 2282 5706 et
2315 5653 2621 5721 egrediatur
2652 5653 2802 5706 vivus
2848 5667 2915 5706 ex
2951 5660 3137 5718 utero,
3184 5653 3373 5721 plenus
3404 5653 3504 5707 hu-

1934 5764 2092 5803 mana
2117 5746 2410 5802 substantia
2451 5766 2459 5798 :
2497 5763 2665 5815 neque
2716 5746 2848 5802 «luas
2881 5746 3090 5803 animas
3126 5762 3243 5804 esse
3270 5746 3496 5806 dicimus
