3896 6336
342 319 417 379 90
992 312 1052 367 Β.
1093 307 1350 365 RABANI
1387 307 1609 365 MAURI
1644 306 1972 365 ARGﬂiEP.
2012 305 2322 367 MOGUNT.
2363 305 2649 363 OPERUM
2683 306 2863 364 PARS
2899 306 2966 364 II.

3505 314 3615 372 100

322 436 387 490 in
414 432 789 492 miomne,
832 427 978 486 sicut
1005 422 1243 479 Iacobus
1279 429 1337 475 et
1375 419 1467 475 alii
1490 417 1754 491 Syrorum
1780 419 1920 475 scri-
1948 425 2002 486 Α
2025 427 2081 474 et
2099 417 2340 475 cmlestis
2362 417 2574 487 pariter
2602 416 2856 488 adjutorii
2884 435 2898 472 :
2932 428 2994 474 ut
3020 432 3289 487 ranamur,
3323 424 3613 491 potestatis

321 525 490 581 bunt:
527 536 695 578 una:
712 518 1021 581 animalem,
1048 530 1155 586 qua
1188 514 1458 571 nuntiatur
1481 526 1701 583 corpus,
1738 520 1795 567 et
1820 513 1917 567 im-

322 619 487 673 mista
521 616 593 671 sit
631 612 928 683 sanguine:
974 607 1277 667 etalteraut
1316 606 1638 676 spiritalem,
1679 620 1803 675 quae
1830 620 1917 659 ra-

322 710 526 765 tionem
575 704 887 760 ministret:
938 699 1036 756 sed
1080 698 1314 754 dicimus
1367 711 1533 751 unam
1561 695 1918 766 eamdemque

325 814 450 855 esse
485 810 726 851 animam
753 795 811 849 iu
840 791 1083 856 homine,
1121 803 1243 860 qua
1286 795 1343 842 et
1381 802 1578 858 corpus
1604 800 1704 842 sua
1742 786 1920 841 socie-

329 897 437 943 tate
460 885 716 951 viviﬁcet,
757 892 812 938 et
856 880 1205 951 seluetipsam
1234 894 1353 934 sua
1380 878 1592 933 ratione
1626 877 1913 946 disponat:

325 978 531 1034 habens
555 976 612 1030 in
640 989 700 1029 se
726 973 1037 1029 libertatem
1075 970 1310 1036 arbitrii,
1354 969 1491 1024 utin
1521 983 1630 1024 sua
1660 966 1916 1022 substan.

324 1070 419 1126 tite
443 1068 589 1138 legat
612 1065 971 1136 cogitatione,
1024 1063 1171 1133 quod
1215 1061 1349 1117 vult.
1406 1060 1592 1117 Solum
1641 1060 1915 1115 hominem

325 1160 599 1215 credimus
650 1158 853 1212 habere
908 1169 1143 1209 animam
1203 1151 1641 1209 substantialent.
1699 1164 1821 1219 quae
1865 1157 1921 1204 et

326 1258 490 1305 exuta
516 1262 745 1317 corpore
790 1245 949 1310 vivit,
996 1252 1053 1299 et
1097 1258 1289 1299 sensus
1328 1257 1457 1298 suos
1502 1250 1663 1309 atque
1704 1239 1922 1310 ingenia

324 1341 589 1396 vivaciter
635 1347 830 1395 tenet:
874 1352 1053 1407 neque
1093 1352 1222 1392 cum
1266 1349 1499 1405 corpore
1538 1334 1771 1389 moritur
1797 1374 1811 1398 ,
1862 1341 1923 1387 ut

322 1432 500 1488 Arabs
525 1431 722 1487 asserit
748 1448 761 1484 :
792 1444 971 1499 neque
994 1429 1342 1499 postmodum
1363 1425 1729 1491 interituram,
1778 1425 1926 1479 sicut

326 1521 510 1575 Zenon
537 1520 706 1575 dicit:
749 1521 878 1589 quia
907 1517 1342 1573 substantialiter
1382 1516 1536 1570 vivit.
1587 1514 1921 1569 Animalium

324 1631 456 1672 vero
475 1616 668 1670 anima:
690 1628 797 1669 non
828 1622 954 1668 sunt
979 1612 1323 1668 substantia:
1347 1611 1443 1665 sed
1464 1623 1593 1664 eum
1613 1622 1784 1662 carne
1804 1607 1921 1677 ipsa

326 1706 507 1760 carnis
553 1703 846 1759 vivacitate
890 1713 1229 1757 nascuntur:
1261 1707 1319 1755 et
1364 1713 1490 1753 cum
1515 1695 1698 1752 carnis
1742 1704 1919 1749 nime

2020 520 2225 568 nostra
2254 519 2337 566 est
2364 519 2421 565 et
2441 510 2687 582 ignaviae.

2089 602 2363 674 Beptisma
2388 616 2559 657 unum
2596 610 2699 667 est,
2731 602 2829 658 sed
2851 601 2907 657 in
2932 602 3164 659 ecclesia
3183 643 3200 670 ,
3227 602 3320 659 ubi
3345 620 3452 660 una
3480 604 3619 663 [ideo

2020 703 2104 752 est
2122 695 2215 751 ubi
2243 695 2302 749 in
2326 695 2543 750 nomine
2569 693 2745 751 Patris
2771 705 2825 751 et
2841 695 2966 751 Filii
2992 704 3049 751 et
3071 695 3306 767 Spiritus
3326 698 3499 755 sancti
3519 698 3622 755 da~

2020 794 2129 840 tur.
2158 786 2225 840 Et
2250 785 2373 841 ideo
2403 785 2543 856 siqui
2569 787 2715 856 apud
2732 787 2853 843 illos
2875 789 3163 844 haereticos
3188 788 3443 859 baptizari
3468 800 3618 858 sunt,

2020 879 2116 949 qui
2136 879 2191 933 in
2214 887 2417 932 unctae
2445 877 2728 932 Trinitatis
2748 878 3089 935 confessione
3120 880 3423 950 baptizant,
3443 890 3497 936 et
3526 895 3621 938 ve-

2022 972 2177 1025 niunt
2208 971 2274 1025 ad
2298 986 2396 1025 nos
2424 988 2437 1024 :
2471 970 2803 1040 recipiantur
2848 972 3097 1041 quidem,
3135 971 3293 1041 quasi
3334 971 3619 1043 baptizati,

2022 1081 2092 1123 ne
2126 1074 2325 1121 saneta
2346 1065 2633 1119 Trinitatis
2660 1066 2928 1121 invocatio
2955 1066 3041 1120 vel
3066 1064 3338 1120 confessio
3374 1064 3619 1121 annulle-

2023 1165 2153 1222 tnr;
2186 1156 2281 1211 sed
2308 1156 2607 1210 doceantur
2653 1164 2778 1210 ante
2800 1165 2855 1210 et
2903 1156 3273 1210 instruantur:
3320 1170 3429 1225 quo
3456 1169 3623 1211 sensu

2024 1255 2226 1301 sanetae
2251 1246 2535 1301 Trinitatis
2563 1246 2885 1318 mysterium
2908 1247 2964 1301 in
2990 1246 3221 1302 ecclesia
3252 1256 3517 1302 teneatur.
3555 1246 3626 1301 Et

2025 1340 2164 1396 sicut
2194 1340 2431 1395 seminat
2451 1339 2694 1405 credere,
2712 1339 2793 1395 vel
2822 1338 3176 1408 acquiescnnt
3198 1338 3445 1395 conﬁteri
3464 1354 3479 1392 :
3501 1352 3627 1409 purb

2025 1433 2134 1502 gati
2156 1430 2269 1500 jam
2296 1430 2418 1486 lidei
2456 1430 2780 1501 integritate
2802 1430 3191 1486 conﬁrmentur
3232 1446 3424 1485 manus
3452 1443 3628 1500 impo-

2027 1524 2243 1578 sitione.
2274 1520 2333 1576 Si
2352 1536 2486 1577 vero
2509 1522 2718 1591 parvuli
2754 1535 2882 1576 sunt
2902 1521 2988 1576 vel
3017 1521 3269 1586 hebetes,
3301 1522 3391 1590 qui
3422 1518 3630 1576 doctri-

2027 1627 2154 1666 nam
2210 1627 2316 1667 non
2360 1611 2611 1681 capiant:
2645 1612 3006 1682 respondeant
3056 1628 3155 1681 pro
3198 1611 3303 1665 illis
3327 1652 3341 1678 ,
3381 1611 3474 1680 qui
3507 1609 3626 1665 illos

2028 1700 2260 1757 olerum
2278 1702 2435 1771 juxta
2463 1717 2667 1758 merent
2699 1702 3050 1772 baptizandi:
3092 1713 3149 1758 et
3171 1718 3361 1757 manus
3397 1700 3626 1771 immisi-

325 1797 624 1853 ﬁniuntur:
657 1805 713 1851 et
740 1796 863 1852 ideo
888 1811 989 1851 nec
1018 1795 1227 1849 ratione
1264 1801 1560 1862 reguntur,
1588 1790 1731 1845 sicut
1765 1775 1924 1842 P'lato
1950 1794 2000 1855 Β
2030 1792 2177 1847 tione
2203 1802 2259 1848 et
2282 1794 2577 1848 chrismate
2601 1792 2939 1856 commnniti,
2969 1791 3325 1846 Eucharistia:
3354 1789 3631 1862 mysteriis

327 1897 383 1942 et
403 1887 711 1942 Alexander
730 1896 956 1955 putant:
974 1887 1069 1940 sed
1086 1885 1157 1939 ad
1174 1882 1357 1938 omnia
1387 1882 1598 1937 scilicet
1619 1888 1828 1935 natur-te
1842 1880 1926 1934 in-

326 1976 622 2030 citamenta
662 1975 917 2029 dicuntur
948 1971 1287 2047 [ducuntur].
1316 1973 1513 2027 Anima
1538 1972 1775 2025 humana
1816 1984 1925 2025 non

329 2082 453 2122 cum
483 2081 651 2121 carne
675 2067 926 2131 moritur,
951 2067 1079 2134 quia
1104 2079 1205 2118 nec
1228 2078 1353 2117 cum
1377 2076 1542 2117 carne
1569 2061 1652 2133 (ut
1678 2060 1926 2130 superius

329 2158 587 2229 diximus)
633 2158 970 2213 seminatur:
1021 2157 1117 2211 sed
1155 2156 1387 2209 formato
1418 2156 1473 2208 in
1504 2165 1694 2210 ventre
1734 2154 1927 2209 matris

327 2265 576 2321 corpore,
610 2250 703 2303 Dei
721 2248 930 2319 judicio
957 2247 1131 2303 creari
1153 2254 1207 2301 et
1234 2245 1466 2312 infundi,
1499 2255 1561 2300 nt
1587 2246 1737 2301 vivat
1761 2246 1926 2300 homo

329 2338 480 2394 intus
504 2339 562 2393 in
596 2347 771 2401 utero,
809 2348 865 2394 et
908 2338 989 2395 sic
1037 2336 1301 2407 procedat
1342 2336 1627 2391 nativitate
1672 2337 1731 2391 in
1768 2352 1928 2391 mun-

331 2429 479 2483 dum.

399 2538 619 2595 Duabus
642 2549 962 2595 mutamus
987 2548 1201 2594 constat
1226 2548 1409 2606 homo,
1435 2554 1616 2593 anima
1638 2546 1848 2593 tantum
1872 2547 1929 2593 et

330 2644 496 2685 carne
520 2648 531 2683 :
575 2630 757 2685 anima
791 2644 916 2684 cum
942 2630 1153 2685 ratione
1199 2643 1297 2684 sua
1327 2647 1339 2684 :
1365 2636 1422 2685 et
1452 2644 1621 2687 carne,
1646 2644 1773 2690 cum
1802 2644 1927 2687 sen-

332 2721 485 2777 sibus
536 2721 679 2787 suis,
738 2734 877 2791 quos
911 2728 1097 2777 tamen
1138 2735 1331 2784 sensus
1378 2722 1595 2791 absque:
1620 2722 1818 2775 animae
1843 2736 1929 2776 so-

330 2812 528 2867 cietate
570 2826 678 2865 non
704 2818 887 2866 movet
928 2825 1095 2867 caro:
1136 2812 1318 2865 anima
1363 2822 1493 2866 vero
1537 2818 1593 2871 et
1616 2812 1742 2866 sine
1763 2824 1930 2866 carne

331 2901 600 2957 rationale
642 2916 803 2957 suum
832 2909 1002 2957 tenet.
1031 2901 1150 2957 Non
1179 2913 1263 2958 est
1310 2904 1505 2958 tertius
1538 2903 1595 2957 in
1621 2901 1928 2958 substantia

335 2996 573 3053 hominis
601 2996 845 3066 spiritus,
897 3004 958 3050 ut
985 2995 1246 3067 Didymus
1280 2997 1563 3052 contendit
1589 3014 1605 3050 :
1638 2996 1735 3057 sed
1763 2996 1926 3067 spiri-

332 3100 423 3145 tus
450 3090 566 3162 ipsa
596 3100 682 3144 est
708 3089 891 3143 anima
919 3102 1023 3158 pro
1077 3088 1308 3160 spiritali
1359 3097 1577 3156 natura,
1608 3088 1694 3145 vel
1721 3103 1821 3159 pro
1863 3104 1929 3144 eo

336 3180 482 3252 quod
510 3180 679 3251 spiret
702 3179 763 3233 in
785 3192 1015 3249 corpore
1059 3179 1285 3249 spiritus
1314 3179 1617 3250 appellatur
1644 3197 1658 3232 :
1691 3178 1930 3233 animam

333 3286 464 3330 vero
490 3286 560 3328 ex
586 3285 652 3327 eo
674 3272 883 3337 vocari,
927 3272 1073 3341 quod
1099 3270 1260 3325 datur
1299 3271 1367 3325 ad
1392 3270 1706 3338 vivendum,
1753 3269 1840 3327 vel
1863 3270 1931 3325 ad

333 3362 719 3420 viviﬁcandum
745 3364 951 3417 animet
978 3374 1194 3439 corpus.
1248 3361 1487 3417 Tertium
1519 3376 1647 3417 vero
1673 3362 1931 3439 quoniam

335 3455 404 3509 ab
432 3452 693 3525 Apostolo
719 3465 843 3506 cum
892 3454 1073 3506 anima
1098 3459 1153 3507 et
1191 3462 1417 3522 corpore
1446 3450 1737 3518 inducitur,
1772 3454 1933 3529 spiri-

333 3554 449 3599 tum
471 3543 701 3615 grutiam
726 3540 961 3613 Spiritus
998 3541 1177 3597 sancti
1202 3555 1322 3595 esse
1354 3541 1736 3612 intelligamus,
1768 3558 1932 3611 quam

334 3642 455 3692 orat
478 3632 791 3706 Apostolus,
837 3641 899 3687 ut
922 3634 1133 3704 integra
1162 3642 1475 3703 perseveret
1513 3634 1569 3688 in
1595 3634 1754 3689 nobis
1783 3652 1795 3687 :
1832 3650 1933 3690 nec

333 3734 537 3782 nostro
552 3724 684 3780 vitio
711 3732 806 3777 aut
843 3723 1117 3778 minuatur
1139 3732 1233 3777 aut
1250 3722 1490 3795 fugiamr
1515 3738 1548 3778 a
1571 3726 1729 3781 nobis
1755 3741 1767 3777 :
1804 3724 1931 3795 quia

337 3818 578 3890 Spiritus
602 3824 825 3871 sanctus
858 3815 1078 3887 eﬂ’ngiet
1105 3816 1312 3870 ﬁctum.

405 3955 667 4012 Libertati
702 3954 915 4011 arbitrii
940 3954 1031 4012 sui
1061 3955 1388 4019 commissus
1428 3966 1515 4013 est
1548 3958 1713 4015 homo
1744 3960 1931 4015 statim

335 4048 391 4102 in
415 4048 592 4118 prima
614 4046 807 4104 tunndi
824 4046 1131 4107 conditione
1155 4063 1169 4100 :
1198 4054 1282 4111 ut,
1304 4048 1458 4105 salva
1482 4049 1763 4118 vigilantia
1785 4066 1931 4107 meri—

337 4138 407 4193 tis
440 4138 737 4202 adnitente,
767 4136 932 4191 etiam
955 4136 1213 4205 praecepti
1247 4139 1491 4193 custodia
1518 4151 1926 4207 perseveraret:

337 4232 383 4287 si
410 4230 539 4289 velit
568 4230 624 4284 in
652 4229 729 4295 id,
761 4230 906 4299 quod
931 4236 1147 4286 creatus
1174 4226 1373 4297 fuerat,
1413 4245 1749 4300 permanere.
1781 4233 1932 4290 Post-

337 4334 501 4391 quam
519 4333 650 4374 vero
677 4314 941 4377 seditione
956 4317 1316 4393 [sednctione]
1344 4324 1613 4392 serpentis
1639 4339 1738 4394 per
1758 4325 1929 4387 Evam

338 4410 556 4475 cecidit,
609 4418 817 4466 natura:
844 4408 1047 4463 bonum
1092 4410 1324 4480 perdidit
1350 4414 1554 4483 pariter
1599 4425 1655 4470 et
1684 4416 1928 4487 vigorem

337 4500 571 4565 arbitrii,
597 4515 705 4556 non
736 4512 917 4559 tamen
946 4499 1267 4556 electionem
1297 4519 1310 4554 :
1366 4518 1435 4557 ne
1458 4519 1565 4559 non
1594 4516 1740 4566 esset
1767 4526 1929 4568 suum
1955 4499 2011 4558 Β

338 4590 483 4659 quod
506 4590 822 4646 emendaret
838 4600 1121 4661 peccatum
1146 4609 1160 4645 :
1192 4608 1292 4652 nec
1316 4595 1513 4650 merito
1536 4596 1927 4671 indulgeretur,

337 4680 480 4749 quod
505 4696 612 4736 non
641 4680 868 4738 arbitrio
892 4681 1164 4740 doluisset.

410 4794 591 4849 lauet
614 4795 797 4863 itaque
822 4809 892 4848 au
909 4797 1255 4865 quemdam
1284 4798 1510 4855 salutem
1531 4803 1741 4860 arbitrii
1762 4804 1932 4863 liber-

342 4894 443 4949 las,
470 4885 526 4939 id
553 4893 637 4940 est
668 4884 953 4941 rationalis
973 4886 1219 4943 voluntas
1245 4908 1259 4943 :
1307 4892 1401 4947 sed
1422 4894 1743 4951 admonente
1773 4899 1930 4967 prius

348 4977 467 5039 Deo,
485 4984 541 5031 et
558 4976 821 5031 invitante
834 4978 901 5031 ad
921 4978 1180 5035 salutem:
1210 4990 1268 5035 ut
1284 4983 1639 5056 veleligatvel
1664 4999 1927 5059 sequatur

349 5067 425 5121 vel
455 5077 580 5138 agat
602 5069 889 5123 occasione
902 5069 1109 5136 salutis,
1142 5074 1243 5127 hoc
1264 5083 1368 5140 est,
1393 5077 1751 5146 inspiratione
1778 5082 1875 5137 Dei
1907 5103 1920 5136 :

340 5170 399 5215 ut
429 5169 607 5216 autem
634 5172 1022 5233 consequatur,
1048 5166 1188 5233 quod
1212 5166 1381 5236 eligit,
1407 5169 1488 5222 vel
1506 5172 1651 5239 quod
1676 5177 1929 5243 sequitur

336 5253 423 5307 vel
442 5254 586 5323 quod
610 5256 898 5309 occasione
925 5257 1064 5326 agit:
1094 5258 1188 5311 Dei
1212 5272 1336 5312 esse
1362 5259 1528 5315 libere
1574 5267 1919 5323 conﬁtemur.

342 5615 644 5676 monitione
663 5619 928 5686 alpina,
958 5621 1124 5676 divini
1144 5632 1227 5677 est
1255 5628 1493 5683 muneris
1522 5647 1535 5682 :
1570 5637 1631 5683 ut
1654 5646 1761 5687 non
1780 5632 1926 5688 laba-

348 5719 469 5761 ntur
492 5706 685 5777 adepto
702 5708 891 5766 salutis
909 5728 1155 5780 munere,
1184 5715 1560 5777 sollicitudinis
1587 5730 1787 5781 nostra
1813 5736 1922 5793 est,

2031 1884 2404 1938 admittantur.
2428 1883 2551 1938 Illos
2572 1892 2755 1939 autem
2779 1882 2871 1952 qui
2894 1897 3002 1937 non
3026 1882 3080 1936 in
3112 1890 3313 1937 saneta:
3339 1880 3629 1937 Trinitatis

2029 1974 2370 2029 invocatione
2396 1975 2537 2043 apud
2558 1975 2844 2029 han-eiicos
2868 1974 3126 2043 baptizati
3152 1982 3300 2040 sunt,
3328 1983 3387 2029 et
3403 1973 3632 2028 veniunt

2031 2066 2100 2119 ad
2124 2081 2240 2128 nos,
2283 2065 2546 2133 baptizari
2575 2065 2771 2119 debere
2794 2066 3230 2135 pronuntiamus,
3256 2080 3362 2119 non
3390 2063 3633 2133 rebapti-

2032 2157 2166 2210 zari.
2200 2154 2384 2225 Neque
2428 2156 2576 2210 enim
2606 2156 2936 2212 credendum
2974 2166 3077 2221 est,
3134 2172 3229 2212 cos
3256 2157 3425 2212 fuisse
3448 2156 3630 2227 bapti-

2030 2254 2201 2310 zatos,
2254 2247 2346 2316 qui
2374 2262 2477 2302 non
2511 2247 2564 2300 in
2591 2246 2810 2301 nomine
2853 2246 3032 2301 Patris
3078 2254 3133 2301 et
3158 2246 3280 2300 Filii
3310 2257 3366 2302 et
3396 2246 3631 2316 Spiritus

2031 2340 2206 2395 sancti
2224 2340 2377 2411 juxta
2409 2338 2649 2411 regulam
2672 2355 2702 2393 a
2726 2339 2953 2393 Domino
2974 2340 3206 2409 positam
3230 2340 3385 2394 tincti
3406 2348 3553 2405 sunt,
3572 2346 3635 2393 ut

2030 2436 2159 2483 sunt
2204 2428 2575 2495 Paulianistae,
2627 2428 3126 2493 Proclianiboritaa,
3172 2426 3628 2499 velSpurisil'ori,

2027 2519 2303 2574 Fotiniani
2322 2557 2337 2573 .
2373 2520 2465 2589 qui
2489 2535 2632 2574 nunc
2652 2529 2918 2573 vocantur
2943 2519 3258 2585 Bonosiani,
3285 2518 3549 2585 Montani,
3577 2526 3633 2576 et

2029 2608 2333 2674 Manicbtei,
2364 2608 2573 2663 variata
2596 2608 2887 2676 impietatis
2903 2608 3175 2679 germina:
3194 2607 3279 2662 vel
3298 2608 3480 2664 ueteri
3502 2607 3635 2666 isto-

2030 2715 2153 2754 rum
2179 2699 2407 2769 originis
2454 2700 2567 2753 sive
2594 2699 2803 2754 ordinis
2831 2699 3131 2768 pestisque,
3177 2700 3269 2768 qui
3297 2701 3403 2754 duo
3428 2699 3634 2771 princi-

2030 2792 2119 2862 pia
2145 2791 2247 2847 sibi
2275 2793 2461 2862 ignota
2487 2792 2859 2859 linrodncnnt,
2882 2801 2940 2846 ut
2957 2792 3131 2848 Cerdo
3158 2802 3213 2848 et
3241 2794 3518 2849 Marcion:
3544 2794 3635 2849 vel

2032 2891 2326 2947 contraria,
2356 2892 2415 2935 ut
2445 2882 2801 2939 Manichacus:
2830 2884 2915 2938 vel
2947 2885 3050 2939 tria
3079 2894 3134 2939 ct
3163 2886 3415 2952 barbara,
3453 2896 3513 2940 ut
3536 2884 3637 2942 Se-

2033 2986 2222 3028 ctanus
2248 2980 2304 3027 et
2348 2972 2702 3029 Theodocns:
2732 2974 2820 3029 vel
2847 2975 3038 3041 multa,
3078 2985 3137 3029 nt
3167 2977 3485 3031 Valentinus
3510 2993 3522 3030 :
3548 2976 3637 3032 vel

2034 3062 2311 3118 Christum
2344 3065 2615 3119 hominem
2655 3065 2824 3121 fuisse
2850 3068 3057 3137 absque
3091 3068 3222 3135 Deo,
3254 3077 3312 3123 ut
3341 3069 3639 3125 Cerinthus

1961 3147 2005 3210 C
2038 3162 2093 3207 et
2110 3152 2317 3209 liebion
2338 3164 2392 3208 et
2406 3154 2762 3211 Harithemon
2786 3166 2840 3211 et
2860 3156 3101 3212 Fuimus.
3126 3159 3204 3213 Ex
3227 3160 3344 3214 istis
3367 3161 3637 3237 (inquam)

2040 3248 2183 3319 siqui
2211 3247 2279 3301 ad
2304 3262 2402 3303 nos
2426 3250 2694 3314 venerint,
2732 3266 2841 3305 non
2872 3253 3255 3321 requirendum
3304 3254 3372 3308 ab
3414 3254 3505 3318 iis,
3545 3265 3636 3311 ut-

2035 3354 2157 3393 rum
2186 3340 2441 3409 boptizati
2468 3340 2598 3407 sint,
2630 3356 2698 3395 an
2724 3356 2869 3396 nun:
2906 3344 2999 3397 sed
3033 3344 3136 3398 hoc
3163 3351 3393 3411 tantum,
3439 3347 3485 3401 si
3509 3362 3634 3403 cre-

2036 3433 2168 3487 dant
2198 3434 2254 3487 in
2281 3434 2528 3488 ecclesia:
2565 3434 2750 3500 ﬁdem,
2797 3444 2853 3490 et
2889 3434 3235 3505 baptizentur
3261 3436 3633 3495 ecclesiastico

2033 3524 2379 3593 baptismate.

2106 3618 2356 3685 Quotidie
2370 3617 2724 3673 Eucharistiae
2744 3620 3181 3676 communionem
3203 3622 3507 3693 percipere,
3530 3638 3636 3686 nec

2034 3709 2195 3764 laudo
2215 3724 2316 3765 nee
2335 3718 2584 3779 vttupero
2606 3725 2621 3764 :
2646 3711 2897 3767 omnibus
2921 3720 3106 3767 tamen
3127 3714 3421 3769 Dominicis
3441 3715 3639 3770 diebus

2036 3802 2543 3856 communicandum
2574 3804 2799 3858 hortor:
2838 3804 2885 3859 si
2935 3816 3115 3860 tamen
3147 3820 3301 3861 mens
3347 3807 3401 3860 in
3434 3806 3635 3864 aﬂectn

2032 3894 2289 3963 peccandi
2340 3909 2451 3948 non
2480 3904 2569 3950 sit.
2612 3894 2747 3949 Nam
2772 3897 3060 3953 habentem
3094 3900 3269 3965 adhuc
3298 3901 3634 3960 voluntatem

2032 3986 2318 4057 peccandi,
2342 3988 2557 4058 gravari
2572 3992 2748 4059 magis
2762 3989 2884 4046 dico
2900 3990 3252 4049 Eucliaristia:
3261 3998 3631 4067 perceptione,

2033 4093 2197 4151 quam
2237 4078 2531 4149 purificari.
2572 4080 2639 4134 Et
2660 4081 2783 4136 ideo
2813 4084 3062 4153 quamvis
3086 4086 3208 4155 quis
3228 4098 3454 4156 peccato
3480 4106 3627 4146 mor-

2035 4170 2245 4235 deatur,
2272 4171 2531 4239 peecandi
2553 4170 2619 4226 de
2638 4181 2834 4229 caetero
2855 4188 2961 4228 non
2983 4176 3181 4230 habeat
3202 4178 3548 4245 voluntatem,
3576 4191 3634 4237 et

2037 4263 2544 4319 communicaturus
2585 4262 2883 4321 satisfaciat
2904 4266 3158 4337 lacrymis
3188 4280 3243 4324 et
3268 4272 3629 4340 orationibus,

2034 4361 2088 4408 et
2116 4353 2394 4409 conlidens
2432 4356 2499 4411 de
2547 4356 2761 4411 Domini
2823 4358 3231 4427 misericordia,
3276 4365 3368 4431 qui
3403 4373 3633 4432 peccata

2033 4443 2135 4513 piae
2156 4444 2483 4500 confessioni
2512 4445 2715 4502 donare
2740 4450 3049 4504 consuevit:
3080 4452 3305 4507 accedat
3331 4454 3398 4508 ad
3422 4454 3631 4515 Eucha~

2038 4538 2251 4592 ristiam
2284 4537 2586 4609 intrepidus
2615 4550 2666 4595 et
2696 4555 2938 4597 securus.
2981 4541 3089 4621 Sed
3118 4545 3220 4600 hoc
3254 4545 3321 4601 de
3352 4546 3443 4601 illo
3485 4547 3629 4614 dico,

2038 4644 2200 4699 quem
2250 4630 2502 4700 capitalia
2546 4640 2602 4687 et
2655 4634 2908 4688 mortalia
2954 4644 3178 4703 peccata
3220 4652 3328 4691 non
3380 4648 3627 4709 gravant.

2038 4719 2174 4775 Nam
2200 4736 2360 4792 quem
2402 4723 2652 4778 mortalia
2694 4726 2921 4780 crimina
2960 4736 3079 4799 post
3129 4720 3630 4798 baptismum'com-

2039 4811 2203 4867 missa
2234 4822 2502 4882 premunt,
2551 4815 2742 4871 hortor
2769 4822 2920 4887 prius
2956 4817 3167 4888 publica
3192 4820 3509 4890 pcenitentia
3537 4836 3627 4876 sa-

2038 4900 2293 4958 tisfacere
2316 4943 2330 4969 ,
2386 4912 2442 4959 et
2496 4904 2574 4958 ita
2622 4908 2920 4973 sacerdotis
2964 4908 3169 4979 judicio
3219 4909 3629 4968 reconciliatum

2038 4993 2407 5049 communioni
2446 4995 2642 5051 sociari
2670 5037 2684 5064 ,
2732 4999 2774 5053 si
2816 4999 2929 5060 vult
2965 5018 2976 5053 :
3021 5017 3130 5063 non
3178 5000 3244 5054 ad
3281 5001 3541 5074 judicium
3571 5009 3627 5058 et

2038 5085 2541 5142 condemnationem
2572 5090 2653 5144 sui
2679 5091 3081 5146 Eucharistiam
3111 5093 3387 5168 percipere
3446 5094 3552 5150 Sed
3573 5104 3629 5152 et

2040 5190 2252 5235 secreta
2284 5182 2657 5237 satisfactione
2699 5185 2832 5239 solvi
2880 5184 3129 5240 mortalia
3153 5188 3380 5246 crimina
3400 5203 3505 5241 non
3532 5202 3627 5242 ne-

2040 5287 2259 5342 gamus:
2290 5274 2383 5327 sed
2408 5282 2613 5329 mutato
2632 5277 2779 5344 prius
2804 5276 3034 5332 sccnlari
3066 5279 3279 5334 habitu:
3306 5290 3359 5332 et
3376 5277 3627 5335 confesso

2041 5360 2316 5433 religionis
2352 5364 2529 5418 studio
2556 5380 2653 5433 per
2683 5366 2805 5419 vita:
2829 5368 3239 5434 correctionem,
3272 5378 3325 5422 et
3346 5370 3482 5441 jugi,
3516 5370 3627 5440 imo

2037 5463 2299 5523 perpetuo
2349 5455 2519 5523 luctu,
2573 5457 2864 5513 miserante
2920 5460 3070 5516 Deo:
3124 5462 3197 5515 ita
3239 5450 3517 5530 duntaxat,
3566 5471 3627 5519 ut

2040 5547 2311 5601 contraria
2353 5562 2452 5617 pro
2508 5547 2595 5615 iis,
2632 5564 2751 5618 quae
2793 5551 3021 5621 poenitet
3068 5561 3231 5622 agat,
3273 5562 3330 5607 et
3360 5551 3625 5609 Euchari-

2038 5636 2201 5692 stiam
2227 5638 2478 5692 omnibus
2507 5638 2805 5696 Dominicis
2840 5642 3065 5711 supplex
3092 5648 3147 5699 et
3183 5644 3503 5701 smmuissus
3529 5657 3624 5701 us-

2036 5744 2144 5801 que
2166 5728 2233 5785 ad
2248 5736 2484 5786 mortem
2518 5733 2801 5804 percipiat.
