3896 6338
203 372 296 433 lOl
1193 360 1283 421 DE
1320 358 1667 421 UNIVERSO
1703 353 1885 415 LIBRI
1919 353 2084 412 XXII.
2117 384 2191 396 -
2226 353 2354 409 LIB.
2396 359 2485 407 iv.

3352 339 3456 397 102

268 485 593 543 Pmnitentia
614 495 748 538 vera
767 488 873 547 est,
900 478 1214 552 paenitenda
1242 490 1350 532 non
1387 475 1691 537 admittere,
1730 479 1786 528 et
1812 476 1864 535 Α
1889 478 2067 523 turam
2093 466 2263 522 vmcit
2302 474 2359 520 et
2390 472 2647 534 pugnam.
2679 452 2814 513 Nam
2842 462 3090 511 naturam
3121 452 3361 525 corporis
3382 452 3460 508 in-

204 578 431 634 admissa
443 572 664 630 deflere.
691 570 1007 628 Satisl‘aetle
1015 567 1441 641 paenitentiam!
1454 578 1781 635 eausaspec-

205 678 448 725 cautum:
467 664 796 720 excludere:
847 676 955 718 nec
988 676 1178 718 earum
1228 658 1662 731 suggestionibus
1690 656 1782 709 ad-

207 763 333 817 itum
368 754 670 829 indulgere.

296 868 330 907 ιι
376 849 575 906 divinis
1188 844 1327 900 nihil
1365 849 1645 898 terrenum
1699 839 1784 895 vel

208 939 567 997 transitorium
613 946 980 1010 expectemus,
1034 934 1176 991 sicut
1210 932 1477 989 Meliciani
1516 939 1780 1002 sperant:

211 1048 309 1089 non
338 1031 658 1103 nuptiarum
677 1028 941 1100 copulam,
974 1027 1119 1082 sicut
1144 1024 1433 1082 Corinthus
1465 1030 1520 1076 et
1546 1020 1785 1075 Marcion

211 1124 433 1181 delirant
463 1138 477 1177 :
520 1138 631 1178 non
664 1121 807 1191 quod
844 1118 914 1174 ad
954 1119 1133 1175 cibum
1163 1116 1253 1172 vel
1296 1123 1485 1185 potum
1530 1113 1782 1183 pertinet,

212 1219 343 1274 sicut
366 1215 534 1287 Papia
564 1224 797 1270 auctore
815 1211 1091 1268 Terrenns
1131 1218 1186 1265 et
1213 1205 1582 1263 Tertullianns
1611 1213 1667 1259 et
1686 1204 1788 1259 La-

213 1310 435 1366 ctantius
474 1308 868 1377 acquiescant:
916 1316 1093 1373 neque
1133 1313 1232 1371 per
1274 1296 1422 1353 mille
1454 1308 1624 1351 annos
1666 1303 1794 1363 post

213 1398 669 1456 resurrectionem
692 1409 913 1467 regnum
937 1391 1138 1448 Christi
1165 1390 1220 1445 in
1250 1396 1394 1443 terra
1423 1384 1684 1450 futurum,
1736 1390 1795 1439 et

215 1496 421 1547 sanctos
440 1502 579 1542 cum
598 1487 689 1541 illo
711 1484 775 1540 in
794 1481 1000 1538 deliciis
1018 1487 1338 1552 regnaturos
1364 1489 1665 1546 speremus,
1694 1472 1792 1527 sic-

215 1591 270 1636 ut
293 1579 475 1651 Nepos
500 1578 688 1635 docuit
716 1575 817 1645 qui
847 1572 1080 1643 primam
1094 1571 1383 1640 jnstorum,
1417 1574 1472 1621 et
1499 1564 1791 1621 secundam

217 1673 497 1742 impiorum
531 1666 989 1724 resurrectionem
1034 1660 1339 1717 conﬁnxit:
1391 1667 1447 1713 et
1500 1657 1645 1710 inter
1696 1655 1794 1708 itas

218 1766 343 1820 duas
392 1768 734 1816 mortuorum
784 1752 1213 1811 resurrectione:
1261 1758 1447 1821 gentes
1482 1746 1795 1817 ignorantes

1895 560 2162 632 tegritate,
2195 570 2437 629 pugnam
2464 549 2799 609 castimoniae
2823 562 2973 632 pace.

1961 629 2176 704 Bonum
2194 655 2278 711 est
2306 647 2368 700 in!
2386 645 2508 701 sibe
2537 656 2661 699 cum
2696 629 3231 714 gratiarum-actione
3253 648 3466 691 mere

1893 739 2157 809 quidquid
2178 738 2321 792 Deus
2350 737 2619 792 edendum
2658 731 2944 803 praecepit;
2973 729 3243 785 abstinere
3288 736 3475 781 autem

1895 829 2179 900 aliquibus,
2213 843 2319 883 non
2360 827 2515 897 quasi
2544 841 2577 879 a
2600 824 2773 879 malis.
2814 823 2908 879 sed
2934 820 3096 893 quasi.
3141 834 3247 875 non
3278 831 3469 874 neces-

1895 923 2070 988 sariis,
2088 936 2195 977 non
2221 928 2304 976 est
2334 919 2554 973 malum.

1965 1011 2231 1067 Moderari
2279 1023 2410 1064 vero
2461 1007 2709 1063 carnium
2742 1020 2909 1060 usum
2930 1017 3043 1074 pre-
3068 1000 3393 1057 neeessitate
3419 1006 3478 1053 et

1898 1112 2159 1174 tempore,
2200 1100 2426 1173 proprie
2465 1098 2899 1153 Christianorum
2948 1103 3057 1150 est.
3100 1094 3276 1147 Malae
3294 1092 3477 1146 dicere

1898 1195 2131 1265 nuptias,
2164 1192 2247 1245 vel
2298 1189 2643 1245 fornicationi
2673 1184 3087 1257 comparandas;
3119 1190 3209 1238 aut
3251 1191 3470 1249 stupro;

1899 1287 2048 1341 cibos
2098 1298 2227 1339 vero
2274 1284 2498 1337 credere
2544 1280 2735 1345 malos,
2788 1278 2880 1333 vel
2908 1276 3041 1331 mali
3085 1289 3258 1332 eausa-
3296 1274 3472 1328 creari

1897 1375 2340 1446 pereipientibus,
2372 1389 2476 1428 non
2514 1381 2600 1428 est
2627 1370 3086 1433 Christianorum,
3138 1368 3237 1422 sed
3260 1364 3480 1436 proprie

1901 1469 2346 1525 Enerachitarum
2379 1460 2829 1539 [Encratitartnn]
2858 1470 2912 1515 et
2939 1458 3375 1514 Manichaeorum.

1974 1559 2213 1616 Sacratae
2238 1557 2359 1613 Deo
2400 1555 2699 1625 virginitati
2728 1552 2947 1622 nuptias
2987 1549 3279 1619 coaequari,
3305 1554 3360 1601 et
3382 1558 3482 1615 pro

1903 1664 2091 1705 amore
2130 1648 2437 1716 castigandi
2481 1645 2730 1714 corporis
2764 1633 3371 1697 abstinentibus-avius
3398 1632 3487 1689 vel

1904 1743 2184 1806 carnibus,
2230 1739 2365 1794 nihil
2420 1739 2645 1792 credere
2675 1735 2863 1789 meriti:
2904 1745 3235 1793 accrescere.
3267 1733 3485 1783 nonest

220 1860 377 1914 Deum
421 1857 478 1911 in
510 1854 725 1927 anguiis
756 1862 1030 1906 terrarum
1084 1847 1139 1902 in
1190 1857 1367 1901 carne
1401 1841 1793 1898 reservandas:
1827 1835 1878 1895 Β
1904 1836 2007 1890 hoc
2030 1831 2343 1898 Christiani,
2374 1830 2473 1886 sed
2495 1826 2783 1883 Joviniani.

219 1964 331 2019 qua
354 1956 485 2019 post
508 1946 662 2001 mille
688 1956 859 1998 annos
890 1941 1043 2010 regni
1069 1939 1131 1993 in
1152 1946 1298 1993 terra
1321 1940 1591 2004 justorum
1641 1930 1798 1985 insti-

222 2018 373 2113 gante
396 2038 618 2095 diabolo
661 2034 939 2091 movendae
964 2038 1092 2086 sunt
1119 2030 1186 2084 ad
1213 2040 1449 2099 pugnam
1496 2032 1685 2079 contra
1711 2018 1799 2088 ju—

217 2146 325 2191 stos
351 2136 647 2200 regnantes
683 2135 739 2182 et
769 2125 998 2181 Domino
1038 2135 1138 2191 pro
1162 2120 1327 2191 fustis
1354 2123 1628 2188 pugnante
1648 2155 1663 2180 ,
1701 2114 1802 2167 im-

218 2226 311 2280 bre
356 2224 520 2294 igneo
546 2212 1012 2289 compescendas:
1056 2220 1218 2281 atque
1270 2210 1347 2264 ita
1389 2214 1637 2263 mortuas
1677 2216 1803 2259 cum

222 2293 431 2376 ceteris
460 2313 521 2367 in
549 2309 829 2380 impietate
869 2303 1101 2359 mortuis
1118 2302 1193 2357 ad
1212 2309 1430 2356 terrena
1462 2294 1722 2366 supplicia
1748 2293 1803 2347 in

224 2406 553 2479 corruptibili
581 2418 748 2461 carne
776 2396 1199 2457 resuscitandas.

290 2500 505 2556 Nullum
534 2496 807 2551 credimus
849 2492 917 2546 ad
956 2489 1206 2551 salutem,
1252 2485 1365 2541 nisi
1379 2483 1492 2539 Deo
1521 2482 1804 2543 invitante,

228 2591 440 2648 venire:
490 2586 704 2642 nullum
730 2583 1017 2638 invitatum
1050 2578 1279 2641 salutem
1323 2590 1501 2639 suam,
1548 2570 1663 2628 nisi
1699 2570 1809 2625 Deo

229 2683 541 2747 auxiliante,
574 2677 823 2751 Operari;
859 2673 1084 2737 nullum,
1111 2671 1215 2727 nisi
1244 2678 1521 2733 orantem,
1550 2662 1811 2721 auxilium

226 2773 547 2849 promereri,
563 2770 767 2826 nullum
779 2766 1054 2823 voluntate
1068 2763 1163 2819 Dei
1176 2762 1354 2841 perire
1374 2779 1384 2814 :
1410 2762 1503 2816 sed
1521 2758 1808 2833 permissu,

226 2883 318 2939 pm
345 2862 615 2921 electione
638 2856 867 2923 arbitrii,
896 2872 965 2912 ne
986 2855 1290 2925 ingenuitas
1312 2852 1616 2927 potestatis,
1644 2849 1811 2905 semel

229 2958 537 3015 hominibus
562 2954 843 3019 attributa,
867 2951 937 3006 ad
964 2948 1221 3011 servilem
1249 2955 1471 3019 cogatur
1516 2944 1813 3007 necessita-

229 3060 346 3105 IBHL

296 3140 490 3195 Malum
520 3137 610 3194 vel
649 3136 910 3193 malitiam
940 3148 1189 3202 nonesse
1220 3148 1251 3188 a
1274 3138 1387 3196 Deo
1415 3141 1690 3186 creatam:
1719 3129 1817 3186 sed

233 3250 260 3289 a
285 3234 503 3294 diabolo
526 3234 802 3291 inventam
824 3269 839 3293 ,
870 3228 964 3301 qui
988 3236 1047 3292 et.
1070 3228 1185 3301 ipse
1213 3228 1445 3289 uenusta
1461 3226 1571 3286 Deo
1596 3232 1812 3281 creatus

233 3332 349 3379 est:
380 3323 475 3378 sed
510 3322 643 3391 quia
692 3320 865 3374 libero
910 3317 1156 3382 arbitrio,
1207 3323 1273 3376 ut
1294 3324 1423 3385 puta
1477 3313 1816 3375 rationabilis

234 3423 501 3478 creatura,
527 3409 853 3466 commissus
878 3415 983 3473 est,
1022 3416 1079 3460 et
1127 3404 1397 3481 cogitandi
1425 3410 1710 3474 acceperat
1728 3401 1810 3456 fa-

239 3507 490 3563 cultatem
517 3520 534 3570 ;
567 3502 851 3559 scientiam
878 3499 1008 3555 boni
1031 3498 1203 3559 vertit
1218 3497 1287 3552 ad
1312 3496 1542 3565 malum,
1563 3503 1621 3550 et
1645 3493 1816 3553 multa

237 3596 525 3671 cogitando
576 3594 752 3651 factus
791 3601 875 3648 est
912 3591 1159 3647 inventor
1198 3588 1349 3654 mali,
1405 3597 1467 3648 et:
1486 3588 1629 3658 quod
1672 3588 1731 3642 in
1758 3602 1817 3643 se

238 3690 554 3763 perdiderat
580 3686 778 3743 invidit.
798 3685 863 3745 in
880 3684 1035 3749 aliis;
1074 3697 1177 3743 nec
1205 3688 1495 3742 coni-cutus
1523 3680 1670 3735 solus
1692 3695 1815 3749 per-

245 3782 321 3838 ire
353 3781 536 3837 suasit
559 3779 700 3843 aliis,
729 3786 793 3833 ω
818 3777 1087 3846 quiesset
1128 3789 1253 3830 suae
1294 3774 1520 3829 malitiae.
1544 3774 1818 3838 inventor,

242 3873 393 3929 ﬁeret
418 3882 481 3927 et
506 3870 742 3926 aliorum
768 3875 977 3931 augur,
1014 3874 1074 3920 et
1091 3880 1163 3923 ex,
1187 3880 1253 3920 eo
1279 3864 1483 3922 malim
1504 3864 1589 3919 vel

244 3963 585 4035 percurrerit
633 3960 781 4018 inm
832 3966 1067 4018 canoras.
1117 3956 1467 4019 rationabiles
1523 3964 1819 4012 emensas.

247 4054 395 4111 Unde
445 4052 832 4126 cognoscimus
1073 4058 1420 4107 essene-tua
1467 4047 1821 4111 immutabile,

245 4149 345 4203 nisi
386 4148 575 4205 solum.
612 4144 779 4205 Deum
826 4141 1067 4205 Patrem,
1121 4146 1179 4193 et
1209 4137 1440 4203 Filium,
1461 4146 1515 4194 et
1559 4136 1823 4207 Spiritum

248 4248 517 4301 sanctum,
546 4233 645 4304 qui
666 4231 876 4289 mum
899 4245 1015 4287 non.
1036 4230 1610 4301 potestabono,.quia
1630 4229 1828 4285 natutia

248 4328 483 4401 possidet
514 4328 769 4390 boum;
815 4338 917 4380 nee
961 4332 1146 4392 potest
1178 4321 1333 4377 aliud
1357 4336 1481 4379 esse
1523 4336 1689 4391 quam
1723 4321 1825 4376 bc-

250 4434 365 4475 nus.

1970 1927 2191 1996 integra
2236 1923 2341 1978 fide
2399 1921 2731 1977 credendum
2761 1926 2850 1974 est
2897 1922 3109 1971 beatam
3136 1914 3361 1971 Mariam
3390 1911 3487 1967 Dei

1900 2015 2107 2072 Christi
2136 2023 2368 2069 matrem
2384 2022 2452 2068 -et
2480 2012 2745 2083 virginem
2801 2008 3069 2079 genuisse,
3096 2012 3159 2059 et’
3181 2011 3305 2074 post
3352 2017 3483 2073 par-

1902 2114 2025 2157 tum:
2053 2103 2318 2174 virginem
2346 2099 2750 2171 permansisse:
2780 2111 2880 2151 nec
2910 2096 2967 2150 in
3009 2096 3112 2149 hoc
3135 2092 3484 2164 blasphemiae

1906 2194 2144 2249 Helvidii
2158 2192 2633 2262 acquiescendum,
2662 2189 2755 2258 qui
2783 2190 2957 2244 dum:
3014 2185 3185 2247 Virgo
3222 2194 3341 2239 ante
3368 2198 3492 2251 par-

1906 2294 2016 2338 um
2091 2299 2207 2337 non
2218 2284 2371 2353 virgo
2390 2289 2508 2352 post
2530 2290 2757 2351 partum.

1978 2370 2279 2440 Eletnenta,
2307 2374 2371 2428 id
2395 2380 2498 2439 est,
2526 2372 2725 2427 caelum
2748 2379 2805 2423 et
2828 2382 3045 2432 terram,
3071 2381 3180 2422 non
3205 2363 3490 2427 credamus

1910 2463 2171 2519 abolenda
2217 2477 2316 2532 per
2344 2462 2547 2533 ignem,
2579 2460 2676 2517 sed
2722 2459 2776 2513 in
2824 2458 3018 2513 melius
3071 2453 3490 2512 commutanda:

1911 2551 2140 2623 ﬁguram
2167 2551 2377 2627 mundi,
2425 2551 2487 2607 id"
2506 2559 2613 2617 est,
2645 2550 2934 2624 imaginem
2965 2563 3073 2605 non
3106 2546 3489 2615 substantiam,

1913 2643 2286 2699 transituram.

1982 2733 2192 2789 Bonum
2217 2740 2307 2792 est
2330 2730 2619 2787 facultates
2652 2742 2779 2786 cum
2816 2730 3216 2801 dispensatione
3240 2725 3493 2799 pauperi-

1914 2826 2016 2890 bus
2039 2838 2307 2895 erogare:
2338 2821 2531 2878 melius
2590 2830 2683 2877 est
2733 2836 2837 2891 pro
2885 2821 3189 2875 intentione
3234 2815 3502 2887 sequendi

1915 2917 2203 2973 Dominum
2236 2916 2455 2970 insimul
2502 2916 2727 2980 donare,
2780 2921 2842 2970 et
2884 2913 3189 2975 absolutum
3242 2907 3501 2969 sollicitu-

1917 3009 2051 3065 dine
2071 3020 2239 3080 egere
2254 3019 2379 3063 cum
2406 3001 2647 3061 Christo.

1991 3098 2245 3152 Maritum
2297 3095 2528 3150 duarum
2578 3103 2703 3165 post
2754 3094 3085 3163 baptismum
3130 3100 3507 3152 matronarum

1841 3189 1886 3255 C
1917 3189 2175 3255 clericum
2223 3198 2333 3241 non
2382 3178 2780 3253 ordinandum;
2810 3198 2985 3252 neque
3035 3192 3159 3237 eum
3203 3182 3295 3258 qui
3336 3195 3500 3234 unam

1917 3278 2157 3348 quidem,
2204 3275 2299 3330 sed
2348 3272 2730 3338 concubinam,
2780 3280 2884 3327 no‘n
2928 3279 3233 3325 matronam
3261 3269 3490 3334 habuit;

1915 3380 2018 3421 nec
2044 3364 2203 3419 illum
2224 3363 2326 3433 qui
2354 3362 2579 3416 viduam
2622 3367 2683 3415 et‘
2704 3361 3064 3430 repudiatam,
3122 3357 3209 3413 vel
3234 3358 3486 3413 meretri-

1916 3466 2033 3505 cem
2083 3450 2139 3503 in
2189 3446 2536 3501 matrimonio
2587 3445 2855 3514 sumpsit;
2887 3461 2987 3500 nec
3015 3460 3139 3499 eum
3181 3445 3271 3513 qui
3300 3451 3501 3500 semet-

1918 3540 2092 3609 ipsum
2125 3535 2355 3593 abscidit
2392 3534 2635 3606 quolibet
2668 3535 2919 3604 corporis
2947 3535 3028 3589 sui
3076 3532 3316 3599 membro
3345 3532 3491 3587 indi-

1920 3630 2173 3701 gnatione
2199 3627 2401 3695 aliqua;
2435 3623 2529 3679 vel
2549 3622 2725 3692 justo“
2746 3622 3012 3692 injustove
3050 3624 3241 3678 timore
3274 3628 3497 3691 supera-

1922 3729 2005 3774 tus
2034 3714 2410 3779 truncaverit;
2439 3725 2610 3783 neque
2634 3711 2789 3767 ilium’
2831 3713 2924 3784 qui
2980 3725 3179 3767 usuras
3223 3712 3500 3781 accepisse

1921 3807 2261 3864 convincitur
2311 3804 2487 3858 autin
2543 3810 2706 3859 scena
2741 3802 2935 3860 lusiSse
2986 3805 3266 3869 noscitur;
3320 3816 3496 3873 neque

1923 3914 2048 3955 eum
2099 3898 2193 3967 qui
2232 3896 2448 3966 publica
2506 3894 2827 3965 paenitentia
2866 3895 3117 3948 mortalia
3170 3890 3373 3958 deflet;
3399 3908 3502 3948 nec

1924 3990 2071 4060 illum
2104 3988 2198 4059 qui
2239 3976 2843 4063 alimtan'doinl'hriam'
2863 3999 3055 4040 versus
3114 3984 3387 4050 insan‘ivit,
3419 3983 3525 4047 vel'

1925 4076 2200 4135 amatione
2245 4072 2450 4131 diaboli
2478 4069 2707 4131 vexatus
2735 4068 2861 4141 eat;
2886 4075 3071 4146 neque
3106 4086 3228 4131 eum
3271 4075 3362 4144 qui
3410 4088 3506 4144 per

1928 4168 2285 4223 ambitionem
2306 4167 2373 4222 ad
2397 4159 2751 4221 imitationem
2781 4164 3017 4221 Simonis
3050 4166 3193 4230 magi
3216 4165 3503 4233 pecuniam

1929 4258 2104 4318 oﬂbrt.

2002 4350 2329 4406 Sanctortnu
2353 4359 2606 4419 corpora,
2655 4356 2723 4404 er
2757 4360 3024 4430 priuetpue
3055 4361 3330 4406 beatorum
3361 4366 3505 4405 mar—

1931 4436 2401 4511 imm-reliquias
2422 4449 2494 4492 ac
2516 4438 2560 4491 si
2591 4435 2792 4493 Christi
2832 4440 3097 4505 membra,
3137 4440 3501 4496 sincerissime

310 4507 512 4580 Δαμιὶ
536 4518 688 4571 veno,
726 4503 819 4575 qui
840 4504 895 4557 in
922 4502 1038 4568 illa,
1066 4502 1377 4572 «μιαραὶ
1415 4509 1569 4567 sunt,
1592 4496 1811 4555 beatitu-

1932 4496 2264 4588 honoranda,
2294 4533 2351 4580 et
2376 4525 2625 4580 basilicas
2654 4540 2839 4580 eorum
2896 4496 3212 4593 nominibus,
3262 4527 3497 4600 appella-

250 4599 367 4659 dine
391 4600 929 4668 perseverantmon
975 4600 1167 4645 natura
1212 4591 1488 4662 possident
1537 4589 1749 4646 bonum
1766 4598 1828 4644 ut

252 4706 360 4746 non
379 4694 727 4745 mutarentur
746 4699 877 4740 cum
907 4684 1139 4749 caeteris,
1172 4684 1277 4739 sed
1314 4682 1522 4740 arbitrii
1550 4690 1827 4737 servantes

253 4782 444 4837 bonam
472 4779 827 4841 voluntatem,
854 4776 1055 4830 bonum
1081 4774 1404 4830 conditionis
1430 4782 1485 4828 et
1524 4773 1683 4828 fidem
1715 4773 1825 4828 sci-

255 4873 373 4928 licet
425 4876 786 4928 servaverunt
819 4867 1045 4922 Domino
1090 4882 1208 4920 suo.
1257 4866 1409 4922 Unde
1438 4874 1496 4920 et
1531 4866 1724 4920 merito
1759 4864 1827 4918 ab

258 4964 366 5034 ipso
391 4962 625 5017 Domino
653 4958 829 5014 sancti
854 4957 1028 5028 angeli
1049 4967 1334 5022 vocantur,
1366 4958 1507 5026 quod
1538 4964 1831 5011 tenuerunt

257 5052 468 5106 arbitrii
497 5050 856 5113 sanctitatem,
888 5062 988 5102 nec
1034 5047 1305 5102 sociorum
1357 5047 1602 5116 exemplo
1646 5046 1829 5101 devia-

258 5150 450 5195 verunt
478 5158 509 5195 a
536 5142 698 5195 bono.

324 5231 489 5285 Bona:
516 5232 717 5298 nuptiae
770 5239 915 5295 sunt,
948 5231 1042 5285 sed
1070 5244 1230 5283 causa
1267 5230 1520 5294 ﬁliorum,
1573 5244 1680 5283 non
1706 5242 1835 5291 oon»

261 5323 605 5393 cupiscentiae
650 5321 1025 5378 fornicationis
1051 5323 1296 5377 obtentu.
1336 5322 1522 5375 Melior
1553 5330 1635 5377 est
1663 5323 1835 5377 conti-

264 5414 462 5479 nentia,
493 5413 589 5469 sed
614 5427 721 5467 non
768 5412 870 5466 sibi
900 5412 1093 5468 sufﬁcit
1138 5414 1205 5467 ad
1231 5414 1636 5479 beatitudinem,
1667 5415 1712 5468 si
1733 5429 1833 5483 pro

264 5505 379 5561 solo
400 5518 587 5560 amore
609 5503 894 5575 pudicitia),
930 5506 1231 5572 retineam;
1263 5507 1365 5561 sed
1391 5506 1436 5561 si
1478 5521 1603 5561 cum
1628 5508 1734 5561 hoc
1755 5507 1836 5560 af-

267 5598 408 5654 fectu
440 5612 605 5654 causa
622 5596 852 5653 vacandi
874 5596 1101 5653 Domino
1128 5599 1370 5669 eligitur,
1396 5600 1629 5671 alioquin
1653 5602 1837 5657 divor—

268 5685 598 5759 tiumamagis
651 5686 887 5757 coniugii
915 5687 1185 5743 videbitur
1217 5704 1339 5743 esse
1380 5705 1553 5759 quam.
1589 5692 1828 5747 castitas.

274 5774 558 5848 Virginius
600 5788 832 5850 utroque
864 5781 1006 5837 bono
1054 5782 1472 5851 pretiosiorest,
1504 5787 1630 5856 quia
1654 5795 1711 5841 et
1736 5802 1834 5841 na-

1938 4627 2043 4685 tas,
2064 4618 2219 4673 velut
2239 4617 2356 4672 loca
2397 4615 2587 4685 divino
2604 4616 2777 4672 cultui
2797 4617 3121 4688 mancipata,
3154 4613 3344 4674 affectu
3368 4619 3501 4689 piis.

1934 4711 2071 4765 simo
2099 4718 2158 4765 et
2180 4708 2464 4764 davotione
2487 4708 2800 4764 fidelissima
2826 4710 3120 4769 adeundas.
3154 4704 3212 4765 Si
3242 4711 3363 4783 quis
3383 4726 3513 4765 con-

1935 4810 2027 4856 tra:
2046 4800 2187 4855 hanc
2208 4800 2534 4855 sententiam
2565 4801 2733 4865 venit,
2768 4816 2873 4856 non
2900 4800 3261 4862 Christianus.
3290 4802 3386 4863 sed
3404 4800 3515 4858 Eu-

1935 4893 2220 4949 nomianus
2244 4901 2297 4946 et
2321 4890 2713 4961 Vigilantianus
2743 4891 2999 4947 creditur.

2004 4983 2297 5051 Baptizatis
2325 4991 2531 5035 tantum
2560 4982 2665 5036 iter
2689 4996 2808 5035 esse
2855 4981 3067 5037 salutis.
3112 4978 3327 5043 Nullum
3368 4990 3514 5040 cate-

1936 5073 2280 5135 chumenum,
2330 5071 2577 5140 quamvis
2602 5072 2655 5124 in
2685 5071 2840 5126 bonis
2868 5067 3123 5143 operibus
3176 5072 3506 5137 defunctum,

1936 5161 2101 5217 vitam
2148 5172 2406 5214 aeternam
2460 5163 2657 5214 habere
2705 5167 3008 5224 credamus,
3041 5170 3266 5228 excepto
3314 5169 3516 5231 marty-

1939 5254 2059 5317 rio,
2078 5251 2167 5305 ubi
2194 5259 2304 5305 tota
2334 5251 2583 5319 baptismi
2617 5260 2956 5304 sacramenta
2984 5251 3337 5319 complentur.

2010 5342 2372 5411 Baptizandus
2409 5340 2697 5395 conﬁtetur
2721 5341 2881 5394 ﬁdem
2908 5356 3063 5396 suam
3100 5356 3282 5395 coram
3334 5354 3513 5395 sacer-

1947 5435 2089 5499 dote,
2122 5440 2177 5487 et
2203 5434 2563 5501 interrogatus
2601 5433 2897 5492 respondit.
2947 5432 3058 5487 Hoc
3102 5442 3154 5487 et
3203 5441 3405 5503 martyr
3426 5446 3517 5487 co-

1944 5534 2059 5574 ram
2084 5526 2430 5587 persecutore
2458 5515 2586 5570 facit
2611 5517 2712 5585 qui
2744 5526 2798 5570 et
2826 5514 3115 5571 conﬁtetur
3140 5516 3319 5580 ﬁdem,
3352 5527 3406 5571 et
3434 5518 3516 5574 in-

1943 5616 2248 5680 ternogatns
2310 5609 2609 5678 respondit.
2665 5608 2760 5662 Ille
2814 5616 2937 5676 post
2987 5606 3391 5662 coﬂessionem
3431 5609 3517 5665 vel

1945 5699 2245 5769 aspergitur
2276 5712 2434 5766 aqua,
2466 5698 2548 5752 vel
2582 5699 2844 5769 tinguitur
2874 5716 2884 5749 :
2917 5706 2971 5751 et
2997 5698 3087 5751 hic
3134 5698 3216 5751 vel
3269 5699 3516 5766 aspergi-

1946 5800 2033 5845 tur
2060 5789 2342 5861 sanguine,
2371 5787 2454 5843 vel
2483 5788 2743 5858 tinguitur
2770 5787 2911 5859 igne.
2940 5786 3033 5843 ille
3056 5801 3247 5843 manus
3292 5785 3516 5856 impud-
