3896 6382
357 379 464 437 103

1001 379 1059 432 Β.
1099 374 1352 431 RABANI
1393 373 1614 431 MAURI
1651 373 1972 430 ARCHIEP.
2011 373 2322 432 MOGUNT.
2359 372 2646 431 OPERUM
2683 371 2863 428 PARS
2901 373 2966 428 ll.

3515 373 3619 430 104

357 494 506 546 tione
531 489 804 564 pontiﬁcis
836 489 1033 559 accipit
1083 487 1345 557 Spiritum
1382 496 1630 542 sanctum
1659 504 1674 540 :
1707 487 1795 540 hic
1823 488 1923 540 ha—
1954 490 2006 549 Α
2032 496 2245 558 tempus
2272 466 2607 552 conceditur,
2637 487 2751 541 sive
2773 486 2999 555 supplici
3021 486 3386 552 confessione,
3412 488 3459 541 si
3486 502 3620 541 con-

355 583 647 637 bitaculum
673 579 904 635 eﬁicitur
932 578 1167 649 Spiritus
1196 577 1390 644 sancti,
1427 578 1554 632 dum
1582 593 1687 632 non
1711 584 1796 631 est
1816 577 1931 647 ipse

351 673 444 742 qui
464 671 703 741 loquitur
725 688 740 725 :
773 671 868 726 sed
890 669 1110 740 spiritus
1132 668 1331 734 Patris,
1353 668 1449 739 qui
1469 668 1524 721 in
1555 669 1642 723 illo
1667 667 1926 737 loquitur.

355 762 445 816 Ille
491 762 913 817 communicavit
946 760 1301 815 Eucharistiae
1336 761 1389 813 in
1413 759 1931 815 commemoratione

356 851 547 906 mortis
599 851 851 916 Domini;
886 850 976 904 hic
1014 849 1116 918 ipsi
1169 849 1387 903 Christo
1421 849 1811 904 commoritur:
1843 847 1932 902 ille

351 940 641 996 conﬁtetur
667 955 724 994 se
750 938 936 994 mundi
964 938 1176 994 actibus
1210 938 1640 993 renuntiaturum
1670 952 1684 990 :
1709 937 1799 993 hic
1829 939 1930 1008 ipsi

353 1030 625 1085 renuntiat
671 1031 812 1086 vitae.
844 1029 927 1084 llli
977 1037 1203 1099 peccata
1250 1029 1432 1084 omnia
1461 1030 1930 1097 remittuntur;in

353 1119 458 1174 isto
481 1120 919 1190 exstinguuntur.

422 1210 478 1264 ln
531 1210 874 1267 Eucharistia
918 1224 1026 1264 non
1076 1211 1235 1265 debet
1288 1226 1429 1280 aqua
1473 1226 1608 1282 pura
1639 1212 1846 1278 oﬁ‘erri,
1873 1222 1933 1267 ut

350 1299 567 1366 quidam
598 1299 913 1354 sobrietatis
942 1299 1176 1369 imagine
1218 1297 1480 1354 falluntur
1507 1319 1518 1354 :
1552 1299 1647 1354 sed
1674 1302 1857 1355 vinum
1877 1310 1932 1356 et

353 1404 493 1458 aqua
529 1389 771 1455 mistum,
821 1389 948 1458 quia
973 1397 1028 1442 et
1073 1390 1259 1443 vinum
1308 1389 1411 1446 fuit
1449 1391 1503 1444 in
1547 1392 1930 1461 redemptionis

355 1487 556 1534 nostra:
603 1480 886 1550 mysterio,
930 1494 1055 1534 cum
1084 1479 1256 1536 dicit:
1289 1480 1414 1534 Non
1444 1481 1616 1535 bibam
1657 1482 1845 1535 amodo
1867 1498 1930 1535 ea;

349 1570 446 1622 hoc
469 1570 724 1640 genimine
767 1571 885 1625 vitis
916 1570 1133 1641 (Matth.
1184 1574 1354 1639 xxvr).
1385 1573 1454 1626 Et
1502 1588 1640 1642 aqua
1687 1583 1806 1628 erat
1829 1574 1928 1631 mi-

349 1672 493 1714 stum
527 1661 672 1730 quod
720 1671 843 1732 post
893 1677 1104 1719 orenam
1135 1665 1386 1720 dabatur.
1417 1663 1525 1718 Sed
1559 1673 1614 1718 et
1660 1666 1725 1719 de
1760 1664 1929 1719 latere

348 1752 466 1820 ejus
496 1755 642 1823 quod
663 1752 851 1809 lancea
885 1753 1188 1824 perfossum
1211 1761 1312 1818 est,
1344 1768 1480 1822 aqua
1511 1769 1635 1807 cum
1663 1755 1924 1822 sanguine

347 1860 586 1914 egressa,
619 1845 806 1900 vinum
835 1846 901 1900 de
922 1860 1054 1900 vera
1088 1845 1269 1900 carnis
1299 1843 1417 1912 ejus
1457 1844 1566 1898 vite
1611 1841 1736 1900 cum
1783 1860 1922 1915 aqua

347 1950 663 2004 expressum
684 1937 1008 1991 ostenditur.
1409 1977 1422 2004 ἓ,

418 2023 561 2079 Bona
589 2035 673 2079 est
704 2040 833 2080 caro
857 2034 1043 2080 nostra
1067 2033 1124 2080 et
1142 2025 1297 2080 valde
1322 2027 1462 2081 bona
1498 2045 1510 2080 :
1540 2034 1724 2096 utpote
1753 2042 1784 2080 a
1811 2027 1923 2083 solo

345 2125 398 2170 et
415 2117 555 2171 bono
580 2116 691 2171 Deo
718 2117 954 2180 condita,
982 2125 1036 2170 et
1068 2130 1174 2170 non
1199 2124 1282 2171 est
1322 2117 1483 2182 mala,
1515 2126 1575 2171 ut
1600 2117 1787 2172 volunt
1827 2118 1924 2174 Se—

345 2205 559 2260 thianus
580 2214 635 2260 et
661 2205 958 2276 Opinianus
977 2215 1031 2260 et
1049 2206 1388 2261 Patricianus
1415 2225 1427 2259 :
1463 2222 1563 2261 nec
1589 2209 1715 2261 mali
1739 2224 1920 2275 causa,

344 2303 402 2348 ut
429 2295 609 2350 docuit
639 2295 885 2350 Florinus
916 2314 928 2349 :
963 2310 1064 2350 nec
1105 2311 1173 2350 ex
1201 2297 1343 2351 malo
1367 2305 1424 2351 et
1450 2295 1591 2351 bono
1621 2308 1920 2367 compacta,

341 2391 402 2436 ut
435 2382 759 2439 Manichaaus
799 2383 1139 2454 blasphemat
1180 2403 1192 2437 :
1246 2385 1339 2439 sed
1376 2399 1500 2438 cum
1542 2386 1612 2438 sit
1653 2387 1926 2442 creatione

341 2475 500 2540 bona,
551 2476 775 2531 arbitrio
807 2476 998 2530 animai
1054 2475 1284 2530 eﬁicitur
1326 2474 1482 2530 nobis
1514 2475 1599 2529 vel
1657 2476 1795 2530 bona
1840 2476 1925 2531 vel

341 2564 502 2630 mala,
530 2579 639 2620 non
677 2565 1051 2620 immutatione
1075 2566 1408 2629 substantiae,
1435 2565 1532 2619 sed
1561 2566 1925 2620 exsecutionis

342 2655 610 2709 mercede.
631 2653 751 2726 lpsa
772 2656 916 2711 enim
938 2663 1043 2720 est,
1087 2671 1207 2726 quae
1233 2655 1489 2710 statuitur
1531 2665 1658 2710 ante
1689 2655 1924 2709 tribunal

340 2744 542 2802 Christi
576 2765 588 2799 :
622 2747 679 2801 in
717 2762 823 2817 qua
861 2746 1098 2817 perferat
1137 2747 1320 2800 anima
1344 2746 1590 2816 corporis
1615 2753 1775 2816 prout
1805 2760 1925 2817 ges-

339 2836 428 2902 sit,
460 2838 574 2891 sive
600 2837 821 2902 bonum,
849 2838 964 2892 sive
983 2836 1208 2890 malum.

415 2925 472 2978 ln
513 2926 912 2981 resurrectione
940 2941 1006 2980 ex
1035 2927 1262 2980 mortuis
1285 2937 1446 2980 sexus
1478 2924 1651 2979 forma
1680 2940 1789 2980 non
1808 2941 1924 2979 mu-

342 3014 542 3070 tabitur
572 3032 583 3066 :
615 3014 710 3069 sed
749 3014 832 3068 vir
857 3023 1101 3070 mortuus
1128 3023 1372 3085 resurget
1400 3015 1452 3068 in
1498 3013 1670 3069 forma
1696 3015 1798 3068 viri
1830 3032 1841 3068 :
1872 3022 1927 3068 et

340 3103 537 3159 femina
571 3104 626 3158 in
650 3103 824 3158 forma
852 3102 1065 3159 feminae
1088 3119 1195 3159 non
1222 3119 1416 3159 carens
1442 3119 1594 3168 sexu,
1626 3103 1720 3158 sed
1745 3111 1922 3157 tamen

338 3191 495 3260 hujus
515 3194 638 3247 vita;
665 3201 878 3247 tantum
925 3193 1250 3260 conditione,
1298 3193 1477 3262 specie
1526 3191 1760 3246 naturali
1805 3207 1920 3247 :ne

339 3299 446 3338 non
473 3284 544 3339 sit
577 3299 706 3339 vera
731 3285 1060 3341 resurrectio
1090 3303 1103 3338 :
1149 3285 1196 3340 si
1238 3299 1348 3340 non
1393 3285 1449 3341 id
1484 3285 1736 3355 resurgit,
1779 3287 1920 3354 quod

339 3375 506 3429 cadit.

409 3463 548 3518 Ante
591 3463 1042 3519 resurrectionem
1108 3463 1323 3518 Domini
1382 3477 1568 3518 omnes
1610 3470 1917 3518 sanctorum

340 3555 532 3608 animae
561 3554 616 3608 in
655 3553 867 3608 inferno
914 3555 1012 3608 sub
1052 3554 1234 3608 debito
1291 3554 1751 3622 praevaricationis
1791 3553 1920 3608 Adae

340 3642 680 3706 tenebantur,
711 3642 881 3696 donec
909 3641 1233 3697 auctoritate
1254 3641 1465 3695 Domini
1494 3657 1588 3710 per
1627 3641 1920 3696 indebitam

340 3738 455 3808 ejus
488 3744 714 3792 mortem
741 3737 807 3793 de
845 3736 1025 3793 servili
1055 3736 1361 3792 conditione
1385 3736 1766 3790 liberarentur.
1792 3736 1922 3790 Post

340 3828 708 3882 ascensionem
755 3827 965 3881 Domini
1002 3827 1068 3880 ad
1112 3826 1296 3889 cmlos,
1339 3825 1580 3879 omnium
1612 3833 1919 3879 sanctorum

341 3918 535 3971 animae
560 3931 684 3971 cum
709 3914 928 3971 Christo
952 3924 1078 3972 sunt
1111 3930 1125 3969 :
1157 3925 1213 3970 et
1235 3923 1492 3971 exeuntes
1517 3915 1584 3971 de
1608 3930 1832 3984 corpore
1853 3916 1922 3971 ad

341 4005 615 4061 Christum
633 4005 854 4068 vadunt,
870 4013 1246 4074 exspectantes
1265 4006 1716 4061 resurrectionem
1732 4019 1921 4075 corpo-

345 4095 420 4148 ris
449 4093 529 4148 sui
562 4111 575 4146 :
615 4101 675 4147 ut
702 4093 772 4147 ad
799 4092 1061 4162 integram
1091 4100 1147 4147 et
1183 4101 1498 4162 perpetuam
1534 4093 1919 4149 beatitudinem

347 4201 469 4240 cum
504 4186 618 4253 ipso
640 4185 845 4254 pariter
881 4184 1275 4238 immutentur:
1311 4184 1449 4238 sicut
1479 4191 1534 4238 et
1575 4195 1920 4252 peccatorum

345 4277 537 4329 animae
561 4275 614 4328 in
636 4273 845 4328 inferno
867 4274 967 4328 sub
983 4274 1177 4329 timore
1199 4274 1388 4342 positae
1405 4281 1722 4344 exspectant
1737 4289 1919 4328 resur-

345 4365 640 4421 rectionem
677 4363 763 4418 sui
797 4363 1058 4432 corporis,
1087 4372 1148 4417 ut
1173 4378 1297 4419 cum
1326 4363 1442 4435 ipso
1465 4365 1532 4419 ad
1555 4376 1771 4433 pcenam
1794 4379 1924 4420 con-

348 4462 629 4510 vertantur
657 4461 932 4508 aeternam.

406 4542 786 4597 Paenitentiam
822 4542 1041 4597 abolere
1077 4552 1324 4612 peccata,
1355 4543 1723 4600 indubitanter
1745 4545 1923 4601 credi-

347 4650 487 4699 mus,
515 4634 678 4688 etiam
702 4634 747 4687 si
774 4633 831 4686 in
853 4632 1041 4688 ultimo
1069 4635 1193 4688 vitae
1217 4635 1408 4703 spiritu
1435 4635 1790 4690 admissorum
1811 4651 1927 4704 poe-

349 4725 554 4776 niteat:
591 4731 647 4777 et
669 4721 881 4791 publica
908 4722 991 4776 vel
1022 4723 1248 4792 supplici
1279 4723 1661 4779 lamentatione
1704 4734 1926 4794 peccata

351 4813 648 4882 prodantur
678 4830 690 4865 :
723 4811 848 4881 quia
873 4812 1209 4881 propositum
1240 4812 1354 4876 Dei,
1405 4828 1511 4882 quo
1538 4813 1775 4868 decrevit
1817 4815 1927 4869 sal-

351 4916 500 4964 vare,
529 4900 670 4971 quod
694 4900 953 4969 perierat,
983 4909 1090 4956 stat
1119 4902 1392 4957 immobile
1419 4920 1431 4955 :
1466 4911 1520 4956 et
1545 4903 1665 4957 ideo
1684 4903 1808 4973 quia
1835 4918 1928 4958 vo-

350 4987 531 5043 luntas
565 4986 681 5056 eius
715 5003 822 5043 non
848 4997 1111 5055 mutatur,
1162 4991 1277 5045 sive
1303 4989 1678 5045 emendatione
1699 4992 1844 5056 vitae,
1882 4993 1928 5046 si

1951 1812 1999 1874 Β

1949 4496 2001 4556 D

2036 579 2184 632 tinuo
2208 579 2316 631 vita
2347 577 2646 642 exceditur,
2677 576 2831 630 venia
2855 583 3200 646 peccatorum
3228 577 3457 632 ﬁdeliter
3482 593 3622 647 prte-

2033 678 2274 723 sumatur
2301 667 2508 734 abillo,
2539 669 2632 738 qui
2659 685 2766 724 non
2815 669 2931 724 vult
2979 678 3209 725 mortem
3250 671 3552 741 peccatoris
3597 684 3619 726 :

2033 758 2126 812 sed
2151 766 2211 813 ut
2233 765 2579 812 convertatur
2607 773 2639 811 a
2659 758 2964 829 perditione
2987 759 3320 827 paenitendo,
3361 769 3416 816 et
3441 759 3619 815 salva-

2032 854 2118 901 tus
2136 846 2482 901 miseratione
2506 847 2719 900 Domini
2741 847 2906 901 vivat.
2937 847 2995 901 Si
3019 848 3141 916 quis
3169 848 3325 904 aliter
3348 850 3415 904 de
3430 849 3618 919 justis-

2031 937 2167 992 sima
2207 937 2303 992 Dei
2342 938 2543 1006 pietate
2581 937 2765 1004 sentit,
2797 954 2904 992 non
2930 938 3291 1006 Christianus,
3322 940 3416 995 sed
3441 939 3618 995 Nova-

2032 1026 2212 1081 tianus
2233 1035 2335 1081 est.

2099 1116 2343 1171 lnternas
2372 1117 2566 1172 anima:
2594 1119 2951 1188 cogitationes
2973 1119 3243 1174 diabolum
3272 1135 3382 1176 non
3409 1121 3615 1184 videre,

2030 1206 2162 1260 certi
2189 1222 2411 1262 sumus:
2453 1209 2550 1263 sed
2594 1209 2829 1264 motibus
2860 1224 2951 1263 eas
3002 1212 3245 1279 corporis
3296 1212 3364 1266 ab
3408 1211 3518 1272 illo,
3564 1220 3618 1265 et

2029 1294 2376 1351 aﬁ'ectionum
2427 1297 2642 1353 indiciis
2690 1298 2865 1368 colligi
2915 1308 2972 1353 et
3011 1300 3406 1368 experimento,
3472 1300 3614 1355 didi-

2028 1385 2202 1439 cimus
2253 1402 2266 1438 :
2326 1394 2538 1441 secreta
2590 1397 2772 1442 autem
2829 1389 3008 1443 cordis
3061 1388 3209 1443 solus
3267 1389 3356 1443 ille
3407 1389 3559 1443 novit
3597 1429 3612 1455 ,

2028 1476 2095 1530 ad
2117 1492 2277 1546 quem
2300 1476 2498 1533 dicitur
2529 1498 2542 1533 :
2575 1478 2654 1533 Tu
2680 1479 2822 1534 solus
2847 1481 2983 1534 nosti
3004 1480 3166 1534 corda
3185 1479 3419 1549 ﬁliorum
3445 1481 3616 1535 homi-

2029 1582 2173 1620 num.

2097 1658 2213 1714 Non
2235 1674 2423 1716 omnes
2459 1662 2814 1733 cogitationes
2834 1670 3034 1718 nostrae
3063 1661 3217 1717 malae
3248 1677 3463 1732 semper
3495 1663 3611 1716 dia-

2023 1748 2130 1802 boli
2158 1749 2419 1805 instinctu
2443 1752 2752 1806 excitantur
2791 1771 2804 1805 :
2855 1752 2952 1808 sed
2995 1752 3281 1822 aliquoties
3331 1767 3396 1806 ex
3440 1752 3612 1807 nostri

2026 1840 2234 1895 arbitrii
2282 1850 2429 1898 motu
2473 1851 2754 1912 emergunt
2798 1861 2811 1896 :
2865 1842 3019 1898 bona:
3042 1852 3224 1898 autem
3258 1844 3614 1914 cogitationes

2027 1946 2240 2000 semper
2264 1946 2295 1984 a
2324 1930 2434 1985 Deo
2456 1940 2601 1986 sunt.

2097 2023 2376 2077 Daemones
2400 2037 2498 2092 per
2524 2023 2796 2095 energiam
2820 2039 2926 2078 non
2954 2025 3225 2079 credimus
3246 2023 3613 2080 subetantiali—

2026 2122 2110 2167 ter
2138 2114 2285 2169 illabi
2313 2110 2509 2171 animae
2556 2133 2569 2169 :
2625 2116 2720 2171 sed
2763 2116 3122 2186 applicatione
3167 2125 3222 2171 et
3264 2118 3613 2187 oppressione

2026 2202 2188 2255 uniri.
2221 2203 2371 2258 lllabi
2421 2211 2602 2258 autem
2645 2205 2813 2259 menti
2850 2204 2926 2258 illi
2968 2205 3067 2258 soli
3098 2205 3354 2273 possibile
3381 2215 3485 2270 est,
3517 2204 3609 2273 qui

2026 2291 2232 2344 creavit
2253 2305 2268 2344 :
2291 2292 2383 2360 qui
2411 2300 2606 2346 natura
2633 2292 2932 2348 subsistens
2952 2293 3306 2364 incorporeus
3354 2293 3613 2364 capabilis

2025 2389 2107 2436 est
2137 2397 2247 2437 suae
2269 2381 2508 2437 factum.

2098 2471 2259 2542 Signa
2288 2481 2344 2526 et
2369 2473 2612 2542 prodigia
2638 2481 2693 2527 et
2715 2475 2979 2529 sanitates
3006 2474 3168 2530 etiam
3211 2483 3528 2546 peccatores
3554 2477 3608 2529 in

2027 2562 2243 2616 nomine
2263 2562 2476 2618 Domini
2492 2562 2670 2617 facere
2690 2565 2760 2618 ab
2783 2565 2899 2633 ipso
2918 2565 3029 2620 Deo
3067 2566 3351 2621 didicimus
3375 2585 3387 2620 :
3415 2576 3467 2621 et
3488 2582 3609 2621 cum

2025 2651 2159 2706 alios
2188 2653 2291 2706 hac
2311 2654 2728 2723 praesumptione
2757 2653 2966 2722 juvent,
3007 2656 3108 2711 sibi
3133 2671 3231 2726 per
3255 2658 3604 2712 ambitionem

2027 2742 2278 2795 humana:
2303 2742 2485 2812 gloriae
2505 2750 2704 2798 nocent
2733 2761 2747 2797 :
2779 2745 2871 2812 qui
2893 2745 3195 2816 gloriantur
3216 2763 3272 2801 in
3294 2748 3419 2802 dato
3447 2747 3604 2813 falso,

2027 2846 2133 2886 non
2153 2832 2362 2887 meritis
2388 2831 2588 2888 debito.

2098 2921 2276 2992 Signis
2297 2931 2351 2976 et
2377 2923 2639 2994 prodigiis
2665 2940 2870 2981 ciarum
2889 2943 3048 2997 posse
3075 2927 3191 2984 ﬁeri
3219 2928 3605 2993 Christianum,

2026 3030 2131 3068 non
2160 3024 2338 3069 tamen
2359 3023 2629 3080 sanctum,
2662 3017 2708 3070 si
2747 3017 3117 3086 intemperatis
3140 3027 3194 3072 et
3212 3020 3418 3088 asperis
3447 3019 3609 3073 mori-

2027 3105 2126 3159 bus
2148 3114 2269 3174 agat
2295 3124 2306 3157 :
2335 3106 2644 3174 temperatis
2661 3115 2841 3161 autem
2854 3112 2910 3162 et
2927 3107 3150 3176 placidis
3163 3108 3425 3172 moribus,
3443 3109 3606 3164 etiam

2028 3195 2231 3263 absque
2251 3194 2529 3263 signorum
2547 3194 2782 3250 etiicacia
2802 3206 2855 3251 et
2871 3205 3116 3251 sanctum
3131 3207 3187 3252 et
3199 3196 3496 3267 perfectum
3513 3197 3606 3250 Dei

2027 3282 2298 3337 hominem
2323 3282 2459 3350 ﬁeri,
2497 3294 2644 3340 recte
2669 3286 2960 3340 credimus.

2095 3372 2284 3426 Nullus
2318 3381 2537 3428 sanctus
2559 3373 2809 3442 etjustus
2838 3385 2989 3430 caret
3007 3385 3251 3446 peccato,
3283 3392 3384 3431 nec
3424 3385 3604 3433 tamen

2027 3475 2093 3514 ex
2118 3462 2222 3517 hoc
2249 3462 2443 3517 desinit
2489 3479 2609 3520 esse
2656 3464 2836 3533 justus
2861 3466 2946 3520 vel
2987 3475 3226 3533 sanctus,
3255 3484 3380 3523 cum
3409 3467 3606 3524 aﬁ‘ectu

2028 3561 2207 3607 teneat
2249 3553 2608 3608 sanctitatem.
2660 3554 2776 3608 Non
2823 3556 2966 3610 enim
3010 3565 3219 3612 natura:
3257 3557 3483 3623 viribus,
3513 3558 3606 3613 sed

2027 3642 2288 3711 propositi
2324 3642 2701 3712 adjuvamento
2726 3660 2823 3714 per
2850 3645 2946 3700 Dei
2993 3647 3222 3714 gratiam
3274 3648 3607 3716 acquirimus

2028 3733 2366 3787 sanctitatem
2392 3752 2404 3786 :
2446 3741 2501 3788 et
2522 3734 2642 3788 ideo
2670 3736 2935 3790 veraciter
2961 3751 3018 3791 se
3047 3751 3236 3791 omnes
3270 3738 3443 3792 sancti
3482 3753 3606 3806 pro-

2027 3822 2278 3877 nuntiant
2305 3833 2640 3891 peccatores,
2687 3828 2812 3894 quia
2846 3828 2899 3880 in
2927 3827 3156 3882 veritate
3197 3828 3418 3893 habent,
3463 3828 3605 3897 quod

2029 3913 2300 3983 plangant,
2325 3922 2379 3968 et
2406 3914 2452 3968 si
2476 3929 2584 3968 non
2609 3917 3027 3985 reprehensione
3049 3917 3411 3982 conscientiae,
3457 3925 3606 3971 certe

2027 4001 2324 4056 mobilitate
2343 4004 2789 4071 praevaricatricis
2809 4014 3034 4060 natum.

2097 4093 2324 4159 Pascha,
2359 4094 2413 4148 id
2437 4102 2539 4160 est,
2568 4094 2857 4151 Dominicae
2883 4096 3314 4152 Resurrectionis
3344 4097 3602 4153 solemni-

2029 4190 2134 4246 tas,
2159 4190 2284 4236 ante
2310 4190 2706 4254 transgressum
2726 4186 2960 4241 vernalis
3002 4187 3329 4257 aequinoctii,
3357 4196 3411 4243 et
3439 4198 3604 4244 sexta

2030 4273 2252 4328 decimae
2291 4272 2430 4327 lunae
2460 4274 2668 4328 initium
2714 4291 2817 4331 non
2851 4285 3028 4346 potest
3073 4277 3335 4332 celebrari
3367 4296 3381 4332 :
3412 4279 3604 4333 eodem

2030 4372 2212 4418 tamen
2237 4379 2424 4419 mense
2451 4374 2609 4420 natae.

2100 4456 2326 4528 Propter
2378 4459 2615 4515 novellos
2660 4460 3009 4530 legislatores,
3060 4464 3154 4533 qui
3205 4464 3327 4520 ideo
3367 4465 3603 4526 animam

2030 4553 2239 4600 tantum
2296 4547 2365 4600 ad
2420 4547 2708 4618 imaginem
2762 4549 2857 4605 Dei
2918 4560 3159 4606 creatam
3217 4553 3401 4608 dicunt
3459 4571 3476 4607 :
3542 4560 3606 4607 ut

2031 4636 2155 4703 quia
2189 4638 2330 4691 Deus
2371 4637 2716 4708 incorporeus
2744 4649 2897 4695 recte
2912 4642 3170 4707 creditur,
3203 4644 3369 4698 etiam
3421 4645 3603 4698 anima

2032 4727 2344 4796 incorporea
2368 4743 2488 4783 esse
2515 4730 2765 4784 credatur
2801 4747 2814 4782 :
2859 4731 3025 4787 libere
3070 4734 3406 4799 conﬁtemur,
3462 4735 3603 4788 ima-

2032 4820 2209 4889 ginem
2240 4821 2293 4874 in
2318 4823 2617 4877 aeternitate
2642 4841 2653 4875 :
2681 4823 3084 4878 similitudinem
3111 4825 3166 4878 in
3188 4823 3425 4878 moribus
3446 4805 3600 4877 in'vc-

2032 4924 2166 4964 mre.

1543 5182 1843 5258 LIBER
1915 5183 2407 5275 QUINTUS.

1787 5340 2177 5364 ᾗ

865 5463 1090 5522 CAPUT
1127 5461 1412 5520 PRIMUM.

359 5581 434 5635 De
457 5579 651 5634 sanctis
687 5576 996 5648 Scriptum,
1039 5578 1131 5631 hoc
1157 5587 1230 5631 est
1271 5574 1440 5629 Veteri
1479 5584 1525 5628 et
1565 5574 1710 5629 Novo
1755 5575 1929 5630 Testa-

1043 5656 1231 5700 mento.

432 5735 593 5794 Vetus
633 5736 1037 5795 Testamentum
1088 5735 1204 5793 ideo
1258 5737 1470 5800 dicitur,
1511 5737 1636 5805 quia
1684 5735 1930 5801 veniente

2034 5464 2171 5504 novo
2190 5447 2436 5502 cessavit.
2461 5445 2532 5501 De
2547 5461 2654 5515 quo
2668 5447 2955 5518 Apostolus
2974 5444 3220 5502 meminit
3247 5441 3332 5514 (ΙΙ
3354 5442 3475 5498 Cor.
3499 5445 3557 5515 v)
3581 5461 3597 5499 :

2048 5540 2228 5596 Vetera
2271 5539 2627 5594 transierunt:
2656 5547 2703 5591 et
2739 5553 2853 5591 ecce
2885 5537 3026 5606 facta
3061 5544 3181 5588 sunt
3225 5533 3398 5586 omnia
3445 5547 3598 5585 ma.

2036 5635 2437 5690 Testamentum
2467 5639 2643 5686 autem
2679 5628 2882 5682 Novum
2910 5626 3029 5681 ideo
3066 5631 3422 5692 nuncupatur,
3473 5619 3600 5688 quia

2038 5728 2273 5788 innovat.
2308 5721 2423 5780 Non
2450 5723 2593 5778 enim
2621 5720 2750 5777 illud
2772 5719 3003 5784 discunt,
3032 5713 3134 5771 nisi
3164 5710 3402 5770 renovati
3426 5702 3574 5764 boml
