  <div class='ocr_page' id='page_1' title='image "/cluster/home/n/w/nwhite01/storage/ocr_20150623/111/uva.x000827067/060.png"; bbox 0 0 3896 6332; ppageno 0'>
   <div class='ocr_carea' id='block_1_1' title="bbox 197 371 286 429">
    <p class='ocr_par' dir='ltr' id='par_1_1' title="bbox 197 371 286 429">
     <span class='ocr_line' id='line_1_1' title="bbox 197 371 286 429; baseline -0.045 0"><span class='ocrx_word' id='word_1_1' title='bbox 197 371 286 429; x_wconf 81' lang='grc'><strong>105</strong></span> 
     </span>
    </p>
   </div>
   <div class='ocr_carea' id='block_1_2' title="bbox 1157 349 2433 412">
    <p class='ocr_par' dir='ltr' id='par_1_2' title="bbox 1157 349 2433 412">
     <span class='ocr_line' id='line_1_2' title="bbox 1157 349 2433 412; baseline -0.006 0"><span class='ocrx_word' id='word_1_2' title='bbox 1157 356 1246 412; x_wconf 86' lang='lat' dir='ltr'><strong>DE</strong></span> <span class='ocrx_word' id='word_1_3' title='bbox 1285 352 1631 411; x_wconf 82' lang='lat' dir='ltr'><strong>UNIVERSO</strong></span> <span class='ocrx_word' id='word_1_4' title='bbox 1675 350 1850 404; x_wconf 78' lang='lat' dir='ltr'><strong>LlBlll</strong></span> <span class='ocrx_word' id='word_1_5' title='bbox 1890 349 2051 404; x_wconf 74' lang='lat' dir='ltr'><strong>XXII.</strong></span> <span class='ocrx_word' id='word_1_6' title='bbox 2093 380 2160 390; x_wconf 92' lang='lat'><strong>-—</strong></span> <span class='ocrx_word' id='word_1_7' title='bbox 2200 351 2328 405; x_wconf 76' lang='lat' dir='ltr'><strong>LIB.</strong></span> <span class='ocrx_word' id='word_1_8' title='bbox 2369 352 2433 405; x_wconf 93' lang='lat' dir='ltr'><strong>V.</strong></span> 
     </span>
    </p>
   </div>
   <div class='ocr_carea' id='block_1_3' title="bbox 3313 347 3416 401">
    <p class='ocr_par' dir='ltr' id='par_1_3' title="bbox 3313 347 3416 401">
     <span class='ocr_line' id='line_1_3' title="bbox 3313 347 3416 401; baseline -0.019 0"><span class='ocrx_word' id='word_1_9' title='bbox 3313 347 3416 401; x_wconf 81' lang='grc'>106</span> 
     </span>
    </p>
   </div>
   <div class='ocr_carea' id='block_1_4' title="bbox 196 463 3417 544">
    <p class='ocr_par' dir='ltr' id='par_1_4' title="bbox 196 463 3417 544">
     <span class='ocr_line' id='line_1_4' title="bbox 196 463 3417 544; baseline -0.007 -3"><span class='ocrx_word' id='word_1_10' title='bbox 196 498 280 541; x_wconf 86' lang='lat' dir='ltr'><strong>nes</strong></span> <span class='ocrx_word' id='word_1_11' title='bbox 301 495 361 537; x_wconf 81' lang='lat' dir='ltr'><strong>ex</strong></span> <span class='ocrx_word' id='word_1_12' title='bbox 396 484 661 534; x_wconf 85' lang='lat' dir='ltr'><strong>vetustate</strong></span> <span class='ocrx_word' id='word_1_13' title='bbox 694 489 788 544; x_wconf 90' lang='lat' dir='ltr'><strong>per</strong></span> <span class='ocrx_word' id='word_1_14' title='bbox 822 473 1077 544; x_wconf 75' lang='lat' dir='ltr'><strong>gratiam,</strong></span> <span class='ocrx_word' id='word_1_15' title='bbox 1109 479 1162 524; x_wconf 89' lang='lat' dir='ltr'><strong>et</strong></span> <span class='ocrx_word' id='word_1_16' title='bbox 1186 469 1516 539; x_wconf 91' lang='lat' dir='ltr'><strong>pertinentes</strong></span> <span class='ocrx_word' id='word_1_17' title='bbox 1536 465 1647 534; x_wconf 81' lang='lat' dir='ltr'><strong>jam</strong></span> <span class='ocrx_word' id='word_1_18' title='bbox 1677 464 1744 518; x_wconf 89' lang='lat' dir='ltr'><strong>ad</strong></span> <span class='ocrx_word' id='word_1_19' title='bbox 1773 468 1820 527; x_wconf 84' lang='grc' dir='ltr'><strong>Α</strong></span> <span class='ocrx_word' id='word_1_20' title='bbox 1846 474 1970 518; x_wconf 90' lang='lat' dir='ltr'><strong>sunt</strong></span> <span class='ocrx_word' id='word_1_21' title='bbox 1995 483 2006 518; x_wconf 94' lang='lat'><strong>:</strong></span> <span class='ocrx_word' id='word_1_22' title='bbox 2037 465 2220 528; x_wconf 87' lang='lat' dir='ltr'><strong>Isaias,</strong></span> <span class='ocrx_word' id='word_1_23' title='bbox 2251 463 2534 530; x_wconf 89' lang='lat' dir='ltr'><strong>Jeremias,</strong></span> <span class='ocrx_word' id='word_1_24' title='bbox 2565 464 2816 519; x_wconf 84' lang='lat' dir='ltr'><strong>Ezechiel</strong></span> <span class='ocrx_word' id='word_1_25' title='bbox 2846 472 2900 519; x_wconf 91' lang='lat' dir='ltr'><strong>et</strong></span> <span class='ocrx_word' id='word_1_26' title='bbox 2927 463 3114 518; x_wconf 90' lang='lat' dir='ltr'><strong>Daniel</strong></span> <span class='ocrx_word' id='word_1_27' title='bbox 3157 463 3279 519; x_wconf 82' lang='lat' dir='ltr'><strong>libri</strong></span> <span class='ocrx_word' id='word_1_28' title='bbox 3307 463 3417 517; x_wconf 91' lang='lat' dir='ltr'><strong>sin-</strong></span> 
     </span>
    </p>
   </div>
   <div class='ocr_carea' id='block_1_5' title="bbox 195 558 1739 634">
    <p class='ocr_par' dir='ltr' id='par_1_5' title="bbox 195 558 1739 634">
     <span class='ocr_line' id='line_1_5' title="bbox 195 558 1739 634; baseline -0.015 -3"><span class='ocrx_word' id='word_1_29' title='bbox 195 575 574 632; x_wconf 88' lang='lat' dir='ltr'><strong>Testamentum</strong></span> <span class='ocrx_word' id='word_1_30' title='bbox 602 565 827 630; x_wconf 83' lang='lat' dir='ltr'><strong>Novum,</strong></span> <span class='ocrx_word' id='word_1_31' title='bbox 865 563 1008 634; x_wconf 90' lang='lat' dir='ltr'><strong>quod</strong></span> <span class='ocrx_word' id='word_1_32' title='bbox 1055 573 1138 617; x_wconf 85' lang='lat' dir='ltr'><strong>est</strong></span> <span class='ocrx_word' id='word_1_33' title='bbox 1185 575 1410 629; x_wconf 79' lang='lat' dir='ltr'><strong>regnum</strong></span> <span class='ocrx_word' id='word_1_34' title='bbox 1461 558 1739 613; x_wconf 70' lang='lat' dir='ltr'><strong>caelorum.</strong></span> 
     </span>
    </p>
   </div>
   <div class='ocr_carea' id='block_1_6' title="bbox 193 652 1742 727">
    <p class='ocr_par' dir='ltr' id='par_1_6' title="bbox 193 652 1742 727">
     <span class='ocr_line' id='line_1_6' title="bbox 193 652 1742 727; baseline -0.016 0"><span class='ocrx_word' id='word_1_35' title='bbox 193 666 383 727; x_wconf 76' lang='lat' dir='ltr'><strong>Hebraei</strong></span> <span class='ocrx_word' id='word_1_36' title='bbox 427 663 574 717; x_wconf 80' lang='lat' dir='ltr'><strong>cnim</strong></span> <span class='ocrx_word' id='word_1_37' title='bbox 616 659 778 715; x_wconf 91' lang='lat' dir='ltr'><strong>Vetus</strong></span> <span class='ocrx_word' id='word_1_38' title='bbox 807 659 1234 719; x_wconf 83' lang='lat' dir='ltr'><strong>Testamentum,</strong></span> <span class='ocrx_word' id='word_1_39' title='bbox 1281 652 1452 708; x_wconf 88' lang='lat' dir='ltr'><strong>Esdra</strong></span> <span class='ocrx_word' id='word_1_40' title='bbox 1501 659 1742 713; x_wconf 88' lang='lat' dir='ltr'><strong>auctore,</strong></span> 
     </span>
    </p>
   </div>
   <div class='ocr_carea' id='block_1_7' title="bbox 189 742 1745 836">
    <p class='ocr_par' dir='ltr' id='par_1_7' title="bbox 189 742 1745 836">
     <span class='ocr_line' id='line_1_7' title="bbox 189 742 1745 836; baseline -0.014 -20"><span class='ocrx_word' id='word_1_41' title='bbox 189 762 328 836; x_wconf 82' lang='lat' dir='ltr'><strong>juxta</strong></span> <span class='ocrx_word' id='word_1_42' title='bbox 372 769 651 812; x_wconf 80' lang='lat' dir='ltr'><strong>numerum</strong></span> <span class='ocrx_word' id='word_1_43' title='bbox 696 753 1006 807; x_wconf 81' lang='lat' dir='ltr'><strong>litterarum</strong></span> <span class='ocrx_word' id='word_1_44' title='bbox 1053 763 1292 810; x_wconf 90' lang='lat' dir='ltr'><strong>suarum,</strong></span> <span class='ocrx_word' id='word_1_45' title='bbox 1348 745 1403 799; x_wconf 89' lang='lat' dir='ltr'><strong>in</strong></span> <span class='ocrx_word' id='word_1_46' title='bbox 1452 744 1522 836; x_wconf 45' lang='lat' dir='ltr'><strong>S2</strong></span> <span class='ocrx_word' id='word_1_47' title='bbox 1563 742 1745 836; x_wconf 74' lang='lat' dir='ltr'><strong>libros</strong></span> 
     </span>
    </p>
   </div>
   <div class='ocr_carea' id='block_1_8' title="bbox 193 832 1742 920">
    <p class='ocr_par' dir='ltr' id='par_1_8' title="bbox 193 832 1742 920">
     <span class='ocr_line' id='line_1_8' title="bbox 193 832 1742 920; baseline -0.014 -14"><span class='ocrx_word' id='word_1_48' title='bbox 193 832 456 920; x_wconf 77' lang='lat' dir='ltr'><strong>accipiunt,</strong></span> <span class='ocrx_word' id='word_1_49' title='bbox 490 843 789 899; x_wconf 87' lang='lat' dir='ltr'><strong>dividentes</strong></span> <span class='ocrx_word' id='word_1_50' title='bbox 837 855 928 896; x_wconf 88' lang='lat' dir='ltr'><strong>eos</strong></span> <span class='ocrx_word' id='word_1_51' title='bbox 953 839 1007 893; x_wconf 92' lang='lat' dir='ltr'><strong>in</strong></span> <span class='ocrx_word' id='word_1_52' title='bbox 1041 846 1148 892; x_wconf 90' lang='lat' dir='ltr'><strong>tres</strong></span> <span class='ocrx_word' id='word_1_53' title='bbox 1177 836 1417 900; x_wconf 86' lang='lat' dir='ltr'><strong>ordines,</strong></span> <span class='ocrx_word' id='word_1_54' title='bbox 1448 833 1608 904; x_wconf 84' lang='lat' dir='ltr'><strong>Legis</strong></span> <span class='ocrx_word' id='word_1_55' title='bbox 1635 832 1742 888; x_wconf 91' lang='lat' dir='ltr'><strong>sci-</strong></span> 
     </span>
    </p>
   </div>
   <div class='ocr_carea' id='block_1_9' title="bbox 193 920 1746 1004">
    <p class='ocr_par' dir='ltr' id='par_1_9' title="bbox 193 920 1746 1004">
     <span class='ocr_line' id='line_1_9' title="bbox 193 920 1746 1004; baseline -0.013 -10"><span class='ocrx_word' id='word_1_56' title='bbox 193 939 306 994; x_wconf 67' lang='lat' dir='ltr'><strong>licet</strong></span> <span class='ocrx_word' id='word_1_57' title='bbox 328 945 378 992; x_wconf 92' lang='lat' dir='ltr'><strong>et</strong></span> <span class='ocrx_word' id='word_1_58' title='bbox 395 933 784 1004; x_wconf 87' lang='lat' dir='ltr'><strong>Prophetarum</strong></span> <span class='ocrx_word' id='word_1_59' title='bbox 800 938 967 999; x_wconf 89' lang='lat' dir='ltr'><strong>atque</strong></span> <span class='ocrx_word' id='word_1_60' title='bbox 988 926 1502 998; x_wconf 83' lang='lat' dir='ltr'><strong>Hagiographorum.</strong></span> <span class='ocrx_word' id='word_1_61' title='bbox 1533 920 1746 976; x_wconf 86' lang='lat' dir='ltr'><strong>Primus</strong></span> 
     </span>
    </p>
   </div>
   <div class='ocr_carea' id='block_1_10' title="bbox 192 1015 1742 1100">
    <p class='ocr_par' dir='ltr' id='par_1_10' title="bbox 192 1015 1742 1100">
     <span class='ocr_line' id='line_1_10' title="bbox 192 1015 1742 1100; baseline -0.014 -14"><span class='ocrx_word' id='word_1_62' title='bbox 192 1031 311 1087; x_wconf 88' lang='lat' dir='ltr'><strong>ordo</strong></span> <span class='ocrx_word' id='word_1_63' title='bbox 337 1028 461 1100; x_wconf 83' lang='lat' dir='ltr'><strong>legis</strong></span> <span class='ocrx_word' id='word_1_64' title='bbox 496 1027 553 1082; x_wconf 89' lang='lat' dir='ltr'><strong>in</strong></span> <span class='ocrx_word' id='word_1_65' title='bbox 581 1025 816 1095; x_wconf 89' lang='lat' dir='ltr'><strong>quinque</strong></span> <span class='ocrx_word' id='word_1_66' title='bbox 842 1022 996 1077; x_wconf 87' lang='lat' dir='ltr'><strong>libris</strong></span> <span class='ocrx_word' id='word_1_67' title='bbox 1022 1017 1266 1092; x_wconf 84' lang='lat' dir='ltr'><strong>[Moysis]</strong></span> <span class='ocrx_word' id='word_1_68' title='bbox 1301 1015 1582 1084; x_wconf 89' lang='lat' dir='ltr'><strong>accipitur,</strong></span> <span class='ocrx_word' id='word_1_69' title='bbox 1609 1028 1742 1082; x_wconf 91' lang='lat' dir='ltr'><strong>quo-</strong></span> 
     </span>
    </p>
   </div>
   <div class='ocr_carea' id='block_1_11' title="bbox 193 1104 1745 1190">
    <p class='ocr_par' dir='ltr' id='par_1_11' title="bbox 193 1104 1745 1190">
     <span class='ocr_line' id='line_1_11' title="bbox 193 1104 1745 1190; baseline -0.012 -13"><span class='ocrx_word' id='word_1_70' title='bbox 193 1136 299 1178; x_wconf 86' lang='lat' dir='ltr'><strong>rum</strong></span> <span class='ocrx_word' id='word_1_71' title='bbox 326 1119 527 1190; x_wconf 88' lang='lat' dir='ltr'><strong>primus</strong></span> <span class='ocrx_word' id='word_1_72' title='bbox 555 1124 640 1172; x_wconf 91' lang='lat' dir='ltr'><strong>est</strong></span> <span class='ocrx_word' id='word_1_73' title='bbox 666 1113 882 1179; x_wconf 79' lang='lat' dir='ltr'><strong>bresith,</strong></span> <span class='ocrx_word' id='word_1_74' title='bbox 922 1113 1013 1182; x_wconf 91' lang='lat' dir='ltr'><strong>qui</strong></span> <span class='ocrx_word' id='word_1_75' title='bbox 1057 1118 1139 1165; x_wconf 88' lang='lat' dir='ltr'><strong>est</strong></span> <span class='ocrx_word' id='word_1_76' title='bbox 1180 1106 1425 1163; x_wconf 87' lang='lat' dir='ltr'><strong>Genesis.</strong></span> <span class='ocrx_word' id='word_1_77' title='bbox 1470 1104 1745 1160; x_wconf 89' lang='lat' dir='ltr'><strong>Secundus</strong></span> 
     </span>
    </p>
   </div>
   <div class='ocr_carea' id='block_1_12' title="bbox 190 1196 1748 1278">
    <p class='ocr_par' dir='ltr' id='par_1_12' title="bbox 190 1196 1748 1278">
     <span class='ocr_line' id='line_1_12' title="bbox 190 1196 1748 1278; baseline -0.01 -12"><span class='ocrx_word' id='word_1_78' title='bbox 190 1211 452 1274; x_wconf 77' lang='lat' dir='ltr'><strong>ellemotlt,</strong></span> <span class='ocrx_word' id='word_1_79' title='bbox 485 1207 578 1278; x_wconf 89' lang='lat' dir='ltr'><strong>qui</strong></span> <span class='ocrx_word' id='word_1_80' title='bbox 626 1213 709 1261; x_wconf 90' lang='lat' dir='ltr'><strong>est</strong></span> <span class='ocrx_word' id='word_1_81' title='bbox 737 1203 978 1259; x_wconf 73' lang='lat' dir='ltr'><strong>Exedus.</strong></span> <span class='ocrx_word' id='word_1_82' title='bbox 1012 1200 1226 1255; x_wconf 91' lang='lat' dir='ltr'><strong>Tertius</strong></span> <span class='ocrx_word' id='word_1_83' title='bbox 1270 1197 1498 1262; x_wconf 85' lang='lat' dir='ltr'><strong>vaiecra,</strong></span> <span class='ocrx_word' id='word_1_84' title='bbox 1544 1196 1634 1264; x_wconf 87' lang='lat' dir='ltr'><strong>qui</strong></span> <span class='ocrx_word' id='word_1_85' title='bbox 1663 1204 1748 1250; x_wconf 91' lang='lat' dir='ltr'><strong>est</strong></span> 
     </span>
    </p>
   </div>
   <div class='ocr_carea' id='block_1_13' title="bbox 191 1285 1742 1364">
    <p class='ocr_par' dir='ltr' id='par_1_13' title="bbox 191 1285 1742 1364">
     <span class='ocr_line' id='line_1_13' title="bbox 191 1285 1742 1364; baseline -0.011 -9"><span class='ocrx_word' id='word_1_86' title='bbox 191 1299 457 1355; x_wconf 87' lang='lat' dir='ltr'><strong>Leviticus.</strong></span> <span class='ocrx_word' id='word_1_87' title='bbox 520 1295 756 1364; x_wconf 85' lang='lat' dir='ltr'><strong>Quartus</strong></span> <span class='ocrx_word' id='word_1_88' title='bbox 805 1290 1118 1355; x_wconf 80' lang='lat' dir='ltr'><strong>uaiedaber,</strong></span> <span class='ocrx_word' id='word_1_89' title='bbox 1175 1288 1267 1358; x_wconf 90' lang='lat' dir='ltr'><strong>qui</strong></span> <span class='ocrx_word' id='word_1_90' title='bbox 1322 1294 1404 1340; x_wconf 91' lang='lat' dir='ltr'><strong>est</strong></span> <span class='ocrx_word' id='word_1_91' title='bbox 1454 1285 1742 1340; x_wconf 88' lang='lat' dir='ltr'><strong>Numerus.</strong></span> 
     </span>
    </p>
   </div>
   <div class='ocr_carea' id='block_1_14' title="bbox 189 1376 1743 1457">
    <p class='ocr_par' dir='ltr' id='par_1_14' title="bbox 189 1376 1743 1457">
     <span class='ocr_line' id='line_1_14' title="bbox 189 1376 1743 1457; baseline -0.011 -12"><span class='ocrx_word' id='word_1_92' title='bbox 189 1389 399 1457; x_wconf 86' lang='lat' dir='ltr'><strong>Quintus</strong></span> <span class='ocrx_word' id='word_1_93' title='bbox 442 1384 893 1440; x_wconf 81' lang='lat' dir='ltr'><strong>helleaddabarim</strong></span> <span class='ocrx_word' id='word_1_94' title='bbox 918 1423 931 1448; x_wconf 89' lang='lat'><strong>,</strong></span> <span class='ocrx_word' id='word_1_95' title='bbox 986 1381 1077 1450; x_wconf 90' lang='lat' dir='ltr'><strong>qui</strong></span> <span class='ocrx_word' id='word_1_96' title='bbox 1122 1386 1205 1434; x_wconf 87' lang='lat' dir='ltr'><strong>est</strong></span> <span class='ocrx_word' id='word_1_97' title='bbox 1249 1376 1743 1431; x_wconf 88' lang='lat' dir='ltr'><strong>Deuteronomium.</strong></span> 
     </span>
    </p>
   </div>
   <div class='ocr_carea' id='block_1_15' title="bbox 189 1463 1744 1545">
    <p class='ocr_par' dir='ltr' id='par_1_15' title="bbox 189 1463 1744 1545">
     <span class='ocr_line' id='line_1_15' title="bbox 189 1463 1744 1545; baseline -0.012 -13"><span class='ocrx_word' id='word_1_98' title='bbox 189 1478 247 1532; x_wconf 95' lang='lat' dir='ltr'><strong>lli</strong></span> <span class='ocrx_word' id='word_1_99' title='bbox 271 1486 385 1532; x_wconf 93' lang='lat' dir='ltr'><strong>sunt</strong></span> <span class='ocrx_word' id='word_1_100' title='bbox 413 1476 650 1545; x_wconf 91' lang='lat' dir='ltr'><strong>quinque</strong></span> <span class='ocrx_word' id='word_1_101' title='bbox 691 1472 817 1527; x_wconf 87' lang='lat' dir='ltr'><strong>libri</strong></span> <span class='ocrx_word' id='word_1_102' title='bbox 865 1468 1055 1541; x_wconf 80' lang='lat' dir='ltr'><strong>Moysi,</strong></span> <span class='ocrx_word' id='word_1_103' title='bbox 1095 1481 1230 1537; x_wconf 90' lang='lat' dir='ltr'><strong>quos</strong></span> <span class='ocrx_word' id='word_1_104' title='bbox 1257 1464 1465 1520; x_wconf 63' lang='lat' dir='ltr'><strong>Hebraei</strong></span> <span class='ocrx_word' id='word_1_105' title='bbox 1516 1463 1744 1529; x_wconf 85' lang='lat' dir='ltr'><strong>thorath,</strong></span> 
     </span>
    </p>
   </div>
   <div class='ocr_carea' id='block_1_16' title="bbox 189 1555 1742 1638">
    <p class='ocr_par' dir='ltr' id='par_1_16' title="bbox 189 1555 1742 1638">
     <span class='ocr_line' id='line_1_16' title="bbox 189 1555 1742 1638; baseline -0.01 -15"><span class='ocrx_word' id='word_1_106' title='bbox 189 1569 324 1624; x_wconf 89' lang='lat' dir='ltr'><strong>latini</strong></span> <span class='ocrx_word' id='word_1_107' title='bbox 347 1569 505 1638; x_wconf 76' lang='lat' dir='ltr'><strong>legem</strong></span> <span class='ocrx_word' id='word_1_108' title='bbox 534 1565 822 1637; x_wconf 88' lang='lat' dir='ltr'><strong>appellant.</strong></span> <span class='ocrx_word' id='word_1_109' title='bbox 853 1561 1075 1631; x_wconf 85' lang='lat' dir='ltr'><strong>Proprie</strong></span> <span class='ocrx_word' id='word_1_110' title='bbox 1103 1566 1280 1614; x_wconf 92' lang='lat' dir='ltr'><strong>autem</strong></span> <span class='ocrx_word' id='word_1_111' title='bbox 1309 1556 1395 1611; x_wconf 88' lang='lat' dir='ltr'><strong>lex</strong></span> <span class='ocrx_word' id='word_1_112' title='bbox 1426 1555 1742 1626; x_wconf 84' lang='lat' dir='ltr'><strong>appellatur,</strong></span> 
     </span>
    </p>
   </div>
   <div class='ocr_carea' id='block_1_17' title="bbox 188 1647 1748 1732">
    <p class='ocr_par' dir='ltr' id='par_1_17' title="bbox 188 1647 1748 1732">
     <span class='ocr_line' id='line_1_17' title="bbox 188 1647 1748 1732; baseline -0.01 -17"><span class='ocrx_word' id='word_1_113' title='bbox 188 1676 296 1732; x_wconf 73' lang='lat' dir='ltr'><strong>qua:</strong></span> <span class='ocrx_word' id='word_1_114' title='bbox 318 1676 411 1730; x_wconf 92' lang='lat' dir='ltr'><strong>per</strong></span> <span class='ocrx_word' id='word_1_115' title='bbox 435 1658 657 1730; x_wconf 82' lang='lat' dir='ltr'><strong>Moysen</strong></span> <span class='ocrx_word' id='word_1_116' title='bbox 682 1658 805 1712; x_wconf 90' lang='lat' dir='ltr'><strong>data</strong></span> <span class='ocrx_word' id='word_1_117' title='bbox 828 1662 932 1710; x_wconf 92' lang='lat' dir='ltr'><strong>est.</strong></span> <span class='ocrx_word' id='word_1_118' title='bbox 981 1650 1259 1707; x_wconf 84' lang='lat' dir='ltr'><strong>Secundus</strong></span> <span class='ocrx_word' id='word_1_119' title='bbox 1288 1649 1421 1705; x_wconf 91' lang='lat' dir='ltr'><strong>ordo</strong></span> <span class='ocrx_word' id='word_1_120' title='bbox 1451 1647 1748 1716; x_wconf 85' lang='lat' dir='ltr'><strong>PrOpheta-</strong></span> 
     </span>
    </p>
   </div>
   <div class='ocr_carea' id='block_1_18' title="bbox 187 1737 1746 1818">
    <p class='ocr_par' dir='ltr' id='par_1_18' title="bbox 187 1737 1746 1818">
     <span class='ocr_line' id='line_1_18' title="bbox 187 1737 1746 1818; baseline -0.012 -10"><span class='ocrx_word' id='word_1_121' title='bbox 187 1766 318 1815; x_wconf 83' lang='lat' dir='ltr'><strong>rum,</strong></span> <span class='ocrx_word' id='word_1_122' title='bbox 339 1750 389 1803; x_wconf 91' lang='lat' dir='ltr'><strong>in</strong></span> <span class='ocrx_word' id='word_1_123' title='bbox 417 1764 530 1818; x_wconf 90' lang='lat' dir='ltr'><strong>quo</strong></span> <span class='ocrx_word' id='word_1_124' title='bbox 567 1747 912 1802; x_wconf 90' lang='lat' dir='ltr'><strong>continentur</strong></span> <span class='ocrx_word' id='word_1_125' title='bbox 934 1741 1058 1796; x_wconf 85' lang='lat' dir='ltr'><strong>libri</strong></span> <span class='ocrx_word' id='word_1_126' title='bbox 1089 1747 1231 1804; x_wconf 92' lang='lat' dir='ltr'><strong>octo,</strong></span> <span class='ocrx_word' id='word_1_127' title='bbox 1263 1753 1493 1808; x_wconf 91' lang='lat' dir='ltr'><strong>quorum</strong></span> <span class='ocrx_word' id='word_1_128' title='bbox 1520 1737 1746 1806; x_wconf 88' lang='lat' dir='ltr'><strong>primus,</strong></span> 
     </span>
    </p>
   </div>
   <div class='ocr_carea' id='block_1_19' title="bbox 1845 554 3411 625">
    <p class='ocr_par' dir='ltr' id='par_1_19' title="bbox 1845 554 3411 625">
     <span class='ocr_line' id='line_1_19' title="bbox 1845 554 3411 625; baseline 0 -17"><span class='ocrx_word' id='word_1_129' title='bbox 1845 555 1951 624; x_wconf 83' lang='lat' dir='ltr'><strong>guli</strong></span> <span class='ocrx_word' id='word_1_130' title='bbox 1981 573 1993 607; x_wconf 90' lang='lat'><strong>:</strong></span> <span class='ocrx_word' id='word_1_131' title='bbox 2027 554 2306 608; x_wconf 88' lang='lat' dir='ltr'><strong>duodecim</strong></span> <span class='ocrx_word' id='word_1_132' title='bbox 2357 570 2570 624; x_wconf 87' lang='lat' dir='ltr'><strong>quoque</strong></span> <span class='ocrx_word' id='word_1_133' title='bbox 2626 556 3007 625; x_wconf 89' lang='lat' dir='ltr'><strong>prophetarum</strong></span> <span class='ocrx_word' id='word_1_134' title='bbox 3039 556 3161 609; x_wconf 89' lang='lat' dir='ltr'><strong>libri</strong></span> <span class='ocrx_word' id='word_1_135' title='bbox 3193 555 3411 625; x_wconf 81' lang='lat' dir='ltr'><strong>singuli,</strong></span> 
     </span>
    </p>
   </div>
   <div class='ocr_carea' id='block_1_20' title="bbox 1844 645 3417 716">
    <p class='ocr_par' dir='ltr' id='par_1_20' title="bbox 1844 645 3417 716">
     <span class='ocr_line' id='line_1_20' title="bbox 1844 645 3417 716; baseline 0.002 -17"><span class='ocrx_word' id='word_1_136' title='bbox 1844 655 1897 700; x_wconf 89' lang='lat' dir='ltr'><strong>et</strong></span> <span class='ocrx_word' id='word_1_137' title='bbox 1946 646 2059 699; x_wconf 79' lang='lat' dir='ltr'><strong>haec</strong></span> <span class='ocrx_word' id='word_1_138' title='bbox 2117 645 2332 713; x_wconf 90' lang='lat' dir='ltr'><strong>quidem</strong></span> <span class='ocrx_word' id='word_1_139' title='bbox 2387 646 2708 716; x_wconf 88' lang='lat' dir='ltr'><strong>Prophetica</strong></span> <span class='ocrx_word' id='word_1_140' title='bbox 2758 655 2900 701; x_wconf 88' lang='lat' dir='ltr'><strong>sunt.</strong></span> <span class='ocrx_word' id='word_1_141' title='bbox 2947 647 3076 702; x_wconf 87' lang='lat' dir='ltr'><strong>Post</strong></span> <span class='ocrx_word' id='word_1_142' title='bbox 3130 646 3246 703; x_wconf 69' lang='lat' dir='ltr'><strong>hmo</strong></span> <span class='ocrx_word' id='word_1_143' title='bbox 3296 662 3417 702; x_wconf 86' lang='lat' dir='ltr'><strong>ver-</strong></span> 
     </span>
    </p>
   </div>
   <div class='ocr_carea' id='block_1_21' title="bbox 1845 733 3419 806">
    <p class='ocr_par' dir='ltr' id='par_1_21' title="bbox 1845 733 3419 806">
     <span class='ocr_line' id='line_1_21' title="bbox 1845 733 3419 806; baseline 0.001 -17"><span class='ocrx_word' id='word_1_144' title='bbox 1845 751 2000 789; x_wconf 88' lang='lat' dir='ltr'><strong>suum</strong></span> <span class='ocrx_word' id='word_1_145' title='bbox 2055 743 2177 789; x_wconf 91' lang='lat' dir='ltr'><strong>octo</strong></span> <span class='ocrx_word' id='word_1_146' title='bbox 2231 733 2352 788; x_wconf 86' lang='lat' dir='ltr'><strong>libri</strong></span> <span class='ocrx_word' id='word_1_147' title='bbox 2400 735 2684 800; x_wconf 84' lang='lat' dir='ltr'><strong>habentur,</strong></span> <span class='ocrx_word' id='word_1_148' title='bbox 2731 737 2824 805; x_wconf 89' lang='lat' dir='ltr'><strong>qui</strong></span> <span class='ocrx_word' id='word_1_149' title='bbox 2877 736 3088 791; x_wconf 90' lang='lat' dir='ltr'><strong>diverso</strong></span> <span class='ocrx_word' id='word_1_150' title='bbox 3127 738 3268 806; x_wconf 90' lang='lat' dir='ltr'><strong>apud</strong></span> <span class='ocrx_word' id='word_1_151' title='bbox 3313 736 3419 791; x_wconf 84' lang='lat' dir='ltr'><strong>He-</strong></span> 
     </span>
    </p>
   </div>
   <div class='ocr_carea' id='block_1_22' title="bbox 1845 824 3416 890">
    <p class='ocr_par' dir='ltr' id='par_1_22' title="bbox 1845 824 3416 890">
     <span class='ocr_line' id='line_1_22' title="bbox 1845 824 3416 890; baseline 0.003 -12"><span class='ocrx_word' id='word_1_152' title='bbox 1845 825 2017 880; x_wconf 68' lang='lat' dir='ltr'><strong>brreos</strong></span> <span class='ocrx_word' id='word_1_153' title='bbox 2046 833 2220 878; x_wconf 88' lang='lat' dir='ltr'><strong>metro</strong></span> <span class='ocrx_word' id='word_1_154' title='bbox 2249 824 2576 890; x_wconf 89' lang='lat' dir='ltr'><strong>scribuntur,</strong></span> <span class='ocrx_word' id='word_1_155' title='bbox 2630 827 2682 881; x_wconf 87' lang='lat' dir='ltr'><strong>id</strong></span> <span class='ocrx_word' id='word_1_156' title='bbox 2711 833 2793 880; x_wconf 85' lang='lat' dir='ltr'><strong>est</strong></span> <span class='ocrx_word' id='word_1_157' title='bbox 2835 825 2934 881; x_wconf 94' lang='lat' dir='ltr'><strong>Job</strong></span> <span class='ocrx_word' id='word_1_158' title='bbox 2987 825 3147 890; x_wconf 87' lang='lat' dir='ltr'><strong>liber,</strong></span> <span class='ocrx_word' id='word_1_159' title='bbox 3183 836 3239 880; x_wconf 89' lang='lat' dir='ltr'><strong>et</strong></span> <span class='ocrx_word' id='word_1_160' title='bbox 3281 827 3416 884; x_wconf 90' lang='lat' dir='ltr'><strong>liber</strong></span> 
     </span>
    </p>
   </div>
   <div class='ocr_carea' id='block_1_23' title="bbox 1843 913 3422 981">
    <p class='ocr_par' dir='ltr' id='par_1_23' title="bbox 1843 913 3422 981">
     <span class='ocr_line' id='line_1_23' title="bbox 1843 913 3422 981; baseline 0.001 -13"><span class='ocrx_word' id='word_1_161' title='bbox 1843 914 2202 980; x_wconf 90' lang='lat' dir='ltr'><strong>Psalmorum,</strong></span> <span class='ocrx_word' id='word_1_162' title='bbox 2253 921 2306 968; x_wconf 91' lang='lat' dir='ltr'><strong>et</strong></span> <span class='ocrx_word' id='word_1_163' title='bbox 2358 913 2790 979; x_wconf 89' lang='lat' dir='ltr'><strong>Proverbiorum,</strong></span> <span class='ocrx_word' id='word_1_164' title='bbox 2837 922 2892 968; x_wconf 90' lang='lat' dir='ltr'><strong>et</strong></span> <span class='ocrx_word' id='word_1_165' title='bbox 2942 913 3312 981; x_wconf 85' lang='lat' dir='ltr'><strong>Ecclesiastes,</strong></span> <span class='ocrx_word' id='word_1_166' title='bbox 3365 923 3422 970; x_wconf 92' lang='lat' dir='ltr'><strong>et</strong></span> 
     </span>
    </p>
   </div>
   <div class='ocr_carea' id='block_1_24' title="bbox 1845 996 3414 1074">
    <p class='ocr_par' dir='ltr' id='par_1_24' title="bbox 1845 996 3414 1074">
     <span class='ocr_line' id='line_1_24' title="bbox 1845 996 3414 1074; baseline -0.001 -12"><span class='ocrx_word' id='word_1_167' title='bbox 1845 1005 2068 1062; x_wconf 86' lang='lat' dir='ltr'><strong>Cantica</strong></span> <span class='ocrx_word' id='word_1_168' title='bbox 2095 1006 2452 1070; x_wconf 86' lang='lat' dir='ltr'><strong>canticorum,</strong></span> <span class='ocrx_word' id='word_1_169' title='bbox 2471 1005 2584 1060; x_wconf 88' lang='lat' dir='ltr'><strong>sive</strong></span> <span class='ocrx_word' id='word_1_170' title='bbox 2612 996 2895 1074; x_wconf 71' lang='lat' dir='ltr'><strong>Sapientia:</strong></span> <span class='ocrx_word' id='word_1_171' title='bbox 2918 1013 2971 1060; x_wconf 90' lang='lat' dir='ltr'><strong>et</strong></span> <span class='ocrx_word' id='word_1_172' title='bbox 2994 1003 3414 1071; x_wconf 76' lang='lat' dir='ltr'><strong>Ecclesiasticus,</strong></span> 
     </span>
    </p>
   </div>
   <div class='ocr_carea' id='block_1_25' title="bbox 1846 1093 3420 1165">
    <p class='ocr_par' dir='ltr' id='par_1_25' title="bbox 1846 1093 3420 1165">
     <span class='ocr_line' id='line_1_25' title="bbox 1846 1093 3420 1165; baseline 0.001 -17"><span class='ocrx_word' id='word_1_173' title='bbox 1846 1095 2364 1165; x_wconf 77' lang='lat' dir='ltr'><strong>Lamentationesque</strong></span> <span class='ocrx_word' id='word_1_174' title='bbox 2395 1093 2656 1148; x_wconf 76' lang='lat' dir='ltr'><strong>Jeremiw.</strong></span> <span class='ocrx_word' id='word_1_175' title='bbox 2717 1093 2808 1148; x_wconf 87' lang='lat' dir='ltr'><strong>Sic</strong></span> <span class='ocrx_word' id='word_1_176' title='bbox 2838 1107 3051 1164; x_wconf 86' lang='lat' dir='ltr'><strong>quoque</strong></span> <span class='ocrx_word' id='word_1_177' title='bbox 3083 1095 3420 1164; x_wconf 88' lang='lat' dir='ltr'><strong>complentur</strong></span> 
     </span>
    </p>
   </div>
   <div class='ocr_carea' id='block_1_26' title="bbox 1846 1185 3418 1256">
    <p class='ocr_par' dir='ltr' id='par_1_26' title="bbox 1846 1185 3418 1256">
     <span class='ocr_line' id='line_1_26' title="bbox 1846 1185 3418 1256; baseline -0.001 -16"><span class='ocrx_word' id='word_1_178' title='bbox 1846 1187 1969 1241; x_wconf 88' lang='lat' dir='ltr'><strong>libri</strong></span> <span class='ocrx_word' id='word_1_179' title='bbox 2000 1186 2210 1242; x_wconf 84' lang='lat' dir='ltr'><strong>Veteris</strong></span> <span class='ocrx_word' id='word_1_180' title='bbox 2239 1186 2567 1241; x_wconf 87' lang='lat' dir='ltr'><strong>Testamenti</strong></span> <span class='ocrx_word' id='word_1_181' title='bbox 2593 1186 2952 1255; x_wconf 78' lang='lat' dir='ltr'><strong>quadraginta</strong></span> <span class='ocrx_word' id='word_1_182' title='bbox 2993 1185 3250 1256; x_wconf 91' lang='lat' dir='ltr'><strong>quinque.</strong></span> <span class='ocrx_word' id='word_1_183' title='bbox 3283 1185 3418 1240; x_wconf 84' lang='lat' dir='ltr'><strong>Novi</strong></span> 
     </span>
    </p>
   </div>
   <div class='ocr_carea' id='block_1_27' title="bbox 1847 1275 3416 1346">
    <p class='ocr_par' dir='ltr' id='par_1_27' title="bbox 1847 1275 3416 1346">
     <span class='ocr_line' id='line_1_27' title="bbox 1847 1275 3416 1346; baseline 0.001 -17"><span class='ocrx_word' id='word_1_184' title='bbox 1847 1283 2028 1330; x_wconf 88' lang='lat' dir='ltr'><strong>autem</strong></span> <span class='ocrx_word' id='word_1_185' title='bbox 2063 1275 2394 1331; x_wconf 86' lang='lat' dir='ltr'><strong>Testamenti</strong></span> <span class='ocrx_word' id='word_1_186' title='bbox 2417 1276 2651 1346; x_wconf 91' lang='lat' dir='ltr'><strong>primum</strong></span> <span class='ocrx_word' id='word_1_187' title='bbox 2681 1285 2911 1344; x_wconf 88' lang='lat' dir='ltr'><strong>quatuor</strong></span> <span class='ocrx_word' id='word_1_188' title='bbox 2939 1275 3226 1345; x_wconf 85' lang='lat' dir='ltr'><strong>Evangelia</strong></span> <span class='ocrx_word' id='word_1_189' title='bbox 3254 1285 3378 1330; x_wconf 89' lang='lat' dir='ltr'><strong>sunt</strong></span> <span class='ocrx_word' id='word_1_190' title='bbox 3402 1294 3416 1330; x_wconf 88' lang='lat'><strong>:</strong></span> 
     </span>
    </p>
   </div>
   <div class='ocr_carea' id='block_1_28' title="bbox 1847 1363 3418 1434">
    <p class='ocr_par' dir='ltr' id='par_1_28' title="bbox 1847 1363 3418 1434">
     <span class='ocr_line' id='line_1_28' title="bbox 1847 1363 3418 1434; baseline 0.002 -17"><span class='ocrx_word' id='word_1_191' title='bbox 1847 1364 2106 1430; x_wconf 81' lang='lat' dir='ltr'><strong>Matthaei,</strong></span> <span class='ocrx_word' id='word_1_192' title='bbox 2135 1364 2321 1430; x_wconf 83' lang='lat' dir='ltr'><strong>Marci,</strong></span> <span class='ocrx_word' id='word_1_193' title='bbox 2346 1364 2503 1419; x_wconf 79' lang='lat' dir='ltr'><strong>Lucae</strong></span> <span class='ocrx_word' id='word_1_194' title='bbox 2523 1373 2578 1420; x_wconf 92' lang='lat' dir='ltr'><strong>et</strong></span> <span class='ocrx_word' id='word_1_195' title='bbox 2604 1364 2846 1420; x_wconf 81' lang='lat' dir='ltr'><strong>Joannis.</strong></span> <span class='ocrx_word' id='word_1_196' title='bbox 2875 1363 2984 1419; x_wconf 83' lang='lat' dir='ltr'><strong>Hos</strong></span> <span class='ocrx_word' id='word_1_197' title='bbox 3012 1365 3418 1434; x_wconf 88' lang='lat' dir='ltr'><strong>quatuordecim</strong></span> 
     </span>
    </p>
   </div>
   <div class='ocr_carea' id='block_1_29' title="bbox 1847 1455 3424 1527">
    <p class='ocr_par' dir='ltr' id='par_1_29' title="bbox 1847 1455 3424 1527">
     <span class='ocr_line' id='line_1_29' title="bbox 1847 1455 3424 1527; baseline 0 -17"><span class='ocrx_word' id='word_1_198' title='bbox 1847 1456 2000 1510; x_wconf 88' lang='lat' dir='ltr'><strong>Pauli</strong></span> <span class='ocrx_word' id='word_1_199' title='bbox 2055 1457 2285 1527; x_wconf 90' lang='lat' dir='ltr'><strong>apostoli</strong></span> <span class='ocrx_word' id='word_1_200' title='bbox 2336 1465 2656 1527; x_wconf 90' lang='lat' dir='ltr'><strong>sequuntur,</strong></span> <span class='ocrx_word' id='word_1_201' title='bbox 2705 1458 2901 1527; x_wconf 91' lang='lat' dir='ltr'><strong>quibus</strong></span> <span class='ocrx_word' id='word_1_202' title='bbox 2952 1455 3249 1526; x_wconf 72' lang='lat' dir='ltr'><strong>subjunetae</strong></span> <span class='ocrx_word' id='word_1_203' title='bbox 3297 1465 3424 1510; x_wconf 88' lang='lat' dir='ltr'><strong>sunt</strong></span> 
     </span>
    </p>
   </div>
   <div class='ocr_carea' id='block_1_30' title="bbox 1847 1545 3426 1616">
    <p class='ocr_par' dir='ltr' id='par_1_30' title="bbox 1847 1545 3426 1616">
     <span class='ocr_line' id='line_1_30' title="bbox 1847 1545 3426 1616; baseline -0.001 -15"><span class='ocrx_word' id='word_1_204' title='bbox 1847 1555 2052 1615; x_wconf 89' lang='lat' dir='ltr'><strong>septem</strong></span> <span class='ocrx_word' id='word_1_205' title='bbox 2081 1547 2354 1602; x_wconf 80' lang='lat' dir='ltr'><strong>canonicae</strong></span> <span class='ocrx_word' id='word_1_206' title='bbox 2385 1547 2635 1616; x_wconf 75' lang='lat' dir='ltr'><strong>Epistolas</strong></span> <span class='ocrx_word' id='word_1_207' title='bbox 2674 1547 2881 1612; x_wconf 85' lang='lat' dir='ltr'><strong>Jacobi,</strong></span> <span class='ocrx_word' id='word_1_208' title='bbox 2924 1547 3092 1612; x_wconf 89' lang='lat' dir='ltr'><strong>Petri,</strong></span> <span class='ocrx_word' id='word_1_209' title='bbox 3121 1545 3343 1601; x_wconf 83' lang='lat' dir='ltr'><strong>Joannis</strong></span> <span class='ocrx_word' id='word_1_210' title='bbox 3370 1553 3426 1599; x_wconf 90' lang='lat' dir='ltr'><strong>et</strong></span> 
     </span>
    </p>
   </div>
   <div class='ocr_carea' id='block_1_31' title="bbox 1847 1633 3420 1705">
    <p class='ocr_par' dir='ltr' id='par_1_31' title="bbox 1847 1633 3420 1705">
     <span class='ocr_line' id='line_1_31' title="bbox 1847 1633 3420 1705; baseline -0.001 -16"><span class='ocrx_word' id='word_1_211' title='bbox 1847 1633 1873 1688; x_wconf 88' lang='lat' dir='ltr'><strong>J</strong></span> <span class='ocrx_word' id='word_1_212' title='bbox 1883 1635 2017 1690; x_wconf 81' lang='lat' dir='ltr'><strong>udae.</strong></span> <span class='ocrx_word' id='word_1_213' title='bbox 2043 1635 2212 1691; x_wconf 84' lang='lat' dir='ltr'><strong>Actus</strong></span> <span class='ocrx_word' id='word_1_214' title='bbox 2231 1651 2446 1705; x_wconf 90' lang='lat' dir='ltr'><strong>quoque</strong></span> <span class='ocrx_word' id='word_1_215' title='bbox 2475 1635 2756 1690; x_wconf 89' lang='lat' dir='ltr'><strong>duodecim</strong></span> <span class='ocrx_word' id='word_1_216' title='bbox 2789 1635 3168 1704; x_wconf 88' lang='lat' dir='ltr'><strong>apostolorum,</strong></span> <span class='ocrx_word' id='word_1_217' title='bbox 3195 1650 3420 1703; x_wconf 90' lang='lat' dir='ltr'><strong>quorum</strong></span> 
     </span>
    </p>
   </div>
   <div class='ocr_carea' id='block_1_32' title="bbox 1848 1723 3425 1796">
    <p class='ocr_par' dir='ltr' id='par_1_32' title="bbox 1848 1723 3425 1796">
     <span class='ocr_line' id='line_1_32' title="bbox 1848 1723 3425 1796; baseline 0.001 -18"><span class='ocrx_word' id='word_1_218' title='bbox 1848 1725 2091 1778; x_wconf 90' lang='lat' dir='ltr'><strong>omnium</strong></span> <span class='ocrx_word' id='word_1_219' title='bbox 2139 1723 2474 1795; x_wconf 89' lang='lat' dir='ltr'><strong>signaculum</strong></span> <span class='ocrx_word' id='word_1_220' title='bbox 2505 1732 2587 1778; x_wconf 90' lang='lat' dir='ltr'><strong>est</strong></span> <span class='ocrx_word' id='word_1_221' title='bbox 2632 1724 2984 1796; x_wconf 88' lang='lat' dir='ltr'><strong>Apocalypsis</strong></span> <span class='ocrx_word' id='word_1_222' title='bbox 3017 1724 3256 1789; x_wconf 90' lang='lat' dir='ltr'><strong>Joannis,</strong></span> <span class='ocrx_word' id='word_1_223' title='bbox 3280 1725 3425 1793; x_wconf 88' lang='lat' dir='ltr'><strong>quod</strong></span> 
     </span>
    </p>
   </div>
   <div class='ocr_carea' id='block_1_33' title="bbox 186 1815 3425 1906">
    <p class='ocr_par' dir='ltr' id='par_1_33' title="bbox 186 1815 3425 1906">
     <span class='ocr_line' id='line_1_33' title="bbox 186 1815 3425 1906; baseline -0.007 -11"><span class='ocrx_word' id='word_1_224' title='bbox 186 1841 352 1896; x_wconf 68' lang='lat' dir='ltr'><strong>Josuae</strong></span> <span class='ocrx_word' id='word_1_225' title='bbox 376 1815 621 1904; x_wconf 57' lang='lat' dir='ltr'><strong>lychnum,</strong></span> <span class='ocrx_word' id='word_1_226' title='bbox 649 1837 740 1906; x_wconf 85' lang='lat' dir='ltr'><strong>qui</strong></span> <span class='ocrx_word' id='word_1_227' title='bbox 761 1835 928 1890; x_wconf 88' lang='lat' dir='ltr'><strong>latine</strong></span> <span class='ocrx_word' id='word_1_228' title='bbox 952 1833 1105 1888; x_wconf 90' lang='lat' dir='ltr'><strong>Jesus</strong></span> <span class='ocrx_word' id='word_1_229' title='bbox 1128 1831 1274 1887; x_wconf 84' lang='lat' dir='ltr'><strong>Nave</strong></span> <span class='ocrx_word' id='word_1_230' title='bbox 1297 1828 1516 1885; x_wconf 89' lang='lat' dir='ltr'><strong>dicitur.</strong></span> <span class='ocrx_word' id='word_1_231' title='bbox 1541 1827 1744 1882; x_wconf 91' lang='lat' dir='ltr'><strong>Secun—</strong></span> <span class='ocrx_word' id='word_1_232' title='bbox 1773 1826 1819 1884; x_wconf 88' lang='lat' dir='ltr'><strong>B</strong></span> <span class='ocrx_word' id='word_1_233' title='bbox 1847 1825 1930 1871; x_wconf 70' lang='grc' dir='ltr'><strong>εει</strong></span> <span class='ocrx_word' id='word_1_234' title='bbox 1957 1816 2216 1871; x_wconf 66' lang='lat' dir='ltr'><strong>revelatio</strong></span> <span class='ocrx_word' id='word_1_235' title='bbox 2253 1815 2381 1871; x_wconf 73' lang='lat' dir='ltr'><strong>Jesu</strong></span> <span class='ocrx_word' id='word_1_236' title='bbox 2404 1816 2626 1882; x_wconf 74' lang='lat' dir='ltr'><strong>Christi,</strong></span> <span class='ocrx_word' id='word_1_237' title='bbox 2666 1817 2758 1886; x_wconf 87' lang='lat' dir='ltr'><strong>qui</strong></span> <span class='ocrx_word' id='word_1_238' title='bbox 2803 1831 2991 1872; x_wconf 85' lang='lat' dir='ltr'><strong>omnes</strong></span> <span class='ocrx_word' id='word_1_239' title='bbox 3018 1816 3184 1871; x_wconf 83' lang='lat' dir='ltr'><strong>libros</strong></span> <span class='ocrx_word' id='word_1_240' title='bbox 3209 1823 3263 1870; x_wconf 87' lang='lat' dir='ltr'><strong>et</strong></span> <span class='ocrx_word' id='word_1_241' title='bbox 3287 1822 3425 1870; x_wconf 84' lang='lat' dir='ltr'><strong>tem-</strong></span> 
     </span>
    </p>
   </div>
   <div class='ocr_carea' id='block_1_34' title="bbox 185 1914 1748 1996">
    <p class='ocr_par' dir='ltr' id='par_1_34' title="bbox 185 1914 1748 1996">
     <span class='ocr_line' id='line_1_34' title="bbox 185 1914 1748 1996; baseline -0.011 -11"><span class='ocrx_word' id='word_1_242' title='bbox 185 1930 276 1986; x_wconf 93' lang='lat' dir='ltr'><strong>dus</strong></span> <span class='ocrx_word' id='word_1_243' title='bbox 309 1929 568 1993; x_wconf 83' lang='lat' dir='ltr'><strong>Sobthim,</strong></span> <span class='ocrx_word' id='word_1_244' title='bbox 597 1926 687 1996; x_wconf 89' lang='lat' dir='ltr'><strong>qui</strong></span> <span class='ocrx_word' id='word_1_245' title='bbox 713 1933 799 1981; x_wconf 90' lang='lat' dir='ltr'><strong>est</strong></span> <span class='ocrx_word' id='word_1_246' title='bbox 828 1922 1096 1978; x_wconf 74' lang='lat' dir='ltr'><strong>Iudicum.</strong></span> <span class='ocrx_word' id='word_1_247' title='bbox 1125 1919 1342 1974; x_wconf 90' lang='lat' dir='ltr'><strong>Tertius</strong></span> <span class='ocrx_word' id='word_1_248' title='bbox 1381 1917 1614 1982; x_wconf 80' lang='lat' dir='ltr'><strong>Samuel,</strong></span> <span class='ocrx_word' id='word_1_249' title='bbox 1657 1914 1748 1984; x_wconf 91' lang='lat' dir='ltr'><strong>qui</strong></span> 
     </span>
    </p>
   </div>
   <div class='ocr_carea' id='block_1_35' title="bbox 185 2007 1750 2090">
    <p class='ocr_par' dir='ltr' id='par_1_35' title="bbox 185 2007 1750 2090">
     <span class='ocr_line' id='line_1_35' title="bbox 185 2007 1750 2090; baseline -0.01 -15"><span class='ocrx_word' id='word_1_250' title='bbox 185 2029 261 2077; x_wconf 88' lang='lat' dir='ltr'><strong>est</strong></span> <span class='ocrx_word' id='word_1_251' title='bbox 286 2019 488 2090; x_wconf 82' lang='lat' dir='ltr'><strong>Regum</strong></span> <span class='ocrx_word' id='word_1_252' title='bbox 518 2020 742 2087; x_wconf 86' lang='lat' dir='ltr'><strong>primus.</strong></span> <span class='ocrx_word' id='word_1_253' title='bbox 777 2015 1016 2082; x_wconf 87' lang='lat' dir='ltr'><strong>Quartus</strong></span> <span class='ocrx_word' id='word_1_254' title='bbox 1046 2010 1352 2074; x_wconf 82' lang='lat' dir='ltr'><strong>Malachim,</strong></span> <span class='ocrx_word' id='word_1_255' title='bbox 1389 2009 1481 2078; x_wconf 91' lang='lat' dir='ltr'><strong>qui</strong></span> <span class='ocrx_word' id='word_1_256' title='bbox 1518 2017 1602 2063; x_wconf 90' lang='lat' dir='ltr'><strong>est</strong></span> <span class='ocrx_word' id='word_1_257' title='bbox 1647 2007 1750 2061; x_wconf 79' lang='lat' dir='ltr'><strong>Re-</strong></span> 
     </span>
    </p>
   </div>
   <div class='ocr_carea' id='block_1_36' title="bbox 184 2096 1748 2181">
    <p class='ocr_par' dir='ltr' id='par_1_36' title="bbox 184 2096 1748 2181">
     <span class='ocr_line' id='line_1_36' title="bbox 184 2096 1748 2181; baseline -0.01 -16"><span class='ocrx_word' id='word_1_258' title='bbox 184 2125 300 2181; x_wconf 86' lang='lat' dir='ltr'><strong>gum</strong></span> <span class='ocrx_word' id='word_1_259' title='bbox 347 2108 636 2164; x_wconf 87' lang='lat' dir='ltr'><strong>secundus.</strong></span> <span class='ocrx_word' id='word_1_260' title='bbox 691 2105 924 2173; x_wconf 87' lang='lat' dir='ltr'><strong>Quintus</strong></span> <span class='ocrx_word' id='word_1_261' title='bbox 969 2101 1163 2157; x_wconf 72' lang='lat' dir='ltr'><strong>Isaias.</strong></span> <span class='ocrx_word' id='word_1_262' title='bbox 1224 2099 1420 2154; x_wconf 78' lang='lat' dir='ltr'><strong>Sextus</strong></span> <span class='ocrx_word' id='word_1_263' title='bbox 1469 2096 1748 2153; x_wconf 75' lang='lat' dir='ltr'><strong>Jeremias.</strong></span> 
     </span>
    </p>
   </div>
   <div class='ocr_carea' id='block_1_37' title="bbox 184 2187 1750 2267">
    <p class='ocr_par' dir='ltr' id='par_1_37' title="bbox 184 2187 1750 2267">
     <span class='ocr_line' id='line_1_37' title="bbox 184 2187 1750 2267; baseline -0.009 -13"><span class='ocrx_word' id='word_1_264' title='bbox 184 2199 441 2267; x_wconf 88' lang='lat' dir='ltr'><strong>Septimus</strong></span> <span class='ocrx_word' id='word_1_265' title='bbox 501 2195 766 2251; x_wconf 78' lang='lat' dir='ltr'><strong>Ezechiel.</strong></span> <span class='ocrx_word' id='word_1_266' title='bbox 830 2194 1064 2250; x_wconf 82' lang='lat' dir='ltr'><strong>Octavus</strong></span> <span class='ocrx_word' id='word_1_267' title='bbox 1113 2189 1420 2254; x_wconf 77' lang='lat' dir='ltr'><strong>Tharistra,</strong></span> <span class='ocrx_word' id='word_1_268' title='bbox 1475 2189 1569 2257; x_wconf 91' lang='lat' dir='ltr'><strong>qui</strong></span> <span class='ocrx_word' id='word_1_269' title='bbox 1614 2187 1750 2242; x_wconf 90' lang='lat' dir='ltr'><strong>dici-</strong></span> 
     </span>
    </p>
   </div>
   <div class='ocr_carea' id='block_1_38' title="bbox 186 2275 1752 2354">
    <p class='ocr_par' dir='ltr' id='par_1_38' title="bbox 186 2275 1752 2354">
     <span class='ocr_line' id='line_1_38' title="bbox 186 2275 1752 2354; baseline -0.009 -11"><span class='ocrx_word' id='word_1_270' title='bbox 186 2297 265 2344; x_wconf 86' lang='lat' dir='ltr'><strong>tur</strong></span> <span class='ocrx_word' id='word_1_271' title='bbox 293 2287 356 2342; x_wconf 74' lang='grc'>12</span> <span class='ocrx_word' id='word_1_272' title='bbox 383 2285 798 2354; x_wconf 86' lang='lat' dir='ltr'><strong>Prophetarum,</strong></span> <span class='ocrx_word' id='word_1_273' title='bbox 823 2282 915 2352; x_wconf 89' lang='lat' dir='ltr'><strong>qui</strong></span> <span class='ocrx_word' id='word_1_274' title='bbox 932 2279 1054 2336; x_wconf 89' lang='lat' dir='ltr'><strong>libri</strong></span> <span class='ocrx_word' id='word_1_275' title='bbox 1079 2278 1206 2350; x_wconf 86' lang='lat' dir='ltr'><strong>quia</strong></span> <span class='ocrx_word' id='word_1_276' title='bbox 1235 2277 1338 2334; x_wconf 89' lang='lat' dir='ltr'><strong>sibi</strong></span> <span class='ocrx_word' id='word_1_277' title='bbox 1361 2290 1474 2347; x_wconf 71' lang='lat' dir='ltr'><strong>pra:</strong></span> <span class='ocrx_word' id='word_1_278' title='bbox 1491 2275 1752 2331; x_wconf 85' lang='lat' dir='ltr'><strong>brevitate</strong></span> 
     </span>
    </p>
   </div>
   <div class='ocr_carea' id='block_1_39' title="bbox 186 2366 1752 2449">
    <p class='ocr_par' dir='ltr' id='par_1_39' title="bbox 186 2366 1752 2449">
     <span class='ocr_line' id='line_1_39' title="bbox 186 2366 1752 2449; baseline -0.008 -17"><span class='ocrx_word' id='word_1_279' title='bbox 186 2377 407 2449; x_wconf 85' lang='lat' dir='ltr'><strong>adjuncti</strong></span> <span class='ocrx_word' id='word_1_280' title='bbox 437 2385 593 2442; x_wconf 89' lang='lat' dir='ltr'><strong>sunt,</strong></span> <span class='ocrx_word' id='word_1_281' title='bbox 623 2389 724 2445; x_wconf 92' lang='lat' dir='ltr'><strong>pro</strong></span> <span class='ocrx_word' id='word_1_282' title='bbox 744 2388 851 2429; x_wconf 89' lang='lat' dir='ltr'><strong>uno</strong></span> <span class='ocrx_word' id='word_1_283' title='bbox 877 2371 1232 2442; x_wconf 89' lang='lat' dir='ltr'><strong>accipiuntur.</strong></span> <span class='ocrx_word' id='word_1_284' title='bbox 1265 2368 1481 2424; x_wconf 88' lang='lat' dir='ltr'><strong>Tertius</strong></span> <span class='ocrx_word' id='word_1_285' title='bbox 1503 2375 1587 2423; x_wconf 93' lang='lat' dir='ltr'><strong>est</strong></span> <span class='ocrx_word' id='word_1_286' title='bbox 1617 2366 1752 2420; x_wconf 91' lang='lat' dir='ltr'><strong>ordo</strong></span> 
     </span>
    </p>
   </div>
   <div class='ocr_carea' id='block_1_40' title="bbox 187 2456 1756 2539">
    <p class='ocr_par' dir='ltr' id='par_1_40' title="bbox 187 2456 1756 2539">
     <span class='ocr_line' id='line_1_40' title="bbox 187 2456 1756 2539; baseline -0.01 -16"><span class='ocrx_word' id='word_1_287' title='bbox 187 2468 694 2539; x_wconf 82' lang='lat' dir='ltr'><strong>Hagiographorum,</strong></span> <span class='ocrx_word' id='word_1_288' title='bbox 724 2465 779 2519; x_wconf 89' lang='lat' dir='ltr'><strong>id</strong></span> <span class='ocrx_word' id='word_1_289' title='bbox 804 2471 889 2518; x_wconf 90' lang='lat' dir='ltr'><strong>est</strong></span> <span class='ocrx_word' id='word_1_290' title='bbox 939 2468 1124 2517; x_wconf 88' lang='lat' dir='ltr'><strong>sancta</strong></span> <span class='ocrx_word' id='word_1_291' title='bbox 1151 2457 1526 2521; x_wconf 88' lang='lat' dir='ltr'><strong>scribentium,</strong></span> <span class='ocrx_word' id='word_1_292' title='bbox 1558 2456 1613 2508; x_wconf 92' lang='lat' dir='ltr'><strong>in</strong></span> <span class='ocrx_word' id='word_1_293' title='bbox 1649 2468 1756 2524; x_wconf 92' lang='lat' dir='ltr'><strong>quo</strong></span> 
     </span>
    </p>
   </div>
   <div class='ocr_carea' id='block_1_41' title="bbox 185 2545 1756 2625">
    <p class='ocr_par' dir='ltr' id='par_1_41' title="bbox 185 2545 1756 2625">
     <span class='ocr_line' id='line_1_41' title="bbox 185 2545 1756 2625; baseline -0.011 -10"><span class='ocrx_word' id='word_1_294' title='bbox 185 2569 302 2615; x_wconf 89' lang='lat' dir='ltr'><strong>sunt</strong></span> <span class='ocrx_word' id='word_1_295' title='bbox 337 2558 458 2613; x_wconf 90' lang='lat' dir='ltr'><strong>libri</strong></span> <span class='ocrx_word' id='word_1_296' title='bbox 509 2569 729 2621; x_wconf 88' lang='lat' dir='ltr'><strong>novem,</strong></span> <span class='ocrx_word' id='word_1_297' title='bbox 775 2567 1003 2625; x_wconf 91' lang='lat' dir='ltr'><strong>quorum</strong></span> <span class='ocrx_word' id='word_1_298' title='bbox 1050 2550 1257 2620; x_wconf 92' lang='lat' dir='ltr'><strong>primus</strong></span> <span class='ocrx_word' id='word_1_299' title='bbox 1302 2546 1424 2601; x_wconf 83' lang='lat' dir='ltr'><strong>Job.</strong></span> <span class='ocrx_word' id='word_1_300' title='bbox 1477 2545 1756 2601; x_wconf 89' lang='lat' dir='ltr'><strong>Secundus</strong></span> 
     </span>
    </p>
   </div>
   <div class='ocr_carea' id='block_1_42' title="bbox 190 2635 1753 2717">
    <p class='ocr_par' dir='ltr' id='par_1_42' title="bbox 190 2635 1753 2717">
     <span class='ocr_line' id='line_1_42' title="bbox 190 2635 1753 2717; baseline -0.01 -13"><span class='ocrx_word' id='word_1_301' title='bbox 190 2649 523 2715; x_wconf 74' lang='lat' dir='ltr'><strong>Psalterium,</strong></span> <span class='ocrx_word' id='word_1_302' title='bbox 572 2649 663 2717; x_wconf 93' lang='lat' dir='ltr'><strong>qui</strong></span> <span class='ocrx_word' id='word_1_303' title='bbox 706 2647 761 2701; x_wconf 93' lang='lat' dir='ltr'><strong>in</strong></span> <span class='ocrx_word' id='word_1_304' title='bbox 808 2645 1044 2715; x_wconf 89' lang='lat' dir='ltr'><strong>quinque</strong></span> <span class='ocrx_word' id='word_1_305' title='bbox 1085 2638 1436 2695; x_wconf 89' lang='lat' dir='ltr'><strong>incisionibus</strong></span> <span class='ocrx_word' id='word_1_306' title='bbox 1479 2635 1753 2691; x_wconf 88' lang='lat' dir='ltr'><strong>dividitur.</strong></span> 
     </span>
    </p>
   </div>
   <div class='ocr_carea' id='block_1_43' title="bbox 187 2728 1754 2808">
    <p class='ocr_par' dir='ltr' id='par_1_43' title="bbox 187 2728 1754 2808">
     <span class='ocr_line' id='line_1_43' title="bbox 187 2728 1754 2808; baseline -0.01 -11"><span class='ocrx_word' id='word_1_307' title='bbox 187 2741 389 2797; x_wconf 89' lang='lat' dir='ltr'><strong>Tertius</strong></span> <span class='ocrx_word' id='word_1_308' title='bbox 446 2740 700 2806; x_wconf 80' lang='lat' dir='ltr'><strong>Masloth,</strong></span> <span class='ocrx_word' id='word_1_309' title='bbox 747 2738 840 2808; x_wconf 90' lang='lat' dir='ltr'><strong>qui</strong></span> <span class='ocrx_word' id='word_1_310' title='bbox 892 2743 974 2793; x_wconf 90' lang='lat' dir='ltr'><strong>est</strong></span> <span class='ocrx_word' id='word_1_311' title='bbox 1030 2731 1382 2790; x_wconf 87' lang='lat' dir='ltr'><strong>Proverbium</strong></span> <span class='ocrx_word' id='word_1_312' title='bbox 1431 2728 1754 2784; x_wconf 87' lang='lat' dir='ltr'><strong>Salomonis.</strong></span> 
     </span>
    </p>
   </div>
   <div class='ocr_carea' id='block_1_44' title="bbox 189 2817 1757 2899">
    <p class='ocr_par' dir='ltr' id='par_1_44' title="bbox 189 2817 1757 2899">
     <span class='ocr_line' id='line_1_44' title="bbox 189 2817 1757 2899; baseline -0.01 -13"><span class='ocrx_word' id='word_1_313' title='bbox 189 2833 410 2899; x_wconf 87' lang='lat' dir='ltr'><strong>Quartus</strong></span> <span class='ocrx_word' id='word_1_314' title='bbox 438 2829 676 2896; x_wconf 82' lang='lat' dir='ltr'><strong>Coeleth,</strong></span> <span class='ocrx_word' id='word_1_315' title='bbox 705 2829 799 2899; x_wconf 90' lang='lat' dir='ltr'><strong>qui</strong></span> <span class='ocrx_word' id='word_1_316' title='bbox 826 2835 911 2884; x_wconf 92' lang='lat' dir='ltr'><strong>est</strong></span> <span class='ocrx_word' id='word_1_317' title='bbox 942 2824 1314 2881; x_wconf 90' lang='lat' dir='ltr'><strong>Ecclesiastes.</strong></span> <span class='ocrx_word' id='word_1_318' title='bbox 1345 2819 1574 2887; x_wconf 83' lang='lat' dir='ltr'><strong>Quintus</strong></span> <span class='ocrx_word' id='word_1_319' title='bbox 1603 2817 1757 2873; x_wconf 81' lang='lat' dir='ltr'><strong>Sira-</strong></span> 
     </span>
    </p>
   </div>
   <div class='ocr_carea' id='block_1_45' title="bbox 186 2909 1757 2992">
    <p class='ocr_par' dir='ltr' id='par_1_45' title="bbox 186 2909 1757 2992">
     <span class='ocr_line' id='line_1_45' title="bbox 186 2909 1757 2992; baseline -0.01 -15"><span class='ocrx_word' id='word_1_320' title='bbox 186 2925 340 2988; x_wconf 69' lang='lat' dir='ltr'><strong>sirim,</strong></span> <span class='ocrx_word' id='word_1_321' title='bbox 372 2923 462 2992; x_wconf 91' lang='lat' dir='ltr'><strong>qui</strong></span> <span class='ocrx_word' id='word_1_322' title='bbox 503 2931 592 2976; x_wconf 90' lang='lat' dir='ltr'><strong>est</strong></span> <span class='ocrx_word' id='word_1_323' title='bbox 639 2920 859 2975; x_wconf 84' lang='lat' dir='ltr'><strong>Cantica</strong></span> <span class='ocrx_word' id='word_1_324' title='bbox 899 2917 1250 2972; x_wconf 88' lang='lat' dir='ltr'><strong>canticorum.</strong></span> <span class='ocrx_word' id='word_1_325' title='bbox 1300 2911 1517 2976; x_wconf 80' lang='lat' dir='ltr'><strong>Sextus,</strong></span> <span class='ocrx_word' id='word_1_326' title='bbox 1546 2909 1757 2964; x_wconf 81' lang='lat' dir='ltr'><strong>Daniel.</strong></span> 
     </span>
    </p>
   </div>
   <div class='ocr_carea' id='block_1_46' title="bbox 193 3001 1764 3082">
    <p class='ocr_par' dir='ltr' id='par_1_46' title="bbox 193 3001 1764 3082">
     <span class='ocr_line' id='line_1_46' title="bbox 193 3001 1764 3082; baseline -0.01 -14"><span class='ocrx_word' id='word_1_327' title='bbox 193 3012 452 3082; x_wconf 89' lang='lat' dir='ltr'><strong>Septimus</strong></span> <span class='ocrx_word' id='word_1_328' title='bbox 483 3011 850 3075; x_wconf 86' lang='lat' dir='ltr'><strong>Dabretamin,</strong></span> <span class='ocrx_word' id='word_1_329' title='bbox 899 3009 991 3077; x_wconf 91' lang='lat' dir='ltr'><strong>qui</strong></span> <span class='ocrx_word' id='word_1_330' title='bbox 1024 3014 1105 3062; x_wconf 88' lang='lat' dir='ltr'><strong>est</strong></span> <span class='ocrx_word' id='word_1_331' title='bbox 1129 3003 1307 3058; x_wconf 91' lang='lat' dir='ltr'><strong>Verba</strong></span> <span class='ocrx_word' id='word_1_332' title='bbox 1333 3002 1566 3064; x_wconf 90' lang='lat' dir='ltr'><strong>dierum,</strong></span> <span class='ocrx_word' id='word_1_333' title='bbox 1599 3001 1653 3054; x_wconf 89' lang='lat' dir='ltr'><strong>id</strong></span> <span class='ocrx_word' id='word_1_334' title='bbox 1681 3008 1764 3054; x_wconf 90' lang='lat' dir='ltr'><strong>est</strong></span> 
     </span>
    </p>
   </div>
   <div class='ocr_carea' id='block_1_47' title="bbox 190 3089 1759 3173">
    <p class='ocr_par' dir='ltr' id='par_1_47' title="bbox 190 3089 1759 3173">
     <span class='ocr_line' id='line_1_47' title="bbox 190 3089 1759 3173; baseline -0.009 -15"><span class='ocrx_word' id='word_1_335' title='bbox 190 3101 651 3173; x_wconf 85' lang='lat' dir='ltr'><strong>Paralipomenon,</strong></span> <span class='ocrx_word' id='word_1_336' title='bbox 668 3099 760 3169; x_wconf 92' lang='lat' dir='ltr'><strong>qui</strong></span> <span class='ocrx_word' id='word_1_337' title='bbox 775 3107 831 3154; x_wconf 90' lang='lat' dir='ltr'><strong>et</strong></span> <span class='ocrx_word' id='word_1_338' title='bbox 843 3097 1168 3153; x_wconf 90' lang='lat' dir='ltr'><strong>Chronieon.</strong></span> <span class='ocrx_word' id='word_1_339' title='bbox 1183 3093 1418 3149; x_wconf 90' lang='lat' dir='ltr'><strong>Octavus</strong></span> <span class='ocrx_word' id='word_1_340' title='bbox 1438 3101 1522 3146; x_wconf 90' lang='lat' dir='ltr'><strong>est</strong></span> <span class='ocrx_word' id='word_1_341' title='bbox 1539 3089 1759 3156; x_wconf 76' lang='lat' dir='ltr'><strong>Esdras,</strong></span> 
     </span>
    </p>
   </div>
   <div class='ocr_carea' id='block_1_48' title="bbox 1852 1906 3426 1978">
    <p class='ocr_par' dir='ltr' id='par_1_48' title="bbox 1852 1906 3426 1978">
     <span class='ocr_line' id='line_1_48' title="bbox 1852 1906 3426 1978; baseline -0.003 -15"><span class='ocrx_word' id='word_1_342' title='bbox 1852 1923 1982 1978; x_wconf 89' lang='lat' dir='ltr'><strong>pore</strong></span> <span class='ocrx_word' id='word_1_343' title='bbox 2008 1917 2063 1962; x_wconf 91' lang='lat' dir='ltr'><strong>et</strong></span> <span class='ocrx_word' id='word_1_344' title='bbox 2089 1909 2371 1964; x_wconf 92' lang='lat' dir='ltr'><strong>ordine....</strong></span> <span class='ocrx_word' id='word_1_345' title='bbox 2405 1908 2470 1963; x_wconf 87' lang='lat' dir='ltr'><strong>Hi</strong></span> <span class='ocrx_word' id='word_1_346' title='bbox 2498 1917 2622 1964; x_wconf 91' lang='lat' dir='ltr'><strong>sunt</strong></span> <span class='ocrx_word' id='word_1_347' title='bbox 2663 1908 2787 1964; x_wconf 88' lang='lat' dir='ltr'><strong>libri</strong></span> <span class='ocrx_word' id='word_1_348' title='bbox 2816 1908 3062 1964; x_wconf 91' lang='lat' dir='ltr'><strong>canonici</strong></span> <span class='ocrx_word' id='word_1_349' title='bbox 3088 1906 3426 1976; x_wconf 87' lang='lat' dir='ltr'><strong>septuaginta</strong></span> 
     </span>
    </p>
   </div>
   <div class='ocr_carea' id='block_1_49' title="bbox 1853 1996 3428 2067">
    <p class='ocr_par' dir='ltr' id='par_1_49' title="bbox 1853 1996 3428 2067">
     <span class='ocr_line' id='line_1_49' title="bbox 1853 1996 3428 2067; baseline 0.001 -18"><span class='ocrx_word' id='word_1_350' title='bbox 1853 1996 1958 2049; x_wconf 89' lang='lat' dir='ltr'><strong>duo</strong></span> <span class='ocrx_word' id='word_1_351' title='bbox 1983 2004 2038 2049; x_wconf 88' lang='lat' dir='ltr'><strong>et</strong></span> <span class='ocrx_word' id='word_1_352' title='bbox 2065 1996 2133 2050; x_wconf 91' lang='lat' dir='ltr'><strong>ob</strong></span> <span class='ocrx_word' id='word_1_353' title='bbox 2152 1997 2256 2050; x_wconf 90' lang='lat' dir='ltr'><strong>hoc</strong></span> <span class='ocrx_word' id='word_1_354' title='bbox 2277 1997 2487 2067; x_wconf 83' lang='lat' dir='ltr'><strong>Moyses</strong></span> <span class='ocrx_word' id='word_1_355' title='bbox 2512 1998 2848 2067; x_wconf 85' lang='lat' dir='ltr'><strong>septuaginta</strong></span> <span class='ocrx_word' id='word_1_356' title='bbox 2870 1998 3031 2066; x_wconf 88' lang='lat' dir='ltr'><strong>elegit</strong></span> <span class='ocrx_word' id='word_1_357' title='bbox 3058 1997 3428 2066; x_wconf 85' lang='lat' dir='ltr'><strong>presbyteros,</strong></span> 
     </span>
    </p>
   </div>
   <div class='ocr_carea' id='block_1_50' title="bbox 1855 2085 3430 2156">
    <p class='ocr_par' dir='ltr' id='par_1_50' title="bbox 1855 2085 3430 2156">
     <span class='ocr_line' id='line_1_50' title="bbox 1855 2085 3430 2156; baseline -0.001 -16"><span class='ocrx_word' id='word_1_358' title='bbox 1855 2086 1945 2154; x_wconf 91' lang='lat' dir='ltr'><strong>qui</strong></span> <span class='ocrx_word' id='word_1_359' title='bbox 1964 2087 2370 2156; x_wconf 90' lang='lat' dir='ltr'><strong>prophetarent.</strong></span> <span class='ocrx_word' id='word_1_360' title='bbox 2404 2086 2484 2142; x_wconf 92' lang='lat' dir='ltr'><strong>0b</strong></span> <span class='ocrx_word' id='word_1_361' title='bbox 2527 2087 2631 2141; x_wconf 89' lang='lat' dir='ltr'><strong>hoc</strong></span> <span class='ocrx_word' id='word_1_362' title='bbox 2656 2095 2711 2141; x_wconf 91' lang='lat' dir='ltr'><strong>et</strong></span> <span class='ocrx_word' id='word_1_363' title='bbox 2752 2085 2907 2142; x_wconf 87' lang='lat' dir='ltr'><strong>Jesus</strong></span> <span class='ocrx_word' id='word_1_364' title='bbox 2951 2085 3210 2141; x_wconf 91' lang='lat' dir='ltr'><strong>Dominus</strong></span> <span class='ocrx_word' id='word_1_365' title='bbox 3247 2093 3430 2141; x_wconf 87' lang='lat' dir='ltr'><strong>noster</strong></span> 
     </span>
    </p>
   </div>
   <div class='ocr_carea' id='block_1_51' title="bbox 1856 2174 3434 2245">
    <p class='ocr_par' dir='ltr' id='par_1_51' title="bbox 1856 2174 3434 2245">
     <span class='ocr_line' id='line_1_51' title="bbox 1856 2174 3434 2245; baseline -0.001 -15"><span class='ocrx_word' id='word_1_366' title='bbox 1856 2175 2194 2244; x_wconf 88' lang='lat' dir='ltr'><strong>septuaginta</strong></span> <span class='ocrx_word' id='word_1_367' title='bbox 2224 2175 2358 2229; x_wconf 89' lang='lat' dir='ltr'><strong>duos</strong></span> <span class='ocrx_word' id='word_1_368' title='bbox 2382 2174 2674 2245; x_wconf 88' lang='lat' dir='ltr'><strong>discipulos</strong></span> <span class='ocrx_word' id='word_1_369' title='bbox 2694 2175 2985 2244; x_wconf 65' lang='lat' dir='ltr'><strong>prmdicare</strong></span> <span class='ocrx_word' id='word_1_370' title='bbox 3025 2175 3314 2230; x_wconf 85' lang='lat' dir='ltr'><strong>mandavit.</strong></span> <span class='ocrx_word' id='word_1_371' title='bbox 3365 2175 3434 2229; x_wconf 90' lang='lat' dir='ltr'><strong>Et</strong></span> 
     </span>
    </p>
   </div>
   <div class='ocr_carea' id='block_1_52' title="bbox 1856 2266 3431 2338">
    <p class='ocr_par' dir='ltr' id='par_1_52' title="bbox 1856 2266 3431 2338">
     <span class='ocr_line' id='line_1_52' title="bbox 1856 2266 3431 2338; baseline 0.001 -17"><span class='ocrx_word' id='word_1_372' title='bbox 1856 2266 2124 2336; x_wconf 90' lang='lat' dir='ltr'><strong>quomodo</strong></span> <span class='ocrx_word' id='word_1_373' title='bbox 2176 2266 2516 2337; x_wconf 88' lang='lat' dir='ltr'><strong>septuaginta</strong></span> <span class='ocrx_word' id='word_1_374' title='bbox 2563 2268 2681 2321; x_wconf 72' lang='lat' dir='ltr'><strong>duae</strong></span> <span class='ocrx_word' id='word_1_375' title='bbox 2737 2267 2930 2338; x_wconf 70' lang='lat' dir='ltr'><strong>linguae</strong></span> <span class='ocrx_word' id='word_1_376' title='bbox 2977 2268 3032 2321; x_wconf 88' lang='lat' dir='ltr'><strong>in</strong></span> <span class='ocrx_word' id='word_1_377' title='bbox 3083 2267 3186 2322; x_wconf 91' lang='lat' dir='ltr'><strong>hoc</strong></span> <span class='ocrx_word' id='word_1_378' title='bbox 3230 2267 3431 2322; x_wconf 89' lang='lat' dir='ltr'><strong>mundo</strong></span> 
     </span>
    </p>
   </div>
   <div class='ocr_carea' id='block_1_53' title="bbox 1855 2354 3435 2425">
    <p class='ocr_par' dir='ltr' id='par_1_53' title="bbox 1855 2354 3435 2425">
     <span class='ocr_line' id='line_1_53' title="bbox 1855 2354 3435 2425; baseline 0.002 -17"><span class='ocrx_word' id='word_1_379' title='bbox 1855 2364 2013 2409; x_wconf 91' lang='lat' dir='ltr'><strong>erant</strong></span> <span class='ocrx_word' id='word_1_380' title='bbox 2041 2354 2266 2419; x_wconf 72' lang='lat' dir='ltr'><strong>diffusae,</strong></span> <span class='ocrx_word' id='word_1_381' title='bbox 2296 2370 2531 2425; x_wconf 88' lang='lat' dir='ltr'><strong>congrue</strong></span> <span class='ocrx_word' id='word_1_382' title='bbox 2552 2356 2786 2425; x_wconf 84' lang='lat' dir='ltr'><strong>providit</strong></span> <span class='ocrx_word' id='word_1_383' title='bbox 2828 2355 3061 2425; x_wconf 85' lang='lat' dir='ltr'><strong>Spiritus</strong></span> <span class='ocrx_word' id='word_1_384' title='bbox 3095 2364 3333 2420; x_wconf 91' lang='lat' dir='ltr'><strong>sanctus,</strong></span> <span class='ocrx_word' id='word_1_385' title='bbox 3375 2364 3435 2411; x_wconf 91' lang='lat' dir='ltr'><strong>ut</strong></span> 
     </span>
    </p>
   </div>
   <div class='ocr_carea' id='block_1_54' title="bbox 1859 2446 3433 2517">
    <p class='ocr_par' dir='ltr' id='par_1_54' title="bbox 1859 2446 3433 2517">
     <span class='ocr_line' id='line_1_54' title="bbox 1859 2446 3433 2517; baseline 0.001 -17"><span class='ocrx_word' id='word_1_386' title='bbox 1859 2455 1938 2501; x_wconf 90' lang='lat' dir='ltr'><strong>tot</strong></span> <span class='ocrx_word' id='word_1_387' title='bbox 1966 2447 2090 2500; x_wconf 87' lang='lat' dir='ltr'><strong>libri</strong></span> <span class='ocrx_word' id='word_1_388' title='bbox 2120 2455 2323 2513; x_wconf 87' lang='lat' dir='ltr'><strong>essent,</strong></span> <span class='ocrx_word' id='word_1_389' title='bbox 2353 2455 2484 2517; x_wconf 90' lang='lat' dir='ltr'><strong>quot</strong></span> <span class='ocrx_word' id='word_1_390' title='bbox 2507 2448 2771 2510; x_wconf 88' lang='lat' dir='ltr'><strong>nationes,</strong></span> <span class='ocrx_word' id='word_1_391' title='bbox 2799 2446 2994 2515; x_wconf 88' lang='lat' dir='ltr'><strong>quibus</strong></span> <span class='ocrx_word' id='word_1_392' title='bbox 3017 2447 3197 2517; x_wconf 90' lang='lat' dir='ltr'><strong>populi</strong></span> <span class='ocrx_word' id='word_1_393' title='bbox 3220 2455 3276 2502; x_wconf 93' lang='lat' dir='ltr'><strong>et</strong></span> <span class='ocrx_word' id='word_1_394' title='bbox 3304 2462 3433 2516; x_wconf 89' lang='lat' dir='ltr'><strong>gen-</strong></span> 
     </span>
    </p>
   </div>
   <div class='ocr_carea' id='block_1_55' title="bbox 1861 2536 3437 2608">
    <p class='ocr_par' dir='ltr' id='par_1_55' title="bbox 1861 2536 3437 2608">
     <span class='ocr_line' id='line_1_55' title="bbox 1861 2536 3437 2608; baseline 0.001 -17"><span class='ocrx_word' id='word_1_395' title='bbox 1861 2546 1942 2592; x_wconf 91' lang='lat' dir='ltr'><strong>tes</strong></span> <span class='ocrx_word' id='word_1_396' title='bbox 1963 2537 2030 2591; x_wconf 89' lang='lat' dir='ltr'><strong>ad</strong></span> <span class='ocrx_word' id='word_1_397' title='bbox 2050 2537 2447 2606; x_wconf 88' lang='lat' dir='ltr'><strong>percipiendam</strong></span> <span class='ocrx_word' id='word_1_398' title='bbox 2473 2536 2596 2592; x_wconf 79' lang='lat' dir='ltr'><strong>fidei</strong></span> <span class='ocrx_word' id='word_1_399' title='bbox 2620 2538 2850 2608; x_wconf 87' lang='lat' dir='ltr'><strong>gratiam</strong></span> <span class='ocrx_word' id='word_1_400' title='bbox 2870 2538 3286 2593; x_wconf 71' lang='lat' dir='ltr'><strong>aediﬁcarentur.</strong></span> <span class='ocrx_word' id='word_1_401' title='bbox 3310 2537 3437 2593; x_wconf 72' lang='lat' dir='ltr'><strong>Haec</strong></span> 
     </span>
    </p>
   </div>
   <div class='ocr_carea' id='block_1_56' title="bbox 1861 2626 3433 2697">
    <p class='ocr_par' dir='ltr' id='par_1_56' title="bbox 1861 2626 3433 2697">
     <span class='ocr_line' id='line_1_56' title="bbox 1861 2626 3433 2697; baseline 0.002 -18"><span class='ocrx_word' id='word_1_402' title='bbox 1861 2632 1984 2682; x_wconf 91' lang='lat' dir='ltr'><strong>sunt</strong></span> <span class='ocrx_word' id='word_1_403' title='bbox 2006 2640 2145 2678; x_wconf 89' lang='lat' dir='ltr'><strong>nova</strong></span> <span class='ocrx_word' id='word_1_404' title='bbox 2157 2633 2565 2694; x_wconf 67' lang='lat' dir='ltr'><strong>etvetera,qua:</strong></span> <span class='ocrx_word' id='word_1_405' title='bbox 2580 2626 2645 2681; x_wconf 92' lang='lat' dir='ltr'><strong>de</strong></span> <span class='ocrx_word' id='word_1_406' title='bbox 2661 2627 2911 2681; x_wconf 91' lang='lat' dir='ltr'><strong>thesauro</strong></span> <span class='ocrx_word' id='word_1_407' title='bbox 2943 2627 3038 2680; x_wconf 88' lang='lat' dir='ltr'><strong>Dei</strong></span> <span class='ocrx_word' id='word_1_408' title='bbox 3067 2626 3433 2697; x_wconf 84' lang='lat' dir='ltr'><strong>proferuntur,</strong></span> 
     </span>
    </p>
   </div>
   <div class='ocr_carea' id='block_1_57' title="bbox 1861 2718 3435 2788">
    <p class='ocr_par' dir='ltr' id='par_1_57' title="bbox 1861 2718 3435 2788">
     <span class='ocr_line' id='line_1_57' title="bbox 1861 2718 3435 2788; baseline 0 -16"><span class='ocrx_word' id='word_1_409' title='bbox 1861 2727 1915 2772; x_wconf 90' lang='lat' dir='ltr'><strong>et</strong></span> <span class='ocrx_word' id='word_1_410' title='bbox 1935 2718 2130 2786; x_wconf 90' lang='lat' dir='ltr'><strong>quibus</strong></span> <span class='ocrx_word' id='word_1_411' title='bbox 2142 2726 2338 2773; x_wconf 88' lang='lat' dir='ltr'><strong>cuncta</strong></span> <span class='ocrx_word' id='word_1_412' title='bbox 2355 2727 2815 2774; x_wconf 88' lang='lat' dir='ltr'><strong>sacramentorum</strong></span> <span class='ocrx_word' id='word_1_413' title='bbox 2839 2719 3094 2788; x_wconf 89' lang='lat' dir='ltr'><strong>mysteria</strong></span> <span class='ocrx_word' id='word_1_414' title='bbox 3108 2719 3435 2778; x_wconf 87' lang='lat' dir='ltr'><strong>revelantur.</strong></span> 
     </span>
    </p>
   </div>
   <div class='ocr_carea' id='block_1_58' title="bbox 1862 2810 3435 2881">
    <p class='ocr_par' dir='ltr' id='par_1_58' title="bbox 1862 2810 3435 2881">
     <span class='ocr_line' id='line_1_58' title="bbox 1862 2810 3435 2881; baseline 0.001 -17"><span class='ocrx_word' id='word_1_415' title='bbox 1862 2810 1928 2864; x_wconf 84' lang='lat' dir='ltr'><strong>lli</strong></span> <span class='ocrx_word' id='word_1_416' title='bbox 1954 2821 2080 2865; x_wconf 87' lang='lat' dir='ltr'><strong>sunt</strong></span> <span class='ocrx_word' id='word_1_417' title='bbox 2105 2811 2210 2866; x_wconf 94' lang='lat' dir='ltr'><strong>duo</strong></span> <span class='ocrx_word' id='word_1_418' title='bbox 2233 2810 2518 2881; x_wconf 89' lang='lat' dir='ltr'><strong>Seraphin,</strong></span> <span class='ocrx_word' id='word_1_419' title='bbox 2564 2811 2654 2881; x_wconf 90' lang='lat' dir='ltr'><strong>qui</strong></span> <span class='ocrx_word' id='word_1_420' title='bbox 2708 2811 2762 2865; x_wconf 90' lang='lat' dir='ltr'><strong>in</strong></span> <span class='ocrx_word' id='word_1_421' title='bbox 2796 2810 3190 2866; x_wconf 82' lang='lat' dir='ltr'><strong>confessionem</strong></span> <span class='ocrx_word' id='word_1_422' title='bbox 3235 2819 3435 2866; x_wconf 65' lang='lat' dir='ltr'><strong>sanctae</strong></span> 
     </span>
    </p>
   </div>
   <div class='ocr_carea' id='block_1_59' title="bbox 1864 2899 3437 2972">
    <p class='ocr_par' dir='ltr' id='par_1_59' title="bbox 1864 2899 3437 2972">
     <span class='ocr_line' id='line_1_59' title="bbox 1864 2899 3437 2972; baseline -0.001 -19"><span class='ocrx_word' id='word_1_423' title='bbox 1864 2900 2145 2956; x_wconf 88' lang='lat' dir='ltr'><strong>Trinitatis</strong></span> <span class='ocrx_word' id='word_1_424' title='bbox 2169 2901 2369 2972; x_wconf 87' lang='lat' dir='ltr'><strong>jugiter</strong></span> <span class='ocrx_word' id='word_1_425' title='bbox 2404 2902 2691 2955; x_wconf 88' lang='lat' dir='ltr'><strong>decantant</strong></span> <span class='ocrx_word' id='word_1_426' title='bbox 2714 2901 2920 2968; x_wconf 84' lang='lat' dir='ltr'><strong>hagios,</strong></span> <span class='ocrx_word' id='word_1_427' title='bbox 2949 2907 3004 2954; x_wconf 90' lang='lat' dir='ltr'><strong>et</strong></span> <span class='ocrx_word' id='word_1_428' title='bbox 3022 2900 3257 2954; x_wconf 87' lang='lat' dir='ltr'><strong>dicentes</strong></span> <span class='ocrx_word' id='word_1_429' title='bbox 3281 2899 3437 2969; x_wconf 87' lang='lat' dir='ltr'><strong>hym-</strong></span> 
     </span>
    </p>
   </div>
   <div class='ocr_carea' id='block_1_60' title="bbox 1865 2992 3441 3063">
    <p class='ocr_par' dir='ltr' id='par_1_60' title="bbox 1865 2992 3441 3063">
     <span class='ocr_line' id='line_1_60' title="bbox 1865 2992 3441 3063; baseline -0.001 -17"><span class='ocrx_word' id='word_1_430' title='bbox 1865 3009 1993 3047; x_wconf 88' lang='lat' dir='ltr'><strong>num</strong></span> <span class='ocrx_word' id='word_1_431' title='bbox 2043 3003 2351 3063; x_wconf 89' lang='lat' dir='ltr'><strong>erumpunt.</strong></span> <span class='ocrx_word' id='word_1_432' title='bbox 2408 2993 2500 3048; x_wconf 72' lang='lat' dir='ltr'><strong>Ha:</strong></span> <span class='ocrx_word' id='word_1_433' title='bbox 2533 2993 2725 3049; x_wconf 74' lang='lat' dir='ltr'><strong>littera:</strong></span> <span class='ocrx_word' id='word_1_434' title='bbox 2761 3007 2949 3057; x_wconf 71' lang='lat' dir='ltr'><strong>sacrm,</strong></span> <span class='ocrx_word' id='word_1_435' title='bbox 2981 2993 3034 3046; x_wconf 89' lang='lat' dir='ltr'><strong>hi</strong></span> <span class='ocrx_word' id='word_1_436' title='bbox 3078 2992 3200 3047; x_wconf 87' lang='lat' dir='ltr'><strong>libri</strong></span> <span class='ocrx_word' id='word_1_437' title='bbox 3231 2992 3441 3062; x_wconf 87' lang='lat' dir='ltr'><strong>integro</strong></span> 
     </span>
    </p>
   </div>
   <div class='ocr_carea' id='block_1_61' title="bbox 1866 3083 3436 3140">
    <p class='ocr_par' dir='ltr' id='par_1_61' title="bbox 1866 3083 3436 3140">
     <span class='ocr_line' id='line_1_61' title="bbox 1866 3083 3436 3140; baseline -0.001 -1"><span class='ocrx_word' id='word_1_438' title='bbox 1866 3098 2091 3140; x_wconf 88' lang='lat' dir='ltr'><strong>numero</strong></span> <span class='ocrx_word' id='word_1_439' title='bbox 2112 3093 2167 3140; x_wconf 93' lang='lat' dir='ltr'><strong>et</strong></span> <span class='ocrx_word' id='word_1_440' title='bbox 2191 3085 2530 3139; x_wconf 87' lang='lat' dir='ltr'><strong>auctoritate.</strong></span> <span class='ocrx_word' id='word_1_441' title='bbox 2561 3084 2720 3140; x_wconf 88' lang='lat' dir='ltr'><strong>Aliud</strong></span> <span class='ocrx_word' id='word_1_442' title='bbox 2742 3100 2864 3140; x_wconf 88' lang='lat' dir='ltr'><strong>cum</strong></span> <span class='ocrx_word' id='word_1_443' title='bbox 2893 3085 3010 3139; x_wconf 89' lang='lat' dir='ltr'><strong>istis</strong></span> <span class='ocrx_word' id='word_1_444' title='bbox 3030 3083 3160 3138; x_wconf 90' lang='lat' dir='ltr'><strong>nihil</strong></span> <span class='ocrx_word' id='word_1_445' title='bbox 3183 3092 3263 3138; x_wconf 91' lang='lat' dir='ltr'><strong>est</strong></span> <span class='ocrx_word' id='word_1_446' title='bbox 3287 3099 3436 3138; x_wconf 92' lang='lat' dir='ltr'><strong>com-</strong></span> 
     </span>
    </p>
   </div>
   <div class='ocr_carea' id='block_1_62' title="bbox 194 3176 3445 3262">
    <p class='ocr_par' dir='ltr' id='par_1_62' title="bbox 194 3176 3445 3262">
     <span class='ocr_line' id='line_1_62' title="bbox 194 3176 3445 3262; baseline -0.005 -15"><span class='ocrx_word' id='word_1_447' title='bbox 194 3193 276 3262; x_wconf 90' lang='lat' dir='ltr'><strong>qui</strong></span> <span class='ocrx_word' id='word_1_448' title='bbox 298 3195 348 3246; x_wconf 92' lang='lat' dir='ltr'><strong>in</strong></span> <span class='ocrx_word' id='word_1_449' title='bbox 371 3193 509 3247; x_wconf 91' lang='lat' dir='ltr'><strong>duos</strong></span> <span class='ocrx_word' id='word_1_450' title='bbox 542 3191 712 3244; x_wconf 88' lang='lat' dir='ltr'><strong>libros</strong></span> <span class='ocrx_word' id='word_1_451' title='bbox 749 3189 1007 3243; x_wconf 86' lang='lat' dir='ltr'><strong>dividitur</strong></span> <span class='ocrx_word' id='word_1_452' title='bbox 1029 3187 1168 3255; x_wconf 90' lang='lat' dir='ltr'><strong>apud</strong></span> <span class='ocrx_word' id='word_1_453' title='bbox 1193 3185 1410 3242; x_wconf 65' lang='lat' dir='ltr'><strong>Graecos</strong></span> <span class='ocrx_word' id='word_1_454' title='bbox 1434 3191 1488 3237; x_wconf 92' lang='lat' dir='ltr'><strong>et</strong></span> <span class='ocrx_word' id='word_1_455' title='bbox 1515 3182 1754 3236; x_wconf 86' lang='lat' dir='ltr'><strong>Latinos.</strong></span> <span class='ocrx_word' id='word_1_456' title='bbox 1783 3185 1831 3247; x_wconf 74' lang='grc' dir='ltr'>ο</span> <span class='ocrx_word' id='word_1_457' title='bbox 1862 3177 2158 3248; x_wconf 87' lang='lat' dir='ltr'><strong>parandum</strong></span> <span class='ocrx_word' id='word_1_458' title='bbox 2197 3195 2209 3230; x_wconf 93' lang='lat'><strong>:</strong></span> <span class='ocrx_word' id='word_1_459' title='bbox 2259 3176 2516 3246; x_wconf 87' lang='lat' dir='ltr'><strong>quidquid</strong></span> <span class='ocrx_word' id='word_1_460' title='bbox 2550 3184 2702 3230; x_wconf 88' lang='lat' dir='ltr'><strong>extra</strong></span> <span class='ocrx_word' id='word_1_461' title='bbox 2737 3177 2836 3232; x_wconf 88' lang='lat' dir='ltr'><strong>bos</strong></span> <span class='ocrx_word' id='word_1_462' title='bbox 2880 3176 3061 3241; x_wconf 80' lang='lat' dir='ltr'><strong>fuerit,</strong></span> <span class='ocrx_word' id='word_1_463' title='bbox 3092 3176 3231 3231; x_wconf 88' lang='lat' dir='ltr'><strong>inter</strong></span> <span class='ocrx_word' id='word_1_464' title='bbox 3257 3185 3445 3232; x_wconf 86' lang='lat' dir='ltr'><strong>sancta</strong></span> 
     </span>
    </p>
   </div>
   <div class='ocr_carea' id='block_1_63' title="bbox 193 3276 1760 3346">
    <p class='ocr_par' dir='ltr' id='par_1_63' title="bbox 193 3276 1760 3346">
     <span class='ocr_line' id='line_1_63' title="bbox 193 3276 1760 3346; baseline -0.011 -6"><span class='ocrx_word' id='word_1_465' title='bbox 193 3283 364 3340; x_wconf 82' lang='lat' dir='ltr'><strong>Nonus</strong></span> <span class='ocrx_word' id='word_1_466' title='bbox 386 3282 601 3336; x_wconf 78' lang='lat' dir='ltr'><strong>Hester.</strong></span> <span class='ocrx_word' id='word_1_467' title='bbox 631 3279 735 3346; x_wconf 91' lang='lat' dir='ltr'><strong>Qui</strong></span> <span class='ocrx_word' id='word_1_468' title='bbox 754 3277 912 3332; x_wconf 91' lang='lat' dir='ltr'><strong>simul</strong></span> <span class='ocrx_word' id='word_1_469' title='bbox 933 3290 1122 3331; x_wconf 89' lang='lat' dir='ltr'><strong>omnes</strong></span> <span class='ocrx_word' id='word_1_470' title='bbox 1146 3276 1405 3344; x_wconf 89' lang='lat' dir='ltr'><strong>quinque,</strong></span> <span class='ocrx_word' id='word_1_471' title='bbox 1427 3281 1549 3328; x_wconf 89' lang='lat' dir='ltr'><strong>octo</strong></span> <span class='ocrx_word' id='word_1_472' title='bbox 1581 3279 1633 3324; x_wconf 88' lang='lat' dir='ltr'><strong>et</strong></span> <span class='ocrx_word' id='word_1_473' title='bbox 1663 3285 1760 3325; x_wconf 90' lang='lat' dir='ltr'><strong>no-</strong></span> 
     </span>
    </p>
   </div>
   <div class='ocr_carea' id='block_1_64' title="bbox 192 3363 1765 3441">
    <p class='ocr_par' dir='ltr' id='par_1_64' title="bbox 192 3363 1765 3441">
     <span class='ocr_line' id='line_1_64' title="bbox 192 3363 1765 3441; baseline -0.008 -11"><span class='ocrx_word' id='word_1_474' title='bbox 192 3391 304 3430; x_wconf 86' lang='lat' dir='ltr'><strong>vem</strong></span> <span class='ocrx_word' id='word_1_475' title='bbox 331 3375 466 3429; x_wconf 81' lang='lat' dir='ltr'><strong>ﬁunt</strong></span> <span class='ocrx_word' id='word_1_476' title='bbox 507 3371 705 3441; x_wconf 86' lang='lat' dir='ltr'><strong>viginti</strong></span> <span class='ocrx_word' id='word_1_477' title='bbox 743 3370 866 3434; x_wconf 92' lang='lat' dir='ltr'><strong>duo,</strong></span> <span class='ocrx_word' id='word_1_478' title='bbox 917 3369 1056 3423; x_wconf 68' lang='lat' dir='ltr'><strong>siem</strong></span> <span class='ocrx_word' id='word_1_479' title='bbox 1099 3365 1343 3435; x_wconf 88' lang='lat' dir='ltr'><strong>superius</strong></span> <span class='ocrx_word' id='word_1_480' title='bbox 1390 3363 1765 3434; x_wconf 88' lang='lat' dir='ltr'><strong>comprehensi</strong></span> 
     </span>
    </p>
   </div>
   <div class='ocr_carea' id='block_1_65' title="bbox 193 3454 1768 3532">
    <p class='ocr_par' dir='ltr' id='par_1_65' title="bbox 193 3454 1768 3532">
     <span class='ocr_line' id='line_1_65' title="bbox 193 3454 1768 3532; baseline -0.01 -10"><span class='ocrx_word' id='word_1_481' title='bbox 193 3476 323 3522; x_wconf 87' lang='lat' dir='ltr'><strong>sunt.</strong></span> <span class='ocrx_word' id='word_1_482' title='bbox 354 3465 593 3532; x_wconf 89' lang='lat' dir='ltr'><strong>Quidam</strong></span> <span class='ocrx_word' id='word_1_483' title='bbox 613 3469 793 3517; x_wconf 89' lang='lat' dir='ltr'><strong>autem</strong></span> <span class='ocrx_word' id='word_1_484' title='bbox 820 3459 958 3513; x_wconf 83' lang='lat' dir='ltr'><strong>Ruth</strong></span> <span class='ocrx_word' id='word_1_485' title='bbox 985 3465 1040 3512; x_wconf 89' lang='lat' dir='ltr'><strong>et</strong></span> <span class='ocrx_word' id='word_1_486' title='bbox 1063 3456 1274 3522; x_wconf 85' lang='lat' dir='ltr'><strong>Cinoth,</strong></span> <span class='ocrx_word' id='word_1_487' title='bbox 1313 3455 1404 3524; x_wconf 91' lang='lat' dir='ltr'><strong>qui</strong></span> <span class='ocrx_word' id='word_1_488' title='bbox 1431 3455 1619 3509; x_wconf 90' lang='lat' dir='ltr'><strong>Latine</strong></span> <span class='ocrx_word' id='word_1_489' title='bbox 1641 3454 1768 3508; x_wconf 91' lang='lat' dir='ltr'><strong>dici-</strong></span> 
     </span>
    </p>
   </div>
   <div class='ocr_carea' id='block_1_66' title="bbox 195 3545 1770 3618">
    <p class='ocr_par' dir='ltr' id='par_1_66' title="bbox 195 3545 1770 3618">
     <span class='ocr_line' id='line_1_66' title="bbox 195 3545 1770 3618; baseline -0.008 -6"><span class='ocrx_word' id='word_1_490' title='bbox 195 3565 274 3612; x_wconf 87' lang='lat' dir='ltr'><strong>tur</strong></span> <span class='ocrx_word' id='word_1_491' title='bbox 298 3554 635 3610; x_wconf 82' lang='lat' dir='ltr'><strong>Lamentatio</strong></span> <span class='ocrx_word' id='word_1_492' title='bbox 663 3551 928 3615; x_wconf 74' lang='lat' dir='ltr'><strong>Jeremiw,</strong></span> <span class='ocrx_word' id='word_1_493' title='bbox 968 3545 1355 3618; x_wconf 85' lang='lat' dir='ltr'><strong>Hagiographis</strong></span> <span class='ocrx_word' id='word_1_494' title='bbox 1381 3545 1673 3608; x_wconf 90' lang='lat' dir='ltr'><strong>addiciunt,</strong></span> <span class='ocrx_word' id='word_1_495' title='bbox 1713 3554 1770 3599; x_wconf 85' lang='lat' dir='ltr'><strong>et</strong></span> 
     </span>
    </p>
   </div>
   <div class='ocr_carea' id='block_1_67' title="bbox 196 3634 1766 3718">
    <p class='ocr_par' dir='ltr' id='par_1_67' title="bbox 196 3634 1766 3718">
     <span class='ocr_line' id='line_1_67' title="bbox 196 3634 1766 3718; baseline -0.008 -17"><span class='ocrx_word' id='word_1_496' title='bbox 196 3647 373 3718; x_wconf 79' lang='lat' dir='ltr'><strong>viginti</strong></span> <span class='ocrx_word' id='word_1_497' title='bbox 401 3653 646 3714; x_wconf 89' lang='lat' dir='ltr'><strong>quatuor</strong></span> <span class='ocrx_word' id='word_1_498' title='bbox 665 3642 936 3698; x_wconf 86' lang='lat' dir='ltr'><strong>volumina</strong></span> <span class='ocrx_word' id='word_1_499' title='bbox 959 3638 1288 3693; x_wconf 89' lang='lat' dir='ltr'><strong>Testamenti</strong></span> <span class='ocrx_word' id='word_1_500' title='bbox 1312 3637 1520 3691; x_wconf 87' lang='lat' dir='ltr'><strong>Veteris</strong></span> <span class='ocrx_word' id='word_1_501' title='bbox 1541 3634 1766 3701; x_wconf 83' lang='lat' dir='ltr'><strong>faciunt,</strong></span> 
     </span>
    </p>
   </div>
   <div class='ocr_carea' id='block_1_68' title="bbox 194 3728 1768 3808">
    <p class='ocr_par' dir='ltr' id='par_1_68' title="bbox 194 3728 1768 3808">
     <span class='ocr_line' id='line_1_68' title="bbox 194 3728 1768 3808; baseline -0.006 -16"><span class='ocrx_word' id='word_1_502' title='bbox 194 3738 334 3807; x_wconf 81' lang='lat' dir='ltr'><strong>juxta</strong></span> <span class='ocrx_word' id='word_1_503' title='bbox 363 3736 563 3808; x_wconf 87' lang='lat' dir='ltr'><strong>viginti</strong></span> <span class='ocrx_word' id='word_1_504' title='bbox 584 3743 819 3804; x_wconf 86' lang='lat' dir='ltr'><strong>quatuor</strong></span> <span class='ocrx_word' id='word_1_505' title='bbox 847 3731 1107 3796; x_wconf 90' lang='lat' dir='ltr'><strong>seniores,</strong></span> <span class='ocrx_word' id='word_1_506' title='bbox 1146 3728 1239 3799; x_wconf 89' lang='lat' dir='ltr'><strong>qui</strong></span> <span class='ocrx_word' id='word_1_507' title='bbox 1264 3735 1392 3783; x_wconf 90' lang='lat' dir='ltr'><strong>ante</strong></span> <span class='ocrx_word' id='word_1_508' title='bbox 1413 3735 1768 3795; x_wconf 91' lang='lat' dir='ltr'><strong>conspectum</strong></span> 
     </span>
    </p>
   </div>
   <div class='ocr_carea' id='block_1_69' title="bbox 199 3815 1770 3892">
    <p class='ocr_par' dir='ltr' id='par_1_69' title="bbox 199 3815 1770 3892">
     <span class='ocr_line' id='line_1_69' title="bbox 199 3815 1770 3892; baseline -0.008 -7"><span class='ocrx_word' id='word_1_509' title='bbox 199 3829 286 3884; x_wconf 91' lang='lat' dir='ltr'><strong>Dei</strong></span> <span class='ocrx_word' id='word_1_510' title='bbox 317 3830 603 3884; x_wconf 87' lang='lat' dir='ltr'><strong>assistunt.</strong></span> <span class='ocrx_word' id='word_1_511' title='bbox 651 3824 885 3892; x_wconf 88' lang='lat' dir='ltr'><strong>Quartus</strong></span> <span class='ocrx_word' id='word_1_512' title='bbox 919 3829 1003 3878; x_wconf 89' lang='lat' dir='ltr'><strong>est</strong></span> <span class='ocrx_word' id='word_1_513' title='bbox 1053 3820 1193 3892; x_wconf 91' lang='lat' dir='ltr'><strong>apud</strong></span> <span class='ocrx_word' id='word_1_514' title='bbox 1242 3834 1341 3874; x_wconf 92' lang='lat' dir='ltr'><strong>nos</strong></span> <span class='ocrx_word' id='word_1_515' title='bbox 1383 3817 1514 3873; x_wconf 90' lang='lat' dir='ltr'><strong>ordo</strong></span> <span class='ocrx_word' id='word_1_516' title='bbox 1558 3815 1770 3872; x_wconf 82' lang='lat' dir='ltr'><strong>Veteris</strong></span> 
     </span>
    </p>
   </div>
   <div class='ocr_carea' id='block_1_70' title="bbox 199 3905 1771 3978">
    <p class='ocr_par' dir='ltr' id='par_1_70' title="bbox 199 3905 1771 3978">
     <span class='ocr_line' id='line_1_70' title="bbox 199 3905 1771 3978; baseline -0.008 -5"><span class='ocrx_word' id='word_1_517' title='bbox 199 3917 523 3974; x_wconf 87' lang='lat' dir='ltr'><strong>Testamenti</strong></span> <span class='ocrx_word' id='word_1_518' title='bbox 582 3930 768 3972; x_wconf 89' lang='lat' dir='ltr'><strong>eorum</strong></span> <span class='ocrx_word' id='word_1_519' title='bbox 815 3913 1094 3978; x_wconf 89' lang='lat' dir='ltr'><strong>librorum,</strong></span> <span class='ocrx_word' id='word_1_520' title='bbox 1159 3910 1250 3978; x_wconf 90' lang='lat' dir='ltr'><strong>qui</strong></span> <span class='ocrx_word' id='word_1_521' title='bbox 1305 3910 1358 3963; x_wconf 92' lang='lat' dir='ltr'><strong>in</strong></span> <span class='ocrx_word' id='word_1_522' title='bbox 1412 3921 1617 3963; x_wconf 88' lang='lat' dir='ltr'><strong>canone</strong></span> <span class='ocrx_word' id='word_1_523' title='bbox 1664 3905 1771 3962; x_wconf 84' lang='lat' dir='ltr'><strong>He-</strong></span> 
     </span>
    </p>
   </div>
   <div class='ocr_carea' id='block_1_71' title="bbox 200 3996 1772 4074">
    <p class='ocr_par' dir='ltr' id='par_1_71' title="bbox 200 3996 1772 4074">
     <span class='ocr_line' id='line_1_71' title="bbox 200 3996 1772 4074; baseline -0.009 -10"><span class='ocrx_word' id='word_1_524' title='bbox 200 4010 371 4065; x_wconf 85' lang='lat' dir='ltr'><strong>braico</strong></span> <span class='ocrx_word' id='word_1_525' title='bbox 417 4024 530 4063; x_wconf 89' lang='lat' dir='ltr'><strong>non</strong></span> <span class='ocrx_word' id='word_1_526' title='bbox 578 4015 746 4062; x_wconf 88' lang='lat' dir='ltr'><strong>sunt:</strong></span> <span class='ocrx_word' id='word_1_527' title='bbox 784 4018 1013 4074; x_wconf 90' lang='lat' dir='ltr'><strong>quorum</strong></span> <span class='ocrx_word' id='word_1_528' title='bbox 1059 4001 1264 4072; x_wconf 86' lang='lat' dir='ltr'><strong>primus</strong></span> <span class='ocrx_word' id='word_1_529' title='bbox 1313 3997 1600 4067; x_wconf 81' lang='lat' dir='ltr'><strong>Sapientiae</strong></span> <span class='ocrx_word' id='word_1_530' title='bbox 1636 3996 1772 4051; x_wconf 90' lang='lat' dir='ltr'><strong>liber</strong></span> 
     </span>
    </p>
   </div>
   <div class='ocr_carea' id='block_1_72' title="bbox 201 4088 1770 4164">
    <p class='ocr_par' dir='ltr' id='par_1_72' title="bbox 201 4088 1770 4164">
     <span class='ocr_line' id='line_1_72' title="bbox 201 4088 1770 4164; baseline -0.007 -9"><span class='ocrx_word' id='word_1_531' title='bbox 201 4110 313 4164; x_wconf 87' lang='lat' dir='ltr'><strong>est;</strong></span> <span class='ocrx_word' id='word_1_532' title='bbox 372 4098 686 4163; x_wconf 86' lang='lat' dir='ltr'><strong>secundus,</strong></span> <span class='ocrx_word' id='word_1_533' title='bbox 744 4093 1198 4157; x_wconf 88' lang='lat' dir='ltr'><strong>Ecclesiasticus;</strong></span> <span class='ocrx_word' id='word_1_534' title='bbox 1268 4091 1480 4157; x_wconf 90' lang='lat' dir='ltr'><strong>tertius,</strong></span> <span class='ocrx_word' id='word_1_535' title='bbox 1533 4088 1770 4155; x_wconf 89' lang='lat' dir='ltr'><strong>Tobias;</strong></span> 
     </span>
    </p>
   </div>
   <div class='ocr_carea' id='block_1_73' title="bbox 208 4180 1772 4262">
    <p class='ocr_par' dir='ltr' id='par_1_73' title="bbox 208 4180 1772 4262">
     <span class='ocr_line' id='line_1_73' title="bbox 208 4180 1772 4262; baseline -0.007 -18"><span class='ocrx_word' id='word_1_536' title='bbox 208 4201 432 4262; x_wconf 87' lang='lat' dir='ltr'><strong>quartus,</strong></span> <span class='ocrx_word' id='word_1_537' title='bbox 460 4187 657 4244; x_wconf 75' lang='lat' dir='ltr'><strong>Iudith</strong></span> <span class='ocrx_word' id='word_1_538' title='bbox 675 4205 693 4252; x_wconf 92' lang='lat'><strong><em>;</em></strong></span> <span class='ocrx_word' id='word_1_539' title='bbox 730 4186 950 4255; x_wconf 91' lang='lat' dir='ltr'><strong>quintus</strong></span> <span class='ocrx_word' id='word_1_540' title='bbox 976 4193 1032 4239; x_wconf 90' lang='lat' dir='ltr'><strong>et</strong></span> <span class='ocrx_word' id='word_1_541' title='bbox 1065 4191 1268 4247; x_wconf 81' lang='lat' dir='ltr'><strong>sextus,</strong></span> <span class='ocrx_word' id='word_1_542' title='bbox 1299 4180 1724 4234; x_wconf 70' lang='lat' dir='ltr'><strong>Machabworum</strong></span> <span class='ocrx_word' id='word_1_543' title='bbox 1753 4196 1772 4233; x_wconf 69' lang='lat'><strong>.-</strong></span> 
     </span>
    </p>
   </div>
   <div class='ocr_carea' id='block_1_74' title="bbox 206 4269 1774 4353">
    <p class='ocr_par' dir='ltr' id='par_1_74' title="bbox 206 4269 1774 4353">
     <span class='ocr_line' id='line_1_74' title="bbox 206 4269 1774 4353; baseline -0.009 -17"><span class='ocrx_word' id='word_1_544' title='bbox 206 4297 330 4353; x_wconf 88' lang='lat' dir='ltr'><strong>quos</strong></span> <span class='ocrx_word' id='word_1_545' title='bbox 353 4281 479 4338; x_wconf 90' lang='lat' dir='ltr'><strong>licet</strong></span> <span class='ocrx_word' id='word_1_546' title='bbox 506 4277 683 4333; x_wconf 63' lang='lat' dir='ltr'><strong>Judaei</strong></span> <span class='ocrx_word' id='word_1_547' title='bbox 707 4277 862 4337; x_wconf 79' lang='lat' dir='ltr'><strong>intra</strong></span> <span class='ocrx_word' id='word_1_548' title='bbox 882 4274 1188 4345; x_wconf 90' lang='lat' dir='ltr'><strong>apocrypha</strong></span> <span class='ocrx_word' id='word_1_549' title='bbox 1229 4280 1499 4343; x_wconf 89' lang='lat' dir='ltr'><strong>separent,</strong></span> <span class='ocrx_word' id='word_1_550' title='bbox 1532 4269 1774 4326; x_wconf 89' lang='lat' dir='ltr'><strong>Ecclesia</strong></span> 
     </span>
    </p>
   </div>
   <div class='ocr_carea' id='block_1_75' title="bbox 207 4363 1777 4430">
    <p class='ocr_par' dir='ltr' id='par_1_75' title="bbox 207 4363 1777 4430">
     <span class='ocr_line' id='line_1_75' title="bbox 207 4363 1777 4430; baseline -0.007 -5"><span class='ocrx_word' id='word_1_551' title='bbox 207 4379 372 4426; x_wconf 87' lang='lat' dir='ltr'><strong>tamen</strong></span> <span class='ocrx_word' id='word_1_552' title='bbox 394 4369 608 4426; x_wconf 88' lang='lat' dir='ltr'><strong>Christi</strong></span> <span class='ocrx_word' id='word_1_553' title='bbox 636 4382 728 4422; x_wconf 88' lang='lat' dir='ltr'><strong>eos</strong></span> <span class='ocrx_word' id='word_1_554' title='bbox 745 4367 885 4420; x_wconf 90' lang='lat' dir='ltr'><strong>inter</strong></span> <span class='ocrx_word' id='word_1_555' title='bbox 907 4365 1116 4419; x_wconf 88' lang='lat' dir='ltr'><strong>divinos</strong></span> <span class='ocrx_word' id='word_1_556' title='bbox 1140 4364 1306 4417; x_wconf 91' lang='lat' dir='ltr'><strong>libros</strong></span> <span class='ocrx_word' id='word_1_557' title='bbox 1325 4363 1552 4416; x_wconf 90' lang='lat' dir='ltr'><strong>honorat</strong></span> <span class='ocrx_word' id='word_1_558' title='bbox 1573 4369 1629 4414; x_wconf 91' lang='lat' dir='ltr'><strong>et</strong></span> <span class='ocrx_word' id='word_1_559' title='bbox 1647 4375 1777 4430; x_wconf 52' lang='lat' dir='ltr'><strong>praec</strong></span> 
     </span>
    </p>
   </div>
   <div class='ocr_carea' id='block_1_76' title="bbox 208 4450 1766 4516">
    <p class='ocr_par' dir='ltr' id='par_1_76' title="bbox 208 4450 1766 4516">
     <span class='ocr_line' id='line_1_76' title="bbox 208 4450 1766 4516; baseline -0.01 0"><span class='ocrx_word' id='word_1_560' title='bbox 208 4461 354 4516; x_wconf 84' lang='lat' dir='ltr'><strong>dicat.</strong></span> <span class='ocrx_word' id='word_1_561' title='bbox 383 4460 442 4512; x_wconf 87' lang='lat' dir='ltr'><strong>In</strong></span> <span class='ocrx_word' id='word_1_562' title='bbox 467 4457 626 4512; x_wconf 87' lang='lat' dir='ltr'><strong>Novo</strong></span> <span class='ocrx_word' id='word_1_563' title='bbox 649 4463 829 4508; x_wconf 88' lang='lat' dir='ltr'><strong>autem</strong></span> <span class='ocrx_word' id='word_1_564' title='bbox 857 4453 1200 4507; x_wconf 88' lang='lat' dir='ltr'><strong>Testamento</strong></span> <span class='ocrx_word' id='word_1_565' title='bbox 1239 4452 1343 4505; x_wconf 90' lang='lat' dir='ltr'><strong>duo</strong></span> <span class='ocrx_word' id='word_1_566' title='bbox 1364 4460 1487 4505; x_wconf 88' lang='lat' dir='ltr'><strong>sunt</strong></span> <span class='ocrx_word' id='word_1_567' title='bbox 1508 4450 1724 4504; x_wconf 90' lang='lat' dir='ltr'><strong>ordines</strong></span> <span class='ocrx_word' id='word_1_568' title='bbox 1755 4468 1766 4501; x_wconf 91' lang='lat'>:</span> 
     </span>
    </p>
   </div>
   <div class='ocr_carea' id='block_1_77' title="bbox 1868 3267 3438 3338">
    <p class='ocr_par' dir='ltr' id='par_1_77' title="bbox 1868 3267 3438 3338">
     <span class='ocr_line' id='line_1_77' title="bbox 1868 3267 3438 3338; baseline -0.002 -14"><span class='ocrx_word' id='word_1_569' title='bbox 1868 3279 1923 3324; x_wconf 92' lang='lat' dir='ltr'><strong>et</strong></span> <span class='ocrx_word' id='word_1_570' title='bbox 1944 3267 2123 3322; x_wconf 88' lang='lat' dir='ltr'><strong>divina</strong></span> <span class='ocrx_word' id='word_1_571' title='bbox 2151 3267 2455 3321; x_wconf 88' lang='lat' dir='ltr'><strong>nullatenus</strong></span> <span class='ocrx_word' id='word_1_572' title='bbox 2480 3276 2564 3321; x_wconf 90' lang='lat' dir='ltr'><strong>est</strong></span> <span class='ocrx_word' id='word_1_573' title='bbox 2578 3267 2942 3338; x_wconf 89' lang='lat' dir='ltr'><strong>recipiendum</strong></span> <span class='ocrx_word' id='word_1_574' title='bbox 2968 3285 2979 3320; x_wconf 93' lang='lat'><strong>:</strong></span> <span class='ocrx_word' id='word_1_575' title='bbox 3006 3268 3119 3322; x_wconf 81' lang='lat' dir='ltr'><strong>haec</strong></span> <span class='ocrx_word' id='word_1_576' title='bbox 3143 3268 3250 3322; x_wconf 93' lang='lat' dir='ltr'><strong>duo</strong></span> <span class='ocrx_word' id='word_1_577' title='bbox 3269 3275 3438 3321; x_wconf 89' lang='lat' dir='ltr'><strong>testa-</strong></span> 
     </span>
    </p>
   </div>
   <div class='ocr_carea' id='block_1_78' title="bbox 1868 3355 3446 3426">
    <p class='ocr_par' dir='ltr' id='par_1_78' title="bbox 1868 3355 3446 3426">
     <span class='ocr_line' id='line_1_78' title="bbox 1868 3355 3446 3426; baseline -0.001 -16"><span class='ocrx_word' id='word_1_578' title='bbox 1868 3366 2048 3410; x_wconf 89' lang='lat' dir='ltr'><strong>menta</strong></span> <span class='ocrx_word' id='word_1_579' title='bbox 2087 3357 2140 3409; x_wconf 91' lang='lat' dir='ltr'><strong>in</strong></span> <span class='ocrx_word' id='word_1_580' title='bbox 2175 3356 2359 3410; x_wconf 87' lang='lat' dir='ltr'><strong>multis</strong></span> <span class='ocrx_word' id='word_1_581' title='bbox 2411 3355 2542 3411; x_wconf 91' lang='lat' dir='ltr'><strong>locis</strong></span> <span class='ocrx_word' id='word_1_582' title='bbox 2581 3355 2862 3425; x_wconf 64' lang='lat' dir='ltr'><strong>scripturae</strong></span> <span class='ocrx_word' id='word_1_583' title='bbox 2893 3371 3059 3411; x_wconf 74' lang='lat' dir='ltr'><strong>sacra:</strong></span> <span class='ocrx_word' id='word_1_584' title='bbox 3105 3355 3446 3426; x_wconf 79' lang='lat' dir='ltr'><strong>praefigurata</strong></span> 
     </span>
    </p>
   </div>
   <div class='ocr_carea' id='block_1_79' title="bbox 1869 3443 3448 3514">
    <p class='ocr_par' dir='ltr' id='par_1_79' title="bbox 1869 3443 3448 3514">
     <span class='ocr_line' id='line_1_79' title="bbox 1869 3443 3448 3514; baseline -0.001 -15"><span class='ocrx_word' id='word_1_585' title='bbox 1869 3453 2013 3499; x_wconf 90' lang='lat' dir='ltr'><strong>sunt.</strong></span> <span class='ocrx_word' id='word_1_586' title='bbox 2043 3443 2177 3497; x_wconf 91' lang='lat' dir='ltr'><strong>Nam</strong></span> <span class='ocrx_word' id='word_1_587' title='bbox 2199 3444 2275 3498; x_wconf 89' lang='lat' dir='ltr'><strong>illi</strong></span> <span class='ocrx_word' id='word_1_588' title='bbox 2298 3444 2402 3499; x_wconf 93' lang='lat' dir='ltr'><strong>duo</strong></span> <span class='ocrx_word' id='word_1_589' title='bbox 2425 3443 2658 3499; x_wconf 89' lang='lat' dir='ltr'><strong>molares</strong></span> <span class='ocrx_word' id='word_1_590' title='bbox 2675 3443 2878 3514; x_wconf 88' lang='lat' dir='ltr'><strong>lapides</strong></span> <span class='ocrx_word' id='word_1_591' title='bbox 2904 3452 3049 3510; x_wconf 91' lang='lat' dir='ltr'><strong>sunt,</strong></span> <span class='ocrx_word' id='word_1_592' title='bbox 3072 3460 3206 3513; x_wconf 92' lang='lat' dir='ltr'><strong>quos</strong></span> <span class='ocrx_word' id='word_1_593' title='bbox 3225 3444 3308 3499; x_wconf 85' lang='lat' dir='ltr'><strong>lex</strong></span> <span class='ocrx_word' id='word_1_594' title='bbox 3332 3459 3448 3514; x_wconf 89' lang='lat' dir='ltr'><strong>pro-</strong></span> 
     </span>
    </p>
   </div>
   <div class='ocr_carea' id='block_1_80' title="bbox 1868 3536 3447 3607">
    <p class='ocr_par' dir='ltr' id='par_1_80' title="bbox 1868 3536 3447 3607">
     <span class='ocr_line' id='line_1_80' title="bbox 1868 3536 3447 3607; baseline 0.001 -16"><span class='ocrx_word' id='word_1_595' title='bbox 1868 3537 2017 3591; x_wconf 86' lang='lat' dir='ltr'><strong>hibet</strong></span> <span class='ocrx_word' id='word_1_596' title='bbox 2036 3536 2273 3590; x_wconf 89' lang='lat' dir='ltr'><strong>dividere</strong></span> <span class='ocrx_word' id='word_1_597' title='bbox 2307 3544 2467 3604; x_wconf 88' lang='lat' dir='ltr'><strong>atque</strong></span> <span class='ocrx_word' id='word_1_598' title='bbox 2499 3536 2556 3589; x_wconf 88' lang='lat' dir='ltr'><strong>in</strong></span> <span class='ocrx_word' id='word_1_599' title='bbox 2604 3536 2724 3591; x_wconf 91' lang='lat' dir='ltr'><strong>loco</strong></span> <span class='ocrx_word' id='word_1_600' title='bbox 2764 3537 3001 3606; x_wconf 84' lang='lat' dir='ltr'><strong>pignoris</strong></span> <span class='ocrx_word' id='word_1_601' title='bbox 3047 3536 3233 3591; x_wconf 87' lang='lat' dir='ltr'><strong>tollere</strong></span> <span class='ocrx_word' id='word_1_602' title='bbox 3274 3555 3286 3590; x_wconf 89' lang='lat'><strong>:</strong></span> <span class='ocrx_word' id='word_1_603' title='bbox 3321 3538 3447 3607; x_wconf 89' lang='lat' dir='ltr'><strong>quia</strong></span> 
     </span>
    </p>
   </div>
   <div class='ocr_carea' id='block_1_81' title="bbox 1869 3627 3447 3694">
    <p class='ocr_par' dir='ltr' id='par_1_81' title="bbox 1869 3627 3447 3694">
     <span class='ocr_line' id='line_1_81' title="bbox 1869 3627 3447 3694; baseline 0.001 -13"><span class='ocrx_word' id='word_1_604' title='bbox 1869 3635 2119 3681; x_wconf 89' lang='lat' dir='ltr'><strong>neutrum</strong></span> <span class='ocrx_word' id='word_1_605' title='bbox 2168 3635 2549 3681; x_wconf 80' lang='lat' dir='ltr'><strong>testamentum</strong></span> <span class='ocrx_word' id='word_1_606' title='bbox 2604 3627 2954 3683; x_wconf 83' lang='lat' dir='ltr'><strong>auferendum</strong></span> <span class='ocrx_word' id='word_1_607' title='bbox 3006 3637 3088 3684; x_wconf 91' lang='lat' dir='ltr'><strong>est</strong></span> <span class='ocrx_word' id='word_1_608' title='bbox 3140 3631 3206 3683; x_wconf 92' lang='lat' dir='ltr'><strong>ab</strong></span> <span class='ocrx_word' id='word_1_609' title='bbox 3257 3629 3447 3694; x_wconf 87' lang='lat' dir='ltr'><strong>altero,</strong></span> 
     </span>
    </p>
   </div>
   <div class='ocr_carea' id='block_1_82' title="bbox 1872 3717 3446 3788">
    <p class='ocr_par' dir='ltr' id='par_1_82' title="bbox 1872 3717 3446 3788">
     <span class='ocr_line' id='line_1_82' title="bbox 1872 3717 3446 3788; baseline 0.002 -17"><span class='ocrx_word' id='word_1_610' title='bbox 1872 3717 2085 3786; x_wconf 90' lang='lat' dir='ltr'><strong>quando</strong></span> <span class='ocrx_word' id='word_1_611' title='bbox 2109 3725 2341 3786; x_wconf 89' lang='lat' dir='ltr'><strong>utraque</strong></span> <span class='ocrx_word' id='word_1_612' title='bbox 2394 3719 2698 3772; x_wconf 88' lang='lat' dir='ltr'><strong>necessaria</strong></span> <span class='ocrx_word' id='word_1_613' title='bbox 2727 3727 2852 3773; x_wconf 90' lang='lat' dir='ltr'><strong>sunt</strong></span> <span class='ocrx_word' id='word_1_614' title='bbox 2871 3719 2937 3772; x_wconf 90' lang='lat' dir='ltr'><strong>ad</strong></span> <span class='ocrx_word' id='word_1_615' title='bbox 2956 3733 3149 3788; x_wconf 88' lang='lat' dir='ltr'><strong>panem</strong></span> <span class='ocrx_word' id='word_1_616' title='bbox 3174 3719 3446 3776; x_wconf 87' lang='lat' dir='ltr'><strong>coelestem</strong></span> 
     </span>
    </p>
   </div>
   <div class='ocr_carea' id='block_1_83' title="bbox 1873 3805 3447 3877">
    <p class='ocr_par' dir='ltr' id='par_1_83' title="bbox 1873 3805 3447 3877">
     <span class='ocr_line' id='line_1_83' title="bbox 1873 3805 3447 3877; baseline 0 -15"><span class='ocrx_word' id='word_1_617' title='bbox 1873 3806 2287 3872; x_wconf 81' lang='lat' dir='ltr'><strong>conﬁciendum,</strong></span> <span class='ocrx_word' id='word_1_618' title='bbox 2315 3812 2374 3860; x_wconf 89' lang='lat' dir='ltr'><strong>ut</strong></span> <span class='ocrx_word' id='word_1_619' title='bbox 2393 3805 2695 3861; x_wconf 89' lang='lat' dir='ltr'><strong>animarum</strong></span> <span class='ocrx_word' id='word_1_620' title='bbox 2723 3813 2936 3875; x_wconf 87' lang='lat' dir='ltr'><strong>pastum</strong></span> <span class='ocrx_word' id='word_1_621' title='bbox 2974 3817 3292 3877; x_wconf 73' lang='lat' dir='ltr'><strong>praeparent.</strong></span> <span class='ocrx_word' id='word_1_622' title='bbox 3315 3807 3447 3862; x_wconf 90' lang='lat' dir='ltr'><strong>Item</strong></span> 
     </span>
    </p>
   </div>
   <div class='ocr_carea' id='block_1_84' title="bbox 1873 3893 3449 3966">
    <p class='ocr_par' dir='ltr' id='par_1_84' title="bbox 1873 3893 3449 3966">
     <span class='ocr_line' id='line_1_84' title="bbox 1873 3893 3449 3966; baseline 0.001 -18"><span class='ocrx_word' id='word_1_623' title='bbox 1873 3894 1980 3949; x_wconf 90' lang='lat' dir='ltr'><strong>duo</strong></span> <span class='ocrx_word' id='word_1_624' title='bbox 2025 3893 2298 3947; x_wconf 91' lang='lat' dir='ltr'><strong>Cherubin</strong></span> <span class='ocrx_word' id='word_1_625' title='bbox 2339 3894 2493 3962; x_wconf 82' lang='lat' dir='ltr'><strong>juxta</strong></span> <span class='ocrx_word' id='word_1_626' title='bbox 2538 3908 2722 3947; x_wconf 86' lang='lat' dir='ltr'><strong>arcam</strong></span> <span class='ocrx_word' id='word_1_627' title='bbox 2768 3895 2942 3963; x_wconf 87' lang='lat' dir='ltr'><strong>posita</strong></span> <span class='ocrx_word' id='word_1_628' title='bbox 2994 3896 3297 3966; x_wconf 86' lang='lat' dir='ltr'><strong>signiﬁcant</strong></span> <span class='ocrx_word' id='word_1_629' title='bbox 3345 3897 3449 3951; x_wconf 92' lang='lat' dir='ltr'><strong>duo</strong></span> 
     </span>
    </p>
   </div>
   <div class='ocr_carea' id='block_1_85' title="bbox 1874 3983 3454 4055">
    <p class='ocr_par' dir='ltr' id='par_1_85' title="bbox 1874 3983 3454 4055">
     <span class='ocr_line' id='line_1_85' title="bbox 1874 3983 3454 4055; baseline 0.003 -17"><span class='ocrx_word' id='word_1_630' title='bbox 1874 3992 2194 4038; x_wconf 83' lang='lat' dir='ltr'><strong>testamenta</strong></span> <span class='ocrx_word' id='word_1_631' title='bbox 2240 3983 2523 4038; x_wconf 89' lang='lat' dir='ltr'><strong>ecclesiam</strong></span> <span class='ocrx_word' id='word_1_632' title='bbox 2563 3984 2659 4039; x_wconf 90' lang='lat' dir='ltr'><strong>Dei</strong></span> <span class='ocrx_word' id='word_1_633' title='bbox 2692 3987 3045 4055; x_wconf 89' lang='lat' dir='ltr'><strong>protegentia.</strong></span> <span class='ocrx_word' id='word_1_634' title='bbox 3083 3988 3214 4041; x_wconf 91' lang='lat' dir='ltr'><strong>ltem</strong></span> <span class='ocrx_word' id='word_1_635' title='bbox 3237 3987 3454 4043; x_wconf 87' lang='lat' dir='ltr'><strong>Abacuc</strong></span> 
     </span>
    </p>
   </div>
   <div class='ocr_carea' id='block_1_86' title="bbox 1873 4073 3454 4149">
    <p class='ocr_par' dir='ltr' id='par_1_86' title="bbox 1873 4073 3454 4149">
     <span class='ocr_line' id='line_1_86' title="bbox 1873 4073 3454 4149; baseline 0.004 -21"><span class='ocrx_word' id='word_1_636' title='bbox 1873 4073 2142 4146; x_wconf 89' lang='lat' dir='ltr'><strong>Propheta</strong></span> <span class='ocrx_word' id='word_1_637' title='bbox 2171 4076 2276 4130; x_wconf 94' lang='lat' dir='ltr'><strong>duo</strong></span> <span class='ocrx_word' id='word_1_638' title='bbox 2301 4075 2559 4131; x_wconf 88' lang='lat' dir='ltr'><strong>describit</strong></span> <span class='ocrx_word' id='word_1_639' title='bbox 2597 4077 2867 4142; x_wconf 87' lang='lat' dir='ltr'><strong>animalia,</strong></span> <span class='ocrx_word' id='word_1_640' title='bbox 2912 4079 2966 4132; x_wconf 92' lang='lat' dir='ltr'><strong>in</strong></span> <span class='ocrx_word' id='word_1_641' title='bbox 3009 4094 3235 4149; x_wconf 91' lang='lat' dir='ltr'><strong>quorum</strong></span> <span class='ocrx_word' id='word_1_642' title='bbox 3277 4081 3454 4135; x_wconf 88' lang='lat' dir='ltr'><strong>medio</strong></span> 
     </span>
    </p>
   </div>
   <div class='ocr_carea' id='block_1_87' title="bbox 1875 4165 3452 4238">
    <p class='ocr_par' dir='ltr' id='par_1_87' title="bbox 1875 4165 3452 4238">
     <span class='ocr_line' id='line_1_87' title="bbox 1875 4165 3452 4238; baseline 0.002 -18"><span class='ocrx_word' id='word_1_643' title='bbox 1875 4166 2020 4222; x_wconf 89' lang='lat' dir='ltr'><strong>Deus</strong></span> <span class='ocrx_word' id='word_1_644' title='bbox 2053 4166 2423 4222; x_wconf 90' lang='lat' dir='ltr'><strong>inn0tescitur.</strong></span> <span class='ocrx_word' id='word_1_645' title='bbox 2470 4165 2690 4222; x_wconf 89' lang='lat' dir='ltr'><strong>Summa</strong></span> <span class='ocrx_word' id='word_1_646' title='bbox 2718 4177 2896 4222; x_wconf 89' lang='lat' dir='ltr'><strong>autem</strong></span> <span class='ocrx_word' id='word_1_647' title='bbox 2947 4170 3227 4238; x_wconf 90' lang='lat' dir='ltr'><strong>utriusque</strong></span> <span class='ocrx_word' id='word_1_648' title='bbox 3286 4179 3452 4225; x_wconf 80' lang='lat' dir='ltr'><strong>testa-</strong></span> 
     </span>
    </p>
   </div>
   <div class='ocr_carea' id='block_1_88' title="bbox 1877 4257 3454 4328">
    <p class='ocr_par' dir='ltr' id='par_1_88' title="bbox 1877 4257 3454 4328">
     <span class='ocr_line' id='line_1_88' title="bbox 1877 4257 3454 4328; baseline 0.003 -18"><span class='ocrx_word' id='word_1_649' title='bbox 1877 4258 2042 4311; x_wconf 88' lang='lat' dir='ltr'><strong>menti</strong></span> <span class='ocrx_word' id='word_1_650' title='bbox 2069 4257 2277 4311; x_wconf 78' lang='lat' dir='ltr'><strong>trifarie</strong></span> <span class='ocrx_word' id='word_1_651' title='bbox 2313 4258 2681 4328; x_wconf 89' lang='lat' dir='ltr'><strong>distinguitur,</strong></span> <span class='ocrx_word' id='word_1_652' title='bbox 2706 4259 2759 4313; x_wconf 92' lang='lat' dir='ltr'><strong>id</strong></span> <span class='ocrx_word' id='word_1_653' title='bbox 2785 4268 2885 4323; x_wconf 88' lang='lat' dir='ltr'><strong>est,</strong></span> <span class='ocrx_word' id='word_1_654' title='bbox 2919 4261 2969 4313; x_wconf 91' lang='lat' dir='ltr'><strong>in</strong></span> <span class='ocrx_word' id='word_1_655' title='bbox 2995 4261 3240 4324; x_wconf 86' lang='lat' dir='ltr'><strong>historia,</strong></span> <span class='ocrx_word' id='word_1_656' title='bbox 3268 4262 3320 4314; x_wconf 93' lang='lat' dir='ltr'><strong>in</strong></span> <span class='ocrx_word' id='word_1_657' title='bbox 3347 4277 3454 4315; x_wconf 89' lang='lat' dir='ltr'><strong>mo-</strong></span> 
     </span>
    </p>
   </div>
   <div class='ocr_carea' id='block_1_89' title="bbox 1877 4346 3458 4417">
    <p class='ocr_par' dir='ltr' id='par_1_89' title="bbox 1877 4346 3458 4417">
     <span class='ocr_line' id='line_1_89' title="bbox 1877 4346 3458 4417; baseline 0.001 -15"><span class='ocrx_word' id='word_1_658' title='bbox 1877 4348 2044 4411; x_wconf 89' lang='lat' dir='ltr'><strong>ribus,</strong></span> <span class='ocrx_word' id='word_1_659' title='bbox 2082 4349 2134 4401; x_wconf 90' lang='lat' dir='ltr'><strong>in</strong></span> <span class='ocrx_word' id='word_1_660' title='bbox 2161 4346 2434 4417; x_wconf 91' lang='lat' dir='ltr'><strong>allegoria.</strong></span> <span class='ocrx_word' id='word_1_661' title='bbox 2482 4347 2692 4402; x_wconf 83' lang='lat' dir='ltr'><strong>Rursus</strong></span> <span class='ocrx_word' id='word_1_662' title='bbox 2720 4348 2824 4402; x_wconf 88' lang='lat' dir='ltr'><strong>ista</strong></span> <span class='ocrx_word' id='word_1_663' title='bbox 2855 4350 2958 4403; x_wconf 89' lang='lat' dir='ltr'><strong>tria</strong></span> <span class='ocrx_word' id='word_1_664' title='bbox 2989 4349 3276 4404; x_wconf 83' lang='lat' dir='ltr'><strong>multifarie</strong></span> <span class='ocrx_word' id='word_1_665' title='bbox 3322 4351 3458 4404; x_wconf 72' lang='lat' dir='ltr'><strong>divi-</strong></span> 
     </span>
    </p>
   </div>
   <div class='ocr_carea' id='block_1_90' title="bbox 1879 4439 3458 4510">
    <p class='ocr_par' dir='ltr' id='par_1_90' title="bbox 1879 4439 3458 4510">
     <span class='ocr_line' id='line_1_90' title="bbox 1879 4439 3458 4510; baseline 0.002 -16"><span class='ocrx_word' id='word_1_666' title='bbox 1879 4442 2099 4504; x_wconf 89' lang='lat' dir='ltr'><strong>duntur,</strong></span> <span class='ocrx_word' id='word_1_667' title='bbox 2141 4439 2196 4492; x_wconf 90' lang='lat' dir='ltr'><strong>id</strong></span> <span class='ocrx_word' id='word_1_668' title='bbox 2231 4447 2333 4504; x_wconf 89' lang='lat' dir='ltr'><strong>est,</strong></span> <span class='ocrx_word' id='word_1_669' title='bbox 2363 4439 2490 4507; x_wconf 86' lang='lat' dir='ltr'><strong>quid</strong></span> <span class='ocrx_word' id='word_1_670' title='bbox 2539 4453 2572 4492; x_wconf 89' lang='lat' dir='ltr'><strong>a</strong></span> <span class='ocrx_word' id='word_1_671' title='bbox 2619 4439 2749 4504; x_wconf 91' lang='lat' dir='ltr'><strong>Deo,</strong></span> <span class='ocrx_word' id='word_1_672' title='bbox 2779 4440 2907 4508; x_wconf 88' lang='lat' dir='ltr'><strong>quid</strong></span> <span class='ocrx_word' id='word_1_673' title='bbox 2933 4441 2999 4493; x_wconf 91' lang='lat' dir='ltr'><strong>ab</strong></span> <span class='ocrx_word' id='word_1_674' title='bbox 3027 4441 3246 4510; x_wconf 85' lang='lat' dir='ltr'><strong>Angelis</strong></span> <span class='ocrx_word' id='word_1_675' title='bbox 3276 4441 3358 4494; x_wconf 81' lang='lat' dir='ltr'><strong>vel</strong></span> <span class='ocrx_word' id='word_1_676' title='bbox 3388 4442 3458 4497; x_wconf 88' lang='lat' dir='ltr'><strong>ab</strong></span> 
     </span>
    </p>
   </div>
   <div class='ocr_carea' id='block_1_91' title="bbox 206 4526 3458 4621">
    <p class='ocr_par' dir='ltr' id='par_1_91' title="bbox 206 4526 3458 4621">
     <span class='ocr_line' id='line_1_91' title="bbox 206 4526 3458 4621; baseline -0.004 -19"><span class='ocrx_word' id='word_1_677' title='bbox 206 4552 413 4621; x_wconf 87' lang='lat' dir='ltr'><strong>primus,</strong></span> <span class='ocrx_word' id='word_1_678' title='bbox 443 4546 816 4617; x_wconf 86' lang='lat' dir='ltr'><strong>evangelicus,</strong></span> <span class='ocrx_word' id='word_1_679' title='bbox 848 4544 900 4598; x_wconf 93' lang='lat' dir='ltr'><strong>in</strong></span> <span class='ocrx_word' id='word_1_680' title='bbox 931 4557 1037 4613; x_wconf 91' lang='lat' dir='ltr'><strong>quo</strong></span> <span class='ocrx_word' id='word_1_681' title='bbox 1067 4549 1191 4598; x_wconf 91' lang='lat' dir='ltr'><strong>sunt</strong></span> <span class='ocrx_word' id='word_1_682' title='bbox 1233 4560 1245 4595; x_wconf 90' lang='lat'><strong>:</strong></span> <span class='ocrx_word' id='word_1_683' title='bbox 1291 4540 1592 4606; x_wconf 80' lang='lat' dir='ltr'><strong>Matthaeus,</strong></span> <span class='ocrx_word' id='word_1_684' title='bbox 1637 4539 1777 4595; x_wconf 73' lang='lat' dir='ltr'><strong>Mar.</strong></span> <span class='ocrx_word' id='word_1_685' title='bbox 1800 4526 1855 4586; x_wconf 88' lang='lat' dir='ltr'><strong>D</strong></span> <span class='ocrx_word' id='word_1_686' title='bbox 1881 4532 2187 4588; x_wconf 88' lang='lat' dir='ltr'><strong>hominibus</strong></span> <span class='ocrx_word' id='word_1_687' title='bbox 2214 4540 2426 4602; x_wconf 88' lang='lat' dir='ltr'><strong>gestum</strong></span> <span class='ocrx_word' id='word_1_688' title='bbox 2471 4531 2780 4602; x_wconf 89' lang='lat' dir='ltr'><strong>dictumque</strong></span> <span class='ocrx_word' id='word_1_689' title='bbox 2814 4532 2905 4596; x_wconf 90' lang='lat' dir='ltr'><strong>sit,</strong></span> <span class='ocrx_word' id='word_1_690' title='bbox 2937 4533 3066 4600; x_wconf 90' lang='lat' dir='ltr'><strong>quid</strong></span> <span class='ocrx_word' id='word_1_691' title='bbox 3109 4547 3138 4585; x_wconf 91' lang='lat' dir='ltr'><strong>a</strong></span> <span class='ocrx_word' id='word_1_692' title='bbox 3172 4531 3458 4602; x_wconf 87' lang='lat' dir='ltr'><strong>Prophetis</strong></span> 
     </span>
    </p>
   </div>
   <div class='ocr_carea' id='block_1_92' title="bbox 207 4632 1778 4708">
    <p class='ocr_par' dir='ltr' id='par_1_92' title="bbox 207 4632 1778 4708">
     <span class='ocr_line' id='line_1_92' title="bbox 207 4632 1778 4708; baseline -0.008 -9"><span class='ocrx_word' id='word_1_693' title='bbox 207 4659 312 4708; x_wconf 87' lang='lat' dir='ltr'><strong>cus,</strong></span> <span class='ocrx_word' id='word_1_694' title='bbox 337 4644 540 4705; x_wconf 89' lang='lat' dir='ltr'><strong>Lucas,</strong></span> <span class='ocrx_word' id='word_1_695' title='bbox 581 4635 846 4700; x_wconf 87' lang='lat' dir='ltr'><strong>Joannes;</strong></span> <span class='ocrx_word' id='word_1_696' title='bbox 890 4634 1176 4699; x_wconf 90' lang='lat' dir='ltr'><strong>secundus,</strong></span> <span class='ocrx_word' id='word_1_697' title='bbox 1205 4632 1547 4703; x_wconf 89' lang='lat' dir='ltr'><strong>apostolicus,</strong></span> <span class='ocrx_word' id='word_1_698' title='bbox 1576 4632 1630 4684; x_wconf 92' lang='lat' dir='ltr'><strong>in</strong></span> <span class='ocrx_word' id='word_1_699' title='bbox 1673 4646 1778 4701; x_wconf 93' lang='lat' dir='ltr'><strong>quo</strong></span> 
     </span>
    </p>
   </div>
   <div class='ocr_carea' id='block_1_93' title="bbox 210 4721 1776 4803">
    <p class='ocr_par' dir='ltr' id='par_1_93' title="bbox 210 4721 1776 4803">
     <span class='ocr_line' id='line_1_93' title="bbox 210 4721 1776 4803; baseline -0.009 -14"><span class='ocrx_word' id='word_1_700' title='bbox 210 4743 322 4790; x_wconf 87' lang='lat' dir='ltr'><strong>sunt</strong></span> <span class='ocrx_word' id='word_1_701' title='bbox 349 4735 404 4788; x_wconf 92' lang='lat' dir='ltr'><strong>in</strong></span> <span class='ocrx_word' id='word_1_702' title='bbox 433 4728 855 4803; x_wconf 89' lang='lat' dir='ltr'><strong>quatuordecim</strong></span> <span class='ocrx_word' id='word_1_703' title='bbox 880 4723 1172 4796; x_wconf 88' lang='lat' dir='ltr'><strong>Epistolis:</strong></span> <span class='ocrx_word' id='word_1_704' title='bbox 1218 4723 1409 4778; x_wconf 90' lang='lat' dir='ltr'><strong>Petrus</strong></span> <span class='ocrx_word' id='word_1_705' title='bbox 1450 4723 1505 4777; x_wconf 88' lang='lat' dir='ltr'><strong>in</strong></span> <span class='ocrx_word' id='word_1_706' title='bbox 1549 4721 1776 4788; x_wconf 88' lang='lat' dir='ltr'><strong>duabus,</strong></span> 
     </span>
    </p>
   </div>
   <div class='ocr_carea' id='block_1_94' title="bbox 211 4814 1776 4885">
    <p class='ocr_par' dir='ltr' id='par_1_94' title="bbox 211 4814 1776 4885">
     <span class='ocr_line' id='line_1_94' title="bbox 211 4814 1776 4885; baseline -0.008 -7"><span class='ocrx_word' id='word_1_707' title='bbox 211 4825 426 4881; x_wconf 87' lang='lat' dir='ltr'><strong>Joannes</strong></span> <span class='ocrx_word' id='word_1_708' title='bbox 472 4825 532 4880; x_wconf 89' lang='lat' dir='ltr'><strong>in</strong></span> <span class='ocrx_word' id='word_1_709' title='bbox 600 4822 775 4876; x_wconf 88' lang='lat' dir='ltr'><strong>tribus</strong></span> <span class='ocrx_word' id='word_1_710' title='bbox 803 4860 817 4885; x_wconf 92' lang='lat'><strong>,</strong></span> <span class='ocrx_word' id='word_1_711' title='bbox 887 4817 1113 4873; x_wconf 90' lang='lat' dir='ltr'><strong>Jacobus</strong></span> <span class='ocrx_word' id='word_1_712' title='bbox 1159 4825 1214 4870; x_wconf 89' lang='lat' dir='ltr'><strong>et</strong></span> <span class='ocrx_word' id='word_1_713' title='bbox 1267 4814 1432 4870; x_wconf 84' lang='lat' dir='ltr'><strong>Judas</strong></span> <span class='ocrx_word' id='word_1_714' title='bbox 1485 4814 1540 4868; x_wconf 93' lang='lat' dir='ltr'><strong>in</strong></span> <span class='ocrx_word' id='word_1_715' title='bbox 1591 4815 1776 4884; x_wconf 85' lang='lat' dir='ltr'><strong>singu-</strong></span> 
     </span>
    </p>
   </div>
   <div class='ocr_carea' id='block_1_95' title="bbox 213 4904 1774 4981">
    <p class='ocr_par' dir='ltr' id='par_1_95' title="bbox 213 4904 1774 4981">
     <span class='ocr_line' id='line_1_95' title="bbox 213 4904 1774 4981; baseline -0.008 -11"><span class='ocrx_word' id='word_1_716' title='bbox 213 4916 305 4980; x_wconf 89' lang='lat' dir='ltr'><strong>lis,</strong></span> <span class='ocrx_word' id='word_1_717' title='bbox 368 4918 542 4971; x_wconf 83' lang='lat' dir='ltr'><strong>Actus</strong></span> <span class='ocrx_word' id='word_1_718' title='bbox 598 4911 965 4981; x_wconf 88' lang='lat' dir='ltr'><strong>apostolorum</strong></span> <span class='ocrx_word' id='word_1_719' title='bbox 1024 4917 1079 4963; x_wconf 91' lang='lat' dir='ltr'><strong>et</strong></span> <span class='ocrx_word' id='word_1_720' title='bbox 1128 4907 1477 4978; x_wconf 83' lang='lat' dir='ltr'><strong>Apocalypsis</strong></span> <span class='ocrx_word' id='word_1_721' title='bbox 1534 4904 1774 4960; x_wconf 90' lang='lat' dir='ltr'><strong>Joannis.</strong></span> 
     </span>
    </p>
   </div>
   <div class='ocr_carea' id='block_1_96' title="bbox 214 4994 1779 5061">
    <p class='ocr_par' dir='ltr' id='par_1_96' title="bbox 214 4994 1779 5061">
     <span class='ocr_line' id='line_1_96' title="bbox 214 4994 1779 5061; baseline -0.008 -2"><span class='ocrx_word' id='word_1_722' title='bbox 214 5005 306 5061; x_wconf 80' lang='lat' dir='ltr'><strong>Alii</strong></span> <span class='ocrx_word' id='word_1_723' title='bbox 359 5015 550 5061; x_wconf 89' lang='lat' dir='ltr'><strong>autem</strong></span> <span class='ocrx_word' id='word_1_724' title='bbox 618 5001 786 5056; x_wconf 86' lang='lat' dir='ltr'><strong>Vetus</strong></span> <span class='ocrx_word' id='word_1_725' title='bbox 853 5009 908 5055; x_wconf 91' lang='lat' dir='ltr'><strong>et</strong></span> <span class='ocrx_word' id='word_1_726' title='bbox 979 4998 1184 5054; x_wconf 89' lang='lat' dir='ltr'><strong>Novum</strong></span> <span class='ocrx_word' id='word_1_727' title='bbox 1246 4997 1651 5052; x_wconf 87' lang='lat' dir='ltr'><strong>Testamentum</strong></span> <span class='ocrx_word' id='word_1_728' title='bbox 1723 4994 1779 5047; x_wconf 91' lang='lat' dir='ltr'><strong>in</strong></span> 
     </span>
    </p>
   </div>
   <div class='ocr_carea' id='block_1_97' title="bbox 216 5085 1783 5164">
    <p class='ocr_par' dir='ltr' id='par_1_97' title="bbox 216 5085 1783 5164">
     <span class='ocr_line' id='line_1_97' title="bbox 216 5085 1783 5164; baseline -0.008 -14"><span class='ocrx_word' id='word_1_729' title='bbox 216 5097 539 5164; x_wconf 85' lang='lat' dir='ltr'><strong>septuaginta</strong></span> <span class='ocrx_word' id='word_1_730' title='bbox 599 5090 736 5147; x_wconf 91' lang='lat' dir='ltr'><strong>duos</strong></span> <span class='ocrx_word' id='word_1_731' title='bbox 779 5090 945 5146; x_wconf 89' lang='lat' dir='ltr'><strong>libros</strong></span> <span class='ocrx_word' id='word_1_732' title='bbox 996 5090 1366 5160; x_wconf 88' lang='lat' dir='ltr'><strong>distinguunt:</strong></span> <span class='ocrx_word' id='word_1_733' title='bbox 1401 5087 1474 5141; x_wconf 89' lang='lat' dir='ltr'><strong>ita</strong></span> <span class='ocrx_word' id='word_1_734' title='bbox 1515 5095 1574 5140; x_wconf 91' lang='lat' dir='ltr'><strong>ut</strong></span> <span class='ocrx_word' id='word_1_735' title='bbox 1623 5085 1783 5154; x_wconf 90' lang='lat' dir='ltr'><strong>primi</strong></span> 
     </span>
    </p>
   </div>
   <div class='ocr_carea' id='block_1_98' title="bbox 217 5176 1783 5257">
    <p class='ocr_par' dir='ltr' id='par_1_98' title="bbox 217 5176 1783 5257">
     <span class='ocr_line' id='line_1_98' title="bbox 217 5176 1783 5257; baseline -0.004 -19"><span class='ocrx_word' id='word_1_736' title='bbox 217 5184 334 5257; x_wconf 86' lang='lat' dir='ltr'><strong>legis</strong></span> <span class='ocrx_word' id='word_1_737' title='bbox 376 5184 554 5256; x_wconf 81' lang='lat' dir='ltr'><strong>Moysi</strong></span> <span class='ocrx_word' id='word_1_738' title='bbox 611 5182 737 5238; x_wconf 89' lang='lat' dir='ltr'><strong>libri</strong></span> <span class='ocrx_word' id='word_1_739' title='bbox 787 5185 1024 5252; x_wconf 89' lang='lat' dir='ltr'><strong>quinque</strong></span> <span class='ocrx_word' id='word_1_740' title='bbox 1069 5181 1196 5246; x_wconf 91' lang='lat' dir='ltr'><strong>sint,</strong></span> <span class='ocrx_word' id='word_1_741' title='bbox 1248 5180 1350 5234; x_wconf 91' lang='lat' dir='ltr'><strong>hoc</strong></span> <span class='ocrx_word' id='word_1_742' title='bbox 1390 5187 1492 5244; x_wconf 88' lang='lat' dir='ltr'><strong>est,</strong></span> <span class='ocrx_word' id='word_1_743' title='bbox 1541 5176 1783 5240; x_wconf 86' lang='lat' dir='ltr'><strong>Genesis,</strong></span> 
     </span>
    </p>
   </div>
   <div class='ocr_carea' id='block_1_99' title="bbox 219 5268 1788 5344">
    <p class='ocr_par' dir='ltr' id='par_1_99' title="bbox 219 5268 1788 5344">
     <span class='ocr_line' id='line_1_99' title="bbox 219 5268 1788 5344; baseline -0.006 -12"><span class='ocrx_word' id='word_1_744' title='bbox 219 5277 443 5344; x_wconf 80' lang='lat' dir='ltr'><strong>Exodus,</strong></span> <span class='ocrx_word' id='word_1_745' title='bbox 489 5275 792 5338; x_wconf 87' lang='lat' dir='ltr'><strong>Leviticus,</strong></span> <span class='ocrx_word' id='word_1_746' title='bbox 823 5274 1109 5338; x_wconf 89' lang='lat' dir='ltr'><strong>Numerus,</strong></span> <span class='ocrx_word' id='word_1_747' title='bbox 1142 5270 1634 5326; x_wconf 88' lang='lat' dir='ltr'><strong>Deuteronomium.</strong></span> <span class='ocrx_word' id='word_1_748' title='bbox 1678 5268 1788 5323; x_wconf 83' lang='lat' dir='ltr'><strong>Hos</strong></span> 
     </span>
    </p>
   </div>
   <div class='ocr_carea' id='block_1_100' title="bbox 221 5357 1788 5440">
    <p class='ocr_par' dir='ltr' id='par_1_100' title="bbox 221 5357 1788 5440">
     <span class='ocr_line' id='line_1_100' title="bbox 221 5357 1788 5440; baseline -0.009 -15"><span class='ocrx_word' id='word_1_749' title='bbox 221 5378 508 5440; x_wconf 87' lang='lat' dir='ltr'><strong>sequuntur</strong></span> <span class='ocrx_word' id='word_1_750' title='bbox 558 5364 808 5421; x_wconf 90' lang='lat' dir='ltr'><strong>historici</strong></span> <span class='ocrx_word' id='word_1_751' title='bbox 854 5364 976 5418; x_wconf 92' lang='lat' dir='ltr'><strong>libri</strong></span> <span class='ocrx_word' id='word_1_752' title='bbox 1014 5362 1269 5426; x_wconf 88' lang='lat' dir='ltr'><strong>sedecim,</strong></span> <span class='ocrx_word' id='word_1_753' title='bbox 1306 5359 1435 5414; x_wconf 92' lang='lat' dir='ltr'><strong>Jesu</strong></span> <span class='ocrx_word' id='word_1_754' title='bbox 1471 5357 1618 5413; x_wconf 88' lang='lat' dir='ltr'><strong>Nave</strong></span> <span class='ocrx_word' id='word_1_755' title='bbox 1646 5357 1788 5412; x_wconf 91' lang='lat' dir='ltr'><strong>scili-</strong></span> 
     </span>
    </p>
   </div>
   <div class='ocr_carea' id='block_1_101' title="bbox 222 5445 1787 5521">
    <p class='ocr_par' dir='ltr' id='par_1_101' title="bbox 222 5445 1787 5521">
     <span class='ocr_line' id='line_1_101' title="bbox 222 5445 1787 5521; baseline -0.008 -9"><span class='ocrx_word' id='word_1_756' title='bbox 222 5471 300 5514; x_wconf 89' lang='lat' dir='ltr'><strong>cet</strong></span> <span class='ocrx_word' id='word_1_757' title='bbox 337 5468 388 5513; x_wconf 90' lang='lat' dir='ltr'><strong>et</strong></span> <span class='ocrx_word' id='word_1_758' title='bbox 434 5458 696 5513; x_wconf 87' lang='lat' dir='ltr'><strong>Judicum</strong></span> <span class='ocrx_word' id='word_1_759' title='bbox 746 5453 869 5508; x_wconf 83' lang='lat' dir='ltr'><strong>libri</strong></span> <span class='ocrx_word' id='word_1_760' title='bbox 933 5450 1148 5521; x_wconf 89' lang='lat' dir='ltr'><strong>singuli,</strong></span> <span class='ocrx_word' id='word_1_761' title='bbox 1191 5450 1303 5504; x_wconf 88' lang='lat' dir='ltr'><strong>sive</strong></span> <span class='ocrx_word' id='word_1_762' title='bbox 1340 5449 1524 5512; x_wconf 85' lang='lat' dir='ltr'><strong>Ruth;</strong></span> <span class='ocrx_word' id='word_1_763' title='bbox 1581 5445 1787 5517; x_wconf 79' lang='lat' dir='ltr'><strong>Regum</strong></span> 
     </span>
    </p>
   </div>
   <div class='ocr_carea' id='block_1_102' title="bbox 225 5537 1789 5616">
    <p class='ocr_par' dir='ltr' id='par_1_102' title="bbox 225 5537 1789 5616">
     <span class='ocr_line' id='line_1_102' title="bbox 225 5537 1789 5616; baseline -0.006 -13"><span class='ocrx_word' id='word_1_764' title='bbox 225 5551 372 5604; x_wconf 88' lang='lat' dir='ltr'><strong>etiam</strong></span> <span class='ocrx_word' id='word_1_765' title='bbox 407 5550 534 5603; x_wconf 89' lang='lat' dir='ltr'><strong>libri</strong></span> <span class='ocrx_word' id='word_1_766' title='bbox 559 5555 813 5616; x_wconf 89' lang='lat' dir='ltr'><strong>quatuor.</strong></span> <span class='ocrx_word' id='word_1_767' title='bbox 843 5541 1290 5610; x_wconf 90' lang='lat' dir='ltr'><strong>Paralipomenon</strong></span> <span class='ocrx_word' id='word_1_768' title='bbox 1336 5541 1462 5595; x_wconf 92' lang='lat' dir='ltr'><strong>duo.</strong></span> <span class='ocrx_word' id='word_1_769' title='bbox 1496 5537 1627 5594; x_wconf 90' lang='lat' dir='ltr'><strong>Tobi</strong></span> <span class='ocrx_word' id='word_1_770' title='bbox 1657 5554 1789 5607; x_wconf 83' lang='lat' dir='ltr'><strong>quo-</strong></span> 
     </span>
    </p>
   </div>
   <div class='ocr_carea' id='block_1_103' title="bbox 224 5629 1790 5711">
    <p class='ocr_par' dir='ltr' id='par_1_103' title="bbox 224 5629 1790 5711">
     <span class='ocr_line' id='line_1_103' title="bbox 224 5629 1790 5711; baseline -0.006 -18"><span class='ocrx_word' id='word_1_771' title='bbox 224 5656 319 5711; x_wconf 89' lang='lat' dir='ltr'><strong>que</strong></span> <span class='ocrx_word' id='word_1_772' title='bbox 340 5651 392 5694; x_wconf 92' lang='lat' dir='ltr'><strong>et</strong></span> <span class='ocrx_word' id='word_1_773' title='bbox 416 5639 636 5705; x_wconf 82' lang='lat' dir='ltr'><strong>Hester,</strong></span> <span class='ocrx_word' id='word_1_774' title='bbox 662 5647 822 5706; x_wconf 90' lang='lat' dir='ltr'><strong>atque</strong></span> <span class='ocrx_word' id='word_1_775' title='bbox 847 5633 1037 5704; x_wconf 88' lang='lat' dir='ltr'><strong>singuli</strong></span> <span class='ocrx_word' id='word_1_776' title='bbox 1067 5632 1214 5686; x_wconf 82' lang='lat' dir='ltr'><strong>Esrae</strong></span> <span class='ocrx_word' id='word_1_777' title='bbox 1241 5632 1345 5686; x_wconf 94' lang='lat' dir='ltr'><strong>duo</strong></span> <span class='ocrx_word' id='word_1_778' title='bbox 1383 5652 1393 5686; x_wconf 89' lang='lat'>:</span> <span class='ocrx_word' id='word_1_779' title='bbox 1443 5640 1496 5686; x_wconf 91' lang='lat' dir='ltr'><strong>et</strong></span> <span class='ocrx_word' id='word_1_780' title='bbox 1535 5631 1638 5685; x_wconf 88' lang='lat' dir='ltr'><strong>duo</strong></span> <span class='ocrx_word' id='word_1_781' title='bbox 1681 5629 1790 5684; x_wconf 88' lang='lat' dir='ltr'><strong>Ma-</strong></span> 
     </span>
    </p>
   </div>
   <div class='ocr_carea' id='block_1_104' title="bbox 227 5723 1791 5797">
    <p class='ocr_par' dir='ltr' id='par_1_104' title="bbox 227 5723 1791 5797">
     <span class='ocr_line' id='line_1_104' title="bbox 227 5723 1791 5797; baseline -0.009 -5"><span class='ocrx_word' id='word_1_782' title='bbox 227 5733 580 5791; x_wconf 62' lang='lat' dir='ltr'><strong>chabemum.</strong></span> <span class='ocrx_word' id='word_1_783' title='bbox 649 5730 821 5797; x_wconf 90' lang='lat' dir='ltr'><strong>Super</strong></span> <span class='ocrx_word' id='word_1_784' title='bbox 871 5730 967 5782; x_wconf 84' lang='lat' dir='ltr'><strong>hos</strong></span> <span class='ocrx_word' id='word_1_785' title='bbox 1022 5726 1321 5795; x_wconf 88' lang='lat' dir='ltr'><strong>prophetici</strong></span> <span class='ocrx_word' id='word_1_786' title='bbox 1375 5725 1496 5780; x_wconf 87' lang='lat' dir='ltr'><strong>libri</strong></span> <span class='ocrx_word' id='word_1_787' title='bbox 1559 5723 1791 5779; x_wconf 82' lang='lat' dir='ltr'><strong>sedecim</strong></span> 
     </span>
    </p>
   </div>
   <div class='ocr_carea' id='block_1_105' title="bbox 661 5817 1138 5883">
    <p class='ocr_par' dir='ltr' id='par_1_105' title="bbox 661 5817 1138 5883">
     <span class='ocr_line' id='line_1_105' title="bbox 661 5817 1138 5883; baseline -0.013 -1"><span class='ocrx_word' id='word_1_788' title='bbox 661 5823 939 5883; x_wconf 72' lang='lat' dir='ltr'><strong>PATROL.</strong></span> <span class='ocrx_word' id='word_1_789' title='bbox 978 5817 1138 5879; x_wconf 72' lang='lat' dir='ltr'><strong>CXI.</strong></span> 
     </span>
    </p>
   </div>
   <div class='ocr_carea' id='block_1_106' title="bbox 1881 4622 3459 4694">
    <p class='ocr_par' dir='ltr' id='par_1_106' title="bbox 1881 4622 3459 4694">
     <span class='ocr_line' id='line_1_106' title="bbox 1881 4622 3459 4694; baseline 0 -15"><span class='ocrx_word' id='word_1_790' title='bbox 1881 4624 2186 4679; x_wconf 89' lang='lat' dir='ltr'><strong>nuntiatum</strong></span> <span class='ocrx_word' id='word_1_791' title='bbox 2246 4624 2310 4678; x_wconf 89' lang='lat' dir='ltr'><strong>de</strong></span> <span class='ocrx_word' id='word_1_792' title='bbox 2364 4623 2578 4678; x_wconf 90' lang='lat' dir='ltr'><strong>Christo</strong></span> <span class='ocrx_word' id='word_1_793' title='bbox 2622 4632 2676 4677; x_wconf 89' lang='lat' dir='ltr'><strong>et</strong></span> <span class='ocrx_word' id='word_1_794' title='bbox 2720 4639 2946 4694; x_wconf 89' lang='lat' dir='ltr'><strong>corpore</strong></span> <span class='ocrx_word' id='word_1_795' title='bbox 2995 4622 3112 4692; x_wconf 88' lang='lat' dir='ltr'><strong>ejus</strong></span> <span class='ocrx_word' id='word_1_796' title='bbox 3143 4662 3159 4688; x_wconf 89' lang='lat'><strong>,</strong></span> <span class='ocrx_word' id='word_1_797' title='bbox 3217 4624 3345 4692; x_wconf 91' lang='lat' dir='ltr'><strong>quid</strong></span> <span class='ocrx_word' id='word_1_798' title='bbox 3392 4625 3459 4679; x_wconf 86' lang='lat' dir='ltr'><strong>de</strong></span> 
     </span>
    </p>
   </div>
   <div class='ocr_carea' id='block_1_107' title="bbox 1881 4710 3458 4783">
    <p class='ocr_par' dir='ltr' id='par_1_107' title="bbox 1881 4710 3458 4783">
     <span class='ocr_line' id='line_1_107' title="bbox 1881 4710 3458 4783; baseline -0.001 -14"><span class='ocrx_word' id='word_1_799' title='bbox 1881 4713 2092 4769; x_wconf 89' lang='lat' dir='ltr'><strong>diabolo</strong></span> <span class='ocrx_word' id='word_1_800' title='bbox 2105 4721 2160 4767; x_wconf 90' lang='lat' dir='ltr'><strong>et</strong></span> <span class='ocrx_word' id='word_1_801' title='bbox 2174 4711 2429 4766; x_wconf 89' lang='lat' dir='ltr'><strong>membris</strong></span> <span class='ocrx_word' id='word_1_802' title='bbox 2450 4710 2584 4778; x_wconf 86' lang='lat' dir='ltr'><strong>ejus,</strong></span> <span class='ocrx_word' id='word_1_803' title='bbox 2600 4713 2730 4782; x_wconf 90' lang='lat' dir='ltr'><strong>quid</strong></span> <span class='ocrx_word' id='word_1_804' title='bbox 2741 4714 2805 4768; x_wconf 91' lang='lat' dir='ltr'><strong>dc</strong></span> <span class='ocrx_word' id='word_1_805' title='bbox 2825 4712 2996 4768; x_wconf 87' lang='lat' dir='ltr'><strong>veteri</strong></span> <span class='ocrx_word' id='word_1_806' title='bbox 3015 4721 3071 4768; x_wconf 91' lang='lat' dir='ltr'><strong>et</strong></span> <span class='ocrx_word' id='word_1_807' title='bbox 3090 4728 3229 4768; x_wconf 89' lang='lat' dir='ltr'><strong>novo</strong></span> <span class='ocrx_word' id='word_1_808' title='bbox 3241 4713 3458 4783; x_wconf 90' lang='lat' dir='ltr'><strong>populo,</strong></span> 
     </span>
    </p>
   </div>
   <div class='ocr_carea' id='block_1_108' title="bbox 1881 4800 3454 4874">
    <p class='ocr_par' dir='ltr' id='par_1_108' title="bbox 1881 4800 3454 4874">
     <span class='ocr_line' id='line_1_108' title="bbox 1881 4800 3454 4874; baseline -0.001 -16"><span class='ocrx_word' id='word_1_809' title='bbox 1881 4805 2008 4874; x_wconf 92' lang='lat' dir='ltr'><strong>quid</strong></span> <span class='ocrx_word' id='word_1_810' title='bbox 2031 4805 2096 4859; x_wconf 88' lang='lat' dir='ltr'><strong>de</strong></span> <span class='ocrx_word' id='word_1_811' title='bbox 2116 4803 2368 4872; x_wconf 78' lang='lat' dir='ltr'><strong>praesenti</strong></span> <span class='ocrx_word' id='word_1_812' title='bbox 2391 4802 2586 4858; x_wconf 67' lang='lat' dir='ltr'><strong>smculo</strong></span> <span class='ocrx_word' id='word_1_813' title='bbox 2601 4811 2654 4857; x_wconf 90' lang='lat' dir='ltr'><strong>et</strong></span> <span class='ocrx_word' id='word_1_814' title='bbox 2675 4802 2857 4858; x_wconf 84' lang='lat' dir='ltr'><strong>futuro</strong></span> <span class='ocrx_word' id='word_1_815' title='bbox 2879 4817 3042 4873; x_wconf 89' lang='lat' dir='ltr'><strong>regno</strong></span> <span class='ocrx_word' id='word_1_816' title='bbox 3060 4810 3222 4872; x_wconf 86' lang='lat' dir='ltr'><strong>atque</strong></span> <span class='ocrx_word' id='word_1_817' title='bbox 3233 4800 3454 4872; x_wconf 88' lang='lat' dir='ltr'><strong>judicio.</strong></span> 
     </span>
    </p>
   </div>
   <div class='ocr_carea' id='block_1_109' title="bbox 2496 4915 2818 4971">
    <p class='ocr_par' dir='ltr' id='par_1_109' title="bbox 2496 4915 2818 4971">
     <span class='ocr_line' id='line_1_109' title="bbox 2496 4915 2818 4971; baseline -0.003 -1"><span class='ocrx_word' id='word_1_818' title='bbox 2496 4915 2720 4971; x_wconf 80' lang='lat' dir='ltr'><strong>CAPUT</strong></span> <span class='ocrx_word' id='word_1_819' title='bbox 2757 4916 2818 4970; x_wconf 89' lang='lat' dir='ltr'><strong>ll.</strong></span> 
     </span>
    </p>
   </div>
   <div class='ocr_carea' id='block_1_110' title="bbox 2132 4986 3210 5042">
    <p class='ocr_par' dir='ltr' id='par_1_110' title="bbox 2132 4986 3210 5042">
     <span class='ocr_line' id='line_1_110' title="bbox 2132 4986 3210 5042; baseline 0.002 -3"><span class='ocrx_word' id='word_1_820' title='bbox 2132 4986 2209 5039; x_wconf 88' lang='lat' dir='ltr'><strong>De</strong></span> <span class='ocrx_word' id='word_1_821' title='bbox 2251 4987 2550 5039; x_wconf 83' lang='lat' dir='ltr'><strong>auctoribus</strong></span> <span class='ocrx_word' id='word_1_822' title='bbox 2597 4987 2892 5040; x_wconf 86' lang='lat' dir='ltr'><strong>earumdem</strong></span> <span class='ocrx_word' id='word_1_823' title='bbox 2940 4987 3210 5042; x_wconf 84' lang='lat' dir='ltr'><strong>librorum.</strong></span> 
     </span>
    </p>
   </div>
   <div class='ocr_carea' id='block_1_111' title="bbox 1957 5074 3458 5132">
    <p class='ocr_par' dir='ltr' id='par_1_111' title="bbox 1957 5074 3458 5132">
     <span class='ocr_line' id='line_1_111' title="bbox 1957 5074 3458 5132; baseline 0.001 -2"><span class='ocrx_word' id='word_1_824' title='bbox 1957 5076 2165 5131; x_wconf 89' lang='lat' dir='ltr'><strong>Veteris</strong></span> <span class='ocrx_word' id='word_1_825' title='bbox 2205 5074 2535 5130; x_wconf 89' lang='lat' dir='ltr'><strong>Testamenti</strong></span> <span class='ocrx_word' id='word_1_826' title='bbox 2566 5077 2860 5130; x_wconf 89' lang='lat' dir='ltr'><strong>secundum</strong></span> <span class='ocrx_word' id='word_1_827' title='bbox 2905 5076 3248 5132; x_wconf 75' lang='lat' dir='ltr'><strong>Hebraeorum</strong></span> <span class='ocrx_word' id='word_1_828' title='bbox 3289 5077 3458 5132; x_wconf 90' lang='lat' dir='ltr'><strong>tradi—</strong></span> 
     </span>
    </p>
   </div>
   <div class='ocr_carea' id='block_1_112' title="bbox 1889 5165 3461 5236">
    <p class='ocr_par' dir='ltr' id='par_1_112' title="bbox 1889 5165 3461 5236">
     <span class='ocr_line' id='line_1_112' title="bbox 1889 5165 3461 5236; baseline 0 -14"><span class='ocrx_word' id='word_1_829' title='bbox 1889 5170 2087 5224; x_wconf 88' lang='lat' dir='ltr'><strong>tionem</strong></span> <span class='ocrx_word' id='word_1_830' title='bbox 2112 5167 2165 5221; x_wconf 91' lang='lat' dir='ltr'><strong>hi</strong></span> <span class='ocrx_word' id='word_1_831' title='bbox 2197 5167 2551 5236; x_wconf 90' lang='lat' dir='ltr'><strong>perhibentur</strong></span> <span class='ocrx_word' id='word_1_832' title='bbox 2575 5177 2843 5221; x_wconf 89' lang='lat' dir='ltr'><strong>auctores.</strong></span> <span class='ocrx_word' id='word_1_833' title='bbox 2888 5165 3098 5219; x_wconf 90' lang='lat' dir='ltr'><strong>Primus</strong></span> <span class='ocrx_word' id='word_1_834' title='bbox 3124 5166 3335 5235; x_wconf 84' lang='lat' dir='ltr'><strong>Moyses</strong></span> <span class='ocrx_word' id='word_1_835' title='bbox 3378 5168 3461 5222; x_wconf 89' lang='lat' dir='ltr'><strong>di-</strong></span> 
     </span>
    </p>
   </div>
   <div class='ocr_carea' id='block_1_113' title="bbox 1890 5255 3463 5328">
    <p class='ocr_par' dir='ltr' id='par_1_113' title="bbox 1890 5255 3463 5328">
     <span class='ocr_line' id='line_1_113' title="bbox 1890 5255 3463 5328; baseline -0.002 -14"><span class='ocrx_word' id='word_1_836' title='bbox 1890 5261 2027 5315; x_wconf 71' lang='lat' dir='ltr'><strong>vina:</strong></span> <span class='ocrx_word' id='word_1_837' title='bbox 2055 5259 2296 5312; x_wconf 71' lang='lat' dir='ltr'><strong>historiae</strong></span> <span class='ocrx_word' id='word_1_838' title='bbox 2315 5257 2778 5328; x_wconf 87' lang='lat' dir='ltr'><strong>cosmographiam</strong></span> <span class='ocrx_word' id='word_1_839' title='bbox 2818 5256 2875 5309; x_wconf 86' lang='lat' dir='ltr'><strong>in</strong></span> <span class='ocrx_word' id='word_1_840' title='bbox 2903 5255 3140 5324; x_wconf 86' lang='lat' dir='ltr'><strong>quinque</strong></span> <span class='ocrx_word' id='word_1_841' title='bbox 3178 5256 3463 5311; x_wconf 84' lang='lat' dir='ltr'><strong>volumini-</strong></span> 
     </span>
    </p>
   </div>
   <div class='ocr_carea' id='block_1_114' title="bbox 1892 5345 3462 5420">
    <p class='ocr_par' dir='ltr' id='par_1_114' title="bbox 1892 5345 3462 5420">
     <span class='ocr_line' id='line_1_114' title="bbox 1892 5345 3462 5420; baseline -0.004 -13"><span class='ocrx_word' id='word_1_842' title='bbox 1892 5353 1992 5407; x_wconf 86' lang='lat' dir='ltr'><strong>bus</strong></span> <span class='ocrx_word' id='word_1_843' title='bbox 2014 5351 2202 5415; x_wconf 88' lang='lat' dir='ltr'><strong>edidit,</strong></span> <span class='ocrx_word' id='word_1_844' title='bbox 2249 5351 2391 5420; x_wconf 93' lang='lat' dir='ltr'><strong>quod</strong></span> <span class='ocrx_word' id='word_1_845' title='bbox 2430 5348 2763 5402; x_wconf 90' lang='lat' dir='ltr'><strong>Pentaticum</strong></span> <span class='ocrx_word' id='word_1_846' title='bbox 2791 5345 3120 5400; x_wconf 89' lang='lat' dir='ltr'><strong>nominatur.</strong></span> <span class='ocrx_word' id='word_1_847' title='bbox 3152 5345 3462 5401; x_wconf 88' lang='lat' dir='ltr'><strong>Pentaticus</strong></span> 
     </span>
    </p>
   </div>
   <div class='ocr_carea' id='block_1_115' title="bbox 1892 5435 3463 5512">
    <p class='ocr_par' dir='ltr' id='par_1_115' title="bbox 1892 5435 3463 5512">
     <span class='ocr_line' id='line_1_115' title="bbox 1892 5435 3463 5512; baseline -0.004 -14"><span class='ocrx_word' id='word_1_848' title='bbox 1892 5456 2070 5498; x_wconf 90' lang='lat' dir='ltr'><strong>autem</strong></span> <span class='ocrx_word' id='word_1_849' title='bbox 2120 5444 2234 5497; x_wconf 87' lang='lat' dir='ltr'><strong>sive</strong></span> <span class='ocrx_word' id='word_1_850' title='bbox 2297 5441 2687 5512; x_wconf 87' lang='lat' dir='ltr'><strong>pentateuchus</strong></span> <span class='ocrx_word' id='word_1_851' title='bbox 2725 5454 2755 5491; x_wconf 91' lang='lat' dir='ltr'><strong>a</strong></span> <span class='ocrx_word' id='word_1_852' title='bbox 2807 5438 3043 5506; x_wconf 91' lang='lat' dir='ltr'><strong>quinque</strong></span> <span class='ocrx_word' id='word_1_853' title='bbox 3099 5435 3463 5492; x_wconf 85' lang='lat' dir='ltr'><strong>voluminibus</strong></span> 
     </span>
    </p>
   </div>
   <div class='ocr_carea' id='block_1_116' title="bbox 1891 5528 3461 5600">
    <p class='ocr_par' dir='ltr' id='par_1_116' title="bbox 1891 5528 3461 5600">
     <span class='ocr_line' id='line_1_116' title="bbox 1891 5528 3461 5600; baseline -0.008 -7"><span class='ocrx_word' id='word_1_854' title='bbox 1891 5538 2103 5592; x_wconf 91' lang='lat' dir='ltr'><strong>dicitur.</strong></span> <span class='ocrx_word' id='word_1_855' title='bbox 2129 5534 2295 5590; x_wconf 90' lang='lat' dir='ltr'><strong>Pente</strong></span> <span class='ocrx_word' id='word_1_856' title='bbox 2315 5537 2455 5589; x_wconf 93' lang='lat' dir='ltr'><strong>enim</strong></span> <span class='ocrx_word' id='word_1_857' title='bbox 2482 5534 2667 5589; x_wconf 65' lang='lat' dir='ltr'><strong>Graece</strong></span> <span class='ocrx_word' id='word_1_858' title='bbox 2695 5531 2948 5600; x_wconf 92' lang='lat' dir='ltr'><strong>quinque,</strong></span> <span class='ocrx_word' id='word_1_859' title='bbox 2973 5529 3196 5583; x_wconf 89' lang='lat' dir='ltr'><strong>teuchus</strong></span> <span class='ocrx_word' id='word_1_860' title='bbox 3216 5528 3461 5582; x_wconf 88' lang='lat' dir='ltr'><strong>volumen</strong></span> 
     </span>
    </p>
   </div>
   <div class='ocr_carea' id='block_1_117' title="bbox 1893 5618 3464 5690">
    <p class='ocr_par' dir='ltr' id='par_1_117' title="bbox 1893 5618 3464 5690">
     <span class='ocr_line' id='line_1_117' title="bbox 1893 5618 3464 5690; baseline -0.006 -11"><span class='ocrx_word' id='word_1_861' title='bbox 1893 5637 2135 5682; x_wconf 85' lang='lat' dir='ltr'><strong>vocatur.</strong></span> <span class='ocrx_word' id='word_1_862' title='bbox 2166 5627 2376 5680; x_wconf 79' lang='lat' dir='ltr'><strong>Genesis</strong></span> <span class='ocrx_word' id='word_1_863' title='bbox 2405 5625 2539 5678; x_wconf 85' lang='lat' dir='ltr'><strong>liber</strong></span> <span class='ocrx_word' id='word_1_864' title='bbox 2570 5625 2692 5677; x_wconf 87' lang='lat' dir='ltr'><strong>inde</strong></span> <span class='ocrx_word' id='word_1_865' title='bbox 2717 5621 3033 5690; x_wconf 87' lang='lat' dir='ltr'><strong>appellatur,</strong></span> <span class='ocrx_word' id='word_1_866' title='bbox 3060 5636 3124 5673; x_wconf 86' lang='lat' dir='ltr'><strong>eo</strong></span> <span class='ocrx_word' id='word_1_867' title='bbox 3149 5618 3289 5686; x_wconf 86' lang='lat' dir='ltr'><strong>quod</strong></span> <span class='ocrx_word' id='word_1_868' title='bbox 3312 5632 3464 5670; x_wconf 76' lang='lat' dir='ltr'><strong>exor-</strong></span> 
     </span>
    </p>
   </div>
   <div class='ocr_carea' id='block_1_118' title="bbox 1893 5709 3462 5788">
    <p class='ocr_par' dir='ltr' id='par_1_118' title="bbox 1893 5709 3462 5788">
     <span class='ocr_line' id='line_1_118' title="bbox 1893 5709 3462 5788; baseline -0.011 -10"><span class='ocrx_word' id='word_1_869' title='bbox 1893 5723 2039 5778; x_wconf 85' lang='lat' dir='ltr'><strong>dium</strong></span> <span class='ocrx_word' id='word_1_870' title='bbox 2071 5720 2274 5784; x_wconf 86' lang='lat' dir='ltr'><strong>mundi,</strong></span> <span class='ocrx_word' id='word_1_871' title='bbox 2319 5727 2369 5774; x_wconf 94' lang='lat' dir='ltr'><strong>ct</strong></span> <span class='ocrx_word' id='word_1_872' title='bbox 2399 5718 2670 5788; x_wconf 81' lang='lat' dir='ltr'><strong>generatio</strong></span> <span class='ocrx_word' id='word_1_873' title='bbox 2716 5713 2895 5769; x_wconf 60' lang='grc' dir='ltr'><strong>δωριιῆ</strong></span> <span class='ocrx_word' id='word_1_874' title='bbox 2922 5714 2975 5766; x_wconf 86' lang='lat' dir='ltr'><strong>in</strong></span> <span class='ocrx_word' id='word_1_875' title='bbox 3005 5728 3067 5763; x_wconf 74' lang='lat' dir='ltr'><strong>co</strong></span> <span class='ocrx_word' id='word_1_876' title='bbox 3108 5709 3462 5764; x_wconf 80' lang='lat' dir='ltr'><strong>contineatur.</strong></span> 
     </span>
    </p>
   </div>
   <div class='ocr_carea' id='block_1_119' title="bbox 2958 5803 2995 5860">
    <p class='ocr_par' dir='ltr' id='par_1_119' title="bbox 2958 5803 2995 5860">
     <span class='ocr_line' id='line_1_119' title="bbox 2958 5803 2995 5860; baseline 0 0"><span class='ocrx_word' id='word_1_877' title='bbox 2958 5803 2995 5860; x_wconf 72' lang='lat' dir='ltr'><strong>It</strong></span> 
     </span>
    </p>
   </div>
  </div>
