3896 6330
374 332 477 410 107
1013 352 1072 406 Β.
1116 348 1370 406 RABANI
1407 348 1627 404 MAURI
1662 346 1981 403 ARCHIEP.
2022 347 2331 405 MOGUNT.
2370 346 2656 405 OPERUM
2695 348 2873 404 PARS
2910 350 2972 405 li.
3530 356 3637 414 {08

368 469 589 526 Erodus
614 481 747 525 vero
777 467 981 523 exitum
1010 466 1080 521 ab
1123 466 1381 537 Egypto,
1430 477 1818 536 egressumque
1854 476 1953 531 po-
1982 431 2038 525 A~
2059 472 2236 517 autem
2266 462 2457 533 psalmi
2483 465 2626 534 apud
2654 462 2911 520 Hebraeos
2958 465 3188 522 metrico
3213 470 3456 526 carmine
3505 486 3640 529 con-

369 560 478 633 pelli
501 558 666 615 Israel
690 558 907 628 ὧδε-ἢ,
937 566 994 613 et
1023 572 1086 613 ea
1116 571 1283 612 causa
1320 572 1516 611 nomen
1547 556 1774 624 accepit.
1805 553 1955 608 Levi-

368 651 503 705 tieus
550 648 865 720 appellatus,
910 664 977 704 eo
1018 647 1163 720 quod
1205 647 1513 703 Levitarum
1562 645 1859 701 ministeria
1900 651 1957 699 et

368 741 738 797 diversitatem
768 740 1115 795 victimarum
1157 738 1464 808 exequitur,
1516 745 1769 806 totusque
1804 737 1860 791 in
1889 751 1955 791 eo

365 831 503 887 ordo
528 830 804 888 Leviticus
832 836 1142 887 annotawr.
1178 827 1540 884 Numerorum
1567 829 1697 883 liber
1731 837 1956 884 vocatur

367 940 454 991 eo,
482 924 624 995 quod
667 925 721 979 in
753 937 820 978 eo
844 937 1081 993 egressae
1126 923 1194 978 de
1228 920 1465 995 Egypto
1488 923 1663 978 tribus
1710 922 1956 977 dinume-

368 1025 578 1081 rantur,
610 1023 665 1072 et
709 1016 1072 1087 quadraginta
1120 1015 1352 1070 duarum
1393 1030 1494 1086 per
1525 1029 1766 1069 eremum
1802 1027 1955 1068 man-

369 1107 589 1161 sionum
618 1106 673 1161 in
702 1119 769 1161 eo
797 1106 1091 1176 descriptio
1125 1105 1454 1165 continetur.
1489 1106 1955 1160 Beureronomium

365 1195 817 1252 Grzecosermene
828 1194 1151 1266 appellatur,
1174 1194 1319 1266 quod
1339 1194 1951 1265 Latiueinterpretatur,

365 1287 595 1340 secunda
638 1285 743 1350 tu,
792 1286 844 1340 id
896 1293 1002 1352 est,
1050 1285 1325 1355 repetitio,
1368 1293 1427 1340 et
1457 1282 1780 1355 evangelica:
1822 1283 1955 1355 legis

366 1372 731 1447 praetiguratio
764 1394 778 1430 :
809 1375 901 1446 qui
928 1376 1008 1430 sic
1035 1390 1100 1429 ea
1130 1373 1316 1440 habet,
1341 1387 1461 1444 qua:
1492 1375 1676 1444 priora
1716 1382 1863 1438 sunt,
1895 1381 1955 1428 ut

366 1479 547 1523 tamen
574 1483 710 1522 nova
734 1469 843 1523 sint
865 1467 1071 1533 omnia,
1096 1481 1218 1536 quae
1241 1467 1294 1521 in
1314 1480 1380 1521 eo
1401 1475 1764 1536 reperiuntur.
1792 1465 1955 1519 Josue

356 1560 499 1615 liber
525 1574 722 1616 nomen
750 1559 960 1629 accepit
984 1573 1015 1613 a
1060 1557 1187 1614 Jesu
1235 1556 1347 1615 lilio
1392 1556 1557 1622 Nave,
1592 1556 1745 1626 cuius
1790 1558 1955 1612 hieto-

365 1653 504 1708 riam
527 1653 806 1709 continet:
846 1652 1169 1722 scriptorem
1197 1668 1324 1708 vero
1360 1650 1605 1719 ejusdem
1641 1647 1803 1704 Josue
1830 1662 1955 1703 esse

367 1745 577 1802 Hebraei
602 1754 871 1803 asserunt.
907 1744 965 1800 in
995 1745 1150 1815 cujus
1175 1752 1325 1799 textu
1350 1751 1472 1814 post
1494 1739 1745 1796 Jordanis
1766 1738 1953 1794 transi-

366 1846 480 1892 tum
508 1850 671 1906 regna
696 1837 932 1891 hostium
961 1836 1371 1897 subvertuntur,
1401 1843 1543 1886 terra
1580 1828 1795 1899 pepuio'
1822 1829 1952 1884 divi-

2062 1841 2350 1907 eernimus.
2371 1842 2575 1899 caduca
2590 1855 2708 1896 esse
2723 1841 2974 1897 etbrevia
3001 1848 3062 1897 et
3075 1842 3145 1897 ob
3157 1843 3260 1897 hoc
3290 1842 3512 1898 minime
3540 1849 3653 1914 'ap-_

365 1929 528 1995 ditur,
556 1936 613 1983 et
642 1942 740 1997 per
769 1926 1007 1998 singulas
1033 1925 1216 1990 urbes,
1270 1924 1499 1987 viculos,
1536 1930 1747 1977 urentes
1792 1932 1955 1991 atque

365 2019 596 2074 conﬁnia
623 2027 678 2074 et
711 2018 957 2074 ecdesia:
988 2016 1335 2087 cosiestisque
1361 2014 1663 2069 Jerusalem
1691 2013 1957 2084 spiritalia

365 2111 799 2181 praeﬁgurantur.
859 2107 1112 2162 Iudicum
1166 2108 1478 2162 nominatur
1536 2121 1566 2159 a
1623 2105 1958 2176 principibus

368 2202 569 2273 populi,
594 2200 686 2272 qui
706 2198 1042 2270 przeluerunt
1071 2198 1126 2252 in
1148 2197 1315 2253 lsrael
1329 2204 1451 2268 post
1474 2196 1692 2269 Moysen
1707 2195 1955 2261 etJosue,

365 2304 655 2363 antequam
684 2291 815 2347 Saui
843 2299 900 2345 et
923 2290 1096 2361 David
1138 2298 1194 2344 et
1244 2290 1428 2347 eteteri
1452 2302 1605 2359 reges
1635 2288 1954 2344 existerent.

360 2384 518 2439 iiune
538 2384 735 2438 librum
755 2382 989 2439 edidisse
1017 2381 1258 2437 creditur
1290 2380 1526 2437 Samuel.
1560 2379 1713 2433 Liber
1746 2378 1958 2433 Samuel

363 2478 603 2547 ejusdem
660 2472 928 2529 Samuelis
982 2474 1323 2527 nativitatem
1370 2478 1425 2525 et
1485 2460 1846 2524 sacerdotium
1902 2475 1959 2521 et

365 2576 515 2642 gesta
555 2565 814 2623 describit
866 2583 877 2617 :
934 2563 1139 2617 idcirco
1161 2567 1217 2617 et
1256 2562 1324 2615 ab
1365 2572 1431 2614 eo
1476 2566 1676 2613 nomen
1724 2556 1952 2625 accepit.

364 2661 431 2715 Et
453 2657 703 2731 quamvis
726 2655 979 2712 hie-liber
1011 2653 1143 2709 Sani
1191 2661 1246 2707 et
1281 2651 1452 2706 David
1477 2649 1759 2705 historiam
1788 2648 1958 2704 conti-

366 2760 492 2806 neat
529 2768 540 2804 :
588 2758 770 2803 tamen
816 2746 884 2803 ad
930 2743 1150 2801 Samuel
1199 2741 1455 2808 refertur,
1495 2740 1621 2809 quia
1654 2740 1769 2809 ipse
1798 2738 1958 2793 unxit

368 2840 497 2896 Sani
542 2839 597 2893 in
636 2850 883 2908 regnum,
919 2836 1033 2905 ipse
1060 2833 1230 2887 David
1259 2833 1315 2886 in
1341 2845 1522 2900 regem
1554 2828 1814 2883 futurum.
1850 2827 1957 2882 Cu-

359 2931 450 3002 jus
470 2930 593 2985 libri
617 2929 846 2999 primam
877 2932 1084 2996 partem
1117 2922 1441 2991 conscripsit
1467 2918 1705 2984 Samuel,
1730 2931 1955 2987 sequen-

282 3036 297 3043 '
366 3023 443 3078 tia
474 3037 604 3077 vero
630 3020 750 3092 ejus
773 3032 946 3087 usque
974 3015 1042 3070 ad
1065 3015 1271 3075 calcem
1305 3010 1523 3081 scripsit
1550 3009 1739 3063 David.
1786 3005 1958 3061 Mala-

364 3113 501 3168 chim
523 3112 653 3165 liber
678 3109 905 3181 proinde
930 3106 1249 3177 appellatur,
1282 3116 1347 3157 eo
1372 3101 1515 3172 quod
1539 3114 1695 3171 reges
1723 3097 1873 3154 Judae
1898 3105 1953 3152 et

2058 562 2202 610 stant
2230 569 2349 609 esse
2373 556 2678 625 compositi.
2712 554 2846 611 Nam
2870 556 2926 611 in
2957 570 3160 611 morem
3191 558 3424 615 Romani
3451 560 3639 620 Flacci

2057 657 2113 703 et
2135 648 2307 705 Graeci
2333 647 2549 703 Pindari
2574 664 2719 705 nunc
2746 650 2979 706 iambico
3001 661 3241 719 currunt,
3269 670 3414 711 nunc
3432 655 3640 714 alcaico

2056 754 2364 815 personant,
2398 757 2541 799 nunc
2567 744 2731 799 salice
2756 751 2961 809 tonant,
2990 744 3243 802 trimetro
3266 747 3352 803 vel
3375 755 3636 805 tetrame—

2056 844 2140 891 tro
2160 836 2296 907 pede
2317 834 2647 891 incedentes.
2676 833 2931 891 Salomon
2946 834 3090 891 ﬁlius
3113 835 3280 892 David
3305 839 3449 910 reg-is
3470 837 3635 895 israei

2050 928 2204 999 juxta
2242 936 2527 982 numerum
2564 922 2947 983 vocabulorum
2972 940 3193 983 suorum
3221 928 3325 984 tria
3359 930 3639 987 volumina

2056 1016 2239 1071 edidit.
2272 1014 2511 1083 Quorum
2538 1018 2745 1087 primus
2770 1024 2853 1072 est
2879 1015 3106 1072 Masiotb
3137 1032 3297 1087 quem
3322 1017 3495 1075 Graeci
3528 1017 3642 1076 Pa-

2056 1107 2285 1175 rabolas,
2316 1107 2493 1163 Latini
2526 1104 2805 1164 Proverbia
2831 1108 3111 1164 nominant
3138 1125 3152 1164 :
3176 1124 3242 1166 eo
3268 1111 3412 1180 quod
3441 1110 3494 1165 in
3520 1112 3642 1182 ipso

2056 1200 2157 1255 sub
2190 1201 2554 1269 cumparativa
2604 1196 2957 1267 similitudine
2987 1200 3187 1272 liguras
3237 1202 3527 1257 verborum
3585 1211 3644 1258 et

2056 1289 2318 1361 imagines
2340 1290 2587 1366 veritatis
2635 1290 2894 1357 ostendit,
2920 1291 3090 1361 ipsam
3122 1300 3306 1347 autem
3352 1294 3642 1349 veritatem

2056 1381 2123 1437 ad
2161 1382 2566 1454 intelligendum
2600 1382 2906 1463 legentibus
2952 1383 3271 1440 reservavit.
3328 1384 3642 1441 Secundum

2055 1473 2249 1528 librum
2278 1473 2486 1529 Coeleth
2515 1475 2751 1537 vocavit,
2780 1475 2871 1545 qui
2911 1473 3098 1530 Graece
3127 1472 3471 1529 Ecclesiastes
3502 1474 3643 1534 diei-

2058 1573 2166 1630 tur,
2197 1564 2386 1621 Latine
2433 1565 2787 1620 Concibnator
2813 1582 2831 1620 :
2861 1580 2928 1620 eo
2955 1566 3099 1635 quod
3152 1578 3331 1620 sermo
3368 1563 3485 1634 ejus
3533 1581 3645 1623 non

2057 1658 2360 1728 specialiter
2373 1656 2437 1713 ad
2460 1674 2646 1723 unum,
2666 1659 2807 1713 sieut
2821 1660 2873 1714 in
2889 1655 3219 1723 Proverbiis,
3247 1654 3341 1712 sed
3370 1656 3428 1711 in
3450 1657 3647 1715 adver-

2058 1762 2147 1809 sus
2160 1753 2487 1824 generaliter
2499 1752 2779 1823 dirigatur,
2797 1751 2996 1807 docens
3016 1750 3197 1807 omnia
3220 1764 3340 1819 qua:
3360 1744 3415 1804 in
3441 1741 3647 1807 mundo

2057 1936 2306 2004 petenda.
2334 1930 2576 1988 Tertium
2608 1932 2803 1987 librum
2825 1926 3097 1987 Slrasirlm
3123 1932 3467 2002 praenotavit,
3491 1932 3639 2004 quod

2059 2024 2115 2078 in
2147 2022 2389 2078 Latinam
2421 2023 2655 2092 linguam
2686 2020 2936 2086 vertitur,
2969 2013 3243 2075 Canticum
3273 2022 3596 2093 canticorum
3620 2030 3643 2075 ‘:

2060 2115 2148 2170 ubi
2177 2126 2276 2185 per
2298 2114 2702 2184 epithalamium
2726 2111 3409 2182 cannen‘conjunctionem
3435 2104 3642 2170 Christi

2059 2217 2114 2262 et
2139 2208 2392 2263 Ecclesia:
2418 2206 2646 2276 mystice
2678 2192 2846 2259 canit.
2876 2202 3090 2258 Dietutn
3134 2209 3312 2257 autem
3359 2202 3644 2267 Canticum

2060 2297 2393 2351 canticorum
2427 2314 2437 2349 :
2468 2300 2531 2351 eo
2581 2294 2723 2365 quod
2767 2295 3019 2349 omnibus
3047 2294 3274 2350 canticis
3289 2294 3643 2368 praeferatur,

2060 2400 2179 2455 quae
2209 2387 2262 2441 in
2291 2387 2588 2458 Seﬁpturis
2610 2386 2783 2441 sacris
2820 2385 3124 2439 habentur:
3150 2386 3299 2440 sicut
3319 2385 3565 2461 q‘uaadam
3589 2386 3645 2441 in

2060 2476 2177 2549 lege
2226 2479 2481 2534 dicuntur
2535 2486 2751 2541 sancta,
2790 2478 2984 2547 Quibus
3028 2476 3236 2548 majora
3286 2484 3411 2531 sunt
3457 2484 3643 2533 sancta

2060 2577 2388 2624 sanctorum.
2419 2562 2621 2623 Hdrdm
2648 2578 2828 2622 autem
2856 2568 3019 2621 trium
3070 2567 3332 2622 librorum
3394 2567 3642 2622 carmina

2058 2658 2390 2723 hexametris
2419 2662 2473 2713 et
2506 2657 2859 2729 pentametris
2886 2657 3135 2712 verisibus
3174 2657 3312 2726 apud
3337 2670 3464 2713 suos
3490 2672 3643 2712 com-

2057 2751 2233 2820 posita
2286 2750 2675 2822 perhibentur,
2728 2759 2789 2805 ut
2842 2748 3110 2820 Josephus
3171 2759 3251 2804 et
3284 2749 3649 2821 Hieronymus

2058 2839 2319 2897 scribunt.
2353 2839 2518 2896 isaias
2578 2838 2920 2911 Evangelista
2951 2840 3130 2909 potius
3157 2846 3318 2909 quam
3374 2839 3647 2909 Propheta

2057 2930 2227 2986 edidit
2250 2931 2447 2986 libram
2478 2940 2656 2997 suum,
2686 2928 2842 2999 cujus
2866 2930 3043 2985 omnis
3095 2937 3273 2983 textus
3320 2927 3647 2999 eloquentiae

2056 3034 2217 3091 prosa
2254 3022 2457 3077 incedit
2486 3040 2497 3076 :
2527 3022 2812 3077 Canticum
2841 3030 2973 3076 vero
3013 3021 3332 3074 hexametro
3376 3027 3432 3073 et
3452 3028 3647 3090 penta-

2055 3122 2231 3169 metro
2282 3122 2442 3169 versu
2499 3112 2774 3169 diecurrit.
2826 3111 3127 3167 Hieremias
3164 3109 3425 3179 similiter
3475 3112 3647 3167 edidit

362 3203 673 3262 lsraeiiticaa
699 3200 876 3274 gentis
900 3206 1161 3271 gestaque
1181 3208 1369 3249 eorum
1399 3207 1497 3261 per
1533 3192 1777 3245 ordinem
1801 3190 1949 3260 dige—

2058 3207 2253 3263 iibrum
2278 3221 2433 3263 suum
2462 3213 2585 3262 cum
2610 3204 2863 3283 Threnis,
2893 3202 3035 3277 quOd
3069 3202 3448 3260 nosLamenta
3477 3217 3643 3257 voca-

363 3305 448 3351 rat
481 3304 800 3363 temporum.
833 3288 1044 3344 Μαιοσή
1068 3286 1212 3341 enim
1237 3281 1522 3346 Hebraiee,
1553 3278 1747 3333 Latine
1774 3292 1953 3347 regum

368 3387 778 3455 interpretatur.
804 3381 957 3435 Hunc
980 3378 1175 3433 librum
1202 3373 1467 3430 Jeremias
1484 3369 1695 3442 primus
1717 3369 1769 3421 in
1791 3381 1956 3421 unum

360 3481 614 3536 volumen
649 3477 843 3547 coegit.
876 3474 1201 3529 Nam'antea
1250 3484 1470 3540 sparsus
1495 3476 1613 3523 erat
1642 3482 1737 3538 per
1767 3464 1954 3533 singu-

361 3572 535 3626 lorum
564 3582 751 3637 regum
784 3566 1061 3621 historias.
1109 3561 1553 3631 Paralipomenon
1590 3558 1778 3613 Graece
1817 3552 1954 3610 diei-

362 3671 469 3725 tur,
500 3660 645 3729 quod
672 3672 772 3713 nos
804 3655 1278 3726 prtetermissorum
1307 3650 1390 3706 vel
1419 3649 1738 3719 reliquorum
1772 3647 1954 3701 dicere

362 3764 651 3822 possumus
678 3768 688 3801 :
717 3745 1001 3817 quomodo
1019 3758 1107 3808 ea,
1131 3756 1252 3812 qua:
1278 3737 1611 3805 inSamuele
1642 3736 1728 3790 vel
1744 3735 1953 3805 Regum

365 3841 521 3895 libris
549 3838 634 3894 vel
679 3837 879 3893 omissa
904 3832 989 3886 vel
1016 3847 1123 3886 non
1150 3830 1307 3900 plene
1348 3829 1518 3883 relata
1554 3835 1699 3891 sunt,
1744 3826 1796 3880 in
1850 3826 1955 3880 isto

364 3932 680 3991 summatim
722 3944 787 3983 ac
808 3925 1047 3983 breviter
1066 3918 1423 3993 explicantur.
1452 3919 1676 3974 Librum
1703 3916 1804 3974 Job
1829 3916 1952 3988 qui-

368 4028 490 4081 dam
546 4024 766 4094 Moysen
801 4018 1085 4089 scripsisse
1128 4015 1484 4077 arbitrantur,
1531 4012 1623 4066 alii
1674 4026 1857 4088 unum
1885 4022 1953 4065 ex

360 4114 667 4189 Prophetis,
709 4111 950 4168 nonnulli
992 4122 1123 4163 vero
1160 4106 1408 4161 eumdem
1436 4103 1536 4159 Job
1574 4112 1698 4174 post
1743 4103 1953 4174 plagam

363 4226 472 4265 suae
529 4204 801 4278 passionis
852 4200 1176 4269 scriptorem
1240 4196 1357 4266 ejus
1403 4194 1571 4250 fuisse
1616 4195 1950 4259 existimant,

364 4301 693 4356 arbitrantes
739 4302 802 4349 ut
839 4292 932 4363 qui
978 4288 1276 4345 certamina
1332 4286 1593 4356 spiritalis
1641 4299 1833 4357 pugna:
1863 4298 1953 4340 su-

366 4392 590 4454 stinuit,
656 4388 774 4457 ipse
828 4388 1119 4446 narraret,
1169 4393 1303 4449 quas
1354 4378 1612 4432 victorias
1664 4376 1946 4446 expetivit.

2058 3310 2200 3368 mus,
2235 3315 2301 3356 eo
2348 3299 2492 3369 quod
2544 3298 2599 3352 in
2662 3296 2993 3353 tristiOribus
3038 3293 3199 3351 rebus
3255 3293 3646 3363 funeribusque

2059 3391 2418 3447 adhibeantur
2453 3406 2466 3443 :
2498 3389 2549 3443 in
2583 3388 2777 3465 quibus
2830 3385 3160 3456 quadruplex
3212 3384 3426 3438 diverso
3469 3394 3647 3439 metro

2059 3484 2363 3553 composuit
2414 3481 2777 3551 alphabetum,
2827 3484 3059 3547 quorum
3112 3476 3217 3531 duo
3262 3474 3437 3543 prima
3486 3473 3645 3543 quasi

2059 3574 2227 3631 salice
2256 3580 2432 3627 metro
2458 3572 2660 3641 scripta
2720 3576 2850 3625 sunt
2882 3586 2894 3622 :
2922 3567 3015 3638 qui
3067 3572 3177 3621 tres
3220 3564 3518 3621 versiculos
3549 3566 3645 3637 qui

2052 3666 2159 3725 sibi
2191 3662 2315 3722 nexi
2357 3670 2481 3719 sunt
2531 3667 2587 3716 et
2636 3660 2702 3715 ab
2758 3668 2865 3713 una
2895 3665 3105 3712 tantum
3149 3656 3330 3710 littera
3354 3654 3643 3725 incipiunt,

2054 3756 2332 3811 heroicum
2379 3760 2590 3806 comma
2642 3744 2957 3804 concludit.
2996 3742 3240 3801 Tertium
3294 3740 3642 3814 alphabetum

2055 3845 2304 3901 trimetro
2326 3842 2587 3913 scriptum
2608 3847 2709 3903 est,
2736 3846 2792 3893 et
2818 3852 2849 3891 a
2874 3835 3032 3891 trinis
3051 3836 3270 3901 litteris,
3300 3835 3353 3889 id
3380 3843 3485 3900 est,
3512 3836 3643 3892 trini

2056 3944 2248 4005 versus
2282 3934 2563 4003 incipiunt.
2600 3928 2860 3999 Quartum
2891 3926 3236 3998 alphabetum
3257 3924 3431 3981 simile
3462 3927 3643 3997 primo

2056 4031 2110 4081 et
2135 4024 2373 4081 secundo
2402 4024 2649 4095 habetur.
2679 4018 2929 4079 Ezechiel
2981 4024 3035 4075 et
3062 4012 3248 4071 Daniel
3278 4032 3308 4070 a
3334 4016 3466 4072 viris
3519 4018 3643 4086 qui-

2056 4114 2283 4169 busdam
2313 4113 2647 4184 sapientibus
2692 4112 2877 4183 scripti
2906 4124 3025 4166 esse
3072 4106 3443 4181 perhibentur.
3498 4108 3638 4175 Quo.

2057 4218 2177 4260 rum
2206 4204 2454 4260 Ezechiel
2477 4205 2740 4275 principia
2770 4212 2823 4257 et
2853 4202 2977 4258 linis
3009 4204 3193 4259 multis
3234 4203 3500 4258 habentur
3544 4201 3640 4259 ob-

2058 4298 2401 4354 scuritatibus
2415 4297 2671 4352 involuta.
2694 4295 2880 4351 Daniel
2898 4305 3022 4368 syro
3039 4307 3286 4351 sermone
3304 4305 3467 4365 regna
3488 4297 3640 4354 orbis

2056 4390 2369 4461 pronumiat
2392 4398 2447 4446 et
2494 4396 2707 4459 tempus
2754 4388 3015 4443 adventus
3062 4387 3262 4443 Christi
3305 4387 3637 4444 manifestis-

360 4480 632 4550 Principia
656 4484 836 4532 autem
854 4482 910 4529 et
932 4473 1055 4528 linis
1075 4471 1200 4525 libri
1226 4469 1325 4524 Job
1346 4469 1485 4539 apud
1507 4467 1763 4522 Hebraeos
1786 4482 1950 4537 prosa

2059 4483 2193 4537 sima
2221 4475 2605 4552 praedicatione
2636 4486 2877 4533 annotat.
2907 4476 2969 4531 iii
2996 4484 3121 4531 sunt
3147 4483 3378 4548 quatuor
3396 4472 3638 4546 Prophe-

359 4575 605 4629 oratione
618 4577 766 4625 texta
782 4575 908 4622 sunt
925 4584 938 4618 :
954 4562 1132 4618 media
1144 4569 1324 4614 autem
1340 4560 1508 4629 ipsius
1524 4560 1591 4613 ab
1605 4574 1669 4613 eo
1685 4559 1824 4623 loco,
1843 4574 1951 4628 quo

363 4664 441 4717 ait
464 4681 477 4716 ε
510 4662 697 4715 Pereat
713 4658 846 4722 dies,
874 4657 1051 4725 inqua
1074 4661 1231 4705 natus
1249 4666 1366 4704 sum
1388 4647 1443 4720 (1
1448 4649 1531 4702 ob.
1558 4648 1641 4721 ill)
1660 4666 1673 4713 ;
1693 4663 1862 4718 usque
1885 4652 1953 4705 ad

363 4767 491 4809 eum
514 4752 713 4816 locum,
742 4747 835 4804 ubi
862 4746 993 4802 dicit
1023 4759 1036 4797 :
1072 4743 1281 4797 Idcirco
1329 4742 1437 4810 ipse
1484 4756 1566 4794 me
1611 4741 1949 4810 reprehendo,

365 4857 415 4900 et
443 4860 542 4914 ago
564 4839 919 4913 penitentiam
950 4834 1095 4908 (Job.
1122 4832 1255 4903 χιιι)
1272 4850 1289 4897 ;
1318 4831 1499 4887 omnia
1530 4830 1750 4885 heroico
1780 4838 1955 4884 metro

362 4933 633 4990 discurrit.
680 4929 1012 4984 Psalmorum
1067 4925 1187 4979 libri
1235 4923 1422 4978 Graece
1469 4921 1807 4986 Psalterium,
1849 4919 1955 4973 lle-

361 5021 543 5078 braice
579 5018 778 5081 Noble,
801 5016 994 5069 Latine
1021 5013 1292 5083 Organum
1322 5012 1538 5066 dicitur.
1566 5009 1802 5065 Vocatus
1851 5026 1947 5063 au-

361 5120 473 5168 tem
505 5107 841 5164 Psalmon
872 5105 1028 5170 liber,
1059 5104 1204 5174 quod
1241 5118 1348 5157 uno
1395 5100 1666 5173 Propheta
1719 5111 1948 5157 canente

364 5202 431 5256 ad
455 5198 777 5256 Psalterium
805 5196 1005 5253 chorus
1051 5192 1386 5251 concinendo
1440 5192 1809 5261 responderet.
1856 5191 1946 5245 Ti-

363 5291 509 5349 tulus
553 5297 733 5345 autem
782 5289 839 5341 in
882 5286 1105 5356 psalmis
1156 5284 1445 5339 hebraicus
1492 5283 1566 5337 ita
1605 5292 1731 5339 est:
1772 5283 1939 5353 isphr.

361 5383 478 5441 ειη.
505 5380 637 5437 bim.
684 5377 830 5449 quod
878 5378 1284 5447 interpretatur,
1316 5376 1557 5431 volumen
1606 5377 1938 5447 hymnorum.

363 5471 628 5529 Auctores
656 5479 837 5525 autem
858 5467 1191 5539 psalmorum
1222 5470 1314 5539 qui
1344 5477 1616 5537 ponuntur
1650 5469 1703 5522 in
1734 5468 1902 5522 titulis
1928 5485 1939 5520 :

366 5562 579 5635 Moyses
598 5562 823 5627 scilicet,
851 5568 905 5615 et
932 5558 1099 5614 David
1128 5568 1183 5612 et
1213 5559 1487 5625 Salomon,
1520 5560 1723 5629 Asaph,
1746 5562 1943 5625 Ethan,

366 5663 425 5712 et
444 5654 678 5715 idithun,
712 5658 765 5705 et
812 5649 906 5704 lilii
941 5650 1137 5714 Chore,
1168 5650 1336 5703 Eman
1364 5650 1689 5714 Ezraheiita,
1728 5658 1781 5704 et
1824 5650 1946 5704 reii-

367 5747 464 5819 qui
483 5761 617 5815 quos
641 5743 841 5799 Esdras
862 5760 968 5799 uno
988 5744 1258 5799 volumine
1284 5742 1711 5812 comprehendit.
1748 5742 1946 5797 Omnes

1978 4529 2032 4588 D

2063 4579 2146 4633 tm,
2182 4571 2273 4639 qui
2329 4569 2575 4639 Majores
2604 4577 2882 4631 vocantur,
2917 4567 3043 4636 quia
3092 4564 3300 4637 proilia
3356 4566 3635 4622 volumina

2062 4659 2435 4715 condiderunt.
2463 4659 2624 4714 Liber
2645 4658 2923 4714 duodecim
2945 4656 3335 4726 Prophetarum
3349 4663 3637 4712 auctorum

2063 4764 2283 4821 suorum
2331 4749 2635 4804 nominibus
2661 4756 3007 4818 prtenotatnr,
3032 4748 3123 4816 qui
3144 4753 3427 4818 propterea
3442 4747 3635 4806 dicun-

2066 4850 2153 4895 tur
2202 4840 2452 4905 Minores,
2486 4840 2608 4909 quia
2666 4848 2942 4894 sermones
2993 4848 3179 4891 eorum
3235 4836 3429 4890 breves
3487 4844 3631 4890 sunt.

2067 4930 2221 4986 Unde
2247 4939 2301 4986 et
2327 4930 2558 4985 connexi
2604 4929 2827 4983 sibimet
2863 4928 3093 4982 invicem
3120 4926 3178 4980 in
3204 4935 3312 4980 uno
3361 4925 3637 4981 volumine

2060 5020 2422 5075 continentur.
2473 5018 2713 5085 Quorum
2770 5017 2986 5071 nomina
3042 5024 3209 5071 sunt:
3249 5013 3406 5080 Osee,
3454 5011 3631 5081 Johel,

2058 5108 2245 5174 Amos,
2270 5109 2487 5173 Abdias,
2517 5108 2703 5172 Jonas,
2736 5105 2985 5170 Micheas,
3027 5103 3219 5169 Naum,
3266 5103 3503 5171 Abaeue,
3534 5103 3634 5160 So-

2054 5199 2303 5268 phonias,
2331 5199 2578 5269 Aggteus,
2606 5195 2893 5250 Zacharias
2914 5201 2970 5247 et
2992 5192 3295 5248 Malacbias.

2123 5288 2305 5343 Esdrze
2328 5287 2465 5343 iiber
2489 5286 2725 5340 auctoris
2752 5284 2833 5338 sui
2864 5282 3017 5339 titulo
3048 5288 3397 5353 praznotatur.
3446 5282 3503 5334 ln
3529 5298 3630 5337 cu-

2043 5375 2131 5447 jus
2162 5385 2309 5433 textu
2352 5376 2591 5444 ejusdem
2619 5374 2802 5429 Esdrae
2832 5372 3170 5442 Neemiaque
3216 5383 3495 5425 sermones
3534 5387 3631 5441 pa-

2051 5471 2183 5525 riter
2212 5470 2572 5524 eontinentur.
2596 5466 2704 5523 Nec
2724 5481 3049 5537 quemquam
3070 5471 3303 5530 moveat,
3325 5464 3466 5534 quod
3487 5480 3631 5522 unus

2052 5561 2233 5615 Esdrte
2262 5559 2458 5613 dicitur
2494 5557 2629 5613 liber
2653 5576 2664 5611 :
2690 5559 2815 5627 quia
2851 5554 3136 5619 secundus,
3162 5553 3353 5608 tertius
3378 5561 3435 5607 et
3463 5566 3629 5635 quar-

2055 5662 2140 5705 tus
2161 5667 2263 5704 non
2288 5651 2551 5705 habentur
2572 5650 2710 5719 apud
2731 5648 3004 5711 Hebraeos,
3020 5644 3112 5701 sed
3134 5644 3274 5699 inter
3292 5642 3629 5714 apocryphos

2057 5744 2397 5811 deputantur.

3887 2002 3889 2097 ι

3886 2122 3889 2249 4
