3896 6326
222 416 316 478 109

1199 414 1286 469 DE
1327 409 1670 469 UNIVERSO
1709 411 1884 466 LIBltl
1919 413 2081 468 XXII.
2115 444 2184 453 —
2220 407 2346 467 LIB.
2391 408 2456 466 V.

3357 407 3460 468 “0

283 531 470 587 Esther
510 528 717 600 librum.
758 514 944 584 Esdrae
988 525 1226 583 ereditur
1272 521 1657 592 conscripsisse
1682 563 1696 587 ,
1731 523 1782 577 in
1811 528 1862 588 Α
1887 532 1992 579 est.
2038 522 2301 578 Animalia
2348 529 2524 576 autem
2569 521 2713 576 dicta
2763 526 2904 585 sunt,
2935 524 3204 593 quomodo
3242 529 3465 596 propter

217 638 316 694 quo
338 620 523 676 eadem
549 619 738 690 regina
779 619 879 675 sub
905 615 1076 694 ﬁgura
1101 614 1355 671 Ecclesia:
1394 613 1490 668 Dei
1535 612 1788 684 populum

217 731 244 769 a
269 713 520 768 servitute
545 720 600 768 et
621 720 796 767 morte
839 708 1104 781 eripuisse
1129 705 1404 771 scribitur,
1431 712 1590 774 atque
1617 705 1785 759 inter-

214 804 348 860 fecto
371 801 566 870 Aman,
592 805 684 874 qui
709 805 1117 872 interpretatur,
1135 795 1407 865 iniquitas,
1432 795 1538 851 diei
1562 794 1786 851 celebri-

216 904 291 948 tas
323 895 371 948 in
392 902 638 964 posteros
668 894 854 948 initur.

279 981 436 1037 Liber
462 984 742 1052 sapientiae
771 980 916 1052 apud
933 981 1183 1036 Hebraeos
1204 990 1473 1050 nusquam
1500 983 1602 1031 est.
1639 972 1786 1031 Unde

211 1081 261 1127 et
290 1074 396 1142 ipse
429 1074 618 1128 titulus
659 1073 901 1129 Graecam
949 1071 1120 1145 magis
1160 1067 1518 1140 eloquentiam
1558 1065 1782 1124 redolet.

213 1163 357 1218 Hunc
400 1162 572 1220 Judaei
619 1165 841 1220 Filionis
887 1159 1171 1236 [Philonis]
1217 1176 1337 1218 esse
1370 1165 1658 1225 anirmant,
1693 1159 1785 1228 qui

209 1254 423 1325 proinde
473 1254 769 1325 Sapientiae
825 1251 1322 1325 nominaturzquia
1368 1251 1422 1306 in
1467 1265 1532 1307 eo
1583 1242 1783 1306 Christi

211 1345 486 1410 adventus,
514 1346 612 1414 qui
638 1355 722 1401 est
746 1345 1005 1417 sapientia
1031 1345 1228 1411 Patris,
1251 1351 1306 1400 et
1331 1342 1512 1414 passio
1537 1340 1652 1412 ejus
1678 1340 1784 1398 evi-

210 1439 390 1493 denter
414 1440 728 1509 exponitur.

273 1527 487 1583 Librum
538 1531 722 1584 autem
768 1527 1206 1583 Ecclesiasticum
1248 1523 1546 1583 certissime
1591 1523 1782 1590 Jesus,

209 1618 341 1672 ﬁlius
377 1617 596 1685 Sirach,
645 1619 1020 1690 Jerosolymita
1046 1659 1061 1685 ,
1106 1634 1274 1689 nepos
1312 1615 1441 1672 Jesu
1489 1615 1782 1671 sacerdotis

206 1708 374 1779 magni
419 1711 748 1780 composuit.
801 1710 902 1778 Qui
947 1710 1083 1765 liber
1130 1708 1270 1780 apud
1298 1707 1522 1763 Latinos
1564 1704 1805 1776 propter.

1891 615 2129 668 animam
2184 607 2419 668 hominis
2473 610 2795 682 praedicatur
2849 613 3197 685 Evangelium
3243 613 3462 672 Christi.

1889 703 2027 761 Nam
2053 713 2107 760 et
2130 704 2300 759 oculis
2323 701 2478 773 plena
2507 702 2664 758 erant
2711 705 2858 758 intus
2899 709 2955 758 et
3000 703 3155 771 foris,
3195 703 3469 775 quomodo

1886 797 2186 870 praevident’
2208 795 2496 869 Evangelia
2514 838 2529 865 ,
2556 795 2674 868 quae
2699 795 2843 853 dicta
2872 805 3000 853 sunt
3026 813 3058 852 a
3082 799 3384 870 prophetis,
3414 806 3472 856 et

1889 907 2008 969 quae
2035 885 2357 961 promiserat
2399 891 2455 945 in
2498 888 2786 960 prioribus.
2833 887 3006 945 Crura
3051 897 3232 946 autem
3277 905 3467 946 eorum

1889 993 2055 1061 recta,
2089 979 2214 1056 quia
2243 977 2377 1038 nihil
2402 979 2627 1054 pravum
2669 977 3086 1061 evangelii's'e'st.
3114 977 3184 1038 Et
3225 979 3339 1036 alas
3363 979 3466 1036 ha-

1887 1049 2278 1130 bebant-senas
2307 1049 2546 1146 tegentes
2569 1067 2729 1128 crura
2760 1049 3005 1130 tet—iacies
3041 1085 3167 1126 suas
3189 1087 3204 1124 :
3229 1069 3468 1127 revelata

1888 1172 2015 1220 sunt
2039 1164 2200 1229 enim,
2233 1161 2353 1232 qua:
2375 1162 2710 1232 tegebantur,
2737 1161 2794 1217 in
2814 1163 3044 1220 adventu
3069 1161 3286 1220 Christi.

1917 1310 1926 1330 υ
1959 1252 2304 1323 Evangeliuni
2327 1252 2508 1330 autem
2529 1245 2933 1324 interprewtnr,
2960 1251 3093 1306 bona
3115 1250 3466 1308 altnttnliatt'a.

1888 1325 2073 1398 Graece
2111 1343 2255 1398 enim
2297 1343 2354 1397 is
2402 1325 2622 1407 Bonam,
2661 1339 2922 1412 Angelum‘
2963 1342 3299 1398 annuntiatio
3339 1343 3470 1399 dici-

1889 1441 1995 1488 tur.
2026 1433 2152 1488 Inde
2181 1441 2236 1489 et
2265 1433 2519 1504 Angelus,
2554 1433 2788 1497 nuntius,
2834 1434 3241 1504 interpretatur.
3273 1435 3471 1490 Paulus

1889 1517 2160 1598 apostolus
2203 1525 2329 1582 sitas
2379 1523 2594 1597 Scripsit
2631 1522 2887 1596 epiStolas
2930 1525 3365 1597 quatuordecim,
3402 1541 3469 1581 ex

1887 1615 2082 1692 quibus
2122 1611 2316 1670 novem
2363 1617 2569 1685 septem
2616 1614 2874 1671 EccleSiis
2932 1617 3194 1687 scripsit:
3232 1617 3469 1686 reliquas

1889 1703 2164 1774 discipulis
2189 1705 2321 1771 suis,
2350 1693 2633 1761 Timeth'eo
2668 1706 2792 1761 Tito
2829 1715 2883 1760 et
2903 1694 3232 1765 Philemoni.
3258 1708 3340 1764 Ad
3366 1707 3468 1764 He-

207 1798 389 1868 eloquii
425 1799 760 1869 parilitatem
785 1797 1088 1854 Salomonis
1116 1796 1273 1853 titulo
1315 1795 1665 1869 praenotatur.
1696 1792 1783 1848 Di-
1845 1855 1854 1869 λ
1886 1795 2062 1850 bracas
2091 1799 2270 1849 autem
2314 1785 2536 1864 epist‘dla‘
2582 1796 2723 1865 apud
2766 1796 3052 1866 plerosque
3088 1798 3308 1854 Latinos
3353 1799 3470 1869 ejus

205 1861 316 1945 ctus
344 1861 525 1945 aut-em
557 1888 960 1945 Ecclesiasticus
981 1929 996 1956 ,
1025 1895 1091 1944 eo
1119 1886 1262 1959 quod
1300 1861 1366 1942 de
1395 1880 1578 1940 tutius
1604 1881 1786 1940 Eccle-
1814 1861 1862 1937 Β
1889 1895 2027 1950 esse;
2055 1883 2325 1938 hcertum
2346 1861 2457 1938 est
2750 1861 3140 1940 dissonaiitiam
3183 1861 3468 1952 sartionis,

205 1981 292 2035 sic
327 1981 572 2036 doctrina
619 1982 676 2036 et
715 1979 966 2050 religiosa
997 1977 1407 2033 conversatione
1438 1976 1628 2045 magna
1656 1989 1784 2030 cura

203 2078 253 2124 et
277 2071 483 2126 ratione
512 2071 586 2125 sit
608 2071 805 2126 editus.
843 2067 942 2123 llic
969 2077 1026 2122 et
1051 2069 1192 2138 apud
1214 2065 1470 2121 Hebraeos
1496 2066 1782 2134 reperitur,

204 2161 292 2216 sed
333 2160 474 2216 inter
519 2163 862 2233 apocryphos
888 2161 1140 2215 habetur.
1172 2156 1359 2212 Juditlt
1403 2164 1534 2210 vero
1563 2161 1617 2210 et
1660 2155 1789 2210 Τοὺί

203 2256 355 2322 atque
394 2249 828 2306 Hac'habieoruin
852 2250 977 2305 libri
1003 2247 1212 2318 quibus
1245 2245 1553 2301 auctoribus
1601 2237 1786 2316 scripti

204 2340 322 2404 sint,
353 2341 577 2394 minime
618 2333 1083 2395 constatzh'a'bent
1106 2344 1285 2391 autem
1315 2333 1573 2390 vocabula
1599 2347 1665 2389 ex
1695 2349 1786 2389 eo-

203 2441 316 2482 rum
340 2430 677 2496 nominihus,
704 2440 935 2498 quorum
960 2434 1112 2498 gesta
1135 2427 1381 2483 scribunt

267 2519 503 2584 Quatuor
530 2519 700 2573 libros
727 2518 1139 2589 Evangeliorum
1166 2523 1397 2586 quatuor
1434 2514 1787 2585 Evangelistat

203 2610 541 2678 singulariter
587 2610 1049 2680 conscripserunt.
1101 2607 1314 2662 Primus
1344 2600 1628 2660 Matthaeus
1658 2619 1787 2660 con-

204 2702 406 2771 scripsit
431 2699 789 2773 Evangelium
819 2699 1015 2755 litteris
1046 2698 1327 2754 Hebraicis
1348 2706 1404 2752 et
1423 2696 1785 2764 sermonibus,

203 2791 252 2844 in
285 2790 460 2845 Judzea
491 2791 722 2844 mittans
771 2787 1033 2861 [initiatis]
1063 2787 1434 2859 evangelizare
1462 2788 1528 2842 ab
1553 2787 1787 2841 humana

201 2877 388 2934 Christi
431 2878 753 2944 nativitate,
800 2879 987 2933 dicens
1023 2895 1036 2930 :
1073 2878 1228 2931 Liber
1271 2869 1620 2948 generationis
1655 2876 1783 2930 Iesu

201 2965 406 3034 Christi,
451 2969 562 3038 ﬁlii
603 2969 796 3033 David,
826 2968 924 3037 ﬁlii
956 2967 1221 3021 Abraham
1261 2953 1475 3038 (Matth.
1507 2965 1580 3036 i);
1613 2963 1780 3036 signi-

205 3059 360 3116 ﬁcans
386 3061 740 3116 descendisse
761 3059 1116 3128 corporaliter
1135 3073 1202 3113 ex
1224 3058 1429 3113 semine
1453 3057 1785 3126 patriarcha-

204 3167 314 3208 rum
357 3153 656 3216 Christum,
698 3151 838 3206 sicut
881 3150 1208 3220 promissum
1254 3157 1373 3205 erat
1421 3149 1473 3202 in
1507 3149 1785 3220 prophetis

204 3259 294 3316 per
336 3242 602 3320 Spiritum
642 3211 912 3296 sanctum.
979 3240 1259 3294 Secundus
1306 3211 1551 3304 Marcus,
1595 3211 1784 3307 plenus
1810 3211 1857 3277 α

207 3333 395 3405 Spiritu
424 3341 645 3396 sancto,
674 3332 892 3401 scripsit
935 3331 1285 3402 Evangelium
1314 3329 1537 3395 Christi,
1570 3330 1784 3400 eloquio

205 3425 379 3480 Grazco
404 3443 416 3477 :
444 3425 498 3478 in
531 3424 692 3478 Italia
735 3432 950 3478 secutus
989 3431 1071 3477 est
1114 3423 1355 3486 Petrum,
1384 3431 1441 3476 ut
1470 3421 1782 3492 discipulus.

206 3516 250 3572 ls
288 3519 493 3571 initium
529 3517 602 3572 ab
649 3517 837 3586 spiritu
882 3515 1185 3586 pr0phetali
1238 3515 1381 3592 fecit,
1412 3515 1636 3568 dicens:
1677 3514 1786 3569 Vox

209 3605 472 3659 clamantis
503 3608 566 3659 in
600 3606 826 3671 deserto,
855 3614 1036 3675 parate
1062 3604 1198 3658 viam
1228 3602 1451 3658 Domino
1481 3603 1671 3676 (Marc.
1704 3606 1742 3676 l)
1770 3623 1782 3658 :

208 3708 261 3752 ut
292 3697 597 3753 ostenderet
645 3697 921 3751 Christum
967 3703 1090 3765 post
1133 3695 1557 3762 aSSumptionem
1610 3697 1788 3750 carnis

209 3787 546 3859 Evangelium
568 3786 890 3856 praedicasse
914 3785 970 3838 in
991 3784 1210 3839 mundo.
1240 3783 1356 3852 Ipse
1378 3784 1522 3838 enim
1543 3785 1789 3841 Christus

209 3890 259 3934 et
279 3882 540 3950 propheta
570 3879 743 3934 dictus
764 3887 864 3944 est,
890 3878 1031 3933 sicut
1052 3877 1311 3947 scriptum
1333 3884 1417 3932 est
1444 3894 1455 3929 :
1483 3876 1551 3929 Et
1576 3878 1789 3947 prophe-

211 3981 308 4023 tam
334 3973 383 4024 in
409 3971 653 4042 gentibus
688 3969 839 4040 posui
878 3978 946 4022 te.
995 3965 1211 4023 Tertius
1234 3965 1407 4023 Lucas
1432 3969 1572 4022 inter
1600 3983 1788 4023 omnes

211 4064 562 4132 evangelistas
607 4060 780 4115 Graeci
828 4059 1096 4115 sermonis
1144 4060 1561 4125 eruditissimus,
1595 4060 1788 4130 quippe

211 4161 266 4206 ut
293 4155 525 4208 medicus
555 4153 609 4206 in
633 4150 840 4208 Graecia
871 4150 1222 4222 Evangelium
1251 4151 1468 4221 scripsit
1492 4151 1788 4220 TliCOphilo

213 4245 467 4314 episcopo,
503 4242 733 4297 initians
755 4257 784 4295 a
809 4241 1127 4296 sacerdotali
1160 4241 1370 4310 spiritu,
1409 4242 1592 4296 dicens
1624 4260 1634 4292 :
1662 4239 1788 4294 Fuit

213 4339 262 4392 in
297 4339 472 4394 diebus
503 4336 733 4392 Herodis
757 4337 961 4391 ludam:
992 4335 1240 4390 sacerdos
1275 4332 1566 4386 Zacharias
1593 4345 1609 4383 :
1634 4331 1790 4385 Chri-

213 4439 340 4486 stum
365 4439 488 4502 post
513 4430 853 4484 nativitatem
876 4427 1054 4482 carnis
1079 4435 1131 4480 et.
1156 4424 1592 4496 praedicationem
1616 4421 1790 4475 Evan-

213 4521 322 4590 gelii
359 4521 598 4575 hostiam
625 4517 791 4572 fuisse
818 4517 1067 4572 etl'ectum
1095 4531 1193 4586 pro
1229 4513 1398 4569 salute
1427 4511 1632 4566 mundi.
1671 4511 1786 4583 lpse

209 4580 284 4661 est
328 4607 468 4661 enim
519 4605 795 4668 sacerdos,
826 4604 890 4658 de
935 4617 1042 4672 quo
1089 4580 1288 4656 dictum
1321 4606 1405 4656 est
1435 4600 1487 4653 in
1516 4580 1782 4654 Psalmis:
1811 4580 1865 4641 D

215 4697 283 4752 Tu
308 4715 354 4752 es
394 4696 647 4752 sacerdos
676 4697 732 4749 in
757 4703 1007 4750 wlernum
1047 4695 1333 4749 secundum
1371 4693 1606 4746 ordinem
1647 4691 1780 4746 Mel-

213 4787 462 4843 chisedeclt
514 4783 692 4858 (Psal.
735 4787 864 4855 ctx).
921 4784 1023 4840 Ubi
1065 4785 1209 4839 enim
1255 4781 1504 4838 Christus
1548 4783 1782 4850 advenit,

215 4879 566 4934 sacerdotium
608 4875 914 4932 Judteorum
943 4875 1234 4929 obmittunt
1259 4873 1592 4948 [obmutuit],
1617 4875 1705 4930 lex
1733 4883 1789 4930 et

214 4976 480 5044 prophetia
532 4973 783 5028 cessavit.
833 4970 1070 5038 Quartus
1098 4969 1334 5025 Joannes
1365 4971 1582 5041 scripsit
1608 4969 1784 5024 Evan-

214 5063 397 5132 gelium
425 5066 651 5119 ultimus
673 5065 729 5118 in
756 5063 904 5127 Asia,
935 5062 1198 5131 incipiens
1226 5076 1256 5114 a
1285 5061 1482 5128 Verbo,
1511 5070 1571 5116 ut
1597 5071 1782 5117 osten-

215 5155 353 5210 deret
395 5158 652 5211 eumdem
685 5155 1039 5219 Salvatorem,
1063 5154 1154 5224 qui
1196 5170 1294 5224 pro
1339 5156 1494 5211 nobis
1537 5156 1787 5224 dignatus

215 5255 290 5299 est
309 5247 451 5301 nasci
474 5256 531 5300 et
553 5248 876 5316 pati,ipsum
899 5255 1024 5301 ante
1045 5244 1236 5301 saecula
1264 5244 1357 5298 Dei
1383 5245 1617 5300 Verbum
1643 5261 1784 5311 esse,

218 5333 377 5402 ipsum
411 5350 442 5390 e
472 5335 613 5390 coelo
653 5336 885 5400 venisse,
933 5341 987 5391 et
1031 5343 1152 5406 post
1196 5343 1424 5389 mortem
1471 5337 1539 5390 ad
1587 5337 1781 5392 coelum

217 5421 398 5478 iterum
431 5438 722 5480 remeasse.
756 5424 831 5478 Hi'
852 5432 977 5480 sunt
1005 5431 1238 5494 quatuor
1266 5426 1625 5496 evangelistw,
1651 5444 1785 5498 quos

218 5529 306 5584 per
328 5515 667 5572 Ezechielem
711 5515 944 5586 Spiritus
975 5524 1194 5572 sanctus
1217 5516 1541 5588 signiﬁcavit
1573 5518 1623 5571 in
1655 5535 1786 5586 qua-

221 5614 331 5660 tuor
355 5609 697 5662 animalibus.
746 5609 1035 5678 Propterea
1068 5617 1244 5663 autem
1275 5620 1506 5677 quatuor
1533 5611 1783 5664 animalia

221 5695 459 5751 dicuntur
485 5715 496 5750 :
522 5699 648 5766 quia
677 5713 773 5768 per
800 5708 1034 5768 quatuor
1059 5700 1240 5752 mundi
1265 5708 1447 5766 partes
1479 5701 1609 5754 ﬁdes
1632 5700 1786 5754 Chri-

223 5787 396 5841 stianrc
444 5789 714 5858 religionis
763 5805 950 5844 eorum
1007 5790 1387 5858 prtedicatione
1440 5793 1786 5847 disseminata

1886 1973 2237 2042 eamdemque
2259 1973 2351 2027 alii
2369 1972 2676 2028 Barnabam
2699 1973 3005 2044 scripsisse,
3023 1975 3121 2030 alii.
3139 1990 3168 2030 a
3195 1975 3471 2032 Clemente

1886 2065 2144 2133 scriptam
2199 2064 2369 2118 fuisse
2413 2064 2778 2134 suspicantur.
2838 2065 3033 2121 Petrus
3075 2067 3291 2137 scripsit
3333 2069 3472 2124 duas

1887 2155 2122 2210 nominis
2148 2153 2232 2210 sui
2259 2153 2529 2224 epistolae,
2559 2169 2681 2225 qua:
2710 2155 2992 2212 eatbolicm
3020 2157 3143 2212 ideo
3183 2157 3470 2214 nominan-

1887 2244 2163 2313 tur:quia
2204 2257 2314 2299 non
2361 2243 2456 2297 uni
2501 2250 2712 2298 tantum
2755 2243 2956 2314 populo
2983 2243 3068 2300 vel
3111 2245 3342 2313 civitati,
3374 2246 3468 2302 sed

1887 2332 2156 2389 universis
2185 2331 2439 2403 gentibus
2463 2331 2784 2402 generaliter
2807 2335 3025 2406 scriptae
3053 2341 3198 2391 sunt.

1955 2424 2187 2480 Iacobus
2208 2432 2263 2478 et
2283 2421 2519 2480 Joannes
2546 2432 2604 2479 et
2641 2424 2811 2483 Judas
2835 2442 2961 2483 suas
2985 2429 3321 2500 scripserunt
3356 2437 3473 2500 epi-

1887 2515 2074 2572 stolas.
2097 2514 2266 2594 Actus
2293 2514 2659 2585 apostolorum
2680 2516 2974 2585 primordia
3001 2519 3123 2574 ﬁdei
3149 2517 3471 2576 Christiana

1888 2607 1945 2662 in
1975 2607 2245 2679 gentibus,
2272 2614 2328 2662 et
2355 2608 2628 2664 nascentis
2666 2605 2922 2664 Ecclesiae
2949 2608 3230 2666 historiam
3255 2611 3468 2682 digerit.

1885 2699 2120 2756 ﬂetuum
2140 2697 2509 2768 apostolorum
2534 2697 2854 2769 scriptorem
2882 2698 3084 2754 Lucam
3113 2712 3236 2755 esse
3259 2706 3475 2757 constat

1886 2790 2293 2862 evangelistam,
2319 2791 2371 2844 in
2395 2805 2502 2860 quo
2526 2805 2688 2867 opere
2714 2792 2990 2847 nascentis
3012 2791 3270 2847 Ecclesiae
3301 2790 3474 2848 infan-

1886 2883 1962 2938 tia
1986 2882 2207 2949 texitur,
2234 2889 2287 2937 et
2313 2882 2677 2953 apostolorum
2721 2871 2949 2938 historia
2998 2885 3264 2938 retinetur
3289 2902 3301 2937 :
3325 2884 3470 2939 unde

1884 2981 1943 3027 et
1980 2972 2148 3029 Actus
2191 2973 2555 3042 apostolorum
2600 2973 2820 3028 dicitur.
2865 2973 3225 3044 Apocalypsin
3272 2973 3470 3029 librum

1886 3063 2122 3120 Joannes
2162 3065 2494 3136 evangelista
2542 3065 2760 3136 scripsit
2806 3080 2873 3120 eo
2921 3073 3195 3136 tempore,
3226 3081 3332 3135 quo
3372 3081 3472 3135 pro

1890 3153 2168 3225 Evangelii
2202 3155 2583 3224 praedicatione
2609 3155 2662 3209 in
2690 3154 2949 3211 Pathmos
2994 3157 3228 3211 traditur
3270 3156 3474 3226 relega-

1889 3253 1996 3300 tus.
2025 3243 2380 3315 Apocalypsia
2398 3253 2579 3299 autem
2607 3259 2675 3298 ex
2704 3243 2891 3300 Graeco
2920 3246 2974 3299 in
2999 3244 3246 3301 Latinum
3273 3247 3473 3300 revela-

1891 3335 1967 3389 tio
1996 3335 2401 3405 interpretatur.
2431 3334 2708 3389 Revelatio
2730 3335 2876 3389 enim
2894 3335 3089 3390 dicitur
3107 3335 3474 3391 manifestatio

1890 3441 2080 3481 eorum
2124 3441 2244 3495 quae
2288 3426 2601 3480 abscondita
2648 3435 2837 3492 erant,
2873 3425 3029 3496 juxta
3078 3429 3219 3497 quod
3266 3436 3322 3483 et
3360 3428 3474 3498 ipse

1889 3518 2126 3576 Joannes
2153 3519 2284 3573 dicit
2307 3537 2322 3575 :
2345 3518 2682 3588 Apocalypsi:
2727 3518 2857 3572 Iesu
2899 3517 3112 3583 Christi,
3136 3535 3294 3589 quam
3331 3520 3475 3573 dedit

1890 3612 1970 3665 illi
1996 3612 2137 3666 Deus
2180 3610 2356 3681 palam
2383 3611 2554 3680 facere
2595 3611 2753 3664 seruis
2791 3612 2902 3664 suis
2943 3610 3125 3682 (Apoc.
3160 3612 3221 3681 ι).
3252 3611 3318 3666 Hi
3348 3620 3474 3666 sunt

1892 3703 2181 3772 scriptores
2209 3716 2486 3757 sacrorum
2513 3700 2796 3767 librorum,
2818 3701 2909 3770 qui
2936 3717 3034 3772 per
3057 3701 3318 3772 Spiritum
3349 3717 3474 3758 san-

1893 3802 2040 3848 ctum
2067 3793 2367 3862 loquentes,
2394 3793 2462 3846 ad
2483 3793 2836 3848 eruditionem
2865 3802 3102 3848 nostram
3127 3803 3182 3848 et
3203 3805 3472 3864 praecepta

1891 3885 2127 3949 vivendi,
2149 3893 2205 3940 et
2236 3884 2489 3940 credendi
2516 3883 2759 3955 regulam
2783 3885 3237 3954 conscripserunt.
3269 3885 3472 3942 Praeter

1892 3977 2006 4031 haec
2032 3976 2132 4029 alia
2163 3975 2432 4030 volumina
2455 3975 2772 4046 apocrypha
2803 3985 3200 4045 nuncupantur.
3236 3977 3471 4049 Apocry-

1890 4068 1994 4136 pha
2023 4075 2200 4122 autem
2243 4067 2408 4131 dicta,
2436 4067 2488 4120 id
2511 4075 2593 4121 est
2618 4075 2848 4133 secreta,
2877 4068 3003 4136 quia
3046 4068 3100 4122 in
3131 4069 3351 4125 dubium
3381 4086 3471 4127 ve-

1891 4158 2064 4212 niunt.
2112 4157 2208 4212 Est
2231 4157 2375 4212 enim
2422 4155 2632 4212 occulta
2663 4157 2976 4228 origoznec
3017 4167 3164 4228 patet
3206 4161 3469 4230 patribus,

1891 4265 1922 4304 e
1949 4250 2143 4320 quibus
2188 4265 2360 4319 usque
2390 4247 2455 4302 ad
2482 4262 2580 4303 nos
2611 4248 2903 4303 auctoritas
2930 4250 3199 4305 veracium
3230 4251 3466 4320 scriptu-

1892 4356 2074 4395 rarum
2103 4341 2406 4396 certissima
2450 4348 2505 4394 et
2530 4340 2813 4394 notissima
2848 4341 3185 4396 successione
3212 4356 3470 4411 pervene-

1890 4433 1982 4485 rit.
2013 4432 2069 4486 ln
2097 4431 2182 4486 his
2227 4431 2552 4502 apocryphis
2579 4431 2682 4486 etsi
2728 4432 2999 4486 invenitur
3038 4432 3215 4501 aliqua
3244 4433 3466 4500 veritas,

1891 4531 2071 4577 tamen
2104 4530 2327 4593 propter
2370 4522 2541 4577 multa
2567 4521 2698 4578 falsa
2729 4521 2873 4580 nulla
2899 4525 3062 4578 estin
3090 4525 3169 4588 eis
3207 4527 3467 4581 canonica

1893 4615 2213 4670 auctoritas.
2251 4614 2383 4682 Quae
2410 4622 2558 4670 recte
2589 4629 2619 4669 a
2643 4614 2999 4685 prudentibus
3024 4613 3333 4683 iudicantur
3361 4632 3466 4673 non

1893 4721 2013 4762 esse
2032 4720 2217 4762 eorum
2237 4705 2530 4771 credenda,
2544 4705 2739 4775 quibus
2761 4707 3122 4761 ascribuntur.
3149 4704 3284 4760 Nam
3302 4705 3469 4764 multa

1893 4803 1950 4850 et
1995 4796 2092 4849 sub
2138 4794 2447 4850 nominibus
2485 4795 2887 4864 prophetarum,
2932 4802 2986 4847 et
3027 4795 3322 4849 recentiora
3367 4797 3468 4851 sub

1893 4884 2200 4940 nominibus
2249 4884 2611 4954 apostolorum
2659 4885 2727 4939 ab
2777 4883 3059 4938 haereticis
3093 4882 3462 4951 proferuntur,

1894 4993 2015 5048 qute
2058 4977 2240 5032 omnia
2280 4975 2380 5032 sub
2420 4977 2637 5032 nomine
2679 4977 3102 5046 apocryphon
3146 4976 3464 5032 auctoritate

1893 5069 2173 5136 canonica,
2200 5069 2440 5139 diligenti
2465 5069 2883 5130 examinatione.
2910 5076 3117 5124 remota
3145 5075 3290 5125 sunt.

2535 5224 2757 5281 CAPUT
2787 5224 2872 5278 Ill.

1891 5334 2069 5390 Brevis
2112 5336 2411 5406 annotatia,
2435 5352 2549 5406 qua:
2575 5337 2768 5389 indicat
2792 5337 2919 5405 quid
2945 5338 2999 5389 in
3027 5337 3223 5392 sanctis
3251 5341 3440 5392 cationi

2368 5405 2453 5458 cis
2470 5405 2612 5458 libris
2643 5406 2983 5459 contineatur.

1959 5517 2034 5572 De
2055 5515 2419 5586 disputatione
2447 5516 2606 5583 igitur
2634 5516 2842 5570 Veteris
2861 5525 2915 5570 et
2944 5515 3073 5568 Novi
3105 5515 3458 5584 Testameuti,

1887 5609 2074 5664 ordine
2095 5607 2373 5671 librorum,
2396 5615 2450 5660 et
2473 5622 2692 5661 numero
2715 5607 2909 5660 cursim
2929 5605 3264 5674 breviterque
3292 5620 3460 5676 parva

1887 5698 2142 5768 prommia
2166 5697 2534 5750 narrationum
2560 5697 2856 5763 subjiciunt.
2883 5693 3107 5749 Genesis
3121 5695 3270 5762 juxta
3299 5696 3456 5749 [idem

1891 5791 2123 5845 historia:
2149 5790 2432 5857 descripsit
2459 5788 2719 5843 fabricam
2746 5788 2948 5853 mundi,
2977 5795 3030 5841 et
3058 5786 3289 5840 hominis
3331 5802 3458 5840 con-
