3896 6358
357 414 457 470 111
994 404 1055 458 Β.
1097 400 1351 459 MBANI
1388 395 1609 456 MAUBI
1647 394 1944 452 ARCHIEP

2055 396 2320 456 ZOGUNT.
2359 395 2644 454 OPERUM
2682 394 2863 452 PARS
2897 394 2965 451 II.
3522 396 3638 454 II!

355 525 636 590 ditionem,
660 519 1069 592 cataclysmum,
1097 526 1153 573 et
1181 515 1502 572 divisionem
1543 521 1724 578 terrm,
1756 511 1944 565 coul'u-
1970 516 2024 576 Α
2117 513 2564 582 Paralipomenon
2613 512 2756 582 apud
2783 510 3036 566 Hebraeos
3063 511 3164 566 sub
3188 512 3348 567 unius
3380 510 3504 567 libri
3531 529 3640 570 vo-

351 617 672 684 sionemque
698 610 1020 681 linguarum,
1053 614 1200 679 gesta
1214 603 1662 676 .patriarcharum
1681 616 1852 672 usque
1871 601 1940 656 ad

352 707 748 782 ingressionem
776 703 941 759 Israel
969 704 1021 757 in
1048 699 1363 771 Egyptum.

424 800 645 857 Exodus
672 795 912 853 continet
939 793 1290 849 Hebrzeorum
1310 789 1649 856 servitutem,
1675 802 1746 843 ex
1770 785 1939 857 .lEgy-

349 903 448 966 pto
474 905 753 962 egressum
773 887 975 960 pepuli,
1006 885 1204 941 nubem
1229 891 1622 955 protegentem,
1653 880 1943 936 transitum

355 985 523 1042 etiam
535 982 708 1038 Rubri
721 979 907 1042 maris,
927 989 1276 1044 mersumque
1288 988 1413 1030 cum
1425 973 1675 1030 curribus
1689 971 1939 1026 Pharao-

354 1092 505 1143 nem,
531 1083 588 1131 et
605 1070 789 1147 glorias
813 1069 1267 1131 decantationem,
1294 1077 1729 1137 congressusque
1749 1061 1939 1128 eremi,

355 1168 537 1224 cibum
560 1180 795 1232 manna,
824 1172 882 1221 et
908 1162 1110 1218 ﬂuenta
1140 1159 1196 1214 in
1224 1157 1564 1214 dulcedinem
1590 1170 1769 1221 versa,
1789 1169 1944 1209 man-

356 1262 484 1316 data
510 1259 675 1315 etiam
699 1255 973 1324 Decalogi,
1001 1266 1237 1325 pugnam
1262 1249 1543 1316 Amalech,
1569 1255 1624 1304 et
1656 1263 1839 1303 arcam
1860 1254 1943 1302 te-

355 1351 611 1410 stamenti
627 1389 645 1419 ,
683 1347 1185 1416 dedicationemque
1235 1341 1569 1400 tabernaculi
1613 1349 1669 1398 et
1715 1339 1944 1398 oblatio-

356 1456 503 1497 nem.

425 1534 486 1589 In
518 1531 761 1589 Levitico
800 1538 981 1585 autem
1007 1527 1096 1584 lex
1126 1526 1539 1591 sacrificiorum,
1567 1522 1946 1582 historiarum-

355 1642 463 1698 que
505 1626 811 1689 diversitas,
842 1623 1262 1689 indumentaque
1309 1618 1655 1690 pontificum,
1680 1625 1736 1672 et
1779 1615 1942 1670 mini-

356 1719 525 1775 steria
551 1717 949 1781 describuntur,
980 1714 1223 1769 ciborum
1247 1711 1414 1766 etiam
1433 1718 1490 1766 et
1511 1708 1797 1766 diversitas
1819 1721 1945 1780 peo-

356 1822 626 1880 catorum,
651 1809 1112 1883 purgationesque
1129 1805 1216 1861 vel
1240 1803 1433 1862 hostiae
1461 1802 1801 1858 ordinantur.

426 1929 486 1984 In
517 1925 766 1983 Numeris
801 1940 932 1981 vero
969 1937 1201 1995 egressae
1238 1921 1307 1975 de
1343 1918 1577 1991 Egypto
1608 1915 1781 1972 tribus
1807 1929 1943 1971 enu-

355 2026 658 2082 merantur,
705 2013 1064 2086 quadraginta
1107 2024 1324 2081 quoque
1361 2017 1417 2065 et
1443 2009 1672 2065 duarum
1700 2021 1799 2080 per
1823 2019 1945 2062 ere-

357 2124 508 2164 mum
533 2105 878 2163 mansionum
903 2108 1250 2160 sacramenta
1288 2099 1588 2167 signantur.

426 2220 484 2274 In
511 2215 931 2274 Deuteronomio
950 2225 1150 2278 autem,
1174 2226 1293 2282 quae
1315 2217 1399 2266 est
1427 2210 1513 2264 lex
1532 2208 1787 2274 secunda,
1814 2222 1944 2264 nar-

356 2319 547 2365 rantur
588 2324 651 2366 ea
692 2323 815 2378 qua:
847 2306 992 2360 inter
1033 2304 1248 2360 Pharan
1282 2307 1336 2355 et
1363 2299 1660 2364 Asseroth,
1691 2307 1747 2353 et
1775 2311 1948 2366 usque

358 2400 427 2454 ad
454 2397 797 2455 Cadesbarne
821 2394 1025 2450 fuerint
1046 2390 1244 2465 popqu
1268 2389 1413 2444 dicta
1435 2404 1467 2442 a
1488 2388 1669 2459 Moyse
1690 2387 1947 2442 mandata

355 2490 608 2546 videlicet
645 2496 809 2557 atque
831 2484 1121 2556 promissa,
1144 2479 1553 2536 maledictiones
1577 2486 1948 2547 peccatorum,

355 2577 767 2650 promissiones,
793 2571 1158 2628 beatitudines
1184 2587 1196 2622 :
1221 2567 1309 2623 ubi
1337 2567 1609 2622 canticum
1634 2565 1844 2636 Moyses
1863 2578 1949 2619 ca-

359 2674 462 2738 nit,
487 2671 578 2725 ubi
600 2669 732 2724 dicit
759 2666 1164 2726 benedictiones
1191 2663 1315 2718 filiis
1339 2662 1506 2719 Israel
1530 2679 1543 2715 :
1573 2660 1771 2729 ibique,
1803 2669 1948 2714 terra

360 2761 796 2835 repromissionis
842 2767 1086 2829 respectu
1113 2797 1127 2822 ,
1174 2756 1404 2812 moritur
1452 2763 1617 2824 atque
1667 2751 1947 2822 sepelitur.

359 2852 612 2909 Nonnulli
648 2850 995 2906 Hebrzcorum
1021 2856 1253 2918 quatuor
1279 2845 1449 2900 libros
1471 2851 1682 2899 tantum
1724 2856 1951 2912 compu-

360 2954 479 3001 tant
506 2944 661 3015 Iegis,
690 2943 743 2996 id
766 2949 849 2998 est
875 2940 1152 3006 Genesim,
1183 2937 1449 3002 Exodum,
1482 2934 1802 2999 Leviticum,
1835 2931 1950 2987 Nu-

359 3050 592 3102 merum,
618 3031 1094 3089 Deuteronomium
1120 3037 1301 3084 autem
1327 3027 1702 3097 repetitionem
1738 3040 1953 3080 comm-

362 3128 505 3193 dem,
536 3134 592 3180 et
618 3124 773 3194 quasi
807 3123 1077 3193 quoddam
1112 3120 1246 3190 legis
1268 3116 1693 3181 meditatorium,
1718 3129 1784 3170 ea
1813 3114 1952 3169 dun-

361 3210 1952 3316 εθιέίηυοηθνὶυωδ,¹¹.¹¹.ῗ¹ίῗ³,ἳ¹ῗῗῗξ’ἱ⁰ἒῗῗί⁵ῗῗῗῗῗέἷῗῖῗξῗ
1979 3213 2025 3274 (³
2055 3243 2253 3299 Decem
2303 3244 2446 3298 enim
2487 3259 2625 3315 rene
2672 3248 2950 3316 ρτοριιθιεε
2995 3255 3120 3302 sum

362 3313 638 3381 gestarum
654 3302 954 3366 continent,
971 3300 1072 3354 iste
1095 3307 1272 3352 autem
1285 3297 1527 3351 omnium
1545 3293 1696 3364 quasi
1711 3290 1954 3347 iterando

362 3397 626 3454 continet.
657 3393 717 3449 In
744 3391 872 3449 Jesu
894 3402 1109 3461 quoque
1134 3388 1272 3442 libro
1302 3387 1397 3441 filii
1427 3385 1612 3450 Israel,
1644 3385 1778 3439 duce
1801 3381 1952 3446 Jesu,

361 3489 653 3546 Iordanem
679 3493 982 3550 transeunt,
1006 3499 1070 3539 ac
1093 3483 1288 3538 szeculo
1309 3481 1804 3537 circumciduntur:
1831 3477 1956 3533 sub-

361 3580 644 3648 versisque
672 3577 865 3634 dehinc
892 3574 1321 3632 Chananzeorum
1345 3573 1592 3643 gentibus
1637 3570 1955 3625 divisionem

364 3679 527 3725 terrae
555 3668 890 3729 haereditatis
933 3674 1078 3721 sorte
1105 3665 1422 3733 suscipiunt.
1460 3664 1517 3718 In
1548 3662 1684 3716 libro
1709 3660 1955 3715 Judicum

365 3757 710 3813 continentur
758 3760 981 3824 peccata
1033 3762 1089 3808 et
1132 3753 1421 3808 servitutes
1466 3750 1654 3815 Israel,
1682 3749 1956 3803 exclama-

367 3849 649 3916 tionesque
673 3853 728 3900 et
754 3843 1129 3900 miserationes
1169 3843 1286 3897 Dei.
1333 3841 1494 3894 Liber
1533 3839 1677 3892 Ruth
1716 3835 1956 3904 ejusdem

297 3921 302 3928 ’
365 3938 675 3996 Moabitidis
705 3936 838 3990 texit
878 3935 1183 3996 historiam,
1216 3932 1282 3986 de
1329 3929 1479 3998 cujus
1525 3928 1709 3996 stirpis
1750 3927 1956 3980 familia

368 4029 646 4088 descendit
675 4027 864 4082 David.
892 4025 1048 4080 Hunc
1090 4022 1298 4078 Hebraei
1340 4021 1580 4076 libellum
1607 4019 1672 4073 ad
1707 4016 1954 4072 Judicum

367 4122 566 4177 librum
598 4115 925 4186 subjunguut
944 4156 958 4182 ,
990 4113 1244 4184 quoniam
1270 4126 1335 4166 eo
1361 4119 1602 4180 tempore
1644 4118 1794 4177 gesta
1837 4122 1958 4163 esse

369 4216 764 4272 memorantur,
796 4221 916 4276 qua:
947 4205 1093 4260 ineo
1116 4202 1316 4271 scripta
1348 4209 1510 4255 sunt:
1536 4207 1591 4252 at
1616 4207 1803 4253 contra
1848 4198 1956 4250 La-

370 4302 467 4357 tini
501 4316 599 4370 pro
627 4313 712 4365 eo,
744 4297 884 4368 quod
914 4311 1084 4368 genus
1107 4295 1314 4364 regium
1343 4292 1512 4348 David
1539 4291 1755 4355 retexit,
1779 4299 1958 4343 ortum

369 4411 437 4450 ex
476 4394 665 4449 eadem
705 4391 851 4446 Ruth
886 4388 1232 4452 Moabithide,
1265 4385 1333 4440 ad
1364 4399 1558 4454 corpus
1582 4383 1707 4438 libri
1735 4383 1955 4452 Regno-

370 4499 493 4538 rum
521 4482 770 4536 veracius
799 4493 923 4537 eum
951 4477 1228 4550 pertinere
1265 4475 1612 4530 contendunt.

443 4593 605 4650 Liber
626 4593 832 4664 Regum
859 4605 1169 4663 quanquam
1189 4588 1329 4658 apud
1350 4587 1570 4642 Latinos
1587 4593 1808 4656 propter
1831 4599 1957 4654 pro-

372 4684 636 4740 lixitatem
668 4682 750 4736 sui
779 4682 834 4734 in
873 4688 1105 4749 quatuor
1127 4675 1374 4748 partibus
1405 4675 1477 4729 sit
1515 4673 1760 4729 desertus
1791 4673 1957 4744 [dige-

373 4771 705 4843 stus],apud
751 4768 1004 4824 Hebraeos
1047 4777 1226 4822 tamen
1273 4765 1329 4819 in
1377 4763 1584 4819 duobus
1633 4762 1832 4816 divisus
1879 4768 1961 4816 est

373 4863 756 4927 voluminibus,
788 4875 1017 4931 quorum
1047 4859 1253 4928 primus
1288 4856 1503 4911 Samuel
1541 4855 1730 4910 scribit
1775 4871 1959 4909 arcam

373 4954 586 5010 Domini
617 4968 649 5007 a
674 4951 872 5007 Iudaeis
901 4951 1160 5006 transisse
1191 4950 1255 5003 ad
1282 4960 1492 5020 gentes,
1524 4948 1748 5016 IIelique
1773 4962 1958 5002 sacer-

376 5046 580 5100 dotium
623 5045 848 5114 mystice
890 5044 942 5098 in
986 5043 1286 5098 Samuelem
1336 5041 1500 5096 fuisse
1537 5039 1874 5104 translatum,
1905 5039 1959 5094 in

375 5135 546 5190 David
576 5133 754 5190 Saulis
778 5134 922 5205 regis
952 5134 1256 5203 imperium.
1382 5127 1384 5129 ’

447 5242 732 5298 Malachim
759 5257 889 5298 vero
913 5256 1068 5312 reges
1108 5240 1303 5296 Iudaea:
1327 5249 1382 5296 et
1423 5239 1729 5295 Israeliticae
1764 5237 1955 5308 gentis,

377 5339 636 5404 gestaque
693 5347 880 5388 eorum
923 5347 1021 5402 per
1075 5331 1317 5386 ordinem
1369 5331 1566 5401 digerit
1615 5339 1953 5401 temporum:

377 5425 662 5495 ipsumque
705 5422 870 5477 Israel
915 5424 984 5478 ob
1029 5437 1270 5479 errorem
1315 5422 1627 5477 idololatriae
1655 5427 1875 5475 enarrat
1902 5421 1955 5474 in

377 5513 630 5584 Assyrios
682 5513 1120 5582 transmigratum
1145 5529 1157 5564 :
1184 5512 1252 5566 ad
1285 5519 1588 5566 extremum
1635 5511 1824 5566 edocet
1868 5524 1958 5564 ve-

381 5604 529 5659 nisse
543 5600 1039 5660 Nabuchodonosor
1057 5602 1375 5667 Jerusalem,
1402 5611 1723 5670 captumque
1741 5602 1956 5655 duxisse

380 5695 676 5765 principem
705 5710 766 5749 ac
795 5695 1067 5766 populum,
1099 5703 1149 5748 ct
1178 5693 1500 5748 subvertissc
1525 5690 1708 5745 urbem
1738 5699 1793 5746 et
1822 5699 1953 5743 tem-

378 5787 528 5857 plum

2045 603 2247 660 lumine
2270 604 2599 669 continetur,
2626 602 3030 674 appellaturque
3057 603 3125 658 ab
3153 603 3232 659 eis
3264 602 3638 674 Dabrejamin,

2043 694 2099 748 id
2123 702 2207 749 eSt
2253 691 2432 748 Verba
2464 693 2674 748 dierum
2701 711 2714 746 :
2741 693 2880 763 apud
2908 708 3008 748 nos
3039 701 3220 749 autem
3244 703 3465 766 propter
3507 710 3642 766 pro-

2043 781 2310 839 lixitatem
2350 783 2434 838 sui
2478 783 2535 836 in
2578 783 2785 840 duabus
2831 784 3045 840 decisus
3088 792 3173 840 est
3214 787 3475 857 partibus.
3507 785 3642 842 Hm

2045 883 2225 930 autem
2260 873 2491 930 historia
2519 874 2765 930 ordinem
2794 874 3204 947 generationum
3239 883 3294 932 et
3332 884 3642 947 temporum

2045 969 2349 1034 continens,
2375 967 2430 1022 in
2452 982 2559 1038 qua
2581 967 2789 1023 scilicet
2815 981 2925 1023 non
2953 981 3125 1038 parva
3154 976 3464 1024 sanctarum
3490 966 3645 1025 Scri-

2043 1067 2328 1129 pturarum
2365 1057 2595 1112 eruditio
2640 1057 2966 1113 continetur.
2998 1055 3135 1112 Nam
3160 1072 3281 1128 quae
3309 1058 3364 1114 in
3405 1057 3641 1115 historia

2044 1147 2257 1205 Veteris
2297 1147 2631 1204 Testamenti
2657 1147 2714 1203 in
2743 1147 2876 1204 locis
2902 1148 3015 1204 suis
3045 1157 3138 1205 aut
3176 1149 3397 1205 omnino
3434 1151 3644 1207 omissa

2045 1249 2192 1307 sunt,
2222 1247 2317 1295 aut
2343 1238 2574 1298 fortasse
2599 1255 2710 1296 non
2733 1240 2893 1310 plene
2922 1241 3155 1313 digesta,
3187 1241 3244 1297 in
3267 1242 3370 1297 ista
3399 1258 3645 1298 summa-

2045 1334 2143 1389 tim
2169 1348 2234 1389 ac
2265 1333 2505 1389 breviter
2533 1333 2748 1404 expleta
2776 1342 2919 1390 sunt.
2957 1334 3123 1405 Cujus
3163 1337 3381 1407 quidem
3406 1336 3576 1392 series
3606 1351 3645 1391 a

2043 1425 2214 1482 latere
2257 1440 2448 1497 regum
2474 1425 2588 1481 sive
2636 1441 2930 1497 regnorum
2974 1426 3160 1495 ducta,
3203 1427 3525 1499 perveniens
3568 1426 3645 1482 ad

2044 1515 2178 1573 illud
2227 1531 2400 1588 usque
2450 1525 2678 1588 tempus,
2709 1531 2817 1588 quo
2867 1525 2924 1574 et
2967 1532 3259 1592 regnorum
3305 1524 3484 1575 textus
3518 1517 3648 1574 tini-

2044 1615 2156 1663 tur.

2114 1693 2215 1752 Job
2256 1696 2394 1754 liber
2431 1697 2675 1756 continet
2703 1698 2948 1770 ejusdem
2992 1699 3166 1755 sancti
3196 1698 3301 1754 viri
3328 1699 3523 1756 damna
3559 1697 3650 1754 fu-

2046 1794 2202 1843 nesta
2215 1787 2301 1842 vel
2316 1786 2547 1860 flagella,
2570 1798 2626 1845 et
2645 1789 3036 1846 contumeliosa
3055 1789 3450 1846 consolantium
3471 1791 3646 1858 dicta,

1969 1867 2019 1930 Β
2045 1879 2281 1934 lamenta
2312 1893 2526 1949 quoque
2555 1878 2671 1948 ejus
2717 1880 2773 1934 in
2821 1881 3018 1951 quibus
3047 1882 3214 1937 totius
3242 1883 3426 1937 mundi
3456 1881 3647 1952 deplo-

2045 1981 2132 2028 rat
2167 1971 2447 2028 miseriam
2471 1989 2485 2027 :
2509 1971 2910 2029 consolationes
2948 1974 3113 2029 etiam
3152 1975 3248 2030 Dei
3277 1975 3346 2030 ad
3382 1989 3506 2030 eum
3548 1990 3651 2046 per

2044 2067 2335 2135 turbinem,
2366 2069 2592 2140 ejusque
2637 2069 2908 2140 duplicem
2932 2069 3202 2126 bonorum
3229 2069 3285 2124 in
3312 2069 3418 2126 fine
3463 2084 3650 2124 remu-

2045 2157 2402 2212 nerationem.
2447 2157 2548 2212 Hic
2571 2156 2736 2212 etiam
2761 2172 2829 2212 ex
2858 2157 2973 2213 suis
2997 2158 3346 2228 passionibus
3373 2167 3430 2214 et
3463 2157 3651 2216 verbis

2046 2242 2249 2301 Christi
2274 2246 2540 2316 expressit
2563 2246 2855 2317 imaginem
2879 2261 2894 2300 :
2917 2246 3116 2316 conjux
3146 2262 3276 2302 vero
3304 2245 3422 2314 ejus
3449 2261 3650 2302 carna-

2048 2334 2178 2390 lium
2205 2343 2392 2405 typum
2420 2334 2687 2405 designat,
2716 2335 2810 2404 qui
2852 2335 2993 2389 intra
3039 2335 3339 2390 Ecclesiam
3367 2335 3530 2405 positi
3559 2335 3649 2391 vi-

2049 2437 2162 2483 tam
2209 2428 2532 2500 spiritalium
2578 2429 2822 2485 moribus
2868 2429 2982 2484 suis
3031 2429 3416 2485 scandalizant.
3466 2428 3649 2484 Amici

2049 2532 2179 2573 vero
2215 2517 2331 2588 ejus
2373 2519 2608 2588 speciem
2657 2526 2846 2573 tenent
2891 2519 3268 2574 haereticorum
3311 2534 3375 2574 ac
3417 2518 3651 2590 ﬁguram

2050 2623 2425 2680 perversurum
2447 2611 2778 2681 dogmatum.
2792 2609 2964 2665 Porro
2978 2609 3150 2676 Helvi,
3165 2610 3257 2679 qui
3277 2610 3535 2665 adversus
3547 2609 3653 2668 Job

2053 2698 2204 2767 gravi
2233 2698 2651 2767 exprobratione
2679 2698 2948 2764 innititur,
2977 2699 3244 2769 signiﬁcat
3266 2714 3360 2756 eos
3385 2699 3477 2768 qui
3503 2708 3652 2754 intra

2051 2785 2350 2844 Ecclesiam
2390 2788 2686 2859 praedicant
2713 2796 2768 2843 et
2795 2797 3147 2860 arroganter,
3171 2799 3228 2845 et
3254 2805 3353 2859 per
3382 2798 3652 2845 tumorem

2053 2885 2251 2949 cordis,
2283 2899 2348 2940 ac
2390 2885 2631 2941 scientias
2668 2885 2866 2943 fastum
2914 2887 3174 2958 quidquid
3217 2886 3523 2958 proferunt,
3554 2903 3650 2943 su-

2052 2973 2255 3046 perbiae
2279 2975 2541 3044 exemplis
2559 2978 2869 3034 ostendunt.

2123 3063 2288 3119 Liber
2312 3063 2648 3120 Psalmorum
2685 3082 2994 3137 quanquam
3023 3082 3131 3122 uno
3167 3066 3474 3122 includatur
3497 3065 3651 3121 volu-

2054 3155 2222 3222 mine,
2256 3171 2365 3212 non
2389 3166 2473 3211 est
2520 3166 2702 3213 tamen
2726 3159 2903 3214 editus
2928 3173 3036 3214 uno
3061 3159 3358 3229 eodemque
3398 3168 3644 3216 auctore.

3125 3287 3140 3313 ,
3178 3249 3271 3315 qui
3311 3263 3406 3304 eos
3433 3249 3650 3306 diverso

2057 3339 2298 3402 temporc
2326 3334 2676 3402 scripserunt,
2707 3336 2862 3390 idest
2890 3335 3120 3407 Moyses,
3146 3337 3335 3404 David,
3364 3336 3649 3406 Salomon,

2055 3426 2258 3496 Asapb,
2292 3426 2492 3491 Etltan,
2519 3427 2712 3494 Eman,
2743 3427 2981 3494 Idithun,
3009 3436 3063 3483 et
3088 3428 3182 3483 filii
3217 3430 3414 3494 Chore,
3444 3429 3570 3485 Asir
3593 3439 3651 3486 et

2055 3517 2242 3571 Aahab
2272 3518 2385 3571 sive
2428 3516 2594 3571 Esdra
2623 3535 2635 3570 :
2667 3518 2909 3573 nonnulli
2960 3519 3125 3573 etiam
3153 3519 3339 3590 Aggei,
3368 3520 3649 3575 Zachariae

2056 3620 2177 3663 esse
2228 3607 2624 3661 existimantur.
2679 3608 2757 3662 De
2801 3608 2889 3664 his
2929 3619 3130 3676 autem,
3165 3611 3256 3679 qui
3308 3611 3422 3666 sine
3475 3612 3650 3668 titulis

2057 3705 2202 3761 sunt,
2250 3697 2471 3752 traditio
2517 3705 2760 3752 veterum
2803 3699 2925 3754 talis
2967 3709 3049 3755 est
3076 3718 3087 3754 :
3119 3710 3176 3755 ut
3205 3702 3359 3772 cujus
3410 3705 3651 3761 auctoris

2056 3788 2394 3858 praescriptio
2444 3789 2802 3858 praecesserit,
2833 3789 3037 3856 caeteri,
3091 3791 3184 3860 qui
3232 3793 3348 3847 sine
3377 3793 3536 3848 titulo
3565 3808 3652 3849 se-

2057 3887 2323 3947 quuntur,
2356 3879 2526 3949 ipsius
2551 3895 2672 3936 esse
2697 3883 3004 3938 credantur.
3051 3884 3149 3939 Est
3173 3893 3355 3940 autem
3388 3887 3479 3942 hic
3507 3887 3646 3943 liber

2057 3972 2358 4041 allegoricis
2387 3987 2452 4026 ac
2480 3974 2683 4044 ‘typicis
2732 3977 3087 4032 sacramentis
3128 3977 3370 4048 signatus
3399 3997 3410 4032 :
3437 3980 3647 4049 specia-

2056 4061 2178 4114 liter
2223 4069 2424 4127 autem,
2454 4063 2597 4131 quod
2640 4073 2819 4129 natus,
2846 4066 2988 4134 quod
3036 4081 3227 4134 passus
3249 4108 3262 4132 ,
3295 4069 3436 4138 quod
3467 4083 3646 4125 resuro

2057 4151 2198 4205 rexit
2224 4150 2469 4206 Christus
2500 4166 2663 4207 :vere
2709 4154 2812 4209 hoc
2849 4169 3007 4210 omne
3050 4157 3378 4225 psalmorum
3427 4169 3646 4217 resonat

2058 4258 2338 4313 organum.
2367 4243 2657 4299 Sciendum
2689 4255 2888 4313 tamen,
2920 4247 3063 4317 quod
3090 4250 3228 4318 apud
3254 4249 3509 4308 Hebraeos
3532 4269 3644 4308 om-

2057 4349 2154 4389 nes
2195 4335 2387 4404 psalmi
2416 4337 2669 4405 permixti
2706 4337 2906 4392 fuerint
2929 4347 2984 4392 et
3010 4339 3322 4406 inordinati,
3355 4358 3492 4411 quos
3526 4345 3642 4413 qui—

2058 4425 2178 4479 dem
2221 4425 2426 4494 primus
2458 4427 2659 4482 Esdras
2697 4428 2751 4482 in
2792 4443 2960 4483 unum
2987 4429 3236 4486 volumen
3279 4431 3478 4502 coegit,
3508 4440 3564 4488 et
3587 4433 3641 4487 in

1978 4514 2300 4610 Dordinem
2349 4531 2740 4587 numerumque
2783 4517 3069 4588 disposuit,
3119 4535 3184 4575 ac
3221 4535 3317 4590 per
3367 4521 3639 4576 occultum

2060 4607 2384 4662 sacramenti
2428 4609 2746 4677 mysterium
2798 4609 2918 4665 aliis
2967 4610 3100 4666 alios
3148 4611 3383 4681 praetulit
3431 4613 3640 4678 ordine,

2061 4699 2186 4751 dum
2215 4696 2538 4764 posteriores
2570 4698 2855 4753 videantur
2884 4701 2939 4754 in
2969 4709 3228 4770 tempore.
3271 4699 3406 4755 Nam
3452 4716 3644 4757 secun-

2061 4784 2184 4838 dum
2212 4784 2450 4838 historiae
2477 4800 2698 4840 cursum
2717 4787 2911 4842 tertius
2935 4787 3173 4856 psalmus
3193 4787 3642 4858 quinquagesimo

2061 4874 2343 4942 posterior,
2377 4875 2469 4928 sed
2517 4886 2735 4944 propter
2782 4877 3099 4947 mysterium
3150 4877 3205 4930 in
3253 4877 3444 4932 ordine
3488 4879 3639 4946 prior

2062 4972 2161 5018 est.
2199 4963 2289 5018 Sic
2314 4965 2454 5019 enim
2484 4965 2751 5020 habentur
2779 4975 2834 5022 et
2865 4956 3067 5034 cmtéri,
3095 4969 3219 5037 quia
3251 4967 3485 5036 Spiritus
3516 4984 3643 5022 sau-

2061 5065 2179 5110 ctus
2207 5073 2299 5111 cos
2325 5058 2706 5127 prmordinavit
2739 5068 2801 5114 ut
2836 5059 3022 5114 voluit.
3072 5058 3326 5114 Salomon
3356 5059 3458 5114 tria
3484 5061 3639 5114 volu-

2060 5146 2204 5198 mina
2227 5145 2410 5199 edidit.
2453 5145 2665 5201 Primus
2689 5162 2757 5201 ex
2787 5148 2871 5201 his
2912 5146 3327 5201 Proverbiorum
3355 5146 3508 5201 liber.
3544 5148 3642 5203 Se-

2059 5236 2284 5299 cundus,
2317 5237 2408 5305 qui
2460 5237 2754 5306 appellatur
2803 5236 3176 5292 Ecclesiastes.
3226 5238 3460 5304 Tertius,
3487 5238 3642 5306 cujus

2059 5327 2247 5382 titulus
2275 5336 2377 5394 est,
2409 5328 2687 5383 Canticum
2718 5330 3070 5385 canticorum.
3110 5330 3167 5384 In
3197 5331 3390 5400 quibus
3420 5331 3642 5399 quidem

2061 5419 2232 5474 tribus
2272 5419 2425 5476 libris
2453 5422 2616 5475 trium
2652 5436 2908 5491 generum
2957 5422 3268 5493 disciplinas
3309 5424 3639 5492 composuit,

2061 5511 2253 5582 quibus
2301 5513 2368 5567 ad
2418 5528 2598 5567 rerum
2641 5513 2919 5568 scientiam
2964 5515 3297 5583 pervenitur.
3343 5513 3403 5566 In
3445 5515 3644 5584 primis

2061 5615 2292 5669 namque
2341 5601 2606 5666 Ethicam,
2634 5602 2687 5656 id
2723 5609 2807 5657 est
2835 5603 3090 5659 moralem
3122 5610 3279 5670 :post
3305 5602 3418 5656 haec
3451 5601 3641 5672 physi-

2060 5707 2198 5755 cam,
2228 5708 2345 5761 qua:
2381 5692 2690 5760 qualitatem
2731 5702 2939 5748 natura:
2967 5689 3392 5762 comprehcndit,
3424 5689 3488 5744 ad
3517 5691 3641 5746 ulti-

2063 5798 2206 5841 mum
2235 5783 2518 5853 tltcoriam,
2542 5783 2594 5840 id
2621 5793 2704 5839 est
2728 5784 3215 5855 contemplativam.
3249 5784 3304 5840 In
3327 5781 3638 5840 Proverbiis
