3896 6324
247 348 350 405 ll?)

1269 339 1356 397 DE
1391 335 1739 398 UNIVERSO
1777 332 1955 392 LIBRI
1990 331 2157 388 XXII.
2193 362 2264 373 -
2301 329 2430 387 LIB.
2479 329 2545 386 γ.

3409 328 3518 384 114

246 467 390 521 enim
419 460 645 518 moralia
674 458 876 516 domus
906 472 1004 529 per
1042 472 1383 514 communem
1407 453 1696 524 qitemdam
1742 451 1822 503 lo-
1853 452 1906 511 Α
1933 459 2041 504 tem
2099 446 2395 503 Jerusalem
2425 487 2439 510 ,
2490 445 2702 499 ruinam
2751 443 3056 515 Babyloniae
3110 443 3474 499 comminatur
3498 484 3514 508 ,

247 555 442 628 quendi
470 566 628 606 usum
657 551 905 613 altiorem
931 547 1342 618 intelligentiam
1387 543 1574 606 edidit,
1605 553 1826 596 conser-

245 646 627 712 vationemque
644 641 1040 702 mandatorum,
1059 646 1114 692 et
1138 637 1396 692 doctrinae
1419 632 1655 690 coalestis
1680 631 1832 685 insti-

247 735 512 792 tutionem
554 732 846 789 succinctis
886 729 1086 792 verbis,
1136 726 1503 795 brevibusque
1547 719 1833 776 sententiis

247 824 540 896 coaptavit.
573 821 714 879 Sunt
741 828 919 881 autem
946 815 1243 875 Proverbia
1264 814 1366 870 sub
1387 812 1568 869 verbis
1597 810 1717 866 aliis
1745 821 1835 863 res

249 915 389 991 alias
421 915 769 986 explicantis,
791 926 912 984 qua
938 911 1114 976 aliter,
1143 921 1307 980 quam
1335 905 1608 970 dicuntur,
1636 900 1836 958 intelli-

248 1020 451 1085 guntur
479 1029 492 1065 :
519 1009 642 1080 plus
672 1010 728 1064 in
761 1009 964 1064 virtute
1003 1005 1393 1064 sententiarum
1431 1014 1594 1071 quam
1621 999 1676 1053 in
1703 1010 1838 1054 sono

249 1101 542 1157 verborum
566 1140 581 1166 ,
609 1114 731 1169 qua:
772 1097 948 1155 Graeci
997 1093 1323 1168 parathimia
1361 1087 1700 1164 [Paraemias]
1743 1101 1838 1142 vo-

250 1201 398 1248 cant.
1321 1209 1329 1239 I

325 1280 678 1359 Ecclesiastes
703 1295 888 1336 rerum
914 1285 1168 1335 naturam
1215 1273 1533 1338 discutiens,
1561 1276 1757 1326 cuncta
1781 1269 1838 1323 in

253 1372 455 1426 mundo
480 1370 685 1426 caduca
707 1377 763 1424 et
784 1383 923 1423 vana
950 1382 1070 1423 esse
1100 1363 1451 1436 reprehendit
1470 1403 1484 1427 ,
1514 1374 1697 1416 rerum
1725 1373 1842 1413 om-

253 1461 406 1515 nium
435 1460 725 1531 fragilitate
768 1466 1057 1528 conspecta
1087 1453 1387 1510 renuntiari
1429 1449 1630 1507 mundo
1659 1447 1844 1501 admo-

253 1551 393 1604 nuit.

322 1641 383 1695 In
431 1641 668 1697 Canticis
695 1649 876 1697 autem
903 1639 1240 1697 canticorum
1287 1647 1672 1706 supergressus
1717 1628 1846 1683 visi-

1930 538 2125 592 deinde
2156 551 2254 590 nec
2278 542 2361 590 est
2383 533 2588 605 [Forte,
2611 533 3521 604 necem]Philistiim,vastationem

1931 628 2113 692 Moab,
2132 626 2516 683 exterminium
2547 627 2820 693 Damasci,
2835 624 3054 697 [Egypti
3078 626 3519 691 commotionem,

1933 729 1989 776 et
2026 719 2370 775 solitudinem
2419 718 2587 773 maris
2636 719 2874 780 deserti.
2923 717 3261 773 obsidionem
3306 732 3524 789 quoque

1935 809 2127 877 Edom,
2155 809 2336 880 fugam
2366 817 2422 864 et
2451 808 2728 863 interitum
2767 809 3014 874 Arabiae,
3059 807 3332 865 excidium
3364 807 3523 863 vallis

1937 901 2092 967 Sion,
2123 899 2529 957 subversionem
2559 899 2724 954 etiam
2760 898 2892 969 Tyri
2918 899 3031 954 sive
3060 897 3469 967 quadrupedum
3494 915 3520 971 νε

1937 995 2031 1050 sed
2055 994 2351 1064 ﬁguraliter
2375 993 2429 1048 in
2459 992 2669 1048 visione
2689 990 2888 1047 Iudaeae
2920 1006 3189 1063 synagoga
3217 979 3554 1063 projicitur,‘

1938 1092 1993 1140 et
2020 1085 2261 1142 Ecclesia
2299 1084 2528 1140 Domino
2564 1084 2883 1153 copulatur:
2921 1083 2977 1139 in
3015 1083 3171 1138 ruina
3217 1082 3529 1154 Babylonia:

1939 1178 2182 1234 confusio
2206 1180 2372 1234 totius
2397 1177 2604 1242 mundi,
2637 1175 2994 1248 superbiaque
3025 1175 3293 1247 arguitur,
3320 1183 3377 1231 et
3404 1174 3530 1230 ﬁnis

1942 1276 2276 1324 monstratur
2303 1287 2317 1323 :
2359 1269 2414 1323 in
2461 1267 2764 1322 vastatione
2796 1266 2958 1321 Moab
2984 1281 3140 1321 error
3164 1265 3407 1322 scientiae
3429 1280 3529 1321 saa-

1941 1359 2140 1415 cularis
2169 1359 2222 1414 in
2268 1359 2541 1414 silentium
2585 1359 2896 1427 luctumque
2942 1365 3230 1411 mutatur:
3272 1356 3327 1411 in
3377 1372 3532 1413 ever-

1944 1450 2098 1505 sione
2122 1448 2343 1520 }Egypti
2374 1449 2537 1504 totius
2575 1450 2760 1503 mundi
2804 1447 3126 1504 idololatriae
3154 1447 3533 1512 destruuntur,

1946 1540 2242 1611 templique
2271 1539 2483 1594 Domini
2513 1539 2797 1594 aediﬁcatio
2839 1539 3204 1608 praedicatur:
3238 1539 3292 1594 in
3334 1539 3536 1594 contri-

1947 1633 2093 1689 tione
2117 1630 2406 1687 Philistiim
2441 1629 2617 1685 luctus
2651 1643 2838 1684 eorum
2874 1637 3233 1697 monstratur,
3261 1630 3355 1701 qui
3401 1628 3538 1698 abji-

250 1730 403 1797 bilia,
433 1741 596 1801 atque
642 1731 1014 1802 contemplans
1045 1744 1109 1784 ea
1159 1742 1280 1798 quae
1323 1733 1450 1781 sunt
1489 1722 1730 1780 caalestia
1761 1719 1847 1776 vel
1878 1797 1914 1802 _
1951 1722 2304 1793 ciuntjugum
2325 1720 2550 1785 Christi,
2583 1730 2637 1775 et
2662 1720 2878 1775 elevant
2913 1735 2973 1776 se
3017 1728 3210 1776 contra
3253 1720 3539 1775 scientiam

252 1822 436 1878 divina
463 1797 562 1878 sub
592 1823 770 1893 specie
795 1797 979 1892 sponsi
1024 1829 1081 1876 et
1103 1797 1313 1889 sponsae
1338 1815 1537 1872 Christi
1567 1813 1848 1870 Ecclesite-
1876 1797 1922 1856 Β
1950 1814 2066 1870 Dei.
2098 1813 2268 1868 Porro
2306 1827 2405 1881 per
2443 1811 2765 1867 Damascum
2816 1812 3129 1880 praedicatio
3173 1811 3438 1883 gentium,
3486 1819 3544 1866 et

251 1926 362 1983 que
408 1913 671 1968 unitatem
723 1911 998 1976 declarat,
1026 1919 1190 1978 atque
1233 1907 1470 1961 animam
1502 1906 1571 1959 ad
1605 1917 1847 1958 amorem

249 2000 553 2056 caelestium
577 2000 822 2054 excitans
849 1988 1272 2068 perveniendum
1301 1995 1369 2048 ad
1393 1993 1724 2048 consortium
1752 1989 1848 2044 Dei

251 2098 532 2162 provocat.
563 2088 696 2144 Illud
720 2103 850 2143 vero
875 2103 980 2143 non
1006 2093 1091 2141 est
1114 2083 1493 2148 omittendum,
1517 2080 1661 2152 quod
1690 2093 1721 2133 a
1749 2079 1846 2134 do-

253 2181 497 2237 ctoribus
533 2180 736 2235 nostris
766 2179 1016 2242 traditur,
1045 2176 1188 2252 apud
1215 2173 1472 2230 Hebraeos
1513 2173 1655 2228 hanc
1684 2169 1850 2225 fuisse

253 2270 710 2336 observationem,
736 2283 805 2324 ne
833 2269 1088 2338 cuiquam
1115 2267 1260 2322 hunc
1296 2265 1492 2320 librum
1523 2263 1701 2335 legere
1728 2276 1853 2332 per-

253 2364 557 2426 mitterent,
587 2361 692 2415 nisi
716 2361 836 2415 viro
857 2359 971 2427 jam
1010 2357 1266 2426 perfectae
1312 2355 1552 2411 scientiae
1592 2361 1647 2408 et
1689 2353 1850 2407 robo-

253 2461 392 2507 rata:
440 2450 564 2505 ﬁdei
591 2467 604 2502 :
629 2463 699 2503 ne
741 2447 879 2502 forte
928 2461 1024 2517 per
1067 2444 1492 2500 imbecillitatem
1533 2440 1774 2496 infantiae
1801 2447 1857 2496 et

255 2543 384 2598 ﬁdei
425 2539 754 2611 imperitiam
783 2553 892 2594 non
937 2546 1050 2592 tam
1090 2535 1332 2591 erudiret
1356 2533 1591 2605 cognitio
1616 2531 1856 2587 lubricas

251 2640 492 2692 mentes,
535 2643 697 2699 quam
733 2628 913 2697 potius
941 2626 1011 2682 ad
1038 2623 1507 2695 concupiscentias
1547 2620 1858 2692 corporales

254 2728 623 2779 converteret.
654 2717 856 2774 Omnes
889 2717 1186 2788 scripturas
1231 2714 1370 2770 tradi
1401 2711 1584 2783 pueris
1608 2727 1640 2765 a
1671 2712 1858 2766 docto-

255 2815 416 2869 ribus
443 2827 634 2868 eorum
673 2810 895 2866 solitum
919 2817 1026 2876 est,
1056 2809 1221 2864 etiam
1248 2820 1304 2863 et
1328 2821 1422 2862 eas
1449 2820 1584 2876 quas
1609 2804 1860 2859 deuteres

254 2913 529 2969 evocant,
564 2911 798 2974 quatuor
822 2907 1029 2954 tantum
1060 2900 1164 2955 ista
1189 2899 1258 2954 ad
1282 2898 1531 2953 ultimum
1551 2909 1857 2960 reservare,

258 2995 314 3050 id
345 3003 433 3050 est
459 2991 782 3064 principium
799 2988 1072 3045 Geneseos
1091 2991 1156 3044 de
1181 2989 1366 3043 mundi
1396 2987 1692 3051 creatione,
1725 2985 1860 3040 Eze-

259 3082 565 3151 chielisque
593 3078 881 3149 principia,
915 3079 969 3133 in
991 3078 1188 3149 quibus
1207 3077 1274 3133 de
1302 3077 1586 3133 cherubim
1609 3075 1856 3145 scripsit:

261 3184 320 3230 et
350 3174 517 3228 ﬁnem
540 3171 677 3240 ejus,
708 3172 763 3226 in
787 3185 894 3242 quo
923 3170 1106 3242 templi
1137 3171 1428 3242 descriptio
1449 3171 1778 3236 continetur,
1807 3177 1863 3225 et

263 3263 493 3320 Cantica
526 3263 882 3318 canticorum.

337 3353 508 3409 Liber
551 3352 870 3423 Sapientia,
901 3350 994 3422 qui
1021 3361 1249 3409 vocatur
1271 3353 1633 3423 panarethon,
1662 3349 1862 3407 Christi

263 3445 584 3510 adventum,
608 3444 701 3514 qui
722 3451 805 3499 est
831 3441 1098 3513 sapientia
1120 3442 1216 3498 Dei
1236 3441 1435 3508 Patris,
1449 3440 1864 3511 passionemqle

262 3535 389 3606 ejus
418 3543 604 3606 aperta
633 3531 1077 3589 manifestatione
1101 3532 1404 3588 denuntiat.

336 3622 754 3679 Ecclesiasticus
783 3636 914 3678 vero
948 3636 1161 3676 morum
1186 3636 1326 3692 pene
1352 3621 1594 3676 omnium
1623 3618 1862 3690 discipli-

262 3729 416 3779 nam,
438 3720 497 3769 et
523 3721 722 3768 sancta:
749 3711 1024 3782 religionis
1048 3711 1512 3767 conversationem
1545 3709 1748 3764 affatim
1770 3725 1866 3765 co-

263 3808 418 3876 piose
445 3804 753 3875 descripsit.
778 3792 970 3859 Dictus
996 3811 1176 3858 autem
1199 3801 1618 3858 Ecclesiasticus
1644 3816 1745 3870 pro
1775 3815 1862 3867 eo,

262 3897 411 3968 quod
449 3897 508 3951 in
541 3895 720 3952 medio
762 3902 905 3950 coetu
943 3892 1144 3965 populi,
1177 3893 1231 3950 id
1272 3902 1357 3949 est
1397 3908 1583 3949 coram
1624 3890 1867 3947 Ecclesia

263 3988 446 4044 fuerat
479 3987 719 4043 habitus.
749 3985 850 4040 ilic
888 3985 1031 4040 enim
1073 3993 1294 4056 propter
1317 3985 1541 4040 nimiam
1570 3998 1763 4038 sensus
1789 3983 1863 4038 si-

263 4077 633 4132 militudinem
667 4084 724 4131 et
762 4074 962 4145 eloquii
1002 4074 1332 4146 parilitatem
1363 4075 1668 4131 Salomonis
1707 4073 1866 4128 titulo

263 4176 628 4241 praenotatur.
684 4165 908 4222 Constat
956 4175 1136 4222 autem
1185 4167 1330 4222 hunc
1359 4166 1558 4221 librum
1599 4165 1698 4220 sub
1739 4163 1867 4219 Jesu

265 4259 378 4315 ﬁlio
406 4257 604 4314 Sirach
633 4257 834 4312 editum
878 4255 1067 4321 fuisse,
1098 4265 1154 4312 et
1191 4256 1332 4310 inter
1376 4255 1612 4324 reliquos
1652 4262 1866 4309 sancta-

264 4366 388 4406 rum
451 4349 861 4418 Scripturarum
918 4346 1084 4402 libros
1147 4347 1269 4416 pari
1331 4345 1576 4401 habitum
1636 4355 1866 4399 venera-

263 4442 438 4496 tione.

332 4547 508 4603 lsaias
547 4543 830 4616 propheta,
874 4542 968 4613 qui
1008 4542 1398 4613 interpretatur
1436 4543 1581 4598 salus
1626 4543 1864 4609 Domini,

1949 1907 2105 1961 ruina
2136 1905 2441 1960 ostenditur
2475 1901 2657 1972 populi
2689 1901 2995 1958 Judaeorum
3029 1921 3043 1958 :
3076 1917 3174 1973 per
3198 1918 3335 1958 onus
3373 1902 3545 1958 maris

1951 1997 2168 2061 deserti,
2201 1993 2364 2063 hujus
2410 1993 2590 2050 saeculi
2637 1995 2916 2062 temptatio
2965 1993 3289 2058 declaratur,
3321 2001 3376 2048 et
3423 2007 3545 2062 qua

1952 2080 2030 2141 illi
2055 2093 2284 2142 ventura
2316 2091 2464 2150 sunt,
2489 2083 2869 2139 ostenduntur.
2919 2081 3025 2138 Per
3049 2081 3343 2137 ldumaeam
3371 2082 3546 2137 oritur

1954 2179 2035 2234 sol
2065 2178 2290 2247 justitiaa
2319 2176 2584 2249 gentium,
2614 2183 2669 2229 et
2704 2175 2940 2230 tenebrae
2981 2173 3304 2229 auferuntur
3329 2173 3546 2243 populis

1953 2267 2293 2334 Iudaeorum;
2323 2283 2422 2338 per
2449 2265 2704 2322 Arabiam
2732 2267 3063 2337 praedicatur
3088 2280 3226 2337 aqua
3252 2267 3549 2337 baptisma—

1957 2358 2046 2420 tis,
2078 2356 2368 2427 praebenda
2415 2355 2501 2410 his
2519 2396 2534 2422 ,
2558 2355 2650 2426 qui
2679 2353 2915 2427 fugerint
2940 2356 3184 2424 gentium
3215 2372 3432 2413 errores
3461 2356 3550 2413 vel

1956 2462 2142 2503 eorum
2182 2446 2567 2516 blasphemias.
2597 2445 2698 2500 Per
2728 2445 2925 2501 vallem
2957 2444 3088 2500 Sion
3135 2445 3368 2517 perditio
3406 2461 3551 2516 prai-

1958 2537 2168 2593 dicatur
2186 2534 2486 2592 Jerusalem
2514 2543 2572 2592 et
2597 2536 2995 2603 haereticorum,
3013 2537 3105 2606 qui
3132 2536 3197 2592 de
3218 2536 3553 2594 sublimitate

1957 2628 2216 2685 Ecclesia:
2259 2629 2593 2685 ceciderunt.
2647 2628 2752 2685 Per
2797 2628 2999 2700 Tyrum
3054 2629 3302 2698 gentibus
3352 2631 3550 2700 praedi-

1960 2729 2148 2786 catur,
2172 2727 2229 2774 ut
2265 2719 2473 2775 scilicet
2507 2734 2694 2775 errore
2725 2719 2968 2788 deposito
3007 2717 3076 2774 ad
3120 2717 3396 2775 Christum
3447 2721 3553 2776 Do-

1961 2814 2166 2868 minum
2202 2818 2588 2867 convertantur
2619 2831 2631 2865 :
2666 2811 2871 2882 reliqua
2899 2827 3030 2868 vero
3051 2808 3171 2882 ejus
3198 2811 3284 2867 vel
3308 2812 3375 2868 de
3396 2812 3554 2870 Cluit-

1961 2913 2047 2959 sto
2074 2903 2159 2958 vel
2187 2903 2254 2958 de
2294 2903 2535 2959 Ecclesia
2564 2906 2804 2975 gentium
2851 2910 3000 2970 sunt,
3036 2906 3150 2962 sive
3193 2905 3260 2962 de
3301 2921 3554 2962 consum-

1962 2995 2202 3050 matione
2229 2995 2434 3050 mundi.
2461 2993 2812 3064 Prophetavit
2841 3010 3109 3052 annorum
3141 2994 3312 3053 ferme
3338 3005 3556 3068 septua-

1963 3084 2112 3156 ginta
2159 3087 2259 3140 sub
2307 3086 2523 3157 regibus
2552 3096 2786 3156 quatuor
2814 3084 3012 3142 Judaate
3046 3087 3237 3143 ordine
3271 3098 3434 3159 atque
3464 3105 3556 3160 ge-

1965 3190 2095 3231 nere
2124 3175 2341 3230 sibimet
2384 3177 2828 3242 succedentibus,
2863 3177 2916 3234 id
2958 3185 3061 3245 est,
3107 3177 3261 3245 Ozia,
3313 3178 3555 3247 Mathan,

1962 3262 2208 3332 Achach,
2233 3266 2302 3320 ad
2339 3266 2589 3322 ultimum
2626 3267 2881 3334 Ezechia,
2910 3269 3010 3325 sub
3046 3285 3155 3340 quo
3199 3285 3326 3340 pars
3360 3287 3556 3343 magna

1962 3355 2254 3412 voluminis
2281 3354 2400 3424 ejus
2427 3373 2598 3426 usque
2627 3359 2697 3414 ad
2741 3359 2946 3415 calcem
2993 3359 3195 3416 texitur
3237 3361 3556 3432 prophetia.

1963 3445 2231 3503 Jeremias
2271 3447 2694 3520 interpretatur,
2739 3451 2992 3521 propheta
3039 3440 3274 3506 exce'lsus
3320 3451 3558 3522 Domini,

1965 3538 2195 3610 simplex
2223 3539 2514 3610 loquendo,
2541 3552 2598 3596 et
2623 3543 2692 3596 ad
2721 3541 3126 3612 intelligendum
3154 3541 3346 3610 facilis,
3379 3545 3472 3615 qui
3502 3547 3558 3601 in

1966 3630 2216 3684 omnibus
2239 3629 2399 3686 dictis
2423 3640 2479 3686 et
2506 3633 2846 3702 passionibus
2872 3633 3004 3699 suis,
3036 3633 3414 3707 Redemptoris
3457 3651 3560 3692 no-

1968 3720 2065 3774 stri
2091 3719 2378 3791 imaginem
2401 3721 2658 3791 praetulit.
2687 3723 2787 3779 Hic
2807 3733 3096 3793 postquam
3120 3724 3178 3780 in
3205 3736 3331 3797 typo
3356 3726 3562 3783 Christi

1970 3825 2135 3882 regna
2175 3809 2445 3864 destruxit
2477 3811 2708 3876 diaboli,
2753 3811 3085 3884 iustitiaeque
3133 3814 3218 3870 vel
3263 3815 3388 3872 ﬁdei
3432 3817 3563 3872 tedi-

1970 3898 2153 3953 ﬁcavit
2219 3899 2506 3968 imperium
2546 3918 2561 3952 :
2605 3899 2827 3969 jubetur
2873 3905 3169 3972 praedicam
3222 3920 3319 3977 per
3372 3922 3561 3969 omnes

1969 3997 2178 4058 gentes,
2224 3988 2518 4060 Egyptum
2558 3990 2832 4057 videlicet,
2873 4002 2928 4048 et
2974 3993 3277 4060 Philistum,
3316 3996 3470 4053 Moab
3507 4007 3563 4054 et

1971 4080 2226 4146 Ammon,
2260 4080 2428 4135 Edom
2454 4089 2510 4136 et
2564 4080 2887 4138 Damascum
2940 4093 2996 4140 et
3050 4085 3243 4153 Cedar,
3291 4097 3347 4144 et
3399 4104 3562 4160 super

1970 4185 2136 4241 regna
2162 4170 2354 4238 Assur,
2385 4185 2487 4227 nec
2532 4187 2640 4229 non
2678 4187 2840 4244 super
2884 4174 3034 4230 Elam
3082 4186 3139 4232 et
3182 4177 3558 4250 Babyloniam.

1969 4264 2070 4322 Hic
2093 4276 2272 4322 autem
2303 4267 2440 4322 vidit
2460 4267 2670 4339 virgam
2696 4267 3008 4338 vigilantem
3041 4269 3238 4327 divina:
3264 4275 3563 4350 correptio-

1970 4358 2056 4412 nis
2083 4366 2139 4413 et
2182 4360 2484 4429 potestatis,
2534 4359 2694 4414 ollam
2747 4374 2962 4430 quoque
3009 4375 3348 4431 succensam,
3379 4366 3433 4421 id
3479 4377 3564 4424 est

1970 4446 2250 4503 Judaicam
2278 4449 2490 4519 plebem
2519 4450 2643 4521 igne
2687 4450 2986 4506 carnalium
3033 4452 3422 4511 desideriorum
3473 4473 3561 4513 ar-

1972 4538 2190 4593 dentem
2233 4539 2450 4609 aspicit,
2482 4547 2537 4596 et
2572 4541 2705 4595 duos
2728 4540 2933 4596 coﬁnos
2972 4541 3200 4599 ﬁcorum
3229 4544 3283 4599 in
3309 4547 3560 4618 praeﬁgu-

259 4649 559 4711 postquam
604 4637 671 4692 de
701 4635 862 4690 altari
894 4635 1093 4691 missus
1138 4634 1379 4690 calculus
1420 4634 1563 4689 labia
1594 4634 1708 4704 ejus
1735 4651 1867 4704 pur-
1971 4633 2182 4688 ratione
2227 4633 2456 4689 duorum
2504 4632 2845 4704 populorum,
2898 4633 3177 4692 descendit
3231 4637 3286 4693 in
3340 4638 3560 4694 domum

260 4732 449 4800 gavit,
515 4736 575 4783 ut
635 4728 828 4797 dignus
873 4725 1176 4783 elIlceretur
1222 4727 1397 4781 sancti
1456 4725 1688 4797 Spiritus
1737 4740 1864 4796 pro—
1971 4722 2138 4794 ﬁguli,
2166 4731 2221 4779 et
2255 4725 2401 4780 videt
2425 4723 2836 4779 diminutionem
2884 4725 3029 4781 vasis
3079 4727 3276 4796 prioris
3327 4736 3383 4784 et
3430 4730 3559 4786 novi

257 4821 470 4890 phetia,
509 4816 823 4887 speculatur
871 4819 978 4872 duo
1018 4817 1300 4872 cherubim
1329 4817 1383 4870 in
1417 4817 1701 4886 aenigmate
1735 4815 1868 4870 duo-
1969 4813 2419 4870 instaurationem
2477 4812 2544 4867 ad
2601 4815 2989 4886 designandum
3042 4816 3312 4873 defectum
3359 4819 3560 4889 prioris

260 4928 376 4965 rum
407 4917 873 4966 testamentorum
901 4924 1026 4979 cum
1058 4907 1338 4964 duodecim
1384 4907 1504 4971 alis,
1535 4909 1587 4962 id
1615 4916 1698 4962 est
1734 4923 1867 4976 apo—
1970 4906 2174 4976 populi,
2206 4915 2261 4962 et
2290 4906 2686 4962 successionem
2717 4905 2903 4961 futuri.
2932 4905 3110 4964 Sumit
3138 4910 3301 4966 etiam
3336 4912 3560 4967 calicem

259 5002 432 5067 stolis,
460 5002 557 5072 qui
592 5001 976 5071 praedicatione
1001 5015 1098 5056 sua
1127 4999 1334 5054 volucri
1362 4999 1640 5054 celeritate
1662 4999 1871 5054 discur-
1975 4997 2240 5068 supplicii,
2272 5005 2435 5068 atque
2472 4998 2739 5053 universis
2779 4999 3028 5068 gentibus
3067 5001 3314 5072 porrigit.
3349 5002 3560 5074 Accipit

260 5101 470 5157 rerunt,
505 5100 752 5162 tegentes
797 5092 992 5148 faciem
1035 5099 1091 5147 et
1116 5091 1281 5160 pedes
1311 5090 1548 5146 sedentis
1585 5090 1640 5145 in
1670 5093 1868 5148 throno
1975 5100 2030 5146 et
2069 5091 2310 5147 lumbare
2361 5092 2462 5146 sub
2509 5090 2756 5160 exemplo
2797 5093 2976 5162 populi
3007 5091 3336 5159 Judaeorum,
3373 5103 3560 5162 putre»

259 5179 376 5246 Dei,
403 5180 460 5235 id
491 5189 582 5234 est
607 5179 944 5236 occultantes
969 5195 1054 5246 ea,
1083 5180 1196 5234 sive
1239 5195 1359 5249 qua:
1388 5189 1513 5236 ante
1543 5181 1867 5238 saeculifue-
1976 5182 2176 5238 factum
2241 5183 2295 5239 in
2355 5183 2728 5252 desperatione
2787 5182 3000 5253 projicit
3075 5182 3204 5238 illud
3251 5192 3400 5239 trans
3460 5184 3561 5239 ﬁu-

261 5281 386 5326 runt
409 5269 669 5336 exordia,
693 5271 805 5326 sive
833 5287 952 5342 quae
975 5279 1100 5343 post
1125 5279 1453 5328 transactam
1482 5271 1643 5342 hujus
1681 5273 1865 5328 mundi
1975 5276 2120 5331 mina
2144 5276 2385 5346 gentium
2417 5294 2428 5330 :
2459 5275 2695 5330 ostendit
2723 5283 2776 5329 et
2798 5274 3019 5330 calicem
3033 5287 3258 5329 aureum
3274 5274 3560 5346 Babylonis

261 5362 493 5434 ﬁguram
522 5361 707 5416 futura
738 5370 883 5418 sunt.
935 5362 1034 5418 Hic
1065 5369 1245 5420 tamen
1270 5372 1393 5435 post
1416 5364 1678 5420 visionem
1717 5361 1868 5421 Judaa
1974 5381 2072 5437 per
2101 5381 2263 5436 quem
2294 5366 2594 5422 inebriatus
2621 5374 2704 5421 est
2747 5365 2999 5432 mundus,
3031 5365 3302 5422 letiferum
3338 5363 3562 5421 idolon.

259 5463 313 5508 et
346 5451 658 5509 Jerusalem
707 5453 967 5510 adversus
1005 5463 1231 5511 caeteras
1269 5463 1478 5526 gentes,
1512 5470 1631 5526 quae
1675 5455 1730 5509 in
1757 5456 1868 5511 cir-
1974 5456 2093 5512 tria:
2121 5471 2265 5522 vase,
2289 5456 2508 5526 jubetur
2544 5454 2811 5525 projicere
2856 5455 2912 5510 in
2947 5455 3276 5525 Euphratem
3307 5453 3562 5511 volumen

260 5543 408 5598 cuitu
450 5540 577 5610 ejus
617 5551 768 5609 sunt,
803 5543 1102 5613 prophetiae
1144 5544 1413 5599 convertit
1457 5559 1788 5610 sermonem,
1818 5551 1873 5600 et
1975 5546 2140 5617 lapidi
2171 5547 2446 5617 alligatum
2475 5547 2544 5601 ad
2572 5546 3050 5602 demonstrandum
3081 5544 3360 5601 interitum
3385 5545 3561 5617 Baby-

257 5632 411 5702 juxta
443 5631 773 5704 qualitatem
798 5633 1061 5700 locorum,
1086 5641 1142 5690 et
1175 5634 1298 5689 vitae
1339 5635 1728 5703 diversitatem,
1752 5651 1873 5707 qum
1976 5637 2136 5704 lonis,
2168 5638 2253 5693 vel
2280 5636 2580 5708 ﬁguraliter
2627 5637 2793 5693 totius
2847 5635 3032 5696 mundi
3064 5653 3077 5690 :
3108 5636 3352 5707 increpat
3393 5634 3563 5693 etiam

263 5734 446 5779 essent
493 5723 579 5780 eis
624 5723 768 5780 mala
804 5733 1054 5793 ventura,
1081 5725 1384 5782 denuntiat.
1414 5726 1544 5784 Post
1586 5728 1872 5799 captivita-
1979 5730 2067 5786 hic
2096 5730 2500 5800 delinquentes,
2528 5741 2585 5788 et
2617 5732 2685 5788 ad
2704 5728 3115 5788 conversionem
3155 5735 3417 5801 provocat
3445 5745 3460 5785 :
3490 5727 3562 5786 ad
