3896 6330
374 324 479 378 115

1013 319 1074 373 Β.
1116 320 1367 375 RABANI
1403 321 1624 381 MAURI
1663 319 1982 379 ARCHIEP.
2027 318 2334 377 MOGUNT.
2374 323 2662 383 OPERUM
2698 327 2879 386 PARS
2909 330 2973 385 Il.

3547 338 3656 396 H6

374 437 622 491 ultimum
647 434 854 505 plangit
880 433 1094 487 ruinam
1116 430 1441 499 Jerusalem,
1470 435 1764 505 templique
1801 434 1953 489 exci—
1980 432 2034 490 A
2058 432 2159 491 bus
2188 436 2473 504 promittit.
2501 437 2578 493 De
2618 437 2956 507 Antichristo
2983 456 3197 513 quoque
3224 447 3476 515 ostendit,
3506 449 3654 519 quod

372 528 543 594 dium,
567 535 623 582 et
658 523 1048 594 dispersionem
1101 523 1297 594 gentis.
1342 524 1584 581 Exorsus
1610 533 1791 580 autem
1820 524 1957 579 duo-

372 619 584 676 decimo
614 632 756 673 anno
780 614 941 671 Josia
980 614 1125 687 regis
1163 612 1382 682 Judaa,
1411 617 1801 687 prophetiaque
1843 614 1959 685 ejus

370 729 470 784 per
491 718 727 783 quatuor
745 724 902 781 reges
928 717 1154 765 extensa
1181 718 1265 765 est
1293 710 1395 765 sub
1417 707 1564 766 Josia
1590 716 1646 765 et
1670 706 1954 775 Eliachim,

369 813 426 859 ct
450 801 723 868 Joachim,
747 809 803 856 et
826 798 1090 856 Sedechia
1121 813 1228 869 quo
1272 814 1462 865 eversa
1506 808 1592 856 est
1639 798 1955 859 Jerusalem.

370 893 729 965 Septuaginta
758 892 967 947 duobus
991 889 1151 945 annis
1174 899 1230 944 et
1252 897 1488 962 quatuor
1528 887 1807 946 mensibus
1832 904 1960 959 pro-

367 974 633 1052 phetavit,
662 987 889 1050 excepto
920 978 1011 1034 illo
1040 986 1293 1051 tempore
1320 995 1427 1050 quo
1445 988 1570 1051 post
1596 992 1842 1036 eversam
1864 976 1957 1035 Je-

368 1071 601 1129 rusalem
631 1070 687 1125 in
716 1068 953 1142 Egypto
978 1085 1103 1125 cum
1132 1069 1332 1141 populo
1352 1068 1474 1126 fuit.

436 1162 728 1227 Ezechiel,
774 1160 865 1231 qui
910 1161 1304 1239 interpretatur
1354 1160 1610 1230 fortitudo
1656 1158 1780 1225 Dei,
1825 1161 1959 1229 ligu-

365 1270 495 1310 rans
543 1253 752 1323 tropice
795 1251 1108 1319 Christum,
1149 1261 1258 1308 stat
1287 1252 1441 1322 juxta
1476 1250 1698 1306 ﬂuvium
1744 1250 1961 1306 Thobar

364 1346 593 1415 scilicet,
627 1354 683 1401 et
705 1345 969 1417 praclara
993 1347 1279 1402 continens
1309 1346 1590 1417 mysteria,
1606 1344 1783 1400 cernit
1806 1342 1961 1398 simi-

364 1439 646 1494 litudinem
670 1438 855 1511 gloria
883 1438 1000 1504 Dei,
1025 1446 1079 1494 et
1108 1446 1345 1510 quatuor
1371 1436 1626 1493 animalia
1666 1435 1724 1490 in
1768 1434 1960 1491 simili-

363 1530 552 1587 tudine
573 1540 808 1602 quatuor
854 1528 1291 1601 Evangeliorum,
1322 1537 1380 1585 et
1423 1537 1572 1585 rotas
1623 1542 1682 1583 se
1726 1526 1959 1582 invicem

362 1624 710 1681 continentes
735 1623 793 1678 in
835 1631 965 1694 typo
999 1623 1229 1678 duorum
1290 1627 1740 1678 testamentorum
1770 1637 1782 1671 :
1814 1618 1961 1674 videt

364 1715 635 1785 aurigam,
656 1714 713 1769 id
740 1722 846 1779 est,
865 1711 1143 1769 Christum
1170 1713 1423 1769 deorsum
1450 1712 1573 1781 igne
1595 1707 1808 1777 judicii,
1834 1722 1957 1764 sur-

2063 524 2179 595 ipse
2204 526 2275 581 sit
2302 541 2471 582 cornu
2496 528 2770 598 pusillum,
2788 528 2843 587 id
2868 539 2972 597 est,
2996 548 3166 602 parvo
3194 544 3435 608 tempore
3458 554 3656 612 regna-

2063 624 2247 682 turus;
2272 617 2337 672 de
2353 620 2821 675 consummatione
2841 620 3007 677 Israel
3030 624 3112 693 vel
3139 630 3324 693 mundi
3344 629 3501 702 plura
3521 646 3657 693 con-

2061 702 2297 780 scripsit,
2328 707 2441 761 sive
2464 707 2530 763 de
2561 707 2648 764 die
2669 709 2879 785 judicii,
2906 718 3074 793 regno
3099 724 3432 793 sanctorum.
3458 720 3525 785 In
3542 704 3655 787 line

2061 806 2241 853 autem
2276 797 2567 859 voluminis
2594 801 2890 873 prophetia
2916 809 3050 877 sua,
3077 803 3342 881 Susanna
3362 812 3654 881 historiam

2060 892 2115 946 et
2142 884 2283 940 Belis
2312 885 2681 959 Draconisque
2708 888 2949 967 fabulam
2975 893 3145 970 ponit.
3179 892 3280 969 Hic
3306 909 3487 971 autem
3516 902 3655 959 liber

2059 977 2201 1047 apud
2216 975 2471 1045 Hebraos
2487 979 2767 1037 Hebraicis
2788 967 3230 1063 quidemn-lteris,
3361 967 3659 1063 Chaldaica

2057 1065 2244 1153 lingua
2273 1070 2507 1150 scriptus
2545 1080 2646 1137 est.
2672 1058 3024 1143 Prophetavlt
3056 1058 3237 1151 autern
3272 1058 3334 1136 in
3356 1059 3651 1156 Babylone,

2059 1160 2277 1229 quando
2303 1168 2359 1215 et
2383 1162 2658 1219 Ezechiel.

2131 1251 2266 1307 Osee
2292 1256 2574 1324 propheta,
2604 1259 2694 1327 qui
2718 1259 3129 1335 interpretatur,
3156 1262 3365 1339 salvan;
3382 1306 3397 1330 ,
3428 1267 3485 1323 in
3512 1267 3653 1322 duo-

2060 1342 2238 1398 decim
2271 1345 2609 1415 primus-est,
2657 1351 2975 1424 profundior
3000 1354 3222 1425 reliquis
3252 1358 3305 1412 in
3334 1360 3649 1427 sententiis,

2059 1439 2116 1487 et
2139 1435 2417 1504 operosior
2444 1437 2742 1494 intellectu.
2780 1441 2886 1496 Iste
2933 1442 3000 1515 ad
3048 1458 3151 1517 eas
3207 1445 3406 1514 tribus,
3432 1463 3553 1517 qua
3598 1457 3654 1503 et

2060 1521 2339 1591 Samaria,
2386 1535 2441 1581 et
2484 1528 2677 1585 domus
2714 1528 2943 1602 Joseph,
2981 1542 3037 1589 et
3076 1532 3242 1589 Israel
3289 1538 3650 1606 vocabantur,

2057 1614 2299 1685 loquitur
2328 1633 2341 1671 :
2374 1618 2467 1674 sed
2506 1636 2603 1691 per
2641 1621 2873 1691 Ephran
2901 1625 3187 1687 haereticos
3213 1630 3414 1702 arguit,
3446 1631 3540 1700 qui
3566 1645 3654 1686 re—

2059 1706 2314 1766 cedentes
2344 1711 2704 1783 qualicunque
2733 1729 2993 1774 ex-causa
3018 1715 3087 1772 ab
3114 1717 3371 1787 Ecclesiae
3414 1722 3650 1790 unitate,

360 1823 483 1863 sum
512 1806 722 1873 electri,
776 1807 829 1861 id
869 1814 971 1872 est,
1021 1804 1318 1860 divinitatis
1367 1801 1575 1874 fulgore
1614 1800 1950 1867 rutilantem.
1979 1810 2031 1872 Β
2058 1798 2347 1869 participes
2366 1800 2492 1856 facti
2524 1810 2652 1856 sunt
2678 1802 2942 1858 idolorum
2976 1824 2989 1859 :
3017 1821 3117 1876 per
3139 1806 3442 1864 Samariam
3468 1819 3653 1880 autem

360 1899 607 1955 Comedit
628 1913 844 1969 quoque
870 1898 1067 1954 librum
1094 1896 1290 1952 divina
1315 1895 1473 1965 legis,
1494 1899 1547 1950 in
1571 1910 1678 1965 quo
1695 1895 1957 1964 scriptum

357 1998 446 2047 est
468 1990 767 2046 lamentum
791 1990 1192 2061 poenitentium,
1220 1997 1275 2044 et
1322 2002 1542 2043 carmen
1583 1987 1875 2057 jUStorum,
1903 1993 1958 2040 et

356 2094 443 2134 va
468 2094 676 2144 eorum,
706 2078 797 2149 qui
824 2087 949 2148 post
977 2085 1260 2149 peccatum
1288 2075 1667 2147 paenitentiam
1696 2089 1804 2130 non
1833 2089 1958 2147 ege-

357 2177 507 2226 runt.
531 2169 740 2225 Dehinc
762 2169 972 2237 accepit
999 2169 1245 2231 laterem,
1270 2166 1324 2220 in
1352 2180 1459 2234 quo
1480 2166 1717 2220 obsessa
1736 2164 1957 2219 Jerusa-

350 2261 465 2316 lem
493 2260 709 2332 pictura
736 2258 1065 2314 describitur
1097 2275 1109 2311 :
1140 2256 1225 2312 vel
1252 2256 1395 2329 quod
1437 2256 1537 2310 sub
1585 2262 1711 2327 typo
1750 2253 1952 2321 Christi

363 2353 604 2424 ejusdem
630 2350 950 2417 Jerusalem,
986 2350 1047 2421 id
1088 2359 1193 2416 est,
1226 2350 1390 2404 totius
1416 2348 1697 2417 Ecclesia,
1720 2352 1841 2418 qua
1869 2357 1954 2405 est

344 2463 387 2500 'a
421 2444 496 2518 [θ]
524 2444 695 2500 latere
722 2443 923 2499 Christi
970 2442 1224 2508 formata,
1257 2442 1515 2513 mysteria
1551 2439 1948 2496 describuntur.

356 2537 514 2608 Capit
538 2537 705 2592 etiam
733 2544 790 2592 et
828 2535 919 2617 hic
946 2535 1212 2605 propheta
1242 2548 1491 2602 somnum
1522 2532 1729 2589 sinistri
1766 2532 1953 2589 lateris

360 2630 416 2702 in
443 2636 631 2700 typum
656 2626 850 2682 mortis
875 2620 1263 2696 peccatorum,
1294 2625 1385 2695 qui
1433 2625 1501 2681 ad
1547 2624 1736 2680 lavam
1787 2622 1951 2695 positi

357 2727 561 2775 aterna
588 2717 851 2791 supplicia
876 2717 1239 2774 suatinebun‘t.
1271 2706 1363 2771 Ac'
1395 2717 1613 2771 demum
1662 2730 1691 2769 a
1729 2714 1950 2770 sinistro

357 2812 413 2867 in
446 2812 637 2886 dextro
666 2811 904 2879 dormire
942 2808 1162 2879 jubetur
1188 2815 1412 2879 pr0pter
1441 2822 1589 2879 spem
1628 2819 1814 2862 eorum
1856 2805 1950 2886 qui

354 2884 463 2973 pro
479 2901 857 2958 emendatione
885 2914 1098 2955 morum
1127 2886 1549 2965 resurrectionis
1582 2895 1810 2967 gloriam
1854 2884 1950 2949 ob-

354 2980 626 3049 tinebunt.
652 2991 860 3066 Aspicit
887 2992 942 3045 in
970 3000 1117 3051 terra
1150 2998 1208 3046 et
1234 2989 1369 3043 duas
1405 2988 1587 3061 virgas
1617 2986 1834 3043 sibimet
1860 3001 1951 3042 co—

353 3084 605 3157 pulantes
622 3084 686 3139 in
717 3081 1130 3141 similitudinem
1150 3081 1579 3137 circumcisionis
1599 3088 1653 3135 et
1674 3079 1946 3149 gentium.

2057 1892 2371 1947 eorumdem
2432 1888 2819 1973 hareticorum
2862 1896 3203 1953 demonstrat
3241 1893 3506 1967 errorem,
3558 1902 3653 1989 qui

2056 1991 2449 2057 praeceptorum
2475 1983 2572 2043 Dei
2620 1985 2874 2046 custodes
2915 2001 3039 2045 esse
3088 2002 3146 2045 se
3195 1983 3653 2059 mentiuntur.“

2056 2072 2156 2127 sub
2180 2080 2441 2143 pratextu
2470 2075 2717 2131 veritatis
2735 2077 3085 2149 mendacium
3113 2078 3318 2149 count.
3350 2079 3451 2149 llic
3480 2078 3650 2148 histo-

2056 2161 2261 2217 rialiter
2288 2162 2501 2225 Judaos
2536 2165 2590 2220 in
2619 2165 2895 2222 Christum
2917 2174 3163 2239 tempore
3202 2170 3392 2237 ultimo
3414 2151 3653 2240 creditu-

2056 2267 2146 2307 ros
2171 2255 2584 2322 pronuntiavit:
2609 2257 2827 2311 tertium
2859 2271 3076 2336 quoque
3104 2264 3524 2332 resurrectionis
3555 2254 3652 2325 dn-

2053 2342 2270 2398 miuica
2291 2344 2433 2399 diem
2459 2345 3109 2425 pradixit-Propbetavit
3136 2358 3321 2419 autem
3362 2352 3419 2409 in
3461 2355 3651 2410 diebus

2055 2430 2201 2489 Ozia
2229 2437 2376 2505 regis
2400 2434 2616 2504 Judaa,
2658 2441 2873 2515 quando
2902 2449 2959 2496 et
2984 2439 3173 2511 Isaias.

2125 2525 2282 2588 Johel
2316 2528 2726 2609 interpretatur,
2763 2531 3014 2603 incipiens
3044 2549 3066 2589 :
3090 2534 3194 2599 iste
3217 2536 3285 2603 ad
3306 2535 3501 2606 Judam
3528 2546 3649 2595 tan-

2054 2626 2171 2675 tum
2202 2627 2256 2673 et
2284 2616 2583 2675 Jerusalem
2619 2621 2931 2693 vaticinium
2966 2624 3249 2695 proferens
3288 2628 3343 2690 in
3382 2615 3648 2705 principio

2055 2709 2138 2764 sui
2176 2708 2466 2767 voluminis
2497 2712 2633 2783 post
2666 2713 2985 2787 voluptuosa
3033 2717 3278 2783 convivia
3322 2720 3392 2781 ad
3439 2709 3646 2789 Iustum

2053 2812 2310 2877 provocat
2354 2803 2675 2879 Jerusalem,
2722 2807 2995 2871 excidium
3048 2824 3265 2883 quoque
3303 2814 3642 2885 pronuntiat,

2052 2894 2310 2967 pradicat
2339 2896 2555 2967 quoque
2581 2891 2920 2968 vocationem
2947 2888 3211 2977 gentium,
3241 2910 3295 2967 et
3324 2919 3486 2975 super
3508 2920 3642 2969 con.

2054 2994 2307 3072 gregatos
2375 2987 2662 3057 credentes
2703 2995 3157 3060 superventurum
3199 2981 3465 3063 Spiritum
3512 3012 3641 3057 san-

2054 3084 2220 3132 ctum.
2254 3073 2552 3143 Prophetat
2578 3078 2679 3133 sub
2703 3076 2936 3142 Joathan
2961 3094 3087 3152 rege
3112 3078 3271 3153 Juda,
3319 3086 3541 3156 quando
3578 3095 3641 3147 ,ει

354 3176 470 3230 sive
492 3173 725 3259 aquilam
755 3172 855 3229 sub
880 3170 1376 3228 Nabuchodonosor
1408 3169 1681 3235 volantem
1699 3210 1714 3235 ,
1743 3168 1947 3225 Christi
1971 3157 2021 3223 C
2053 3166 2326 3224 Michaas.

356 3263 605 3338 ﬁguram,
621 3264 831 3336 magnis
851 3263 952 3319 alis
976 3271 1032 3318 et
1052 3262 1257 3318 volucri
1280 3261 1560 3316 celeritate
1582 3270 1596 3313 ς
1604 3260 1747 3315 otius
1763 3259 1949 3319 mundi

352 3358 642 3433 imperium
674 3361 1051 3426 occupantem.
1082 3351 1294 3423 Planglt
1317 3358 1581 3421 praterea
1627 3351 1729 3413 sub
1769 3348 1948 3430 specie

355 3449 620 3524 principis
644 3446 775 3519 ll‘yri
800 3444 1198 3519 beatitudinem
1218 3441 1414 3499 diaboli
1432 3452 1637 3511 ,‘quam
1665 3438 1867 3507 amisit,
1893 3449 1949 3511 et

353 3526 570 3599 ruinam
597 3536 717 3616 ejus
741 3548 993 3607 magnam
1021 3548 1143 3589 eum
1176 3530 1555 3587 lamentatione
1583 3529 1946 3603 deplorat.Ad

351 3628 604 3687 ultinmm
653 3625 973 3681 arundinem
1014 3623 1099 3678 vel
1139 3622 1436 3697 funiculum
1477 3630 1694 3692 gestans
1723 3620 1946 3675 metitur

356 3720 458 3776 sub
495 3717 675 3789 specie
702 3724 1015 3772 sanctorum
1040 3715 1269 3787 mystice
1297 3712 1619 3785 Jerusalem.
1659 3709 1805 3778 Inter
1827 3709 1944 3779 hac

352 3807 897 3879 mystica-subiacent
919 3805 1165 3874 quaedam
1195 3802 1445 3875 moralia.
1490 3800 1664 3856 Falsis
1713 3796 1943 3856 Commi-

351 3889 516 3955 natur
552 3897 853 3970 prophetis,
900 3904 1061 3967 atque
1109 3894 1538 3965 speculatoribus
1580 3895 1843 3965 pracipit,
1876 3911 1945 3961 ne

352 3991 621 4045 reticeant
653 3985 917 4043 malitiam
945 4005 959 4041 :
998 3993 1234 4056 quatuor
1260 3986 1423 4041 etiam
1452 3974 1718 4051 ultionum
1753 4000 1943 4059 poenas

348 4080 731 4151 peccatoribus
752 4078 1013 4150 pradicat
1030 4117 1045 4143 ,
1069 4075 1385 4151 animasque
1408 4076 1588 4133 redire
1616 4076 1683 4130 ad
1714 4092 1941 4149 corpora

351 4187 451 4227 sua
479 4172 810 4241 prophetat:
843 4167 1081 4225 ostendit
1109 4181 1323 4238 quoque
1368 4182 1810 4240 unumquemque
1843 4184 1942 4243 pro

352 4278 414 4322 se
444 4265 707 4321 rationem
738 4262 968 4319 Domino
998 4259 1353 4324 redditurum,
1378 4274 1479 4314 nec
1512 4260 1787 4331 progeniei
1813 4262 1941 4323 san-

352 4365 457 4413 cta
504 4342 649 4411 ultra
700 4368 900 4409 nocere
940 4352 1119 4406 labem
1160 4349 1375 4420 paterni
1426 4348 1606 4405 delicti
1647 4368 1659 4404 :
1693 4350 1941 4421 objurgat

353 4446 501 4503 intra
540 4446 658 4506 hac
683 4444 784 4501 sub
807 4440 940 4498 Oola
971 4448 1028 4497 et
1050 4439 1240 4497 Doliba
1287 4454 1504 4496 omnem
1552 4440 1939 4511 turpitudinem

2124 3257 2311 3325 Amos,
2339 3258 2431 3329 qui
2480 3259 2881 3330 interpretatur,
2907 3277 3061 3332 onus,
3091 3263 3408 3336 vaticinavit
3449 3267 3510 3338 in,
3539 3267 3640 3330 Sn—

2042 3349 2225 3429 maria
2253 3358 2308 3404 et
2333 3347 2660 3425 Jerusalem,
2685 3351 2789 3424 tria
2819 3360 2875 3424 et
2900 3346 3133 3434 quatuor
3164 3354 3373 3427 scelera
3396 3339 3637 3427 gentium

2044 3441 2149 3511 ,sub
2175 3439 2340 3511 totius
2368 3436 2553 3511 mundi
2585 3439 2757 3512 ﬁgura
2798 3442 3128 3521 describens.
3170 3442 3415 3525 Primum!)
3451 3448 3638 3518 itaque

2049 3528 2246 3596 scelus,
2278 3530 2402 3597 quia
2439 3544 2629 3597 omnes
2679 3530 2731 3601 in
2781 3530 2966 3605 Adam
2996 3528 3381 3607 ῂβορεγειῑιιω,
3433 3534 3638 3607 Secun—

2047 3619 2198 3683 dum,
2228 3619 2355 3691 quia
2402 3619 2455 3673 in
2488 3627 2631 3673 statu
2682 3629 2889 3687 natura
2935 3609 3109 3693 legem
3154 3624 3507 3696 inmemores
3550 3643 3637 3683 η..

2047 3708 2210 3785 tionis
2251 3725 2358 3779 non
2404 3709 2801 3769 intellexerunt.
2857 3710 3100 3792 Tertium
3146 3730 3363 3789 quoque
3414 3733 3629 3789 eorum,

2046 3802 2137 3883 qui
2164 3802 2301 3856 data
2324 3800 2427 3874 legi
2466 3818 2574 3879 non
2606 3803 2945 3870 obedierunt.
2993 3804 3258 3872 Quartum
3304 3808 3635 3883 inexpiabile

2045 3907 2232 3959 eorum
2268 3893 2359 3961 qui
2398 3894 2452 3947 in
2487 3890 2765 3963 Christum
2797 3909 2905 3961 non
2956 3896 3325 3972 credidertmt.
3370 3899 3477 3975 Pro
3515 3903 3635 3973 qui?

2044 3980 2147 4037 bus
2181 3980 2476 4052 sceleribus
2514 3982 2724 4038 intonat
2769 3983 3030 4053 Dominus
3068 4001 3128 4061 se
3169 3988 3383 4064 ignem,
3420 3992 3476 4046 id
3528 4000 3629 4059 est,

2046 4074 2363 4129 sententiam
2391 4073 2579 4127 δειετηὶ
2600 4073 2789 4143 judicii
2818 4074 3120 4141 illaturum.
3156 4062 3257 4136 ilic
3284 4062 3289 4067 ’
3314 4064 3493 4149 autem
3538 4081 3631 4136 ad-

2044 4170 2265 4220 ventum
2292 4161 2490 4217 Christi
2516 4164 2619 4219 sub
2649 4164 2917 4229 dominica
2946 4166 3177 4239 veritate
3222 4161 3484 4238 praedicat
3507 4211 3522 4238 ,
3549 4170 3629 4227 di-

2044 4267 2174 4307 cens
2201 4267 2215 4306 :
2248 4251 2359 4323 Ego
2394 4252 2614 4322 ﬁrmans
2663 4255 2951 4308 tonitruum
2970 4294 2985 4320 ,
3012 4264 3060 4310 et
3087 4245 3268 4315 creatis
3296 4260 3557 4329 spiritum,
3580 4270 3628 4332 et

2045 4347 2365 4401 annuntians
2409 4344 2703 4409 hominibus
2744 4344 3010 4413 Christum
3060 4363 3219 4411 suum
3261 4347 3289 4422 ,(
3310 4347 3469 4419 Annos
3512 4352 3624 4423 tv).

2044 4436 2271 4505 Reliqua
2300 4444 2500 4501 autem,
2532 4451 2650 4505 qua
2704 4437 2769 4490 de
2814 4436 3034 4491 Amasia
3074 4447 3130 4491 et
3169 4436 3457 4494 Jeroboam
3513 4442 3627 4500 sive

352 4537 616 4596 Samaria
639 4544 695 4592 et
740 4534 1061 4597 Jerusalem,
1092 4531 1544 4600 nativitatemque
1589 4532 1939 4588 contumelio-
1964 4519 2019 4585 Β
2042 4526 2209 4585 Israel
2247 4528 2448 4593 retulit,
2486 4529 2689 4598 tropice
2715 4528 2783 4583 ad
2812 4529 3097 4600 hareticos
3143 4530 3429 4603 referenda
3472 4543 3618 4591 sunt.

351 4644 469 4687 sam
493 4626 681 4697 objicit
709 4644 723 4679 :
752 4638 894 4695 sape
939 4625 1107 4679 etiam
1153 4621 1222 4675 ad
1273 4621 1655 4691 paenitentiam
1698 4624 1940 4691 captivos

348 4724 633 4793 provocat,
656 4723 713 4773 et
735 4722 860 4785 post
886 4714 1383 4785 pravaricationem
1405 4714 1658 4771 admonet
1682 4716 1938 4786 populum

349 4813 531 4868 redire
555 4823 895 4866 conversum.
924 4806 1025 4863 llic
1045 4815 1228 4862 autem
1248 4807 1526 4878 trigesimo
1553 4808 1743 4878 quinto
1765 4812 1955 4867 atatis

351 4918 467 4961 sua
494 4918 656 4967 anno,
680 4907 736 4953 et
763 4899 1090 4968 captivitatis
1125 4897 1313 4969 quinto
1344 4900 1398 4953 in
1412 4897 1661 4954 Chaldaa
1687 4900 1937 4957 exsulans

350 4990 712 5067 prophetavit,
739 4988 922 5059 ibique
954 4988 1268 5043 vaticinium
1306 5005 1463 5044 suum
1517 4990 1930 5045 consummavit.

423 5084 611 5140 Daniel
628 5083 1039 5152 interpretatur,
1051 5078 1317 5148 judicium
1333 5079 1449 5144 Dei,
1469 5082 1667 5151 quique
1688 5082 1851 5137 etiam
1869 5081 1935 5137 de

354 5177 572 5234 Christo
600 5173 810 5229 cunctis
837 5169 1176 5226 manifestior
1201 5179 1285 5226 est
1326 5172 1643 5241 prophetis:
1674 5175 1799 5245 quia
1825 5190 1933 5231 non

354 5271 532 5328 solum
559 5264 895 5339 praedicavit,
929 5271 990 5316 ut
1030 5261 1243 5329 cateri,
1278 5262 1372 5318 sed
1412 5263 1578 5317 etiam
1622 5273 1678 5333 et
1724 5274 1939 5337 tempus

356 5355 747 5417 incarnationis
794 5362 851 5409 et
895 5352 1162 5421 passionis
1209 5368 1306 5423 per
1353 5353 1595 5409 ordinem
1642 5371 1829 5428 regum
1879 5366 1933 5413 et

353 5465 641 5508 numerum
660 5442 905 5504 diﬂinivit
926 5457 1211 5510 annorum,
1234 5444 1306 5499 ita
1329 5452 1387 5499 ut
1404 5462 1522 5501 non
1550 5447 1725 5516 potius
1752 5448 1934 5510 videa-

354 5537 648 5597 turfutura
672 5533 989 5614 pradicare,
1026 5533 1120 5588 sed
1148 5536 1303 5603 quasi
1355 5544 1635 5592 transacta
1685 5553 1927 5593 narrare.

354 5628 456 5686 Hic
496 5636 679 5684 autem
711 5630 944 5695 quatuor
968 5636 1258 5695 regnorum
1285 5628 1461 5682 cernit
1490 5628 1825 5698 frequentius
1850 5630 1930 5683 vi-

357 5721 557 5791 siones,
580 5728 877 5789 eorumque
910 5712 1266 5773 diﬁcrcntiam
1294 5720 1394 5776 sub
1422 5720 1651 5779 diversis
1681 5722 1929 5795 imagini-

2042 4619 2390 4688 Prophetavit
2418 4625 2598 4673 autem
2628 4619 2727 4677 sub
2748 4634 2877 4687 rege
2898 4619 3029 4677 Ozia
3057 4635 3123 4677 eo
3147 4631 3412 4692 tempore,
3435 4642 3544 4699 quo
3567 4636 3626 4696 et

2043 4710 2178 4766 Osee
2200 4717 2255 4764 et
2281 4709 2467 4765 Isaias.

2112 4800 2333 4864 Abdias,
2363 4800 2455 4869 qui
2499 4799 2910 4871 interpretatur,
2965 4819 3140 4874 servus
3204 4802 3435 4871 Domini,
3481 4805 3624 4864 inter

2041 4907 2228 4949 omnes
2260 4891 2561 4960 Prophetas
2608 4888 2826 4948 brevior
2864 4889 2948 4949 est
2995 4909 3223 4963 numero
3270 4895 3553 4949 verborum
3599 4914 3619 4955 :

2041 4985 2135 5040 sed
2156 4982 2327 5054 gratia
2347 4978 2728 5052 mysteriorum
2750 4983 2993 5053 aqualis.
3008 4983 3114 5050 Iste
3125 4990 3313 5052 contra
3332 4981 3621 5051 ldumaam

2036 5074 2281 5145 loquens,
2312 5075 2593 5144 increpans
2620 5072 2847 5147 mystice
2867 5074 3174 5146 superbiam
3198 5061 3367 5145 Edam
3396 5074 3616 5144 prioris,

2037 5167 2290 5223 videlicet
2335 5164 2637 5229 audaciam,
2690 5166 2832 5233 quod
2886 5163 3053 5221 Jacob
3090 5165 3313 5220 fratrem
3361 5179 3538 5230 suum,
3562 5164 3619 5223 id

2035 5266 2137 5324 est,
2167 5256 2441 5313 Christum
2472 5255 2729 5311 occiderit
2752 5254 2806 5326 in
2835 5262 3019 5309 monte
3046 5252 3175 5309 Sion
3193 5295 3208 5321 ,
3239 5253 3293 5309 id
3314 5262 3427 5320 est,
3453 5250 3617 5313 Jeru-

2039 5349 2227 5414 salem,
2260 5347 2496 5403 futuram
2527 5343 2774 5409 salutem,
2799 5351 2853 5399 et
2894 5355 3161 5413 sanctum,
3193 5342 3286 5422 qui
3322 5351 3406 5412 est
3433 5341 3619 5415 Dom}-

2039 5456 2160 5507 nus,
2180 5438 2481 5503 annuntiat,
2511 5442 2673 5509 atque
2697 5434 2751 5489 iu
2782 5442 2987 5501 monte,
3013 5448 3110 5509 per
3133 5448 3293 5504 quem
3319 5432 3619 5504 ﬁguraliter

2039 5528 2343 5605 [ﬁguratur]
2366 5525 2605 5594 Ecclesia
2627 5526 2885 5596 gentium,
2899 5524 3138 5595 futurum
3156 5522 3368 5591 intonat
3385 5516 3615 5591 Domino

2036 5630 2281 5697 regnum.
2317 5614 2665 5692 Prophetavlt
2688 5614 2789 5673 sub
2818 5613 2964 5671 Josia
2989 5626 3119 5685 rege
3152 5609 3367 5683 Judaa,
3395 5608 3614 5683 quando

2033 5714 2089 5775 e't
2114 5717 2382 5777 Michaas.
