3896 6336
227 389 320 447 ΙΠ

1215 376 1302 432 DE
1343 372 1688 435 UNIVERSO
1724 371 1901 429 LIBRI
1942 373 2102 433 XXII.
2143 404 2209 414 -—
2247 372 2377 429 LIB.
2420 374 2483 430 V.

3376 377 3480 435 H8

284 497 467 563 Jonas,
501 495 595 567 qui
637 494 1023 563 interpretatur
1042 530 1055 554 ,
1081 490 1340 555 columba,
1390 497 1499 543 tam
1547 502 1797 543 sermone
1824 492 1873 548 Λ
1898 486 2075 540 virum
2108 486 2389 541 sedentem
2414 498 2580 556 super
2612 499 2814 557 equum
2841 486 3020 552 rufum
3051 487 3106 541 in
3138 485 3309 556 ﬁgura
3340 502 3435 543 cor
3458 518 3481 527 -

219 603 375 662 quam
397 586 688 658 naufragio
714 599 809 641 suo
845 582 1149 654 passionem
1199 578 1421 648 Christi,
1462 588 1797 651 mortemque

218 692 271 740 et
310 678 765 737 resurrectionem
816 677 1009 748 ﬁgurat
1041 689 1055 728 :
1087 674 1199 729 sive
1244 674 1388 743 quod
1442 674 1507 729 de
1550 687 1688 727 nave
1733 672 1797 727 ad

218 785 385 837 mare,
414 779 675 840 tanquam
705 767 770 823 de
795 778 955 823 cruce
1002 765 1070 819 ad
1111 772 1332 830 terram,
1363 763 1636 835 projectus
1666 769 1750 816 est
1781 778 1793 815 :

224 861 486 932 sivean
516 859 758 915 invenire
787 852 863 932 [in
888 855 1101 928 ventre]
1127 846 1253 911 (ξωιί
1277 864 1534 935 exceptus
1554 861 1657 918 est,
1681 861 1797 909 tan-

222 955 379 1026 quam
404 952 465 1008 in
488 951 767 1023 sepultura
790 958 965 1015 terrae,
997 947 1170 1003 tribus
1199 947 1386 1003 diebus
1412 954 1469 1000 et
1496 945 1669 1000 tribus
1692 951 1797 1000 ἠο-

222 1046 393 1100 ctibus
426 1043 742 1103 reconditus
772 1049 856 1096 est
891 1058 904 1094 :
947 1047 1002 1095 et
1029 1040 1173 1110 quod
1198 1052 1297 1109 per
1324 1038 1554 1107 ﬁguram
1581 1032 1798 1090 Ninlves

218 1135 593 1207 paenitentiam
624 1132 809 1188 mundi
838 1131 1105 1201 praedixit,
1136 1130 1189 1184 in
1226 1126 1574 1199 sequentibus
1616 1134 1797 1197 typum

219 1227 351 1297 gerit
378 1223 693 1279 Judzeorum
741 1221 834 1292 qui
877 1220 1105 1277 salutem
1150 1220 1389 1291 gentium
1443 1231 1551 1272 non
1593 1222 1799 1269 tantum

217 1315 469 1372 advenire
526 1314 815 1371 noluerunt
857 1332 870 1365 :
917 1312 1010 1367 sed
1072 1324 1196 1366 cum
1245 1309 1411 1373 venit,
1452 1306 1609 1362 invisi
1655 1312 1796 1361 sunt.

218 1407 403 1461 binive
424 1419 645 1475 quoque
664 1404 906 1474 gentium
925 1399 1200 1471 signiﬁcat
1218 1398 1473 1469 speciem,
1488 1396 1650 1452 Jonas
1671 1409 1801 1449 vero

219 1495 271 1551 in
298 1498 400 1551 hoc
426 1496 551 1550 loco
585 1489 912 1550 Iudaeorum.
948 1490 1081 1545 Nam
1118 1489 1566 1561 quemadmodum
1592 1486 1800 1542 Ninivi-

218 1572 388 1643 tarum
424 1587 576 1642 salus
595 1586 664 1641 ad
685 1584 1087 1641 aemulationem
1126 1580 1649 1653 provocavitJonam
1683 1580 1802 1634 :“lta

219 1678 521 1748 redemptio
551 1677 791 1748 gentium
848 1676 1161 1732 scandalum
1218 1675 1427 1729 exstitit
1474 1671 1798 1729 Judazorum.

220 1766 406 1820 Merito
435 1773 493 1820 et
523 1774 713 1820 contra
747 1760 1023 1820 Orientem
1072 1763 1309 1818 civitatis
1356 1762 1563 1817 sedisse
1608 1761 1804 1823 legitur

1897 578 2045 648 poris
2067 570 2268 631 Christi
2294 589 2509 631 roseum
2535 576 2857 646 sanguinem
2891 576 3157 647 passionis
3205 576 3318 631 sive
3368 591 3481 631 me-

1896 668 2001 722 rita
2030 666 2213 737 populi
2234 667 2477 739 gentium
2506 655 2921 739 signiﬁcantem.
2938 666 3146 737 Aspicit
3170 675 3224 721 et
3252 675 3485 736 quatuor

1898 772 2104 814 cornua
2132 757 2246 812 sive
2274 756 2455 813 fabros
2482 758 2535 823 in
2566 756 2739 829 ﬁgura
2767 744 3029 830 gentium,
3056 768 3183 828 quae
3202 754 3394 812 ludam
3430 764 3486 809 et

1898 846 2065 903 Israel
2096 844 2469 917 diSpergentes
2487 849 2643 918 gravi
2667 848 2909 918 pondere
2953 848 3352 916 depresserunt.
3398 846 3482 900 ln-

1898 932 2084 993 tnetur
2110 936 2361 993 similiter
2384 946 2442 993 et
2477 934 2664 992 Iesum
2694 930 2945 993 sordibus
3003 938 3185 993 carnis
3231 946 3286 992 et
3338 951 3484 992 mor—

1899 1029 2108 1083 talitate
2159 1028 2416 1083 vestitum
2469 1043 2565 1098 per
2615 1028 2844 1099 ﬁguram
2882 1027 3177 1083 sacerdotis
3227 1041 3242 1081 :
3289 1028 3486 1099 quibus

1901 1120 2115 1185 ablatis,
2148 1120 2393 1175 indutum
2438 1120 2849 1177 immortalitate
2890 1128 2946 1175 et
2989 1119 3158 1190 gloria
3212 1120 3399 1183 cernit,
3431 1128 3487 1174 et

1903 1211 2153 1282 lapidem,
2187 1213 2279 1281 qui
2307 1213 2392 1266 est
2419 1209 2684 1273 Christus,
2719 1217 2928 1280 septem
2966 1208 3151 1265 oculos
3176 1209 3485 1275 habentem,

1904 1302 1956 1356 id
1984 1310 2083 1366 est,
2117 1301 2448 1371 septil‘ormis
2476 1300 2694 1371 spiritus
2728 1300 3138 1369 plenitudinem.
3186 1298 3332 1354 Inter
3374 1300 3487 1353 htcc

1903 1395 2144 1449 intuetur
2164 1402 2217 1449 et
2232 1394 2426 1449 turrim
2449 1403 2503 1449 et
2529 1393 2774 1448 titionem
2799 1394 3147 1460 exstinctum,
3170 1395 3223 1449 id
3245 1402 3347 1459 est,
3374 1394 3488 1459 dia-

1902 1486 2103 1551 bolum,
2136 1486 2517 1549 candelabrum
2540 1486 2793 1542 videlicet
2817 1486 2871 1540 in
2896 1484 3121 1556 ﬁguram
3148 1486 3345 1549 Christi
3368 1500 3489 1539 cum

1904 1580 2138 1637 lucernis
2164 1589 2389 1650 septem,
2419 1596 2537 1651 quae
2571 1590 2698 1647 sunt
2743 1588 2947 1650 septem
3002 1581 3143 1645 dona
3193 1576 3426 1653 Spiritus
3474 1598 3487 1631 :

1902 1686 2004 1727 nec
2031 1686 2137 1726 non
2164 1680 2219 1726 et
2246 1666 2379 1726 duas
2403 1668 2572 1726 olivas
2606 1674 2674 1726 ad
2703 1656 2978 1727 dexteram
3006 1680 3060 1726 et
3103 1673 3173 1727 ad
3215 1672 3490 1737 sinistram

1904 1762 2212 1819 candelabri
2249 1763 2475 1832 positas,
2521 1764 2750 1819 duorum
2807 1771 3247 1826 testamentorum
3305 1773 3488 1832 typum

219 1853 426 1909 hederze
460 1856 568 1909 sub
591 1855 784 1909 umbra
814 1872 826 1907 :
852 1856 926 1908 ita
971 1854 1158 1909 eadem
1203 1852 1353 1922 plebs
1382 1862 1639 1923 separaris
1683 1865 1740 1906 se
1770 1865 1800 1905 a
1829 1841 1876 1899 Β
1906 1854 2219 1927 ﬁgurantes.
2249 1854 2491 1910 Assumit
2510 1869 2724 1925 quoque
2746 1855 2885 1909 idem
2911 1854 3044 1909 duas
3064 1854 3245 1929 virgas
3271 1852 3491 1911 funiculi

219 1943 386 1998 salute
414 1945 692 2009 Ecclesiae,
726 1945 911 2000 doiore
952 1944 1154 2010 tabida,
1188 1952 1376 1999 contra
1424 1942 1714 2007 Christum,
1749 1942 1801 1995 id

218 2044 316 2098 cst,
340 2035 620 2091 Orientem
642 2035 901 2102 ecclesiae,
918 2032 1156 2104 linguam
1180 2040 1333 2088 snam
1350 2043 1568 2088 movere
1588 2030 1801 2097 nititur,

219 2124 405 2177 sedens
426 2124 532 2179 sub
563 2124 753 2178 umbra
782 2123 937 2195 legis,
964 2138 1083 2193 quae
1118 2123 1311 2176 umbra
1350 2120 1521 2175 ferme
1566 2122 1804 2174 arefacta

219 2224 300 2269 cst
326 2216 471 2283 quia,
515 2216 839 2271 adveniente
880 2214 1125 2278 Christo,
1162 2223 1331 2269 cetera
1378 2213 1726 2277 transierunt,
1756 2220 1805 2266 et

219 2321 330 2359 ecce
358 2305 500 2373 facta
542 2316 663 2359 sunt
692 2305 866 2359 omnia
908 2320 1037 2371 nova
1071 2305 1153 2376 (II
1194 2304 1316 2358 Cor.
1347 2303 1422 2373 v).
1454 2302 1804 2371 Prophetavit

222 2403 392 2447 autem
420 2396 525 2449 sub
548 2395 679 2450 Ozia
711 2410 834 2463 rege
861 2394 1015 2460 Juda,
1041 2390 1256 2465 quando
1292 2403 1346 2448 et
1390 2393 1527 2449 Osee
1561 2402 1614 2447 et
1641 2393 1804 2448 Amos

221 2491 273 2536 et
305 2483 471 2537 Isaias
501 2484 987 2554 prophetaverunt.

289 2573 571 2639 Michaeas,
596 2576 652 2629 id
676 2583 783 2638 est,
804 2575 919 2644 quis
945 2575 1028 2628 hic
1050 2575 1075 2628 ll
1094 2574 1179 2629 vel
1204 2575 1319 2644 quis
1342 2574 1479 2627 iste?
1523 2573 1606 2627 vel
1634 2573 1805 2626 humi-

219 2663 357 2719 litas.
388 2664 649 2721 llichaeas
675 2665 936 2735 propheta
961 2665 1323 2719 eonmrinatur
1363 2658 1624 2718 Samariae
1669 2664 1803 2717 iram

220 2752 431 2810 Domini
458 2756 533 2811 ob
559 2770 778 2811 causam
824 2756 1257 2819 simulacrorum,
1290 2755 1676 2824 interitumque
1702 2767 1801 2825 po-

219 2846 326 2917 puli
350 2846 522 2903 Israel
547 2856 833 2903 venturum
869 2848 1172 2913 denuntiat,
1202 2847 1377 2903 locum
1406 2848 1592 2919 etiam,
1616 2848 1671 2902 in
1701 2862 1807 2917 quo

220 2937 465 2996 Christus
499 2950 842 3007 nasceretur,
886 2942 1242 2998 demonstrat.
1303 2941 1652 3012 Prophetavit
1704 2941 1804 2997 sub

221 3028 367 3096 Ozia,
396 3032 621 3101 quando
650 3041 708 3089 et
728 3032 1050 3102 Sophonias.

289 3119 485 3188 Naum,
522 3123 619 3192 qui
672 3122 1082 3192 interpretatur,
1128 3126 1464 3190 consolator,
1513 3128 1800 3178 simulacra

222 3186 903 3281 gernium'exuterminanda
930 3186 1231 3281 denuntiat,
1260 3230 1359 3271 nec
1396 3186 1501 3270 non
1531 3222 1587 3270 et
1614 3216 1803 3277 urbem
1832 3186 1877 3249 Ο

223 3300 569 3374 sanguinem
594 3302 893 3359 Jerusalem
932 3322 945 3358 :
978 3314 1099 3375 post
1131 3306 1284 3375 cujus
1318 3308 1593 3362 interitum
1642 3310 1805 3378 pedes

228 3394 601 3449 nuntiantis
619 3408 826 3464 pacem,
852 3395 904 3450 id
927 3403 1030 3461 est,
1048 3396 1333 3451 adventum
1359 3394 1653 3459 Salvatoris
1676 3412 1804 3467 pro-

225 3482 435 3539 clamat.

290 3574 531 3638 Abacuc,
564 3575 889 3645 amplexam,
921 3574 1035 3631 sive
1076 3575 1300 3629 luctator
1324 3575 1496 3644 fortis,
1521 3577 1575 3642 in
1605 3578 1803 3648 princi-

224 3664 312 3734 pio
336 3665 631 3720 voluminis
656 3667 737 3720 sui
769 3667 1025 3721 describit
1055 3666 1325 3722 diabolum
1376 3684 1498 3723 cum
1548 3672 1804 3728 membris

225 3767 286 3810 ac
310 3755 555 3811 moribus
582 3755 693 3810 suis
725 3774 736 3808 :
775 3754 829 3809 in
864 3754 971 3811 ﬁne
998 3771 1128 3811 vero
1156 3758 1466 3825 pronuntiat
1513 3760 1804 3816 adventum

224 3845 641 3915 passionemque
667 3844 986 3903 Sslvatoris.

292 3936 619 4005 Sophonias,
635 3937 929 4006 speculator
940 3939 1301 4007 mysteriorum
1320 3937 1433 4003 Dei,
1453 3939 1627 3993 cernit
1640 3940 1804 4008 capti-

225 4027 437 4083 vitatem
473 4028 779 4084 Jerusalem
817 4029 968 4085 urbis
1000 4046 1029 4083 a
1088 4029 1346 4085 Romanis
1396 4030 1652 4095 futuram,
1705 4046 1806 4101 per

224 4132 401 4173 vocem
434 4120 697 4175 clamoris
719 4136 746 4173 a
776 4126 930 4190 porta
953 4120 1206 4189 piscium,
1229 4128 1283 4176 et
1307 4135 1405 4190 per
1431 4120 1643 4175 collium
1677 4136 1807 4176 con-

226 4210 517 4277 tritionem,
556 4211 608 4266 id
632 4221 716 4266 est
742 4213 939 4267 montis
964 4210 1117 4278 Sion,
1142 4212 1233 4281 qui
1259 4219 1345 4267 est
1387 4212 1540 4268 collis
1584 4211 1803 4267 Jerusa-

224 4298 343 4363 lem,
362 4315 460 4355 nec
484 4316 602 4354 non
637 4300 863 4355 aliarum
892 4302 1133 4370 gentium
1156 4301 1494 4356 eversionem
1524 4302 1802 4371 praedicat,

226 4398 598 4462 terroremque
634 4392 796 4447 divini
827 4390 1012 4462 iudicii
1051 4394 1276 4447 intonat.
1323 4392 1588 4463 Loquitur
1636 4394 1801 4449 etiam

225 4492 401 4538 contra
435 4483 599 4539 Moab
624 4492 679 4538 et
702 4484 928 4539 Ammon
949 4525 962 4549 ,
987 4483 1078 4539 sed
1102 4497 1198 4551 per
1226 4484 1368 4554 ipsos
1402 4493 1653 4553 tanquam
1684 4484 1805 4538 ﬁni-

1904 1954 1957 2001 et
1982 1946 2193 2001 decoris
2237 1946 2289 1999 in
2337 1954 2463 2016 typo
2508 1944 2815 1999 Judaeorum
2872 1952 2927 1998 et
2969 1945 3229 2014 gentium.
3287 1943 3493 2011 Aspicit

1905 2035 2097 2091 deinde
2142 2035 2274 2089 duas
2302 2035 2585 2095 mulieres.
2618 2035 2674 2090 id
2704 2042 2809 2100 est,
2837 2034 3142 2111 Judeeorum
3171 2042 3227 2089 et
3254 2033 3491 2103 gentium

1904 2127 2089 2198 plebes
2114 2128 2168 2182 in
2191 2126 2325 2187 alias
2354 2126 2596 2182 levantes
2618 2126 2953 2198 amphoram,
2970 2127 3021 2181 id
3046 2135 3149 2191 est,
3174 2124 3492 2181 diabolicam

1906 2220 2227 2274 doctrinam.
2262 2218 2493 2273 Massam
2519 2233 2733 2288 quoque
2758 2218 2982 2288 plumbi,
3010 2221 3151 2287 quod
3178 2227 3261 2273 est
3284 2215 3494 2291 pondus

1904 2308 2111 2378 peccati
2144 2308 2541 2377 gravissimum,
2574 2308 2687 2363 sive
2718 2308 2977 2383 volumen
3027 2308 3249 2374 volans,
3289 2309 3341 2363 in
3386 2322 3494 2377 quo

1902 2408 2123 2470 peccata
2175 2400 2453 2454 hominum
2493 2408 2548 2456 et
2609 2400 2866 2471 supplicia
2922 2401 3284 2463 ascribun‘tur.
3337 2400 3495 2457 Videt

1904 2496 1959 2540 et
1983 2486 2275 2565 quadrigas
2304 2494 2535 2556 quatuor
2572 2503 2680 2542 uno
2720 2488 3119 2561 praedicationis
3160 2488 3495 2559 Evangelica:

1900 2578 2032 2649 jugo
2054 2588 2358 2636 currentes.
2400 2579 2529 2635 Post
2568 2580 2682 2635 haec
2725 2580 2917 2650 aspicit
2964 2595 3132 2651 equos
3183 2582 3377 2637 missos
3429 2581 3496 2635 ad

1904 2668 2343 2737 [medicationem
2372 2671 2578 2725 mundi.
2608 2670 2849 2739 Primum
2878 2670 3058 2725 rufum
3100 2672 3343 2742 martyrii
3374 2685 3498 2743 pas-

1907 2760 2077 2816 sione.
2098 2759 2411 2838 [Secundum
2443 2761 2657 2833 nigrum
2689 2763 2941 2833 squalore
2977 2764 3323 2833 poenitentiae.
3372 2762 3499 2817 Ter-

1908 2849 2043 2904 tium
2075 2850 2255 2905 album
2288 2850 2523 2906 candore
2546 2850 2823 2921 baptismi.
2870 2852 3132 2920 Quartum
3160 2852 3369 2909 varium
3401 2866 3495 2906 va-

1905 2942 2097 2997 rietate
2124 2943 2403 2997 virtutum.
2440 2942 2625 2997 Cernit
2654 2958 2869 3013 quoque
2896 2951 2950 2997 et
2970 2944 3127 2999 tubas
3162 2951 3496 3011 sanctorum,

1904 3042 2181 3104 gestantes
2208 3033 2456 3105 ﬁguram,
2486 3048 2583 3103 per
2614 3046 2750 3104 quos
2794 3035 3053 3101 Dominus
3102 3036 3306 3089 mundo
3353 3035 3500 3089 canit

1909 3139 2006 3179 sua
2035 3132 2348 3194 praecepta:
2382 3132 2545 3193 atque
2587 3118 2870 3194 Angelum,
2896 3124 2951 3178 in
2988 3140 3094 3194 quo
3141 3125 3246 3189 duo
3287 3139 3350 3179 ex
3401 3126 3490 3183 ad.

1907 3227 2064 3270 verso
2086 3211 2266 3282 populi
2285 3213 2605 3284 junguntur,
2623 3214 2736 3268 sive
2757 3213 3015 3284 paxillum
3036 3201 3336 3288 ﬁguraliter
3350 3212 3502 3269 Chri—

1906 3310 2047 3359 stum
2095 3304 2318 3358 inﬁxum
2352 3304 2605 3359 cordibus
2633 3304 2952 3376 populorum
2985 3304 3262 3370 describit,
3307 3312 3361 3361 et
3405 3321 3500 3375 pa-

1906 3402 2113 3448 storum
2144 3393 2447 3448 antichristi
2478 3409 2613 3465 opus
2663 3403 2718 3449 et
2771 3390 3123 3451 intentionem
3173 3396 3227 3450 in
3254 3391 3501 3461 ‘sinistris

1908 3484 2195 3540 habentem
2233 3502 2245 3539 :
2279 3494 2477 3555 equum
2527 3500 2741 3555 quoque
2769 3485 2824 3540 in
2854 3485 3081 3556 ﬁguram
3108 3485 3291 3561 plebis
3324 3485 3497 3541 haere-

1908 3576 2175 3641 ticorum,
2209 3586 2263 3632 et
2298 3589 2643 3645 ascensorem
2692 3578 2809 3648 ejus
2854 3576 3124 3643 diabolum
3172 3596 3185 3631 :
3241 3579 3499 3649 praedicat

1906 3667 2072 3723 etiam
2100 3666 2303 3721 fontem
2335 3667 2389 3721 in
2418 3668 2580 3722 domo
2604 3667 2717 3722 veri
2741 3667 2908 3735 David
2943 3676 3213 3737 patentem
3256 3668 3311 3721 in
3359 3668 3498 3723 lava-

1908 3770 2013 3811 cro
2030 3756 2478 3825 regenerationis.
2510 3756 2649 3820 Alia,
2677 3768 3013 3825 quaecunque
3050 3756 3286 3827 scripsit,
3313 3765 3403 3811 aut
3430 3758 3498 3814 de

1910 3846 2142 3901 adventu
2171 3845 2385 3901 Domini
2412 3854 2656 3912 narrant,
2682 3854 2776 3901 aut
2800 3848 2865 3900 de
2893 3846 3144 3915 passione
3182 3846 3320 3916 ejus,
3344 3854 3399 3904 et
3431 3849 3499 3906 de

1907 3938 2087 3993 saeculi
2115 3937 2242 4002 ﬁne,
2271 3946 2327 3992 et
2351 3938 2417 3991 de
2438 3936 2640 4005 judicio
2673 3952 2790 3993 suo.
2818 3926 3165 4009 Prophetavit
3195 3947 3373 3996 autem
3399 3955 3495 3996 an-

1907 4028 1992 4082 nis
2040 4027 2248 4082 duobus
2274 4026 2421 4082 Darii
2448 4028 2591 4099 regis
2619 4026 2913 4097 Medorum,
2947 4030 3134 4086 iisdem
3165 4035 3494 4107 temporibus

1907 4117 2104 4186 quibus
2124 4114 2368 4188 Aggzeus.
2393 4132 2535 4173 anno
2557 4120 2952 4191 septuagesimo
2976 4121 3341 4188 dissolutionis
3361 4134 3496 4181 tem-

1908 4208 1981 4279 pli
2007 4217 2060 4263 et
2089 4209 2416 4278 captivitatis
2439 4209 2639 4280 populi.

1980 4301 2290 4369 Malachias,
2335 4302 2428 4373 qui
2476 4303 2885 4373 interpretatur,
2912 4306 3139 4380 Angelus
3181 4307 3408 4376 Domini,
3440 4311 3491 4365 In

1906 4392 2174 4461 principio
2200 4391 2488 4447 voluminis
2510 4393 2592 4448 sui
2623 4393 2956 4449 demonstrat
2978 4396 3159 4455 odium
3186 4396 3494 4467 Iudaeorum

1908 4481 1962 4537 in
1995 4483 2136 4538 Esau
2162 4492 2216 4538 et
2250 4482 2593 4538 dilectionem
2626 4485 2861 4554 iunioris
2898 4486 3083 4558 populi
3111 4487 3169 4541 in
3194 4486 3380 4557 Jacob.
3432 4489 3489 4553 in

228 4578 334 4627 tum
361 4572 671 4645 [ﬁnitimos]
699 4574 877 4643 populi
903 4574 1019 4639 Dei,
1060 4574 1287 4643 proximi
1319 4572 1597 4629 catholicis
1627 4588 1801 4628 saera—
1829 4557 1884 4619 Β
1910 4571 2262 4646 sequentibus
2304 4579 2484 4632 autem
2530 4583 2742 4628 veteres
2775 4557 2970 4637 Judzeat:
3007 4568 3254 4633 victimas
3305 4593 3490 4650 repro-

228 4668 414 4721 mentis
444 4666 693 4736 haeretici
727 4674 1039 4736 arguuntur.
1071 4665 1169 4721 I'Iic
1196 4667 1413 4720 tertium
1452 4666 1594 4719 diem
1623 4680 1803 4719 resur-

230 4757 477 4813 rectionis
505 4745 712 4812 Christi
737 4759 1051 4826 prophetat,
1077 4765 1236 4825 atque
1259 4757 1310 4809 in
1339 4757 1571 4810 adventu
1603 4754 1803 4810 Christi

229 4848 324 4904 sub
351 4865 457 4903 uno
475 4847 613 4917 jugo
641 4847 849 4901 Domini
882 4854 1051 4901 totum
1082 4847 1338 4901 mundum
1364 4846 1690 4900 serviturum
1716 4859 1804 4898 an-

230 4938 453 4992 nuntiat.
480 4935 833 5005 Prophetavi-t
861 4934 959 4989 sub
986 4934 1153 4999 Josia,
1180 4942 1241 4989 ut
1272 4934 1552 4990 Jeremias.

298 5027 547 5099 Aggaeus,
576 5028 671 5098 qui
711 5028 1115 5096 interpretatur,
1145 5027 1407 5081 solemnis.
1442 5025 1541 5081 Hic
1567 5025 1622 5080 in
1670 5027 1806 5080 vati-

236 5118 352 5173 cinii
390 5121 473 5174 sui
508 5128 661 5174 textu
686 5118 939 5188 templum
970 5118 1181 5173 Domini
1229 5114 1635 5183 instaurandum
1673 5132 1808 5186 prae-

236 5213 386 5280 cepit,
414 5214 796 5268 contritionem
815 5212 1072 5281 praedicat
1106 5211 1367 5281 gentium,
1384 5210 1470 5264 vel
1494 5210 1807 5265 commotio-

236 5318 350 5356 nem
382 5305 550 5358 totius
575 5303 758 5357 mundi
800 5304 1061 5373 praedicit,
1095 5317 1157 5357 ac
1179 5302 1277 5357 sub
1308 5302 1477 5371 ﬁgura
1508 5301 1805 5357 Zorobabel

238 5392 428 5449 Christi
454 5395 745 5449 adventum
795 5397 1121 5451 vaticinatur
1150 5413 1162 5449 :
1196 5396 1591 5465 septuagesimo
1625 5403 1802 5449 autem

238 5498 368 5537 anno
390 5485 725 5555 captivitatis
749 5484 929 5555 populi
972 5486 1334 5555 prophetavit,
1364 5484 1569 5540 duobus
1596 5491 1803 5538 tantum

238 5576 507 5631 mensibus
528 5577 853 5633 Zachariam
894 5577 1145 5630 vaticinio
1174 5593 1271 5631 suo
1304 5576 1635 5647 prmcedens.

302 5666 614 5732 Zacharias,
642 5670 740 5738 qui
767 5668 1089 5731 nominatur,
1122 5669 1371 5722 memoria
1401 5667 1641 5732 Domini,
1661 5678 1807 5737 post-

241 5768 390 5828 quam
419 5759 556 5815 iram
581 5757 797 5817 Domini
829 5760 884 5815 in
908 5759 1146 5831 patribus
1173 5759 1513 5830 prophetarit
1544 5778 1554 5813 :
1589 5762 1721 5815 vidit
1750 5771 1805 5819 et

1908 4643 2023 4726 bat,
2048 4670 2102 4718 et
2123 4662 2448 4718 sacriﬁcium
2483 4664 2764 4720 transferri
2806 4669 2872 4721 ad
2897 4665 3119 4734 Gentes,
3146 4668 3199 4722 in
3230 4668 3337 4723 ﬁne
3356 4643 3493 4726 vero

1908 4755 2199 4811 adventum
2233 4756 2445 4811 Domini
2476 4759 2780 4813 annuntiat.
2832 4760 2983 4825 Diem
3026 4777 3238 4833 quoque
3280 4764 3491 4835 judicii,

1901 4846 2282 4917 iustorumque
2305 4848 2549 4918 praemia,
2578 4856 2633 4904 et
2662 4849 2948 4919 impiorum
2970 4867 3197 4923 poenas,
3228 4853 3491 4911 Joannem

1908 4935 2071 4991 etiam
2100 4937 2357 5005 praedicat
2389 4945 2515 4993 ante
2550 4938 2837 4993 adventum
2869 4940 3102 5010 primum
3127 4940 3339 4998 Domini
3365 4945 3494 4999 mis-

1913 5043 2055 5093 sum,
2100 5036 2159 5083 et
2196 5020 2369 5084 Eliam
2398 5037 2525 5085 ante
2555 5030 2852 5086 secundum
2888 5031 3178 5087 adventum
3207 5034 3491 5093 annuntiat

1913 5135 2031 5179 esse
2061 5120 2399 5176 mittendum.
2430 5120 2577 5178 Inter
2604 5122 2723 5183 haec
2747 5123 3002 5187 nonnulla
3035 5124 3259 5183 moralia
3305 5131 3361 5179 et
3405 5123 3487 5179 di-

1913 5211 2151 5282 sciplinis
2179 5214 2527 5283 congruentia
2554 5213 2818 5282 explicat,
2848 5214 2902 5277 in
2930 5215 3123 5284 quibus
3147 5214 3373 5291 corripit
3387 5230 3487 5289 po-

1908 5303 2093 5375 pulum
2118 5304 2232 5358 sive
2262 5304 2570 5360 sacerdotes
2590 5303 2945 5375 desplcientes
2968 5321 3161 5363 nomen
3188 5305 3305 5372 Dei,
3328 5310 3503 5377 atque

1910 5393 2024 5461 ejus
2054 5390 2405 5447 Sacramenta
2430 5392 2648 5462 pollutis
2694 5394 3057 5455 oblationibus
3104 5402 3159 5452 et
3206 5392 3487 5455 sacrificiis

1908 5483 2188 5549 violantes,
2218 5486 2309 5553 qui
2338 5493 2519 5539 monet
2545 5486 2708 5545 etiam
2739 5487 3021 5563 episcopos
3059 5486 3243 5541 doctos
3280 5486 3335 5541 et
3360 5484 3488 5563 sine

1908 5574 2118 5629 macula
2140 5589 2257 5629 esse
2286 5574 2500 5640 debere,
2519 5584 2645 5640 etc.,
2676 5544 3024 5646 perSOnatfum
3037 5577 3153 5630 sine
3176 5544 3486 5647 accepfibne

1907 5665 2129 5735 populos
2163 5666 2441 5745 veritatem
2471 5666 2740 5742 instruere
2780 5685 2792 5719 :
2834 5666 3109 5727 discordes
3152 5681 3363 5741 quoque
3400 5681 3489 5735 ar-

1909 5757 2044 5829 guit,
2085 5757 2323 5814 decimas
2350 5766 2405 5812 ct
2432 5757 2697 5829 primitias
2732 5757 3033 5814 reddendas
3056 5756 3267 5830 populis
3294 5755 3480 5813 Eccle-
