3896 6360
437 374 540 434 “9

1081 375 1140 428 Β.
1183 372 1436 428 RABANI
1475 372 1694 429 MAURI
1732 373 2051 433 ARCIIIEP.
2093 375 2405 436 MOGUNT.
2447 377 2735 436 OPERUM
2767 380 2945 446 PARS
2982 383 3049 438 Il.

3597 383 3700 444 120

433 489 529 546 sia:
582 486 870 558 praecipit:
908 485 1161 557 objurgat
1203 496 1259 541 et
1307 502 1402 542 eos
1439 488 1529 556 qui
1585 487 1841 558 eonjuges
1889 503 2015 543 suas
2046 502 2096 562 Α
2124 493 2314 558 menti,
2341 499 2562 562 propter
2609 495 2978 564 septiformem
3025 495 3259 566 Spiritus
3303 499 3477 556 sancti
3525 499 3704 557 efﬁca-

436 581 762 650 despiciunt,
793 587 850 635 et
892 578 1119 635 aliarum
1155 594 1341 634 amore
1368 580 1615 634 nituntur
1645 600 1657 634 :
1693 581 1942 635 similiter
1967 588 2022 635 et

434 672 556 728 illos
574 671 686 742 qui,
710 669 987 726 miseriam
1013 685 1166 726 suam
1189 670 1454 735 dolentes,
1469 669 1782 726 felicitatem
1801 671 2024 726 laudent

435 776 626 818 eorum
658 760 753 832 qui
780 757 943 833 hujus
962 759 1150 816 mundi
1176 760 1454 830 prosperis
1486 760 1862 831 perfruuntur.
1887 761 2023 817 Pro-

431 852 677 923 phetavit
701 860 883 908 autem
911 851 1239 909 novissimus
1266 851 1322 907 in
1348 851 1642 924 Babylone,
1666 854 1882 924 quando
1915 853 2023 925 Ag-

433 959 581 1014 gaeus
604 952 659 1000 et
683 943 996 1000 Zacharias.

505 1033 707 1088 Esdras
742 1033 933 1089 scribit
964 1033 1224 1104 populum
1266 1034 1392 1102 Dei,
1423 1035 1639 1108 expleto
1690 1036 2024 1107 captivitatis

433 1130 695 1192 tempore,
725 1125 1025 1194 imperante
1059 1125 1200 1195 Cyro
1227 1139 1356 1196 rege
1403 1126 1713 1194 Persarum,
1765 1127 1841 1183 in"
1869 1126 2025 1184 Jeru-

432 1213 602 1268 salem
631 1214 798 1270 fuisse
821 1229 1098 1271 reversum
1118 1255 1133 1282 ,
1163 1231 1228 1271 ac
1249 1218 1349 1271 sub
1394 1217 1693 1274 Zorobabel
1721 1225 1779 1273 et
1814 1218 1942 1274 Jesu
1970 1226 2025 1274 et

429 1301 866 1369 Josedech,Filio
895 1305 1216 1372 sacerdotis,
1234 1307 1349 1364 sive
1373 1308 1614 1374 Neemia,
1644 1323 1831 1365 muros
1859 1309 2020 1366 Jeru-

430 1393 620 1461 salem,
643 1396 902 1466 templum
933 1405 986 1450 et
1007 1396 1175 1453 altare
1196 1409 1473 1466 novatum,
1490 1399 1581 1468 jus
1603 1415 1816 1471 quoque
1843 1417 2022 1457 sacer-

431 1489 617 1545 dotum
649 1489 978 1556 restitutum;
1008 1499 1062 1544 et
1095 1499 1296 1546 sancta:
1326 1492 1601 1562 religionis
1626 1492 1853 1559 cultum,
1884 1494 2023 1548 mul-

432 1580 613 1651 tisque
670 1581 926 1652 operibus
974 1583 1216 1654 gentium
1264 1583 1682 1654 principumque
1731 1584 2020 1640 Persarum

433 1687 610 1727 mune.
630 1674 658 1688 "
672 1688 745 1728 »us
777 1673 1119 1728 adornatum.

502 1765 935 1821 Machabzeorum
960 1765 1083 1821 libri
1109 1766 1235 1822 licet
1257 1781 1364 1821 non
1390 1765 1694 1821 habeantur
1721 1783 1775 1821 1n
1813 1781 2020 1822 canone

2127 585 2286 638 ciam.
2321 583 2550 653 Scripsit
2571 595 2750 642 autem
2779 591 2845 645 ad
2871 590 3162 658 Romanos,
3185 594 3253 649 ad
3276 593 3608 665 Corinthios,
3637 599 3705 654 ad

2125 674 2366 742 Galatas,
2393 677 2459 732 ad
2481 677 2762 747 Ephesios,
2794 681 2862 736 ad
2903 680 3298 752 Philippenses,
3326 686 3395 741 ad
3419 686 3707 746 Thessalo-

2125 767 2396 836 nicenses,
2420 770 2488 825 ad
2509 769 2871 838 Colossenses,
2906 774 2972 829 ad
3000 774 3256 833 Hebraeos
3280 795 3294 833 :
3318 778 3557 851 reliquas
3576 793 3707 839 vero

2125 863 2468 928 postmodum
2519 864 2879 935 singularibus
2915 866 3082 923 edidit
3125 870 3390 939 personis,
3430 880 3490 926 ut
3518 886 3709 928 rursus

2127 950 2280 1006 illum
2310 953 2676 1021 septenarium
2698 969 2980 1010 numerum
3004 959 3070 1011 ad
3095 958 3505 1016 Sacramentum
3523 961 3708 1017 unita-

2126 1038 2198 1094 tis
2225 1048 2588 1096 converteret.
2617 1042 2945 1113 Argumenta
2969 1054 3148 1101 autem
3163 1049 3476 1105 earumdem
3495 1050 3711 1122 Episto-

2125 1133 2302 1189 larum
2335 1135 2451 1191 haec
2478 1147 2622 1191 sunt.
2648 1136 2916 1208 Imprimis
2937 1137 3194 1197 Romanae
3213 1141 3384 1213 plebis
3405 1141 3568 1199 ﬁdem
3593 1143 3708 1200 col-

2125 1224 2312 1281 laudat
2343 1246 2354 1280 :
2383 1226 2696 1283 Corinthios
2723 1229 2936 1298 gemina
2992 1231 3241 1287 doctrina
3271 1233 3536 1304 castigat:
3568 1234 3710 1305 apud

2125 1318 2346 1374 Galatas
2365 1333 2463 1390 per
2485 1321 2715 1390 gratiam
2740 1321 2865 1375 ﬁdei
2889 1321 3127 1377 excludit
3146 1337 3310 1392 opera
3331 1323 3465 1396 legis
3491 1342 3503 1378 :
3533 1325 3712 1394 Ephe-

2125 1408 2235 1463 sios
2264 1407 2571 1479 magniﬁcat
2618 1410 2673 1463 in
2723 1409 2847 1476 ﬁde,
2880 1425 3041 1480 quam
3081 1420 3406 1480 acceperunt
3457 1431 3471 1467 :
3525 1411 3712 1467 laudat

2124 1499 2499 1556 Colossenses:
2529 1515 2627 1571 pro
2647 1515 2712 1555 eo
2739 1499 2927 1573 [quod]
2955 1502 3008 1556 in
3039 1499 3143 1556 ﬁde
3173 1509 3474 1568 steterunt;
3500 1499 3709 1573 Philip-

2123 1605 2338 1661 penses,
2366 1591 2715 1663 Evangelium
2757 1592 3057 1648 custodisse
3106 1591 3442 1662 gratulatur:
3475 1592 3709 1649 Thessa-

2123 1681 2424 1737 lonicenses
2440 1680 2492 1735 in
2509 1681 2682 1751 prima
2713 1683 2937 1752 epistola
2968 1682 3074 1738 ﬁde
3094 1682 3330 1740 crevisse
3354 1690 3409 1738 et
3427 1685 3709 1755 operibus,

2125 1772 2180 1826 in
2210 1771 2444 1826 secunda
2456 1773 2863 1841 persecutiones
2897 1773 3158 1829 tolerasse
3190 1773 3404 1829 fortiter
3422 1774 3706 1845 gloriatur.

430 1853 780 1911 Hebraeorum
822 1874 836 1912 :
879 1866 1062 1912 tamen
1107 1858 1175 1912 ab
1231 1857 1473 1912 Ecclesia
1519 1857 1663 1913 inter
1709 1858 2017 1914 divinorum
2046 1857 2094 1916 B
2124 1859 2344 1915 instruit
2372 1874 2470 1930 per
2493 1859 2833 1916 Timotheum
2884 1869 2940 1917 et
2979 1861 3160 1917 Titum
3190 1862 3460 1920 Ecclesias
3487 1878 3502 1918 :
3528 1862 3710 1921 Phile-

430 1949 765 2002 voluminum
790 1947 1049 2003 historias
1085 1957 1530 2003 annumerantur.
1576 1948 1892 2004 Praenotant
1920 1965 2018 2004 au-

432 2046 540 2092 tem
564 2038 748 2107 praelia
772 2037 914 2092 inter
939 2036 1289 2092 Hebraeorum
1325 2039 1519 2104 duces,
1557 2049 1853 2109 gentesque
1881 2039 2015 2095 Per-

431 2146 635 2196 sarum,
666 2145 1010 2201 pugnamque
1039 2131 1411 2197 sabbatorum,
1443 2139 1500 2186 et
1539 2131 1748 2188 nobiles
1802 2131 2019 2187 Macha-

429 2223 668 2277 breorum
695 2223 1016 2292 triumphos,
1047 2222 1226 2277 ftedus
1259 2236 1475 2292 quoque
1501 2223 1867 2279 amicitiarum
1895 2238 2019 2279 cum

429 2313 627 2384 populo
653 2313 1024 2369 Romanorum
1045 2321 1206 2383 atque
1231 2313 1581 2383 legationum.

505 2405 640 2460 item
694 2405 1030 2475 prmfationis
1054 2404 1189 2459 Novi
1237 2404 1573 2462 Testamenti
1604 2407 2019 2476 Evangeliorum

431 2498 763 2567 praedicatio,
790 2499 1037 2568 quamvis
1058 2499 1390 2568 quadrifaria
1423 2501 1512 2563 sit,
1543 2516 1649 2554 una
1685 2494 1770 2554 est
1797 2508 2016 2555 tamen:

431 2589 557 2657 quia
583 2603 650 2642 ex
681 2604 788 2641 uno
824 2589 1124 2658 eodemque
1151 2605 1248 2644 ore
1278 2590 1563 2646 Trinitatis
1590 2591 1874 2660 processit.
1893 2591 2022 2646 Haec

431 2688 558 2734 sunt
581 2681 726 2735 enim
741 2686 972 2748 quatuor
993 2677 1211 2735 ﬂumina
1239 2681 1306 2736 de
1333 2697 1441 2736 uno
1470 2682 1619 2738 fonte
1640 2683 1877 2752 paradisi
1905 2699 2022 2738 ma-

432 2775 643 2837 nantia,
672 2787 899 2842 quzeque
928 2774 1217 2843 dupliciter
1245 2790 1354 2830 uno
1377 2789 1471 2830 ore
1501 2777 1798 2831 decurrunt
1825 2791 1889 2831 ac
1922 2791 2021 2847 per

433 2871 606 2917 totum
635 2863 899 2917 mundum
928 2862 1166 2918 caelestis
1197 2864 1570 2920 ministrantes
1609 2863 1808 2920 ﬂuenta
1833 2866 2021 2936 gratiae

435 2969 500 3008 ac
525 2952 647 3008 ﬁdei
673 2953 852 3009 verbis
883 2952 1189 3008 infundunt.
1240 2952 1367 3009 Haec
1409 2962 1492 3009 est
1541 2955 1630 3010 illa
1659 2955 1716 3010 in
1759 2955 2020 3010 Zacharia

433 3044 696 3113 quadriga
726 3044 964 3110 Domini,
991 3044 1046 3098 in
1078 3059 1187 3115 qua
1215 3059 1318 3114 per
1351 3059 1570 3100 omnem
1597 3053 1820 3101 evectus
1858 3062 2020 3101 mun-

433 3136 560 3188 dum
595 3134 700 3189 leni
719 3134 850 3205 jugo
875 3134 1012 3190 colla
1037 3134 1137 3189 sibi
1171 3143 1492 3190 cunctarum
1526 3135 1772 3206 gentium
1799 3136 2017 3205 subigit.

2122 1951 2434 2008 monem’de
2460 1953 2751 2009 emendato
2786 1968 2943 2009 servo
2988 1952 3241 2010 Onesimo
3269 1964 3443 2027 rogat.
3475 1957 3558 2011 Ad
3583 1957 3710 2013 ulti-

2123 2059 2272 2098 mum
2321 2042 2609 2110 Hebraeos,
2666 2045 2758 2114 qui
2814 2044 2869 2098 in
2929 2044 3148 2100 Christo
3213 2047 3594 2116 crediderunt,
3653 2055 3710 2104 et

2122 2132 2465 2201 postmodum
2503 2133 2970 2203 persecutionibus
3013 2132 3254 2191 Judaicis
3303 2137 3478 2192 territi
3527 2153 3558 2192 a
3602 2138 3710 2195 ﬁde

2123 2233 2480 2290 recesserant,
2542 2224 2814 2282 confortat
2853 2234 3014 2297 atque
3057 2227 3124 2282 ad
3164 2228 3393 2298 gratiam
3429 2230 3708 2303 Evangelii

2123 2321 2359 2369 revocat.

2191 2403 2388 2462 Petrus
2410 2407 2628 2479 scripsit
2654 2409 2786 2465 duas
2807 2409 3083 2481 epistolas,
3109 2429 3230 2485 quae
3257 2416 3549 2476 Catholicae
3568 2435 3710 2477 nun-

2123 2507 2410 2567 cupantur.
2469 2500 2699 2570 Scripsit
2741 2513 2922 2560 autem
2948 2521 3042 2563 eas
3075 2509 3162 2565 his
3209 2511 3298 2581 qui
3354 2527 3420 2567 ex
3473 2513 3710 2570 circum-

2123 2589 2327 2644 cisione
2351 2591 2634 2648 credentes
2664 2596 2717 2649 in
2745 2596 3080 2667 dispersione
3109 2602 3348 2671 gentium
3376 2612 3533 2658 erant
3550 2619 3564 2658 :
3584 2621 3707 2677 qua:

2124 2679 2338 2748 quidem
2362 2683 2686 2752 quibusdam
2708 2687 2960 2743 videntur
2983 2704 3104 2746 esse
3129 2692 3419 2763 planiores,
3443 2696 3570 2751 dum
3593 2707 3708 2754 tam

2122 2769 2402 2838 profundis
2424 2772 2597 2843 plenae
2617 2775 2726 2830 sint
2747 2778 3012 2848 sensibus,
3038 2790 3099 2835 ut
3125 2797 3226 2852 per
3251 2799 3364 2852 eas,
3388 2787 3479 2855 qui
3499 2788 3710 2858 possint

2122 2863 2453 2928 perscrutari
2481 2865 2677 2920 divinae
2707 2869 2948 2924 scientiae
2971 2885 3193 2928 sensum
3234 2879 3389 2944 quasi
3416 2892 3515 2947 per
3541 2878 3710 2935 breve

2124 2951 2395 3020 quoddam
2410 2957 2833 3027 receptaculum,
2854 2974 3048 3033 magna
3070 2963 3173 3020 sibi
3195 2968 3454 3037 mysteria
3475 2969 3709 3027 revelari

2124 3053 2223 3093 con
2232 3048 2448 3097 tueantu
2457 3060 2500 3097 l‘.

2194 3128 2425 3187 Jacobus
2455 3132 2623 3190 frater
2653 3135 2870 3195 Domini
2894 3140 3113 3212 scripsit
3133 3157 3297 3201 unam
3321 3146 3615 3218 Epistolam
3635 3153 3711 3208 ad

432 3224 498 3278 lii
539 3233 664 3279 sunt
691 3204 875 3290 etiam,
911 3240 1047 3294 quos
1073 3224 1174 3280 sub
1199 3233 1434 3296 quatuor
1473 3204 1790 3282 animalium
1843 3204 2024 3297 specie
2051 3204 2096 3266 (ἶ
2129 3221 2540 3281 :Bdiﬁcationem
2561 3226 2816 3284 Ecclesiae
2841 3233 3194 3300 pertinentem
3220 3254 3232 3291 :
3257 3204 3410 3309 cujus
3438 3244 3710 3303 sententia

433 3315 570 3370 visio
596 3314 938 3384 Prophetalis
967 3315 1175 3382 scribit,
1202 3316 1256 3370 id
1297 3324 1408 3381 est,
1438 3318 1695 3385 hominis,
1719 3318 1912 3383 leonis,
1943 3319 2023 3374 vi-

433 3406 531 3460 tuli
577 3414 632 3462 et
658 3407 873 3476 aquilae.
923 3406 1170 3478 Namque
1216 3408 1446 3477 primus,
1479 3417 1538 3463 ut
1567 3409 1752 3476 homo,
1777 3410 2022 3466 ordinem

434 3497 686 3552 humanae
730 3496 1033 3552 nativitatis
1084 3497 1350 3568 designat.
1409 3499 1689 3556 Secundus
1731 3501 1798 3556 ad
1852 3502 2024 3556 instar

434 3588 699 3658 rugientis
721 3587 896 3643 leonis
925 3588 1110 3643 statim
1135 3589 1188 3643 in
1217 3589 1484 3659 principio
1515 3591 1600 3646 sui
1630 3591 1898 3648 sermonis
1942 3592 2023 3647 di-

433 3678 571 3732 vinte
605 3679 891 3746 potestatis
927 3680 1300 3736 fortitudinem
1343 3680 1578 3736 intimat.
1613 3683 1829 3739 Tertius
1862 3685 2021 3740 victi-

438 3784 582 3822 mam
611 3770 911 3826 sacerdotis
934 3770 1294 3840 praemittens,
1323 3772 1476 3840 quasi
1506 3771 1664 3826 vituli
1688 3782 1918 3829 mortem
1945 3775 2024 3830 in-

432 3860 632 3913 sinuat.
662 3860 900 3928 Quartus
948 3875 1100 3915 more
1147 3861 1342 3930 aquilae
1392 3871 1675 3919 assectans
1723 3864 1919 3920 coelum
1969 3874 2024 3922 et

434 3957 638 4004 terram
668 3951 859 4007 avidus
907 3951 1228 4017 transvolat,
1259 3961 1423 4022 atque
1468 3955 1810 4011 nativitatem
1857 3955 2022 4013 Verbi

433 4040 646 4095 occulta
698 4040 958 4112 mysteria
1014 4040 1305 4114 [mysterii]
1348 4044 1704 4112 intelligentia
1748 4055 2019 4116 penetrat.

435 4129 543 4184 Sed
568 4146 632 4184 ex
661 4131 747 4186 his
775 4132 878 4186 tria
910 4131 1000 4186 illa
1044 4131 1323 4198 animalia,
1352 4147 1472 4202 quae
1501 4134 1557 4188 in
1592 4144 1736 4189 terra
1766 4137 2024 4205 gradiun-

434 4227 542 4284 tur,
574 4219 842 4274 actualem
866 4221 1035 4275 vitam
1061 4229 1377 4292 sequentes,
1409 4237 1473 4277 ea
1499 4226 1876 4281 tantummodo
1898 4242 2023 4295 pro—

435 4312 606 4366 secuti
634 4321 778 4378 sunt,
812 4327 932 4382 quae
961 4312 1126 4368 homo
1151 4312 1397 4369 Christus
1426 4315 1483 4371 in
1516 4316 1677 4372 terris
1707 4318 2023 4388 temporali-

436 4410 522 4456 ter
572 4403 759 4471 gessit.
808 4403 1071 4469 Quartum
1128 4405 1328 4459 animal
1385 4409 1858 4479 contemplationis
1907 4412 2024 4466 acie

434 4491 676 4546 caelestia
718 4493 955 4562 inspicit,
979 4503 1035 4550 et
1059 4496 1320 4566 paulatim
1345 4513 1569 4568 operum
1611 4501 1843 4571 plurima
1885 4503 2022 4558 divi-

434 4582 622 4635 nitatis
649 4582 1004 4639 Sacramenta
1031 4585 1273 4656 digessit.
1303 4587 1381 4641 Ex
1418 4590 1505 4644 his
1539 4592 1746 4660 primus
1791 4602 1849 4648 et
1893 4594 2018 4648 ulli-

434 4687 555 4725 mus
588 4686 649 4725 ea
675 4675 1129 4742 praedicaverunt,
1162 4692 1282 4746 quae
1322 4693 1389 4734 ex
1439 4695 1534 4734 ore
1573 4680 1773 4738 Christi
1827 4685 2014 4740 audie-

434 4773 561 4817 runt
593 4782 605 4818 :
636 4765 719 4818 vel
748 4780 868 4835 quae
891 4766 960 4821 ab
989 4767 1080 4822 illo
1115 4769 1258 4824 facta
1291 4770 1373 4824 vel
1404 4780 1556 4841 gesta
1599 4774 1873 4841 viderunt,
1899 4777 2018 4831 reli-

435 4855 528 4924 qui
560 4857 720 4911 medii
754 4859 858 4912 duo
906 4873 971 4913 ea
1021 4865 1412 4930 tantummodo,
1459 4879 1577 4934 quae
1625 4868 1691 4922 ab
1744 4869 2016 4937 Apostolis

433 4955 821 5016 cognoverunt.
847 4948 1087 5014 Quorum
1115 4953 1334 5022 quidem
1360 4955 1643 5013 Matthaeus
1665 4958 2013 5030 Evangelium

438 5037 492 5090 in
538 5034 719 5092 Judara
755 5039 972 5108 scripsit
1001 5059 1014 5094 :
1046 5042 1241 5098 deinde
1296 5045 1507 5102 Marcus
1531 5049 1587 5102 in
1622 5047 1795 5115 Italia,
1826 5051 2017 5105 tertius

437 5126 611 5182 Lucas
633 5128 686 5182 in
716 5127 921 5184 Achaia
950 5147 963 5184 :
993 5132 1216 5188 ultimus
1243 5134 1480 5192 Joannes
1502 5138 1558 5193 in
1577 5139 1708 5195 Asia
1737 5159 1749 5194 :
1785 5156 1854 5196 ex
1893 5142 2014 5210 qui-

436 5218 538 5273 bus
568 5218 712 5276 solus
747 5230 954 5277 tantum
992 5223 1276 5283 Matthaeus
1300 5232 1700 5299 przedicationis
1733 5233 2014 5289 historiam

437 5306 706 5363 Hebraico
734 5313 1051 5380 perstrinxit
1079 5317 1244 5386 stylo,
1270 5318 1462 5389 reliqui
1511 5337 1641 5377 vero
1687 5320 1860 5378 Graeci
1907 5339 2018 5379 ser-

439 5399 613 5452 monis
635 5399 850 5468 eloquio
874 5402 1178 5458 ediderunt.

508 5486 776 5554 Epistolas
809 5491 1005 5548 Paulus
1025 5497 1434 5564 quatuordccim
1475 5503 1873 5569 praedicationis
1902 5521 2012 5561 suae

437 5577 754 5642 perstrinxit
785 5581 941 5648 stylo,
969 5598 1034 5636 ex
1079 5585 1274 5653 quibus
1324 5586 1531 5656 aliquas
1584 5602 1802 5661 promer
1830 5603 2010 5664 typum

439 5667 766 5734 septiformis
793 5672 1034 5726 ecclesiae
1087 5685 1293 5744 septem
1341 5680 1559 5748 scripsit
1586 5683 1852 5748 ecclesiis,
1885 5700 2012 5739 con-

438 5769 660 5812 servans
706 5761 901 5827 potius,
956 5778 1117 5831 quatn
1167 5768 1431 5823 excedens
1485 5788 1764 5827 numerum
1819 5775 2011 5830 Sacra-

2128 3312 2448 3371 immensam
2505 3319 2744 3377 scientiae
2789 3322 3091 3382 claritatem
3138 3327 3440 3399 legentibus
3493 3333 3711 3393 videtur

2128 3401 2432 3460 infundere.

2196 3493 2433 3552 Joannes
2459 3499 2748 3568 Apostolus
2771 3505 2988 3575 scripsit
3009 3507 3265 3578 epistolas
3287 3519 3400 3569 tres
3432 3531 3445 3569 :
3475 3530 3706 3586 quarum

2125 3588 2301 3656 prima
2324 3587 2558 3644 ofﬁcium
2572 3593 2854 3650 charitatis
2877 3601 3280 3669 commendans,
3306 3612 3418 3660 tota
3441 3606 3498 3661 in
3519 3622 3706 3664 amore

2127 3678 2221 3733 Dei
2251 3688 2306 3733 et
2327 3679 2570 3736 fraterna
2601 3683 2888 3741 dilectione
2906 3700 3173 3747 versatur.
3199 3693 3443 3750 Secunda
3466 3713 3704 3770 quoque,

2125 3781 2244 3836 quae
2270 3768 2465 3824 Electae
2495 3773 2769 3841 scribitur,
2798 3777 3098 3836 dilectionis
3147 3782 3392 3839 hortatur
3440 3768 3701 3856 studium,

2126 3862 2347 3918 denotat
2371 3864 2535 3920 etiam
2560 3868 2891 3936 seductores,
2921 3879 2977 3926 et
3015 3872 3082 3927 ab
3131 3875 3402 3934 hmreticis
3449 3880 3706 3937 admonet

2126 3953 2524 4009 declinandum.
2561 3957 2798 4014 Tertiam
2849 3971 3024 4017 autem
3063 3962 3197 4020 Gaio
3241 3967 3479 4038 scripsit,
3510 3970 3566 4024 in
3597 3987 3703 4042 qua

2125 4042 2395 4098 collaudat
2420 4060 2541 4101 eum
2567 4048 2620 4102 in
2652 4051 2826 4106 studio
2856 4054 3101 4108 veritatis
3124 4062 3178 4110 et
3205 4070 3366 4127 opere
3393 4059 3706 4118 misericor-

2125 4132 2227 4187 diae
2257 4150 2271 4186 :
2303 4135 2494 4190 deinde
2514 4137 2732 4193 denotat
2751 4143 3078 4210 proterviam
3101 4146 3381 4217 cujusdam
3405 4148 3702 4223 Diotrepis,

2125 4234 2182 4279 et
2206 4224 2477 4282 Demetrio
2503 4232 2872 4288 testimonium
2899 4237 3146 4306 perhibet
3174 4241 3438 4299 veritatis.

2194 4316 2343 4374 Judae
2381 4320 2620 4391 Epistola
2662 4324 2906 4396 increpat
2940 4329 3378 4398 blasphemantes
3406 4335 3462 4390 in
3483 4337 3703 4398 Christo

2124 4414 2178 4461 et
2203 4409 2463 4479 quosdam
2493 4412 2792 4483 impudicos
2818 4417 2919 4472 sub
2962 4420 3208 4490 exemplo
3251 4421 3562 4496 impiorum,
3607 4431 3701 4501 qui

2126 4498 2240 4571 [ob]
2269 4503 2575 4570 superbiam
2608 4513 2662 4560 et
2703 4505 2970 4564 luxuriam
3017 4513 3358 4581 sempiternis
3413 4498 3700 4578 ardoribus

2126 4591 2304 4644 traditi
2331 4601 2472 4658 sunt,
2512 4611 2609 4664 pro
2649 4599 2843 4667 quibus
2868 4601 3123 4658 admonet
3150 4605 3472 4676 Ecelesiam,
3501 4622 3562 4667 ut
3605 4630 3701 4671 eos

2125 4691 2313 4751 arguat
2341 4693 2397 4738 et
2423 4686 2488 4740 ad
2513 4690 2885 4756 paenitentiam
2909 4695 3236 4752 cohortetur.

2191 4773 2419 4830 Actuum
2475 4780 2834 4847 apostolorum
2875 4785 3099 4843 historia
3145 4791 3414 4847 nascentis
3442 4792 3699 4853 Ecclesia:

2123 4863 2282 4919 ﬁdem
2305 4881 2545 4938 opusque
2571 4871 2848 4939 describit,
2862 4875 3014 4944 cujus
3034 4879 3250 4947 quidem
3270 4881 3499 4952 scriptor
3519 4883 3698 4943 Lucas

2121 4956 2461 5026 Evangelista
2493 4966 2877 5021 est:continet
2907 4977 3086 5023 autem
3143 4985 3205 5024 ea
3243 4986 3362 5042 quae
3406 4972 3462 5027 in
3509 4973 3696 5031 Judaa

2122 5046 2206 5100 vel
2235 5048 2286 5102 in
2337 5048 2600 5106 Gentibus
2629 5068 2726 5123 per
2751 5057 2980 5125 gratiam
3022 5056 3254 5126 Spiritus
3294 5062 3468 5117 sancti
3511 5073 3625 5120 tam
3661 5079 3692 5120 a

2120 5134 2279 5192 Petro
2308 5153 2467 5208 quam
2493 5142 2560 5197 ab
2580 5141 2700 5200 aliis
2722 5145 2992 5214 Apostolis
3022 5156 3171 5216 gesta
3193 5159 3335 5204 sunt.

2187 5227 2534 5299 Apocalypsis
2593 5231 2816 5290 Joannis
2859 5244 3145 5306 postquam
3196 5241 3430 5297 scribere
3480 5251 3690 5313 septem

2112 5317 2266 5386 jubet
2310 5319 2564 5376 Ecclesiis
2591 5324 2783 5393 aspicit
2832 5324 3026 5381 Filium
3070 5328 3302 5387 hominis
3325 5334 3600 5388 sedentem
3633 5334 3727 5390 in.

2121 5411 2333 5476 throno,
2368 5421 2421 5468 et
2464 5413 2535 5466 24
2579 5416 2839 5483 seniores,
2870 5425 2923 5472 et
2970 5427 3200 5490 quatuor
3227 5421 3478 5476 animalia
3506 5424 3694 5493 proci.

2113 5504 2289 5558 dentia
2337 5514 2460 5560 ante
2513 5508 2884 5564 tlironumzin
2916 5512 3136 5567 dextera
3185 5529 3397 5583 quoque
3446 5516 3693 5575 sedentis

2111 5595 2306 5650 librum
2352 5605 2557 5667 septem
2587 5598 2777 5669 sigillis
2812 5602 3099 5672 signatum,
3139 5603 3195 5656 in
3235 5619 3341 5673 quo
3390 5605 3589 5662 bellum
3631 5614 3692 5665 et

2110 5695 2340 5756 egestas,
2388 5703 2553 5754 mors,
2612 5690 2813 5746 clamor
2854 5692 3277 5763 interfectorum,
3312 5695 3436 5752 ﬁnis
3463 5709 3688 5768 quoque

2110 5779 2292 5832 mundi
2325 5787 2557 5835 notatur.
2591 5780 2789 5835 Scribit
2815 5781 3004 5837 deinde
3030 5783 3274 5843 duodena
3297 5785 3466 5843 millia
3485 5799 3678 5844 servo-
