3896 6304
313 327 408 383 iii

1315 329 1403 388 DE
1441 330 1787 390 UNIVERSO
1825 332 2004 391 LIBRI
2041 333 2203 393 XXII.
2246 366 2317 378 —
2355 336 2481 392 LIB.
2520 335 2585 391 ν.

3471 342 3577 401 122

313 456 432 495 rum
452 439 573 506 Dei,
595 439 691 510 qui
717 440 999 510 signantur
1021 438 1075 495 in
1105 439 1371 497 frontibus
1402 459 1416 494 :
1445 442 1518 498 ibi
1551 453 1759 514 septem
1781 445 1892 500 An-
1924 452 1974 513 Α
1998 451 2175 506 omnia
2219 468 2315 523 per
2367 454 2624 523 Spiritum
2665 461 2912 510 sanctum
2962 456 3299 527 interpretati
3345 468 3490 528 sunt,
3515 471 3578 520 ut

317 533 419 604 geli
467 531 611 587 tubis
653 539 880 597 canunt,
928 541 1187 602 sequente
1233 534 1493 602 grandine
1537 544 1594 591 et
1626 538 1748 606 igne
1774 555 1895 593 cum

317 626 577 696 sanguine
619 625 675 679 in
718 635 961 680 terram:
1000 626 1161 681 tertia
1211 641 1424 696 quoque
1468 644 1596 698 pars
1636 637 1796 684 terrae
1824 631 1898 686 ibi

319 717 443 791 igne
465 715 843 772 comburitur:
873 718 1032 773 tertia
1061 732 1191 786 pars
1211 719 1379 773 maris
1403 719 1622 789 sanguis
1636 718 1895 776 eflieitur:

320 819 574 881 astraque
595 810 712 880 ipsa
732 810 1006 866 rutilantia
1027 811 1243 866 tertiam
1270 810 1493 883 fulgoris
1514 822 1724 882 partem
1745 814 1901 868 amit-

320 911 441 959 tunt
470 902 578 958 :ibi
609 903 675 960 de
692 904 844 974 putei
865 903 1013 958 fumo
1035 902 1254 958 locustae
1297 904 1665 974 producuntur
1700 905 1898 960 daemo-

317 996 552 1060 niorum,
589 996 916 1064 accipientes
944 1001 1267 1065 potestatem
1296 993 1525 1049 laedendi
1548 1010 1641 1050 eos
1671 996 1763 1066 qui
1789 1012 1894 1052 non

315 1092 444 1138 sunt
474 1084 596 1154 agni
614 1099 807 1141 cruore
834 1085 1054 1155 signati.
1079 1084 1345 1140 Przeterea
1392 1086 1626 1141 comedit
1650 1087 1892 1158 Evange-

316 1175 440 1232 lista
471 1178 668 1234 librum
692 1179 1019 1245 testamenti,
1047 1180 1160 1234 oris
1206 1178 1589 1250 praedicatione
1639 1183 1893 1239 suavissi-

315 1284 485 1334 mum,
509 1277 564 1324 et
579 1270 760 1340 operis
782 1269 1087 1325 difﬁcultate
1109 1285 1353 1326 amarum
1379 1290 1391 1326 :
1424 1273 1646 1328 metitur
1675 1275 1894 1331 emleste

314 1359 574 1428 templum
597 1378 610 1412 :
630 1359 992 1429 describitque
1019 1361 1182 1416 verba
1202 1361 1270 1415 24
1290 1363 1583 1430 seniorum,
1613 1371 1668 1418 et
1708 1379 1891 1421 arcam

311 1451 647 1516 testamenti,
676 1463 740 1506 ac
765 1450 1044 1505 mulierem
1085 1452 1336 1507 amictam
1386 1454 1516 1521 sole,
1552 1470 1891 1527 pugnamque

313 1537 591 1595 Michaelis
611 1554 733 1594 cum
762 1539 1018 1606 dracone,
1048 1541 1258 1597 ruinam
1313 1545 1585 1600 draconis.
1617 1546 1892 1616 Conspicit

309 1638 573 1698 praeterea
599 1630 827 1701 figuram
861 1633 1189 1700 antichristi,
1216 1634 1505 1691 habentem
1537 1637 1711 1707 capita
1741 1638 1890 1708 regni

309 1728 536 1788 septem,
565 1729 620 1774 et
649 1735 852 1776 cornua
880 1723 1185 1792 potestatis,
1211 1731 1267 1778 et
1311 1740 1595 1780 numerum
1627 1726 1881 1780 hominis.

2002 543 2138 597 nihil
2169 544 2222 598 in
2243 543 2471 612 alicujus
2492 560 2677 600 eorum
2706 548 2890 602 codice
2937 547 3213 604 inventum
3240 559 3406 617 esset,
3433 551 3576 621 quod

1999 636 2054 690 in
2087 635 2162 708 [a]
2211 636 2422 690 caeteris
2462 637 2546 692 vel
2596 640 2652 694 in
2698 641 2989 695 verborum
3008 641 3195 696 ordine
3224 643 3574 712 discreparet.

1999 726 2243 780 Fuerunt
2269 735 2325 782 et
2352 727 2442 781 alii
2466 726 2806 800 interpretes,
2835 731 2928 800 qui
2962 745 3028 786 ex
3054 730 3282 786 Hebraea
3310 732 3491 803 lingua
3519 732 3575 788 in

1999 816 2242 875 Graecam
2276 834 2433 875 sacra
2460 821 2670 890 eloquia
2715 823 3129 889 transtulerunt,
3179 824 3316 879 sicut
3361 823 3575 894 Aquila,

2001 907 2359 979 Symmachus
2397 917 2451 965 et
2477 911 2814 969 Theodotion
2839 933 2852 967 :
2883 914 3024 971 sicut
3047 916 3212 971 etiam
3236 923 3320 970 est
3340 915 3578 987 vulgaris

2000 999 2090 1054 illa
2119 1000 2496 1071 interpretatio
2522 1003 2674 1074 cujus
2698 1013 2888 1061 auctor
2911 1021 3018 1061 non
3046 1014 3288 1077 apparet,
3310 1014 3364 1062 et
3385 1005 3453 1060 ob
3474 1004 3578 1061 hoc

1999 1090 2115 1145 sine
2165 1094 2381 1148 nomine
2437 1093 2747 1164 interpretis
2784 1096 2973 1165 quinta
3021 1097 3185 1150 editio
3215 1102 3576 1166 nuncupatur.

1997 1179 2267 1237 Praeterea
2293 1191 2502 1238 sextam
2535 1192 2591 1239 et
2638 1186 2919 1255 septimam
2972 1185 3264 1240 editionem
3311 1183 3569 1255 Origenes

1997 1273 2136 1327 miro
2162 1272 2343 1329 labore
2364 1275 2587 1344 reperit,
2617 1284 2671 1330 et
2697 1291 2819 1330 cum
2846 1276 3052 1331 caeteris
3073 1275 3397 1331 editionibus
3421 1290 3571 1330 com—

1997 1364 2226 1432 paravit.
2251 1364 2653 1437 Preshyterque
2682 1365 3042 1436 Hieronymus
3082 1366 3244 1420 trium
3272 1365 3577 1436 linguarum

1996 1453 2205 1523 pariter
2244 1467 2308 1508 ex
2353 1453 2581 1510 Hebraeo
2634 1457 2689 1510 in
2747 1455 2998 1510 Latinum
3047 1455 3320 1524 eloquium
3360 1455 3576 1510 easdem

1997 1544 2296 1613 scripturas
2319 1545 2604 1610 convertit,
2633 1545 3052 1616 eloquenterque
3078 1544 3387 1600 transfudit.
3412 1545 3577 1615 Cujus

1997 1635 2372 1704 interpretatio
2401 1636 2597 1690 merito
2638 1637 2847 1690 caeteris
2885 1635 3184 1691 antefertur
3216 1653 3227 1689 :
3258 1650 3379 1689 nam
3408 1642 3492 1689 est
3519 1640 3575 1688 et

1996 1725 2284 1780 verborum
2315 1726 2578 1790 tenacior,
2625 1735 2679 1782 et
2715 1727 3096 1796 perspicuitate
3139 1726 3420 1782 sententiae
3463 1724 3573 1781 cla-

307 1809 510 1866 Narrat
537 1811 678 1867 inter
703 1811 818 1867 haec
840 1811 1121 1868 Canticum
1149 1816 1460 1870 testamenti
1512 1831 1731 1881 novum,
1763 1831 1887 1886 spe-
1919 1817 1965 1876 B
1993 1815 2126 1869 rior.

307 1901 623 1972 eulaturque
668 1902 900 1973 Angelos
966 1912 1236 1975 gestantes
1291 1913 1555 1971 stateras,
1605 1907 1887 1978 cernitque

305 1992 556 2049 similiter
599 1993 875 2048 interitum
919 1995 1125 2061 bestiae,
1163 2004 1218 2050 et
1260 1998 1647 2053 beatitudinem
1698 2014 1884 2055 eorum

306 2084 400 2154 qui
430 2083 748 2138 vestimenta
770 2083 852 2138 sui
876 2084 1136 2154 corporis,
1163 2085 1268 2140 hoc
1310 2093 1412 2150 est,
1460 2084 1660 2156 absque
1709 2089 1888 2143 carnis

305 2175 580 2244 voluptate
619 2184 1006 2229 servaverunt:
1039 2175 1352 2244 exsequitur
1393 2176 1587 2231 deinde
1616 2185 1671 2231 et
1699 2178 1887 2234 interi-

303 2273 422 2319 tum
448 2265 749 2319 meretricis
772 2265 1097 2334 Babyloniae,
1123 2274 1179 2321 et
1195 2266 1410 2336 nuptias
1439 2268 1583 2338 agni,
1610 2277 1665 2323 et
1685 2270 1883 2324 adven-

305 2365 417 2411 tum
457 2358 666 2426 judicii,
718 2365 772 2412 et
819 2357 1096 2412 interitum
1136 2358 1478 2427 Antichristi,
1527 2370 1581 2416 et
1624 2371 1880 2419 aeternam

302 2449 638 2516 punitionem
692 2447 911 2512 diaboli,
977 2457 1034 2502 et
1092 2449 1335 2503 ultimam
1390 2459 1654 2506 memorat
1704 2468 1882 2508 resur-

301 2538 597 2592 rectionem
627 2547 987 2604 mortuorum,
1035 2539 1263 2610 coelique
1300 2542 1594 2597 novitatem
1618 2550 1672 2597 et
1699 2551 1876 2610 terrm,

300 2627 823 2697 descriptionemque
847 2627 1147 2684 Jerusalem
1180 2649 1191 2682 :
1215 2628 1414 2686 ﬂumen
1435 2632 1599 2690 etiam
1621 2634 1878 2702 Baptismi

300 2722 586 2788 mundum,
619 2731 674 2779 et
703 2723 905 2792 lignum
933 2723 1058 2779 vitae
1085 2723 1371 2779 Dominum
1418 2733 1662 2781 nostrum
1695 2725 1878 2782 Jesum

299 2812 593 2869 Christum.

907 2905 1134 2962 CAPUT
1184 2907 1270 2963 IV.

860 2998 935 3051 De
987 2999 1312 3055 bibliotheca.

373 3084 703 3143 Bibliotheca
729 3101 760 3142 a
784 3086 974 3143 Graeco
999 3103 1194 3144 nomen
1243 3091 1450 3160 accepit
1476 3109 1490 3146 :
1519 3106 1583 3148 eo
1629 3095 1771 3162 quod
1800 3095 1872 3151 ibi

2622 1906 2850 1964 CAPUT
2889 1908 2953 1964 V.

2371 1998 2448 2052 De
2479 1999 2849 2067 opusculorum
2869 2000 3187 2055 diversitate.

2062 2086 2455 2155 Opusculorum
2505 2095 2718 2142 constat
2773 2104 2893 2144 esse
2925 2090 3025 2145 tria
3064 2105 3283 2160 genera.
3330 2088 3568 2148 Primum

1989 2191 2156 2244 genus
2176 2178 2439 2247 Excerpta
2460 2186 2603 2242 sunt,
2633 2192 2752 2246 qua:
2795 2177 2981 2234 Graece
3021 2179 3220 2234 scholia
3256 2193 3569 2248 nuncupan—

1987 2274 2093 2332 tur,
2122 2269 2176 2321 in
2207 2270 2400 2338 quibus
2419 2283 2503 2334 ea,
2536 2283 2654 2338 quae
2672 2269 2923 2324 viderunt
2948 2271 3177 2325 obscura
3193 2270 3278 2326 vel
3309 2271 3565 2336 difﬁcilia,

1985 2359 2292 2412 summatim
2347 2373 2410 2413 ac
2463 2359 2699 2414 breviter
2746 2360 3202 2430 perstringuntur.
3260 2360 3566 2416 Secundum

1985 2463 2154 2517 genus
2194 2446 2438 2502 Homiliaa
2466 2456 2610 2515 sunt,
2637 2464 2771 2518 quas
2798 2449 2978 2504 Latini
3007 2451 3214 2504 verbum
3266 2451 3557 2521 appellant,

1985 2553 2103 2607 quae
2127 2538 2474 2608 proferuntur
2499 2541 2553 2594 in
2578 2539 2808 2610 populis.
2835 2538 3075 2594 Tertium
3109 2537 3279 2605 Tomi,
3303 2554 3438 2610 quos
3463 2553 3562 2594 nos

1982 2630 2141 2686 libros
2163 2632 2247 2687 vel
2287 2631 2549 2686 volumina
2579 2647 2966 2703 nuncupamus.
3012 2631 3257 2686 Homiliae
3278 2640 3460 2685 autem
3497 2630 3566 2685 ad

1979 2723 2197 2793 vulgum
2222 2723 2514 2792 loquuntur
2544 2741 2558 2776 :
2601 2723 2757 2777 Tomi
2781 2738 2930 2788 vero,
2955 2723 3009 2777 id
3043 2731 3146 2787 est,
3178 2720 3304 2777 libri
3339 2719 3564 2788 majoris

1980 2822 2107 2868 sunt
2128 2813 2526 2884 disputationis.
2562 2813 2817 2885 Dialogus
2841 2822 2925 2874 est
2968 2813 3185 2869 collatio
3214 2812 3446 2868 duorum
3474 2812 3563 2867 vel

1978 2905 2354 2974 plurimorum,
2381 2921 2541 2975 quem
2565 2904 2740 2961 Latini
2767 2921 3027 2960 sermones
3042 2905 3244 2959 dicunt.
3269 2901 3402 2956 Nam
3426 2915 3563 2971 quos

1979 2993 2153 3050 Graeci
2179 2996 2412 3067 dialogos
2447 3004 2664 3062 vocant,
2699 3010 2798 3050 nos
2824 3011 3082 3050 sermones
3121 3007 3401 3048 vocamus.
3428 2991 3559 3046 Ser-

1979 3101 2069 3139 mo
2094 3094 2272 3141 autem
2302 3087 2497 3152 dictus,
2528 3085 2652 3155 quia
2680 3085 2821 3140 inter
2841 3092 3127 3153 utrumque
3157 3083 3374 3137 seritur.
3408 3079 3562 3137 Unde

301 3179 664 3232 recondantur
691 3177 834 3230 libri.
857 3177 993 3231 Nam
1013 3178 1213 3233 biblion
1234 3180 1513 3249 librorum,
1549 3161 1702 3240 theca
1723 3201 1878 3255 ι-ορο.
1903 3161 1947 3223 C
1979 3177 2033 3231 in
2061 3175 2284 3249 Virgilio
2315 3195 2330 3232 :
2366 3179 2535 3232 Multa
2563 3180 2698 3232 inter
2724 3193 2778 3230 se
2826 3177 3082 3230 serebant.
3139 3175 3420 3230 Tractatus
3473 3181 3559 3229 est

299 3270 424 3326 sitio
451 3271 850 3340 interpretatur.
899 3268 1286 3326 Bibliothecam
1311 3273 1523 3329 Veteris
1543 3275 1875 3333 Testamenti

299 3359 503 3415 Esdras
522 3360 701 3414 scriba
724 3367 846 3427 post
873 3358 1147 3414 incensam
1173 3360 1345 3431 legem
1371 3377 1399 3416 a
1429 3362 1718 3430 Chaldaeis,
1748 3369 1876 3424 dum

298 3450 471 3506 Judaei
502 3450 736 3522 regressi
764 3449 989 3506 fuissent
1033 3452 1085 3506 in
1111 3442 1427 3518 Jerusalem,
1459 3456 1641 3511 divino
1666 3457 1875 3517 afﬂatus

301 3543 506 3612 Spiritu
557 3543 850 3611 reparavit,
891 3549 1190 3612 cunctaque
1234 3542 1365 3614 legis
1401 3559 1464 3600 ac
1491 3547 1873 3615 prophetarum

298 3637 593 3701 volumina,
612 3651 729 3707 quas
746 3635 960 3691 fuerant
981 3652 1011 3690 a
1033 3637 1294 3693 Gentibus
1321 3649 1593 3709 corrupta,
1617 3643 1872 3707 correxit,

300 3736 581 3798 totumque
603 3726 771 3782 Vetus
801 3727 1203 3783 Testamentum
1243 3729 1296 3782 in
1322 3729 1513 3799 viginti
1550 3732 1682 3786 duos
1710 3732 1876 3789 libros

299 3820 584 3876 constituit
612 3839 624 3873 :
658 3828 719 3874 ut
744 3826 824 3874 tot
847 3818 970 3873 libri
997 3826 1176 3874 essent
1197 3820 1250 3873 in
1270 3819 1407 3891 lege,
1449 3830 1578 3891 quot
1605 3823 1877 3879 habeban-

302 3923 390 3969 tur
435 3921 492 3969 et
549 3913 762 3968 litterae.
810 3912 964 3982 Apud
1015 3910 1227 3968 Graecos
1255 3920 1435 3966 autem
1491 3914 1874 3969 bibliothecam

297 4005 508 4076 primus
561 4003 859 4058 instituisse
916 4001 1233 4056 Pisistratus
1286 4003 1526 4057 creditur
1573 4011 1871 4074 tyrannus,

298 4109 460 4164 quam
504 4093 756 4161 deinceps
807 4091 874 4145 ab
927 4090 1344 4145 Atheniensibus
1399 4100 1611 4146 auctam
1668 4092 1874 4150 Xerxes

298 4185 534 4240 incensis
577 4182 800 4236 Athenis
847 4182 1026 4236 evexit
1072 4182 1124 4234 in
1168 4180 1389 4246 Persas,
1437 4181 1705 4251 longoque
1753 4193 1876 4252 post

296 4282 540 4342 tempore
560 4269 816 4326 Seleucus
844 4269 1076 4324 Nicanor
1095 4284 1286 4324 rursus
1307 4270 1361 4323 in
1383 4269 1645 4326 Graeciam
1666 4272 1871 4326 retulit.

296 4364 434 4420 Hinc
454 4363 688 4419 studium
721 4362 932 4432 regibus
961 4361 1291 4428 urbibusque
1330 4362 1539 4415 caeteris
1586 4370 1768 4416 natum
1793 4369 1875 4416 est

297 4451 647 4522 comparandi
689 4450 962 4504 volumina
1014 4449 1349 4524 diversarum
1395 4451 1662 4519 gentium,
1697 4459 1751 4505 et
1777 4467 1873 4520 per

1977 3268 2136 3322 unius
2155 3269 2232 3322 rei
2261 3267 2537 3337 multiplex
2563 3266 2848 3336 expositio,
2867 3280 2932 3320 eo
2957 3265 3098 3334 quod
3123 3270 3322 3318 tractat
3340 3277 3558 3318 sensum

1975 3359 2030 3413 in
2062 3359 2226 3414 multa
2253 3359 2516 3414 sentiendi
2531 3356 2915 3413 contrectando
2938 3368 3140 3410 secum.
3159 3352 3348 3408 Difi‘ert
3370 3361 3550 3407 autem

1975 3464 2174 3516 sermo,
2201 3458 2458 3505 tractatus
2487 3458 2541 3504 et
2571 3449 2817 3504 verbum.
2851 3446 3034 3502 Sermo
3057 3445 3203 3500 enim
3243 3443 3408 3498 altera
3437 3449 3559 3511 eget

1974 3553 2226 3607 persona.
2262 3535 2535 3590 Tractatus
2581 3535 2887 3604 specialiter
2926 3533 2993 3586 ad
3031 3534 3272 3601 seipsum.
3300 3538 3404 3584 est.
3428 3527 3556 3580 Ver-

1976 3628 2095 3680 bum
2120 3635 2297 3682 autem
2325 3627 2392 3680 ad
2417 3641 2623 3680 omnes.
2652 3623 2805 3678 Unde
2840 3630 2896 3677 et
2923 3621 3154 3677 dicitur:
3191 3618 3411 3673 Verbum
3433 3616 3554 3686 fecit

1976 3719 2044 3772 ad
2074 3717 2340 3789 populum.
2389 3717 2787 3772 Commentaria
2839 3716 2982 3769 dicta
3035 3711 3188 3782 quasi
3227 3717 3549 3767 commenta.

1977 3809 2113 3864 Sunt
2137 3810 2279 3864 enim
2309 3807 2799 3878 interpretationes,
2814 3813 2874 3859 ut
2895 3810 3196 3859 commenta
3217 3800 3376 3870 juris,
3399 3814 3548 3854 eom-

1974 3909 2156 3954 menta
2199 3897 2480 3967 evangelii.
2513 3898 2891 3966 Apologetieus
2920 3903 3003 3949 est
3036 3892 3332 3955 excusatio,
3363 3890 3416 3943 in
3443 3902 3550 3958 quo

1975 3991 2149 4044 solent
2171 3979 2392 4058 quidam
2414 3987 2790 4041 accusantibus
2805 3985 3151 4054 respondere,
3168 3983 3220 4036 in
3246 3980 3550 4037 defensione

1974 4079 2118 4132 enim
2151 4085 2244 4130 aut
2283 4076 2567 4147 negatione
2605 4075 2718 4130 sola
2760 4074 2966 4143 positus
3008 4081 3111 4139 est,
3141 4079 3197 4124 et
3233 4078 3315 4125 est
3355 4083 3551 4123 nomen

1975 4164 2240 4224 Grmcum.
2269 4167 2658 4238 Panegyricum
2672 4166 3104 4221 estlicentiosum
3130 4172 3186 4218 et
3209 4161 3549 4216 lasciviosum
3595 4151 3682 4189 ν

1976 4274 2142 4331 genus
2172 4259 2383 4314 dicendi
2419 4258 2473 4312 in
2500 4257 2746 4312 laudibus
2770 4271 2958 4326 regum
2984 4276 2996 4308 :
3020 4257 3074 4310 in
3101 4253 3253 4322 cujus
3285 4250 3550 4318 composi-

1975 4353 2119 4405 tione
2139 4349 2385 4404 homines
2411 4349 2592 4403 multis
2613 4348 2905 4402 mendaciis
2929 4346 3231 4401 adulantur.
3255 4343 3408 4410 Quod
3429 4356 3546 4395 ma-

1978 4443 2084 4495 lum
2109 4456 2139 4493 a
2166 4440 2368 4496 Graecis
2397 4447 2644 4494 exortum
2668 4447 2782 4504 est;
2814 4452 3041 4506 quorum
3072 4436 3260 4490 levitas
3288 4434 3548 4488 instructa

295 4514 620 4612 interpretes
669 4541 723 4594 in
776 4539 1015 4594 Graecam
1065 4514 1302 4607 linguam
1357 4514 1620 4596 vertendi.
1649 4514 1875 4597 VDeh-inc
1899 4514 1951 4573 Ῑ)
1977 4532 2189 4586 dicendi
2224 4532 2481 4586 facultate
2507 4539 2561 4585 et
2596 4530 2752 4600 copia
2778 4526 3078 4583 incredibili
3110 4525 3308 4583 multas
3329 4520 3550 4578 menda-

296 4632 520 4703 liagnus
547 4629 874 4693 Alexander,
902 4630 987 4684 vel
1018 4645 1362 4687 successores
1388 4647 1574 4686 eorum
1602 4633 1875 4687 instruen-

296 4725 380 4779 dis
403 4722 651 4778 omnium
680 4719 939 4774 librorum
987 4720 1328 4775 bibliothecis
1357 4723 1596 4776 animum
1633 4723 1875 4777 intende-

296 4823 444 4880 runt,
467 4812 701 4867 maxime
725 4810 1064 4875 Ptolomaeus,
1099 4819 1452 4881 cognomento
1474 4812 1869 4882 Philadelphus,

293 4905 810 4962 omnis’litteratura:
822 4903 1215 4973 sagacissimus,
1244 4918 1365 4956 cum
1386 4906 1563 4958 studio
1581 4905 1869 4960 bibliothe-

293 5008 483 5052 carum
505 4995 852 5050 Pisistratum
886 4993 1258 5058 mmularetur;
1286 5008 1394 5047 non
1423 4993 1594 5048 solum
1616 4993 1867 5049 Gentium

299 5088 617 5157 scripturas,
651 5087 746 5141 sed
771 5087 934 5140 etiam
959 5092 1013 5139 et
1037 5084 1246 5138 divinas
1269 5084 1477 5138 litteras
1500 5084 1553 5138 in
1591 5084 1870 5140 bibliothe-

297 5191 417 5231 cam
446 5188 598 5229 suam
621 5175 863 5228 contulit.
892 5173 1025 5228 Nam
1052 5174 1388 5243 septuaginta
1416 5174 1580 5230 millia
1611 5175 1867 5230 librorum

299 5264 460 5331 huju's
477 5262 807 5331 temporibus
831 5262 1169 5319 Alexandriae
1189 5264 1401 5318 inventa
1427 5272 1569 5318 sunt.
1587 5263 1686 5321 Hic
1705 5266 1869 5319 etiam

300 5362 353 5407 et
383 5352 450 5405 ab
494 5353 755 5408 Eleazaro
800 5350 1051 5420 pontifice
1076 5363 1283 5421 petens,
1333 5353 1627 5422 scripturas
1659 5354 1871 5410 Veteris

301 5443 632 5498 Testamenti
661 5445 715 5497 in
738 5441 981 5498 Graecam
1001 5459 1187 5498 vocem
1209 5460 1273 5498 ex
1303 5445 1525 5499 Hebrma
1571 5444 1748 5514 lingua
1775 5462 1873 5515 per

300 5535 639 5605 septuaginta
688 5535 1013 5603 interpretes
1061 5534 1353 5589 transferre
1406 5537 1631 5600 curavit,
1659 5551 1791 5604 quas
1818 5537 1870 5590 in

297 5629 660 5683 Alexandrina
691 5628 1014 5684 bibliotheca
1041 5628 1246 5682 habuit.
1278 5629 1551 5695 Siquidem
1598 5627 1785 5697 singuli
1817 5628 1871 5681 in

297 5722 522 5793 singulis
551 5719 759 5777 cellulis
803 5718 886 5790 (ut
932 5720 1148 5788 quidam
1200 5719 1469 5786 asserunt)
1518 5718 1747 5788 separati
1795 5717 1871 5771 ita

1972 4623 2181 4678 ciorum
2215 4621 2442 4678 nebulas
2469 4621 2772 4677 suscitavit.

2041 4713 2327 4769 Fastorum
2363 4712 2481 4767 libri
2512 4719 2660 4776 sunt,
2711 4710 2766 4764 in
2793 4710 2989 4780 quibus
3031 4722 3186 4778 reges
3213 4721 3277 4760 ac
3302 4703 3548 4760 consules

1975 4806 2301 4868 scribuntur,
2343 4819 2374 4857 a
2420 4802 2656 4857 fascibus
2675 4801 2824 4865 dicti,
2854 4799 2908 4853 id
2952 4807 3057 4861 est,
3107 4812 3137 4848 a
3167 4793 3543 4864 potestatibus.

1976 4897 2129 4952 Unde
2158 4903 2213 4950 et
2252 4895 2426 4949 Ovidii
2474 4895 2595 4947 libri
2649 4891 2953 4961 Fastorum_
2979 4889 3251 4952 dicuntur,
3301 4885 3427 4955 quia
3478 4883 3546 4937 de

1975 4989 2189 5058 regibus
2214 4995 2269 5041 et
2289 4985 2598 5041 consulibus
2625 4985 2754 5038 editi
2781 4990 2926 5038 sunt.

2046 5077 2371 5131 Prooemium
2398 5083 2481 5130 est
2515 5075 2725 5129 initium
2756 5073 2988 5128 dicendi.
3041 5072 3177 5125 Sunt
3203 5069 3343 5124 enim
3369 5078 3546 5136 prone-

1977 5169 2082 5223 mia
2106 5167 2368 5238 principia
2383 5167 2665 5231 librorum,
2683 5172 2803 5234 qua:
2830 5172 2955 5218 ante
2981 5177 3156 5217 causae
3180 5157 3543 5214 narrationem

1975 5261 2042 5313 ad
2073 5258 2412 5312 instruendas
2435 5257 2763 5310 audientium
2815 5269 2973 5309 aures
3014 5261 3350 5324 eoaptantur.
3381 5247 3544 5315 Cujus

1976 5365 2167 5404 nomen
2219 5348 2461 5416 plerique
2508 5346 2787 5400 latinitatis
2813 5345 2973 5414 periti
3027 5344 3148 5397 sine
3194 5339 3544 5396 translatione

1972 5450 2284 5512 posuerunt.
2322 5441 2435 5495 Hoc
2462 5448 2637 5494 autem
2691 5437 3005 5500 vocabulum
3038 5435 3177 5505 apud
3223 5447 3320 5487 nos
3370 5431 3542 5484 inter-

1971 5539 2236 5602 pretatum
2267 5530 2505 5600 praefatio
2536 5536 2891 5596 nuncupatur,
2923 5525 3076 5595 quasi
3106 5521 3434 5593 praelocutio.

2042 5622 2311 5688 Praecepta
2334 5625 2478 5698 sunt,
2502 5633 2643 5686 qum,
2666 5625 2757 5670 aut
2782 5613 2908 5683 quid
2943 5612 3270 5675 faciendum,
3299 5616 3390 5663 aut
3415 5603 3540 5675 quid

1972 5731 2078 5772 non
2127 5712 2428 5768 faciendum
2474 5711 2565 5778 sit,
2614 5711 2806 5766 docent
2854 5722 2867 5760 :
2910 5705 3038 5778 quid
3084 5701 3407 5766 faciendum,
3434 5701 3542 5756 ut;
