3896 6376
370 366 475 426 125

1000 366 1060 420 Β.
1102 362 1354 420 RABANI
1392 359 1612 417 MAURI
1649 354 1967 414 ARCHIEP.
2010 355 2318 415 MOGUN'I‘.
2359 354 2644 414 OPERUM
2680 356 2857 413 PARS
2892 358 2955 413 ll.

3525 358 3627 414 124

367 486 538 558 Dilige
562 485 842 547 Dominum
889 483 1053 539 Deum
1100 491 1245 535 tuum
1271 480 1450 552 (Deut.
1470 479 1577 550 v1);
1604 487 1694 533 et:
1725 475 1945 529 Honora
1973 473 2028 533 A
2049 472 2250 527 bebant
2283 471 2511 542 antiqui,
2554 472 2693 528 sicut
2719 480 2904 527 aratur
2942 480 3105 527 terra.
3138 472 3183 526 Α
3224 473 3440 529 sinistra
3482 475 3625 528 enim

364 592 565 652 patrem
583 587 728 633 tuum
753 588 801 631 et
824 585 1044 630 matrem
1080 582 1226 627 tuam
1249 572 1448 645 (Exod.
1499 570 1624 641 xx);
1667 569 1795 638 quid
1842 584 1946 621 non

366 664 692 733 faciendum,
717 674 777 720 ut
802 684 814 720 :
842 664 965 720 Non
1011 661 1381 723 mwchaberis;
1431 675 1534 713 non
1557 658 1755 728 furtum
1786 657 1945 725 [acies

364 759 574 835 (Ibid).
607 758 870 820 Similiter
895 766 953 827 et
996 755 1273 828 gentilium
1324 750 1607 823 praecepta
1633 749 1715 805 vel
1759 748 1949 817 jubent

364 850 449 908 vel
471 857 653 907 vetant
674 868 695 902 σε
722 848 916 917 iubent
948 844 1278 909 faciendum,
1307 850 1369 896 ut
1397 856 1413 895 :
1454 841 1647 905 Nudus
1673 855 1814 904 aras,
1838 855 1949 893 sere

366 944 537 999 nudus
562 958 580 997 :
604 950 809 1007 vetant,
830 947 913 1007 ut,
937 937 1078 992 Neve
1100 936 1234 989 inter
1263 935 1389 991 vites
1413 932 1633 987 corilum
1659 947 1790 996 sere,
1819 946 1942 993 neve

363 1032 573 1105 ﬂagella
620 1032 841 1087 Summa
868 1038 1001 1101 pete.
1045 1027 1259 1083 Primus
1300 1035 1481 1080 autem
1527 1023 1666 1093 apud
1691 1022 1947 1077 Hebraeos

361 1131 627 1197 praecepta
681 1121 895 1193 Moyses
942 1119 1206 1193 scripsit:
1256 1118 1397 1189 apud
1436 1114 1657 1170 Latinos
1714 1114 1947 1169 Marcius

360 1225 511 1271 vates
554 1215 760 1285 primus
813 1219 1079 1285 praecepta
1130 1211 1451 1281 composuit,
1513 1222 1579 1260 ex
1610 1207 1822 1275 .quihus
1863 1213 1946 1261 est

362 1306 489 1360 illud
516 1322 529 1359 :
561 1302 865 1359 Postremus
909 1301 1081 1367 dicas,
1112 1304 1311 1373 primus
1362 1308 1529 1352 tactas
1560 1297 1755 1370 [agas].
1781 1296 1946 1351 Para-

359 1398 484 1455 bola
517 1405 572 1452 et
592 1398 928 1467 problemata
950 1394 1257 1450 nominibus
1280 1392 1391 1447 suis
1420 1391 1678 1456 indicant,
1707 1390 1869 1444 altius
1888 1404 1945 1443 se

360 1487 697 1558 perscrutari
725 1495 996 1557 oportere.
1047 1484 1311 1539 Parabola
1352 1483 1547 1552 quippe
1586 1480 1810 1549 alicujus
1866 1480 1943 1534 rei

359 1577 764 1632 similitudinem
789 1594 887 1649 per
915 1575 1069 1649 [prta]
1093 1590 1151 1632 se
1175 1574 1332 1648 gerit.
1360 1573 1509 1640 Quod
1538 1573 1661 1626 licet
1688 1572 1759 1625 sit
1784 1586 1942 1625 voca-

357 1666 542 1721 bulum
568 1664 836 1741 Grtecum,
856 1665 966 1737 jam
997 1674 1176 1720 tamen
1201 1679 1298 1736 pro
1321 1662 1513 1717 Latino
1535 1668 1826 1728 usurpatur
1854 1677 1864 1711 :
1890 1667 1946 1712 et

2051 566 2118 631 ad
2171 566 2448 619 dexteram
2487 566 2723 635 primum
2778 566 3111 621 deducebant
3163 566 3377 637 stylum,
3430 566 3625 622 deinde

2050 655 2501 711 eonvertebantur
2537 656 2604 710 ab
2642 654 2901 720 inferiori,
2942 663 2997 711 et
3034 671 3221 712 rursus
3252 659 3318 712 ad
3347 659 3620 714 dexteram

2049 764 2257 813 versus,
2281 762 2415 818 quos
2447 748 2714 819 hodieque
2740 749 2926 805 rustici
2957 759 3151 804 vocant
3175 764 3382 806 versus.
3413 749 3620 807 Scheda

2048 848 2132 894 est
2152 879 2166 904 ,
2198 840 2342 908 quod
2363 839 2539 895 adhuc
2572 842 2910 905 emendatur,
2936 850 2991 898 et
3024 843 3250 898 necdum
3276 844 3329 898 in
3354 843 3510 900 libris
3538 857 3616 899 re

2049 929 2265 984 dactum
2302 938 2385 983 est
2415 942 2430 982 :
2456 936 2623 986 etest
2659 945 2855 986 nomen
2890 930 3135 988 Graecum
3175 934 3316 990 sicut
3342 944 3397 991 et
3419 941 3624 992 tomus.

2649 1042 2877 1100 CAPUT
2906 1043 2995 1100 Vl.

2410 1114 2488 1165 De
2509 1112 2793 1168 canonibus
2822 1112 3244 1186 Evangeliorum.

2115 1201 2366 1259 Canones
2396 1204 2810 1278 Evangeliorum
2834 1208 3149 1268 Ammonius
3168 1213 3381 1283 primus
3409 1217 3627 1285 excogi-

2049 1294 2181 1347 tavit
2204 1294 2545 1352 Alexandriaz
2562 1339 2577 1363 ,
2609 1315 2744 1368 quos
2774 1310 2959 1368 postea
2983 1302 3244 1359 Eusebius
3270 1303 3621 1360 Cmsariensit

2045 1392 2261 1440 secutus
2298 1386 2508 1455 plenius
2547 1391 2866 1459 composuit.
2911 1390 3013 1457 Qui
3058 1393 3177 1447 ideo
3219 1393 3344 1463 facti
3385 1402 3533 1460 sunt,
3564 1401 3625 1449 ut

2043 1489 2143 1545 per
2169 1490 2263 1530 eos
2308 1476 2548 1533 invenire
2577 1488 2631 1533 et
2658 1480 2798 1536 scire
2830 1482 3097 1552 possimus
3122 1525 3137 1551 ,
3170 1484 3259 1553 qui
3293 1485 3625 1556 reliquorum

2046 1565 2508 1637 Evangelistarum
2553 1571 2749 1626 similia
2791 1582 2885 1628 aut
2921 1576 3137 1647 propria
3180 1577 3433 1633 dixerint.
3484 1576 3625 1635 Sunt

2046 1666 2224 1712 autem
2261 1675 2485 1715 numero
2510 1662 2728 1729 decem,
2762 1679 2988 1733 quorum
3016 1668 3225 1737 primus
3256 1670 3497 1726 continet
3517 1682 3625 1725 nu-

360 1766 547 1810 notum
574 1765 679 1823 est,
706 1757 849 1828 quod
876 1758 929 1811 in
956 1755 1249 1825 parabolis,
1306 1767 1426 1821 qua:
1474 1750 1727 1805 dicuntur
1758 1764 1941 1803 rerum
1972 1817 2018 1831 Ἃ
2042 1762 2241 1814 meros,
2264 1749 2315 1802 in
2333 1751 2527 1819 quibus
2539 1762 2770 1822 quatuor
2786 1756 2978 1811 eadem
3000 1757 3256 1814 dixerunt
3278 1774 3294 1812 :
3316 1757 3626 1831 Matthasus,

358 1817 757 1912 similitudines,
796 1847 977 1912 rebus,
1010 1847 1074 1901 de
1125 1844 1321 1913 quibus
1355 1842 1551 1911 agitur,
1602 1849 1937 1909 comparant.
1972 1817 2019 1876 Β
2050 1837 2278 1903 Marcus,
2307 1840 2499 1908 Lucas,
2542 1842 2795 1900 Joannes.
2826 1845 3124 1915 Secundus,
3171 1851 3226 1905 in
3251 1852 3447 1922 quibus
3480 1817 3626 1909 tres;

357 1934 696 1991 Problemata
724 1947 924 2003 autem,
955 1951 1076 2006 qua:
1104 1934 1294 1989 Latine
1347 1931 1683 2002 appellantur
1710 1930 1947 1999 proposi-

360 2028 555 2094 tiones,
572 2028 898 2098 qumstiones
917 2034 1058 2088 sunt,
1085 2026 1347 2079 habentes
1367 2022 1588 2091 aliquid,
1604 2021 1744 2091 quod
1765 2020 1946 2090 dispu-

358 2120 564 2173 talione
590 2117 901 2173 solvendum
926 2117 1013 2176 sit.
1044 2116 1281 2185 Qumstio
1309 2121 1491 2168 autem
1519 2122 1624 2178 est,
1656 2128 1777 2168 cum
1800 2129 1945 2183 qua:-

357 2207 518 2272 ritur,
538 2222 606 2261 an
641 2205 768 2276 quid
793 2207 882 2272 sit,
915 2212 1008 2259 aut
1037 2203 1194 2273 quale
1230 2203 1319 2259 sit.
1349 2202 1738 2272 Argumentum
1764 2211 1943 2256 autem

360 2300 585 2364 dictum,
618 2298 772 2367 quasi
809 2304 1079 2368 argutum,
1113 2294 1200 2351 vel
1232 2294 1375 2366 quod
1404 2293 1473 2348 sit
1519 2300 1709 2363 argute
1753 2292 1941 2345 inven-

357 2400 471 2446 tum
502 2390 568 2445 ad
591 2387 1016 2461 comprobandas
1044 2401 1151 2441 res.
1194 2384 1491 2458 Epistolam
1524 2382 1743 2454 proprie
1772 2382 1943 2438 Grazci

357 2489 575 2545 vocant,
605 2494 725 2550 quae
756 2480 1142 2549 interpretatur
1166 2474 1382 2539 Latine,
1406 2474 1591 2529 missa.
1624 2471 1776 2544 Styla
1798 2472 1943 2527 enim

358 2587 452 2627 seu
495 2569 642 2639 styli,
682 2568 843 2625 missa
890 2564 977 2626 vel
1000 2565 1155 2636 missi
1179 2570 1303 2618 ante
1325 2562 1761 2618 membranarum
1784 2577 1943 2616 usum

363 2663 418 2717 in
467 2660 729 2717 dedolatis
774 2658 970 2732 ligneis
1014 2655 1288 2717 codicellis
1317 2654 1667 2727 epistolarum
1713 2653 1945 2723 alloquia

357 2753 734 2811 scribebantur
767 2771 778 2807 :
810 2740 953 2821 unde
979 2749 1267 2821 portitores
1291 2762 1481 2804 earum
1517 2746 1826 2802 tabellarios
1846 2761 1942 2801 vo-

356 2854 636 2903 caverunt.
662 2828 843 2917 Codex
864 2834 1160 2900 multorum
1188 2842 1453 2900 ﬁbrarum
1487 2850 1587 2908 est,
1619 2841 1757 2897 liber
1784 2841 1944 2897 unius

357 2936 664 3001 voluminis,
697 2944 752 2991 et
792 2936 968 3003 dictus
1017 2935 1184 2990 codex
1223 2948 1323 3010 per
1371 2932 1781 2988 translationem
1804 2948 1834 2987 a
1861 2947 1945 2987 co-

359 3030 572 3088 dicibus
591 3030 845 3093 arborum
872 3044 967 3085 seu
992 3028 1201 3094 vitium,
1232 3026 1389 3097 quasi
1432 3027 1663 3091 caudex,
1695 3025 1839 3096 quod
1874 3039 1942 3078 ex

358 3133 419 3176 se
448 3119 860 3181 multitudinem
887 3118 1171 3187 librorum,
1198 3116 1354 3186 quasi
1402 3115 1791 3179 Romanorum,
1820 3128 1942 3169 eon-

2048 1929 2350 1998 Matthzeus,
2390 1934 2625 2002 Marcus,
2669 1937 2861 1995 Lucas.
2902 1940 3139 2007 Tertius,
3170 1944 3225 1998 in
3248 1946 3444 2014 quibus
3465 1953 3579 2002 tres
3610 1963 3624 2001 :

2049 2022 2349 2091 Matthaeus,
2378 2026 2573 2093 Lucas,
2600 2028 2855 2087 Joannes.
2884 2032 3141 2101 Quartus,
3170 2036 3452 2106 inquibus
3479 2037 3626 2094 tres:

2048 2109 2347 2181 Matthaeus,
2376 2114 2606 2182 Marcus,
2638 2116 2890 2176 Joannes.
2919 2122 3149 2189 Quintus
3179 2126 3232 2181 in
3256 2127 3449 2196 quibus
3475 2129 3583 2185 duo
3608 2146 3625 2184 :

2046 2207 2347 2275 Matthaeus,
2386 2208 2599 2267 Lucas.’
2620 2211 2818 2270 Sextus
2835 2216 2890 2269 in
2911 2217 3107 2286 quibus
3131 2220 3235 2274 duo
3264 2237 3277 2273 :
3314 2219 3627 2292 Matthmus,

2045 2295 2279 2354 Marcus.
2320 2297 2616 2371 Septimus,
2647 2303 2702 2358 in
2731 2305 2927 2375 quibus
2953 2307 3061 2362 duo
3092 2327 3103 2362 :
3138 2307 3437 2377 Matthteus,
3465 2312 3628 2369 Joan-

2045 2403 2162 2445 nes.
2194 2390 2451 2458 Octavus,
2474 2393 2528 2448 in
2549 2394 2746 2464 quibus
2767 2396 2873 2451 duo
2899 2414 2913 2451 :
2942 2396 3134 2465 Lucas,
3163 2398 3391 2463 Marcus.
3417 2401 3625 2470 Nonus,

2047 2481 2101 2535 in
2126 2482 2322 2553 quibus
2350 2484 2455 2540 duo
2490 2503 2503 2539 :
2532 2485 2731 2553 Lucas,
2758 2487 3011 2546 Joannes.
3052 2491 3321 2559 Decimus,
3356 2494 3412 2548 in
3431 2496 3631 2564 quibus

2046 2572 2238 2643 singuli
2276 2590 2464 2634 eorum
2502 2578 2747 2647 quaedam
2795 2582 3012 2650 prOpria
3061 2581 3328 2645 dixerunt.
3386 2583 3626 2652 Quorum

2045 2664 2315 2733 expositio
2340 2666 2457 2722 haec
2501 2676 2605 2722 est.
2654 2666 2759 2723 Per
2805 2669 3046 2741 singulos
3083 2671 3227 2726 enim
3255 2656 3627 2746 Evangelistas

2044 2770 2302 2813 numerus
2353 2759 2572 2829 quidam
2618 2760 2869 2831 capitulis
2908 2760 3097 2823 afﬁxus
3138 2762 3347 2832 adiacet
3389 2767 3626 2835 :quibus

2045 2849 2289 2903 numeris
2333 2850 2574 2920 subjecta
2616 2859 2699 2907 est
2743 2867 2869 2907 area
2909 2853 3155 2923 quaedam
3199 2856 3363 2909 minie
3416 2864 3620 2923 notata,

2045 2954 2164 3007 quae
2204 2938 2426 3005 indicat,
2456 2940 2510 2993 in
2536 2948 2701 3010 quoto
2744 2954 2949 2997 canone
2979 2944 3195 3013 positus
3228 2945 3300 2999 sit
3338 2961 3616 3011 numerus,

2043 3031 2129 3084 cui
2156 3029 2392 3098 subjecta
2421 3040 2504 3088 est
2528 3048 2674 3089 area.
2700 3032 2863 3089 Verbi
2890 3035 3060 3105 gratia
3080 3054 3091 3089 :
3111 3036 3155 3090 si
3176 3045 3257 3091 est
3278 3052 3403 3091 area
3424 3039 3619 3108 prima,

2044 3120 2097 3175 in
2124 3122 2299 3191 primo
2333 3136 2541 3179 canone
2569 3140 2583 3176 :
2618 3124 2664 3179 si
2690 3123 2945 3191 secunda,
2973 3126 3027 3180 in
3059 3127 3293 3182 secundo
3324 3146 3337 3181 :
3365 3128 3421 3183 si
3440 3130 3617 3195 tertia,

357 3178 551 3269 tinent.
599 3211 861 3268 Volumen
899 3184 1045 3267 liber
1087 3217 1170 3267 est
1196 3177 1232 3284 ᾇ
1258 3208 1525 3266 volvendo
1555 3208 1750 3274 dictus,
1802 3207 1942 3263 sicut
1967 3177 2013 3242 Ο
2044 3211 2103 3265 in
2124 3177 2312 3267 tertio.
2337 3213 2403 3269 Et
2431 3214 2509 3269 sic
2528 3210 2629 3283 per
2655 3215 2901 3271 ordinem
2930 3177 3100 3287 usque
3118 3218 3192 3272 ad
3212 3217 3479 3274 decimum
3501 3177 3623 3290 per:

357 3302 502 3374 apud
543 3299 795 3357 Hebraeos
842 3300 1113 3367 volumina
1141 3298 1295 3371 legis,
1331 3298 1604 3374 volumina
1646 3297 1943 3371 Propheta-

363 3408 507 3450 rum.
554 3391 717 3448 Liber
769 3400 852 3447 est
898 3389 1125 3461 interior
1156 3388 1339 3460 tunica
1370 3388 1606 3451 corticis,
1641 3402 1761 3457 quae
1802 3387 1945 3457 ligno

361 3483 617 3549 cohaeret,
636 3483 702 3538 de
715 3496 821 3557 quo
837 3480 1093 3553 Virgilius
1107 3481 1186 3536 sic
1206 3498 1219 3534 :
1246 3478 1369 3533 Alta
1384 3477 1514 3532 iiber
1528 3478 1687 3532 hteret
1709 3478 1762 3531 in
1781 3476 1941 3531 ulmo.

367 3575 513 3631 Unde
538 3583 590 3630 et
617 3575 751 3629 liber
774 3573 991 3640 dicitur,
1036 3574 1089 3629 in
1143 3586 1252 3647 quo
1300 3570 1586 3630 scribimus
1617 3587 1629 3623 :
1664 3569 1790 3639 quia
1818 3577 1944 3625 ante

359 3680 519 3720 usum
542 3665 742 3719 charta:
766 3662 850 3719 vel
871 3662 1307 3719 membranarum
1321 3660 1385 3715 de
1410 3658 1561 3719 libris
1586 3658 1841 3714 arborum
1858 3672 1945 3711 vo-

358 3755 563 3811 lumina
592 3754 793 3811 ﬁebant
819 3760 873 3810 et
898 3752 1437 3824 compaginabantur.
1459 3749 1611 3804 Unde
1638 3756 1693 3804 et
1715 3749 1944 3819 scripto-

360 3863 450 3904 res
481 3863 511 3902 a
547 3846 701 3902 libris
730 3847 983 3906 arborum
1013 3844 1266 3899 librarios
1304 3850 1655 3905 vocaverunt.
1711 3841 1943 3897 Librarii

360 3948 519 3995 antea
568 3938 875 4009 bibliopolae
900 3936 1047 3991 dicti.
1086 3935 1307 3997 Librum
1344 3934 1487 3990 enim
1528 3932 1703 3998 Graeci
1741 3934 1943 4000 biblum

359 4038 571 4084 vocant.
604 4027 837 4085 Librarii
864 4038 1064 4104 autem,
1102 4026 1157 4082 id
1183 4035 1285 4096 est,
1320 4026 1611 4095 antiquarii
1640 4035 1936 4081 vocantur:

362 4121 454 4176 sed
486 4120 695 4175 librarii
740 4128 886 4189 sunt,
924 4120 1014 4191 qui
1058 4127 1113 4179 et
1144 4134 1283 4174 nova
1323 4116 1569 4173 scribunt
1610 4125 1664 4172 et
1697 4126 1878 4172 vetera
1923 4133 1937 4167 :

362 4210 671 4281 autiquarii,
704 4210 795 4282 qui
830 4209 1200 4275 tantummodo
1235 4217 1419 4264 vetera
1450 4228 1461 4262 :
1497 4208 1635 4264 unde
1665 4218 1719 4263 et
1746 4225 1941 4264 nomen

362 4307 725 4371 sumpserunt.
756 4299 1089 4363 Ascribendo
1123 4306 1301 4353 autem
1342 4298 1518 4354 scriba
1559 4313 1755 4354 nomen
1782 4314 1938 4353 acce-

360 4392 471 4462 pit,
512 4386 741 4444 oilicium
773 4388 1083 4458 exprimens
1122 4387 1368 4457 vocabuli
1410 4386 1687 4458 qualitate.
1730 4387 1938 4442 Instru-

361 4490 541 4537 menta
566 4481 757 4538 scriba:
780 4480 1019 4536 calamus
1045 4488 1100 4536 et
1127 4495 1302 4551 penna
1338 4498 1348 4532 :
1386 4496 1452 4535 ex
1489 4481 1572 4535 his
1602 4480 1745 4536 enim
1775 4480 1938 4536 verba

360 4573 570 4643 paginis
600 4571 893 4643 inﬁguntur
922 4571 1049 4626 :sed
1088 4571 1329 4637 calamus
1358 4571 1567 4629 arboris
1598 4579 1680 4627 est
1717 4590 1730 4625 :
1762 4588 1935 4642 penna

364 4665 501 4729 avis,
528 4662 678 4732 cujus
711 4677 971 4718 cacumen
996 4663 1049 4716 in
1074 4663 1178 4727 duo
1201 4662 1475 4727 dividitur,
1509 4662 1563 4716 in
1585 4670 1696 4718 toto
1713 4678 1937 4734 corpore

362 4756 570 4812 unitate
600 4761 812 4813 servata
834 4753 1017 4820 credo,
1042 4760 1261 4830 propter
1285 4755 1618 4823 mysterium,
1643 4763 1704 4808 ut
1730 4755 1782 4809 in
1809 4755 1939 4811 duo-

362 4849 465 4906 bus
489 4847 729 4919 apicibus
753 4844 919 4901 Vetus
948 4852 1001 4901 et
1029 4844 1236 4913 Novum
1265 4844 1667 4901 Testamentum
1704 4847 1940 4917 signare-

364 4948 452 4994 tur
480 4957 492 4992 :
522 4939 715 5007 quibus
736 4938 1052 5009 eXprimitur
1068 4937 1215 4993 verbi
1244 4936 1654 4999 Sacramentum
1681 4940 1939 5009 sanguine

361 5029 630 5099 passionis
669 5026 917 5084 effusum.
951 5028 1138 5089 Dictus
1180 5036 1358 5094 autem
1400 5028 1664 5096 calamus,
1706 5030 1848 5105 quod
1878 5030 1932 5083 li-

365 5134 588 5189 quorem
615 5126 797 5188 ponat.
837 5116 992 5173 Unde
1021 5124 1076 5171 et
1109 5116 1249 5189 apud
1279 5125 1472 5172 nautas
1512 5119 1705 5185 calare,
1740 5134 1940 5189 ponere

366 5211 579 5267 dicitur.
612 5210 795 5279 Penna
821 5218 998 5279 autem
1038 5221 1069 5264 a
1096 5210 1377 5281 pendendo
1407 5218 1628 5278 vocata,
1662 5212 1715 5267 id
1743 5220 1826 5267 est
1848 5228 1941 5267 vo-

364 5302 543 5358 lando.
586 5302 683 5359 Est
706 5302 852 5357 enim
898 5302 980 5374 (ut
1012 5302 1265 5374 diximus)
1316 5302 1515 5357 avium.
1565 5303 1715 5359 Folia
1758 5315 1939 5359 autem

364 5391 624 5450 librorum
655 5390 940 5461 appellata,
969 5390 1081 5446 sive
1100 5406 1166 5446 ex
1190 5389 1537 5446 similitudine
1567 5389 1816 5447 foliorum
1847 5410 1937 5447 ar-

367 5481 579 5545 borum,
611 5495 705 5535 seu
735 5480 861 5552 quia
884 5495 952 5534 ex
979 5477 1190 5534 follibus
1221 5479 1373 5548 ﬁunt,
1407 5478 1461 5533 id
1482 5490 1563 5534 est
1591 5495 1658 5534 ex
1684 5481 1935 5551 pellibus,

364 5567 463 5639 qui
489 5567 553 5623 de
576 5569 767 5625 occisis
784 5567 1297 5645 pecudibusdetrahi
1321 5569 1493 5624 solent
1526 5588 1537 5621 :
1579 5569 1730 5639 cujus
1758 5580 1939 5639 partes

364 5663 575 5739 pagina:
601 5663 854 5729 dicuntur
872 5703 889 5731 ,
913 5678 979 5720 eo
1003 5664 1143 5734 quod
1173 5663 1275 5719 sibi
1299 5664 1525 5719 invicem
1557 5665 1938 5735 compaginan-

367 5759 481 5815 ιω.
512 5753 713 5815 Versus
750 5763 931 5813 autem
966 5753 1094 5813 inde
1126 5754 1287 5828 vulgo
1317 5756 1515 5824 vocati,
1550 5756 1679 5828 quia
1703 5756 1780 5814 sic
1803 5757 1936 5812 scri-

2047 3302 2253 3358 venies.
2280 3302 2339 3357 Si
2371 3302 2539 3373 igitur
2564 3310 2751 3374 aperto
2776 3304 3015 3375 quolibet
3038 3306 3329 3378 Evangelio
3356 3309 3623 3378 placuerit

2046 3391 2210 3458 scire,
2237 3392 2329 3461 qui
2365 3392 2694 3463 reliquorum
2740 3394 3206 3466 Evangeiistarum
3242 3397 3437 3452 similia
3474 3401 3621 3455 dixe-

2046 3478 2156 3533 rint
2180 3496 2195 3531 :
2219 3494 2461 3535 assumes
2482 3479 2817 3548 adiacentem
2841 3497 3125 3537 numerum
3142 3483 3381 3552 capituli,
3411 3493 3463 3540 et
3483 3501 3623 3556 quae-

1996 3598 1999 3599 ν
2045 3581 2135 3622 res
2165 3566 2341 3635 ipsnm
2364 3583 2655 3625 numerum
2696 3570 2750 3624 in
2782 3585 2880 3626 suo
2921 3587 3153 3637 canone,
3193 3588 3353 3642 quem
3395 3574 3618 3643 indicat,

2045 3656 2229 3725 ibique
2260 3656 2522 3724 invenies,
2544 3659 2636 3728 qui
2662 3668 2717 3715 et
2743 3661 2872 3730 quid
2894 3662 3147 3717 dixerunt
3182 3680 3194 3717 :
3225 3672 3280 3718 et
3301 3664 3373 3718 ita
3402 3664 3617 3721 demum

2045 3745 2101 3801 in
2132 3761 2359 3818 corpore
2387 3749 2643 3820 inquisita
2685 3751 2801 3807 loca
2820 3793 2833 3818 ,
2865 3767 2983 3823 quae
3009 3768 3075 3809 ex
3109 3755 3239 3823 ipsis
3270 3757 3513 3811 numeris
3541 3757 3621 3812 di-

2046 3845 2256 3904 cantur,
2286 3854 2385 3908 per
2407 3840 2618 3913 singula
2640 3840 2932 3914 Evangelia
2961 3845 3029 3901 de
3057 3845 3260 3901 eisdem
3293 3846 3497 3904 dixisse
3531 3847 3613 3903 in-

2042 3932 2247 3987 venies.

2612 4025 2839 4085 CAPUT
2865 4027 2972 4083 Vl].

2440 4114 2518 4169 De
2544 4117 2828 4173 canonibus
2858 4121 3219 4177 conciliorum.

2112 4201 2296 4258 Canon
2333 4212 2514 4259 autem
2546 4206 2753 4274 Graece,
2802 4208 2991 4265 Latine
3036 4213 3215 4282 regula
3256 4226 3613 4286 nuncupatur.

2043 4297 2246 4367 Regula
2272 4308 2451 4354 autem
2479 4300 2641 4367 dicta,
2671 4303 2812 4371 quod
2845 4312 2992 4360 recte
3013 4305 3174 4370 ducit,
3207 4321 3305 4362 nec
3330 4308 3619 4379 aliquando

2046 4389 2298 4445 aliorsum
2341 4391 2525 4447 trahit.
2559 4392 2665 4447 Alii
2688 4394 2957 4460 dixerunt,
3002 4396 3241 4466 regulam
3283 4399 3505 4466 dictam,
3536 4401 3622 4459 vel

2046 4480 2188 4549 quod
2220 4490 2386 4552 regat,
2412 4483 2497 4537 vel
2517 4483 2660 4553 quod
2683 4499 2925 4553 nprmam
2952 4494 3097 4540 recte
3123 4487 3333 4543 vivendi
3359 4488 3617 4559 praebeat,

2042 4570 2127 4624 vel
2154 4571 2295 4639 quod
2326 4572 2635 4638 distortum,
2666 4588 3000 4644 pravumque
3020 4574 3147 4644 quid
3167 4577 3418 4649 corrigat.
3447 4577 3621 4635 Cano-

2045 4676 2142 4716 nes
2197 4670 2375 4715 autem
2423 4664 2751 4733 generalium
2804 4666 3156 4722 conciliorum
3211 4683 3241 4723 a
3286 4673 3619 4741 temporibus

2046 4751 2381 4807 Constantini
2411 4762 2706 4822 coeperunt.
2738 4753 2796 4808 ln
2819 4757 3243 4825 prmeedentibus
3263 4760 3495 4831 namque
3524 4777 3620 4818 an-

2046 4843 2154 4909 nis,
2181 4845 2553 4913 persecutione
2574 4843 2835 4911 fervente,
2866 4848 3225 4903 docendamm
3252 4849 3493 4920 plebium
3513 4856 3619 4912 mi-

2044 4934 2446 4990 nime'dabatur
2473 4933 2719 4991 facultas.
2749 4934 2876 4991 inde
2899 4934 3278 4994 Christianitas
3296 4940 3351 4995 in
3376 4941 3621 5001 diversas

2041 5026 2275 5084 hatreses
2301 5026 2465 5080 scissa
2498 5032 2579 5080 est
2618 5042 2631 5079 :
2666 5026 2791 5096 quia
2822 5042 2927 5083 non
2956 5037 3076 5084 erat
3097 5029 3320 5087 licentia
3348 5034 3619 5106 episcopis

2042 5112 2097 5167 in
2116 5128 2279 5167 unum
2309 5113 2725 5179 eonvenire,nisi
2746 5123 2990 5185 tempore
3013 5118 3253 5187 praedicti
3276 5122 3620 5193 imperatoris

2044 5216 2206 5272 supra
2238 5203 2384 5257 dicti.
2412 5202 2529 5271 Ipse
2551 5204 2695 5258 enim
2713 5205 2859 5259 dedit
2876 5204 3188 5263 facultatem
3210 5209 3534 5269 Christianis
3555 5215 3619 5269 li-

2042 5294 2173 5349 bere
2187 5293 2642 5365 congregari.Sub
2654 5297 2757 5351 hoc
2768 5296 2929 5352 etiam
2942 5300 3113 5354 sancti
3127 5302 3374 5371 patresin
3388 5304 3620 5361 concilio

2044 5384 2262 5441 Nicmno
2277 5386 2341 5442 de
2363 5388 2508 5442 omni
2530 5388 2664 5443 urbe
2683 5395 2945 5443 terrarum
2964 5392 3365 5459 convenientes,
3383 5390 3538 5461 juxta
3554 5394 3616 5449 ﬂ-

2047 5479 2167 5533 dem
2186 5478 2560 5549 Evangelicam
2584 5487 2636 5533 et
2652 5479 3011 5548 Apostolicam
3028 5479 3329 5550 symbolum
3353 5490 3475 5552 post
3489 5498 3619 5553 ape-

2044 5570 2210 5625 stolos
2223 5570 2576 5624 tradiderunt.
2592 5568 2736 5624 Inter
2748 5576 2941 5625 caetera
2954 5578 3131 5623 autem
3148 5570 3375 5625 concilia
3387 5581 3617 5641 quatuor

2047 5673 2173 5719 sunt
2202 5662 2536 5731 venerabiles
2562 5662 2772 5732 synodi,
2802 5677 2920 5730 quae
2951 5667 3117 5715 totam
3147 5663 3518 5732 principaliter
3558 5664 3619 5719 fi-

2046 5757 2168 5812 dem
2195 5753 2643 5824 complectuntur,
2661 5751 2813 5820 quasi
2837 5758 3065 5821 quatuor
3092 5754 3367 5827 evangelia
3385 5752 3471 5811 vel
3493 5755 3618 5812 toti-
