3896 6332
230 347 335 406 185

1259 354 1349 410 DE
1388 351 1735 415 UNIVERSO
1767 352 1947 410 LIBRI
1984 352 2150 408 XXII.
2187 382 2258 397 —-
2293 349 2421 405 LIB.
2459 350 2525 403 V.

3416 337 3518 395 126

241 464 363 520 dem
383 464 647 523 Pandisi
670 467 919 524 ﬂumina.
937 466 1147 523 Harum
1162 466 1338 536 prima
1368 467 1585 527 Nicaeus
1604 466 1842 537 synodus
1868 468 1921 530 Α
1947 479 2157 520 summa
2176 462 2440 518 brevitate
2479 457 2703 515 notavit.
2734 455 2956 528 Cyclum
2979 463 3159 511 autem
3181 460 3432 509 vocatum
3453 467 3519 508 eo

246 562 626 613 trecentorum
639 558 833 614 decem
847 566 903 614 et
918 566 1042 614 octo
1056 557 1440 627 Episcoporum
1450 597 1464 622 ,
1486 555 1840 610 Constantine

252 644 493 716 Augusto
551 648 876 717 imperante,
910 654 1128 719 peracta
1176 655 1258 701 est
1300 661 1315 700 :
1356 648 1411 700 in
1467 660 1573 714 qua
1627 644 1841 701 Arianae

256 737 495 809 perﬁdiae
548 736 913 794 condemnata
972 735 1303 805 blasphemia
1360 736 1425 790 de
1477 732 1842 803 inaequalitate

258 836 459 884 sanctae
486 827 793 896 Trinitatis,
826 828 878 883 id
908 834 1010 895 est,
1041 838 1068 867 ι
1096 824 1256 881 Arius
1299 826 1575 882 asserebat
1603 825 1839 879 consub-

259 920 572 981 stantialem
600 922 714 976 Deo
754 919 903 974 Patri
944 916 1115 973 Deum
1144 917 1361 981 Filium,
1414 916 1603 971 eadem
1656 924 1841 971 sancta

254 1011 498 1081 synodus
541 1025 641 1081 per
681 1008 991 1081 symbolum
1014 1006 1276 1075 deﬁnivit.
1315 1004 1565 1074 Secunda
1604 1006 1842 1079 synodus

256 1106 479 1152 centum
503 1096 891 1168 quinquaginta
926 1104 1140 1165 patrum
1166 1094 1264 1151 sub
1300 1093 1606 1153 Theodosio
1631 1096 1843 1153 seniore

253 1186 781 1259 Constantinopolim
808 1195 1129 1259 congregata
1178 1194 1283 1254 est,
1315 1201 1434 1258 qua:
1470 1185 1841 1245 Macedoniam

251 1274 609 1347 Episcopum,
634 1286 921 1350 negantem
948 1278 1113 1331 Deum
1136 1290 1253 1337 esse
1284 1273 1546 1347 Spiritum
1568 1283 1841 1343 sanctum,

252 1367 576 1424 haereticum
621 1368 1004 1433 condemnans,
1050 1366 1563 1427 consubstantialem
1600 1365 1749 1425 Patri
1788 1376 1843 1437 et

249 1454 395 1514 Filio
424 1459 689 1531 Spiritum
720 1467 967 1515 sanctum
998 1458 1385 1520 demonstravit
1417 1477 1430 1512 :
1460 1459 1593 1517 dans
1615 1457 1842 1529 symboli

247 1546 510 1614 formam,
543 1564 706 1619 quam
728 1556 839 1603 tota
862 1546 1172 1602 Graecorum
1200 1554 1255 1601 et
1284 1546 1597 1603 Latinorum
1627 1547 1841 1603 confes-

246 1636 337 1693 sio
364 1637 421 1691 in
452 1637 709 1694 Ecclesiis
738 1638 1013 1709 praedicat.
1058 1636 1239 1690 Tertia
1287 1637 1526 1707 synodus
1574 1637 1841 1708 Ephesina

246 1726 433 1799 prima
461 1726 814 1789 ducentorum
860 1726 1245 1796 Episcoporum
1294 1728 1394 1783 sub
1413 1726 1628 1796 juniore
1668 1727 1844 1783 Theo—

1939 551 2084 621 quod
2121 550 2174 604 in
2208 549 2339 603 orbe
2365 548 2604 617 digestus
2635 546 2740 613 sit,
2770 553 2826 600 et
2843 543 2999 615 quasi
3023 544 3079 598 in
3104 542 3307 600 circulo
3339 542 3519 613 dispo-

1941 643 2103 699 situm
2134 640 2379 697 ordinem
2422 638 2651 707 complet
2698 652 2959 693 annorum
3006 621 3125 692 sine
3166 636 3427 691 varietate
3464 638 3520 707 et

1941 732 2058 793 sine
2089 730 2195 787 ulla
2226 738 2358 787 arte.
2393 728 2545 789 Unde
2570 729 2770 785 factum
2795 736 2911 795 est,
2947 736 3009 782 ut
3046 728 3239 801 cuique
3279 725 3520 797 materia:

1941 823 2202 888 carmina,
2219 818 2445 891 simplici
2454 818 2727 875 formitate
2740 819 2855 892 (sic)
2870 818 3033 889 facta,
3050 819 3251 892 cyclica
3267 832 3521 875 vocaren-

1946 922 2051 969 tur.
2076 912 2291 975 Hincet
2313 911 2629 979 laterculum
2651 912 2875 978 dictum,
2898 912 3042 988 quod
3061 913 3305 973 ordinem
3325 913 3523 969 habeat

1943 1011 2210 1058 tractuum
2242 1015 2525 1058 annorum.
2568 999 2697 1055 Post
2734 999 2883 1075 cujus
2912 998 3272 1070 expletionem
3313 1002 3379 1057 ad
3407 1001 3522 1071 pri-

1942 1106 2090 1145 mum
2143 1091 2423 1147 exordium
2473 1090 2868 1148 revertendum.
2922 1089 3231 1159 Antiquitus
3281 1089 3522 1145 Ecclesia

1938 1183 2143 1254 pascha
2177 1181 2579 1253 quartadecima
2626 1180 2752 1249 luna
2790 1196 2911 1237 cum
2960 1177 3157 1237 Iudaeis
3197 1180 3521 1247 celebrabat,

1943 1287 2265 1343 quocunque
2306 1272 2391 1328 die
2436 1280 2753 1332 occarreret
2783 1288 2796 1324 :
2824 1286 2989 1341 quem
3027 1268 3188 1325 ritum
3216 1270 3387 1325 sancti
3430 1285 3524 1341 pa-

1942 1370 2054 1418 tres
2104 1363 2159 1416 in
2186 1361 2398 1418 Nicaeus
2448 1362 2651 1435 synodo
2680 1361 3101 1432 prohibuerunt,
3141 1360 3526 1417 constituentes

1945 1469 2051 1507 non
2080 1452 2252 1507 solum
2278 1449 2459 1511 lunam
2486 1451 2795 1522 paschalem
2820 1451 2894 1523 (et
2923 1450 3048 1505 inde
3078 1451 3319 1519 sequitur
3344 1448 3524 1517 inqui-

1944 1542 2111 1613 rere),
2132 1541 2226 1599 sed
2248 1541 2409 1597 etiam
2428 1550 2482 1602 et
2506 1526 2657 1595 diem
2678 1542 3091 1602 resurrectionis
3118 1540 3399 1600 dominicae
3424 1539 3523 1595 ob-

1942 1647 2161 1691 servare
2190 1651 2201 1686 :
2229 1640 2286 1687 et
2332 1632 2401 1686 ob
2446 1632 2550 1694 hoc
2590 1632 2792 1702 pascha
2835 1646 2866 1685 a
2908 1632 3093 1703 quinta
3139 1630 3347 1686 decima
3394 1629 3526 1691 luna

1942 1740 2115 1795 usque
2177 1724 2231 1778 in
2260 1722 2571 1778 vicesimam
2601 1723 2833 1793 primam
2876 1722 3267 1789 extenderunt,
3307 1729 3369 1800 ut
3413 1720 3527 1779 dies

249 1819 412 1875 dosio
437 1818 682 1891 Angusto
710 1819 872 1885 edita,
906 1834 1025 1889 quae
1066 1817 1371 1874 Nestorium
1417 1818 1553 1874 duas
1582 1833 1845 1890 personas
1862 1820 1921 1895 Β
1949 1815 2262 1871 Dominicus
2288 1829 2391 1869 non
2422 1813 2779 1869 omitteretur.
2824 1813 3031 1868 Pascha
3073 1820 3252 1868 autem
3293 1811 3528 1867 vocabu-

246 1910 307 1965 in
340 1909 561 1965 Christo
592 1918 947 1979 asserentem,
967 1911 1114 1981 justo
1142 1910 1486 1977 anathemate
1509 1910 1836 1966 condemna-

245 2000 349 2063 vit,
386 2001 679 2055 ostendens
725 2015 945 2056 manere
973 2001 1027 2053 in
1058 2002 1264 2067 duabus
1291 2001 1503 2061 naturis
1528 2015 1689 2057 unam
1730 2000 1838 2055 Do-

246 2086 389 2143 mini
417 2086 548 2144 Jesu
569 2088 769 2145 Christi
794 2104 1102 2161 personam.
1129 2089 1331 2157 Quarta
1359 2087 1597 2160 synodus
1617 2088 1839 2149 Chalce-

248 2178 518 2234 donensis
564 2195 733 2235 ncxxx
784 2179 1121 2235 sacerdotum
1168 2179 1267 2234 sub
1291 2178 1566 2235 Marciano
1596 2179 1841 2250 principe

248 2270 440 2324 habita
472 2278 575 2336 est,
621 2271 675 2325 in
722 2287 825 2343 qua
862 2271 1142 2345 Eutychen
1185 2271 1841 2345 ConstantinOpolitanum

250 2361 537 2425 abbatem,
568 2363 731 2417 Verbi
759 2364 854 2435 Dei
908 2372 963 2421 et
991 2364 1169 2421 carnis
1199 2379 1363 2418 unam
1413 2373 1666 2434 naturam
1710 2380 1840 2435 pro—

249 2450 618 2516 nuntiantem,
663 2460 718 2505 et
765 2451 879 2518 ejus
908 2451 1244 2509 defensorem
1286 2453 1623 2516 Dioscorum,
1670 2467 1843 2521 quon-

251 2542 382 2595 dam
408 2541 837 2598 Alexandrinum
861 2542 1206 2613 Episcopum,
1238 2550 1292 2597 et
1322 2542 1496 2614 ipsum
1522 2558 1710 2598 rursus
1739 2542 1843 2597 Ne-

252 2633 489 2689 storium
520 2648 642 2688 cum
672 2632 894 2703 reliquis
922 2634 1193 2689 haereticis
1221 2650 1327 2689 una
1362 2643 1580 2706 patrum
1628 2645 1843 2691 senten-

252 2722 333 2779 tia
364 2724 753 2793 przedamnavit
784 2742 796 2778 :
827 2725 1128 2799 praedicans
1169 2727 1359 2781 eadem
1388 2727 1625 2797 synodus
1644 2767 1658 2793 ,
1688 2726 1842 2782 Chri-

253 2824 403 2871 stum
434 2814 604 2870 Deum
623 2816 704 2871 sic
733 2825 918 2870 natum
944 2817 1009 2872 de
1040 2814 1278 2891 Virgine,
1309 2824 1369 2871 ut
1396 2818 1454 2872 in
1500 2833 1564 2878 eo
1593 2819 1843 2873 substan-

254 2906 393 2971 tiam
438 2906 635 2961 divinze
673 2916 727 2961 et
776 2908 1023 2963 humana:
1073 2907 1432 2966 conﬁtcamur
1480 2916 1705 2967 naturae.
1749 2908 1845 2964 Ha:

254 3000 388 3047 sunt
416 3001 649 3063 quatuor
676 2996 867 3064 synodi
895 2996 1219 3066 principales
1248 2996 1372 3059 ﬁdei
1401 2996 1702 3051 doctrinam
1731 2996 1844 3068 ple-

254 3081 481 3159 nissime
504 3083 881 3151 praedicantes.
914 3083 1020 3139 Sed
1049 3093 1100 3151 et
1129 3086 1172 3140 si
1199 3102 1305 3156 qua
1352 3095 1477 3147 sunt
1509 3086 1614 3141 alia
1662 3086 1843 3141 conci-

1941 1904 2050 1959 lum
2080 1920 2189 1959 non
2218 1903 2486 1969 Graecum,
2513 1901 2607 1957 sed
2635 1900 2917 1968 Hebraeum
2942 1910 3063 1957 est:
3088 1916 3188 1958 nec
3222 1918 3252 1957 a
3277 1901 3527 1972 passione

1944 1994 2219 2064 (quoniam
2246 1994 2510 2067 pascimin
2535 1992 2809 2065 [PasChin]
2832 1993 3018 2049 Graece
3041 1994 3237 2049 dicitur
3249 1995 3405 2064 pati),
3433 1993 3528 2049 sed

1944 2100 1975 2139 a
2022 2084 2258 2139 transitu
2290 2082 2519 2143 Hebraeo
2550 2081 2717 2139 verbo
2760 2084 2963 2154 pascha
3005 2083 3265 2155 appellata
3310 2095 3433 2145 est:
3463 2099 3529 2142 eo

1943 2178 2087 2248 quod
2113 2186 2240 2232 tunc
2265 2176 2493 2247 populus
2516 2174 2608 2228 Dei
2633 2190 2701 2230 ex
2720 2172 2953 2247 [Egypto
2976 2176 3271 2233 transierit.
3299 2177 3450 2234 Unde
3474 2186 3530 2234 et

1943 2268 1999 2323 in
2028 2268 2318 2336 Evangelio
2345 2264 2526 2338 (Joan.
2559 2264 2703 2337 xui),
2728 2282 2841 2319 cum
2867 2266 3109 2334 vidisset,
3130 2267 3332 2339 inquit,
3376 2268 3528 2324 Jesus

1942 2362 2068 2432 quia
2091 2362 2224 2428 venit
2250 2360 2382 2412 hora
2406 2358 2541 2427 ejus,
2565 2367 2619 2410 ut
2644 2360 2886 2413 transiret
2908 2361 2971 2419 de
2990 2360 3185 2416 mundo
3212 2362 3280 2413 ad
3299 2371 3525 2431 patrem.

1944 2448 2107 2518 Cujus
2137 2464 2244 2517 nox
2275 2449 2395 2504 ideo
2433 2447 2658 2519 pervigil
2696 2448 2943 2514 ducitur,
2982 2461 3204 2525 propter
3239 2449 3527 2510 adventum

1943 2540 2088 2610 regis
2128 2544 2193 2595 ac
2234 2538 2330 2593 Dei
2366 2538 2536 2593 nostri
2562 2556 2575 2593 :
2599 2547 2659 2594 ut
2704 2547 2914 2610 tempus
2957 2540 3372 2601 resurrectionis
3415 2542 3530 2613 ejus

1944 2644 2053 2684 non
2091 2644 2191 2685 nos
2220 2628 2569 2694 dormientes,
2603 2628 2697 2688 sed
2740 2628 3027 2703 vigilantes
3073 2629 3331 2691 inveniat.
3365 2628 3531 2700 Cujus

1944 2722 2120 2778 noctis
2153 2721 2348 2792 duplex
2373 2721 2510 2779 ratio
2534 2729 2658 2776 est:
2686 2721 2800 2777 sive
2825 2722 2968 2791 quod
2998 2721 3053 2776 in
3078 2722 3264 2776 eadem
3290 2729 3419 2776 tunc
3448 2721 3528 2776 vi-

1944 2823 2057 2869 tam
2080 2814 2301 2885 recepit,
2330 2827 2452 2867 cum
2480 2827 2674 2883 passus
2696 2820 2779 2867 est
2804 2830 2817 2866 :
2848 2813 2961 2872 sive
2989 2812 3131 2883 quod
3158 2821 3345 2883 postea
3371 2814 3526 2881 hora,

1944 2919 2052 2973 qua
2084 2903 2401 2967 resurrexit,
2442 2902 2507 2955 ad
2530 2900 2880 2970 judicandum
2902 2910 3161 2957 venturus
3183 2910 3284 2958 est.
3307 2902 3385 2959 Eo
3435 2916 3529 2958 au-

1944 3001 2055 3048 tem
2086 2984 2246 3055 modo
2272 2993 2481 3063 agimus
2504 2992 2724 3060 pascha,
2756 3000 2816 3046 ut
2841 3007 2947 3047 non
2991 2992 3164 3048 solum
3200 3000 3430 3059 mortem
3471 2999 3526 3047 et

1943 3084 2399 3139 resurrectionem
2420 3081 2622 3137 Christi
2643 3082 2699 3137 in
2722 3082 3035 3151 memoriam
3064 3095 3379 3137 revocemus
3394 3122 3408 3146 ,
3434 3081 3528 3137 sed

255 3172 352 3237 lia,
385 3158 507 3243 quae
533 3176 705 3229 sancti
742 3174 931 3241 Patres
962 3176 1164 3245 Spiritu
1189 3176 1288 3231 Dei
1316 3178 1462 3248 pleni
1506 3187 1837 3244 sanxerunt,
1868 3158 1913 3222 C
1944 3172 2108 3236 etiam
2144 3180 2344 3237 cratera
2362 3212 2377 3237 ,
2406 3184 2523 3240 quae
2552 3170 2697 3225 eirea
2736 3184 2859 3223 eum
2897 3176 3219 3223 attestantnr
3248 3168 3317 3223 ad
3346 3184 3527 3224 sacra-

254 3272 384 3332 post
427 3263 653 3319 istorum
685 3274 913 3333 quatuor
942 3266 1336 3331 auctoritatem,
1362 3266 1601 3320 omnium
1626 3274 1846 3321 manent

257 3353 500 3408 stabilita
520 3355 705 3424 vigore
731 3372 743 3407 :
777 3369 1004 3423 quorum
1034 3365 1183 3426 gesta
1212 3357 1265 3410 in
1292 3357 1396 3419 hoc
1425 3370 1589 3427 opere
1629 3357 1844 3411 condita

256 3443 629 3499 continentur.
663 3442 941 3514 Synodum
980 3444 1227 3499 novimus
1260 3460 1326 3500 ex
1352 3443 1542 3507 Graeco
1581 3445 1844 3513 interpre-

260 3532 368 3587 tari
398 3534 700 3588 comitatum
719 3533 803 3589 vel
828 3543 1035 3588 cretum.
1066 3534 1292 3589 Concilii
1321 3549 1452 3589 vero
1492 3550 1686 3597 nomen
1729 3544 1843 3590 tra-

261 3632 413 3679 ctum
434 3640 503 3679 ex
533 3639 683 3680 more
737 3624 999 3679 Romano.
1046 3624 1312 3695 Tempore
1360 3626 1506 3681 enim
1531 3641 1636 3695 quo
1668 3641 1845 3682 causae

262 3712 583 3784 agebantur,
616 3714 1009 3768 conveniebant
1034 3727 1223 3767 omnes
1253 3714 1308 3767 in
1356 3704 1547 3780 unum,
1597 3729 1838 3769 commu-

262 3803 431 3874 nique
474 3804 773 3871 intentione
819 3804 1143 3872 tractabant.
1192 3802 1347 3858 Unde
1388 3812 1445 3858 et
1473 3803 1761 3859 concilium
1813 3820 1844 3860 a

265 3888 537 3944 communi
590 3889 886 3963 intentione
924 3888 1151 3955 dictum,
1180 3888 1337 3958 quasi
1380 3889 1841 3943 communicilium.

264 3981 405 4038 Nam
451 3982 573 4037 cilia
596 3982 872 4037 oculorum
896 3994 1041 4037 sunt.
1073 3980 1227 4036 Unde
1256 3987 1310 4035 et
1337 3980 1636 4035 considium
1663 3981 1839 4035 consi-

265 4072 401 4129 lium
449 4073 662 4137 dicitur,
722 4074 776 4129 d.
828 4074 904 4128 in.
936 4073 1236 4128 l.iitteram
1290 4080 1620 4128 transeunte.
1662 4072 1845 4129 Coetus

265 4178 399 4219 vero
428 4172 725 4219 conventus
750 4173 831 4219 est
853 4164 937 4218 vel
962 4164 1303 4236 congregatio
1323 4180 1354 4219 a
1369 4165 1629 4233 coeundo,
1661 4165 1716 4219 id
1738 4172 1843 4232 est,

264 4253 636 4309 conveniendo
664 4254 719 4309 in
750 4270 935 4309 unum.
962 4255 1116 4311 Unde
1156 4264 1208 4312 et
1256 4265 1551 4313 conventus
1578 4265 1663 4313 est
1704 4273 1845 4312 nun-

265 4353 521 4415 cupatus,
549 4345 689 4401 sicut
720 4355 1017 4403 conventus
1046 4355 1219 4404 coetus
1251 4348 1336 4405 vel
1373 4349 1660 4405 concilium
1696 4364 1728 4405 a
1756 4364 1845 4406 so-

265 4434 465 4492 cietate
484 4434 776 4490 multorum
802 4437 858 4491 in
883 4452 1069 4493 unum.

860 4528 1085 4585 CAPUT
1122 4528 1254 4584 Vlﬂ.

789 4619 868 4673 De
893 4620 1035 4690 cgclo
1063 4624 1317 4690 pascha“.

337 4707 650 4767 Paschalem
670 4709 880 4781 cyclum
924 4710 1239 4782 Hippolytus
1276 4712 1562 4783 episcopus
1587 4716 1845 4784 tempori-

275 4804 372 4859 bus
410 4799 699 4857 Alexandri
728 4796 1070 4871 imperatoris
1110 4802 1317 4872 primus
1343 4804 1663 4874 conscripsit
1689 4823 1701 4859 :
1727 4814 1851 4877 post

271 4907 432 4963 quem
469 4891 841 4963 probatissimi
880 4898 1127 4967 auctores
1158 4892 1427 4949 Eusebius
1468 4892 1845 4962 Caesariensis,

271 4980 601 5053 Theophilus
642 4981 1061 5047 Alexandrinus,
1091 4979 1326 5051 Prosper
1364 4997 1579 5053 quoque
1631 4985 1852 5042 natione

270 5070 573 5141 Aquitanus
619 5081 784 5143 atque
828 5072 1174 5137 Victorinus,
1225 5072 1565 5141 ampliﬁcatis
1611 5073 1851 5143 ejusdem

272 5158 581 5218 festivitatis
606 5162 926 5237 rationibus,
951 5162 1273 5233 multiplices
1293 5163 1524 5219 circulos
1545 5163 1849 5220 ediderunt.

273 5253 431 5323 Cujus
452 5254 675 5325 quidem
708 5253 974 5309 rationem
990 5254 1342 5309 "beatissimus
1363 5252 1593 5325 Cyrinus
1621 5254 1853 5309 Alexan-

275 5343 434 5400 drinae
459 5334 615 5400 urbis
668 5344 954 5419 episc0pus
987 5342 1044 5397 in
1079 5344 1369 5415 nonaginta
1407 5343 1644 5413 quinque
1680 5358 1851 5398 annos

269 5449 362 5507 per
379 5436 671 5509 quinquies
712 5435 898 5492 decem
938 5438 1124 5494 novies
1160 5437 1451 5503 calculans,
1479 5444 1642 5506 quoto
1665 5436 1851 5492 kalen-

266 5528 411 5587 daria
437 5530 529 5587 vel
556 5529 692 5584 luna
722 5529 913 5585 debeat
937 5530 1206 5598 paschalis
1231 5530 1545 5585 solemnitas
1565 5528 1845 5595 celebrari,

322 5660 347 5689 ιι
372 5645 557 5704 Locus
592 5644 1044 5714 corruptissimus
1069 5644 1402 5714 sicvidetur
1431 5643 1792 5714 restituendus
1830 5661 1843 5699 :

249 5718 407 5777 Arius
438 5714 726 5775 asserebat
760 5711 1253 5770 causubstantialem
1283 5712 1391 5767 Deo
1431 5711 1586 5769 Patri
1610 5731 1711 5769 non
1738 5732 1846 5770 esse

1944 3273 2251 3319 mentorum
2274 3260 2742 3333 signiﬁcationem,
2764 3257 3132 3327 inspiciamus.
3165 3256 3393 3326 Propter
3415 3256 3525 3311 ini-

1944 3354 2079 3409 tium
2114 3353 2260 3409 enim
2296 3368 2449 3407 novae
2483 3349 2637 3417 vitae,
2677 3356 2733 3405 et
2755 3356 2981 3423 propter
3007 3363 3203 3405 novum
3227 3348 3526 3417 hominem,

1944 3458 2104 3514 quem
2142 3442 2397 3513 iubemur
2437 3441 2658 3497 induere
2679 3481 2693 3508 ,
2724 3448 2779 3496 et
2806 3430 3004 3496 exuere
3030 3446 3266 3495 veterem
3285 3479 3299 3506 ,
3338 3454 3528 3511 expar-

1942 3541 2123 3604 gantes
2161 3540 2305 3585 vetus
2338 3530 2683 3600 fermentum,
2725 3539 2783 3583 ut
2812 3530 2975 3583 simus
3016 3544 3146 3583 nova
3185 3529 3479 3599 conspersio
3506 3540 3527 3580 :

1942 3624 2193 3693 quoniam
2249 3622 2445 3692 pascha
2506 3630 2741 3675 nostrum
2794 3618 3094 3673 immolatus
3149 3627 3224 3672 est
3283 3616 3523 3674 Christus

1947 3710 1999 3784 (1
2031 3710 2153 3766 Cor.
2177 3712 2232 3782 v)
2256 3729 2270 3778 ;
2298 3721 2516 3781 propter
2540 3711 2681 3765 hanc
2705 3724 2833 3780 ergo
2853 3710 2977 3764 vitae
3001 3709 3293 3764 novitatem
3318 3709 3525 3779 primus

1944 3802 2149 3857 mensis
2176 3787 2440 3857 novorum
2466 3800 2518 3854 in
2556 3799 2683 3868 anni
2723 3800 2996 3853 mensibus
3027 3796 3375 3855 celebrationi
3404 3813 3526 3869 pas-

1946 3894 2087 3949 chali
2115 3894 2341 3965 mystice
2362 3892 2653 3946 attributus
2673 3899 2774 3945 est.
2796 3888 2953 3957 Quod
2972 3904 3101 3945 vero
3126 3891 3300 3945 tertiae
3320 3890 3526 3946 hebdo-

1945 3983 2117 4037 madae
2141 3983 2227 4037 die
2251 3982 2452 4053 pascha
2477 3978 2802 4046 celebratur,
2836 3978 2892 4033 id
2920 3987 3029 4044 est,
3061 3978 3153 4048 qui
3193 3979 3307 4035 dies
3333 3994 3523 4035 occur-

1946 4073 2070 4128 rita
2090 4073 2275 4142 quinta
2300 4072 2506 4127 decima
2527 4086 2699 4142 usque
2720 4072 2773 4126 in
2794 4071 3102 4126 vicesimam
3126 4072 3357 4142 primam
3384 4092 3397 4127 :
3424 4074 3527 4130 hoc

1947 4163 2216 4234 signiﬁcat
2245 4180 2258 4217 :
2292 4163 2417 4233 quia
2441 4162 2497 4217 in
2523 4168 2637 4217 toto
2660 4168 2901 4230 tempore
2933 4159 3132 4227 saeculi,
3159 4161 3250 4231 qui
3274 4160 3527 4233 septena-

1948 4254 2030 4310 rio
2056 4254 2263 4309 dierum
2292 4268 2519 4309 numero
2547 4252 2742 4324 agitur,
2767 4267 2908 4306 nunc
2938 4251 3157 4307 tertium
3187 4261 3397 4324 tempus
3422 4253 3527 4310 hoc

1948 4352 2344 4400 sacramentum
2376 4344 2601 4414 aperuit.
2628 4343 2871 4398 Primum
2895 4344 3039 4399 enim
3066 4351 3278 4415 tempus
3302 4352 3384 4401 est
3403 4354 3526 4402 ante

1947 4436 2120 4507 legem
2157 4454 2171 4490 :
2202 4438 2495 4507 secundum
2520 4434 2620 4489 sub
2645 4433 2763 4505 lege
2790 4452 2804 4486 :
2834 4434 3054 4488 tertium
3083 4434 3183 4491 sub
3217 4435 3409 4507 gratia,
3434 4434 3526 4491 ubi

1870 4498 1925 4559 Β
1942 4528 2055 4599 jam
2094 4526 2496 4609 manifestatum
2527 4535 2610 4583 est
2637 4534 3033 4582 sacramentum
3056 4527 3208 4598 prius
3254 4528 3525 4585 occultum

1950 4622 2005 4677 in
2027 4622 2340 4692 pr0phetico
2361 4622 2663 4692 aenigmate.
2692 4619 2815 4674 Ideo
2844 4627 2897 4675 et
2920 4628 3138 4690 propter
3163 4620 3278 4675 haec
3300 4621 3407 4676 tria
3435 4638 3528 4677 sae-

1951 4713 2057 4768 culi
2089 4721 2329 4783 tempora
2358 4701 2683 4767 resurrectio
2710 4709 2923 4766 Domini
2960 4711 3206 4767 triduana
3237 4720 3335 4767 est.
3374 4711 3526 4780 Quod

1950 4819 2082 4860 vero
2104 4821 2134 4859 a
2195 4805 2347 4859 ninta
2377 4802 2584 4859 decima
2609 4802 2733 4857 luna
2779 4816 2947 4876 usque
2991 4801 3058 4858 ad
3082 4802 3391 4857 vicesimam
3417 4804 3527 4873 pri-

1952 4912 2097 4952 mam
2123 4910 2223 4968 per
2254 4895 2369 4950 dies
2395 4901 2599 4964 septem
2629 4892 2899 4962 paschalis
2936 4892 3052 4948 dies
3087 4892 3346 4962 quaeritur
3377 4891 3481 4965 [ﬁt]
3510 4911 3522 4948 :

1952 4994 2175 5057 propter
2196 4986 2368 5055 ipsum
2396 4999 2683 5039 numerum
2709 4984 3101 5055 septenarium,
3130 4998 3236 5053 quo
3260 4984 3528 5040 universi-

1954 5076 2082 5131 tatis
2126 5074 2447 5147 signiﬁcatio
2492 5080 2632 5143 saepe
2660 5072 2951 5145 ﬁguratur,
2981 5073 3073 5144 qui
3102 5073 3267 5129 etiam
3295 5074 3397 5148 ipsi
3425 5073 3526 5129 Ec-

1952 5166 2131 5223 clesiae
2166 5167 2422 5222 tribuitur
2438 5166 2658 5245 propter
2679 5166 2851 5221 instar
2872 5165 3262 5221 universitatis.
3296 5164 3447 5221 Unde
3472 5174 3527 5222 et

1953 5258 2189 5315 Joannes
2218 5256 2489 5335 apostolus
2517 5256 2570 5310 in
2604 5254 2921 5325 Apocalypsi
2953 5254 3134 5325 (Apoc.
3162 5255 3207 5326 α)
3230 5255 3298 5310 ad
3320 5262 3524 5324 septem

1956 5349 2173 5419 scripsit
2196 5347 2474 5403 ecclesias.
2508 5345 2744 5401 Ecclesia
2772 5359 2900 5400 vero
2928 5345 3104 5400 adhuc
3123 5342 3177 5398 in
3198 5342 3304 5399 isti
3326 5349 3524 5398 morta-

1954 5439 2104 5493 litate
2137 5438 2319 5493 carnis
2349 5436 2637 5495 constituta
2658 5476 2673 5502 ,
2722 5445 2941 5505 propter
2980 5436 3149 5503 ipsam
3194 5431 3526 5489 mutabilita-

1953 5537 2088 5594 tem,
2121 5529 2261 5584 lunm
2289 5530 2538 5593 nomine,
2582 5529 2634 5581 in
2678 5527 2956 5587 scripturis
2983 5524 3330 5595 signiﬁcatur.
3361 5524 3527 5584 Varia

1955 5643 2123 5715 Deum
2146 5641 2398 5715 Filium:
2420 5641 2584 5715 ΔσιιῙιιις
2610 5640 2931 5695 contrarium
2954 5644 3135 5699 sancta
3170 5637 3400 5712 synodus
3434 5653 3531 5715 per

1953 5711 2245 5787 symbolum
2274 5711 2521 5780 deﬁnivit.
