  <div class='ocr_page' id='page_1' title='image "/cluster/home/n/w/nwhite01/storage/ocr_20150623/111/uva.x000827067/071.png"; bbox 0 0 3896 6334; ppageno 0'>
   <div class='ocr_carea' id='block_1_1' title="bbox 401 373 500 425">
    <p class='ocr_par' dir='ltr' id='par_1_1' title="bbox 401 373 500 425">
     <span class='ocr_line' id='line_1_1' title="bbox 401 373 500 425; baseline -0.02 0"><span class='ocrx_word' id='word_1_1' title='bbox 401 373 500 425; x_wconf 70' lang='grc'><strong>127</strong></span> 
     </span>
    </p>
   </div>
   <div class='ocr_carea' id='block_1_2' title="bbox 1028 353 2964 420">
    <p class='ocr_par' dir='ltr' id='par_1_2' title="bbox 1028 353 2964 420">
     <span class='ocr_line' id='line_1_2' title="bbox 1028 353 2964 420; baseline -0.004 0"><span class='ocrx_word' id='word_1_2' title='bbox 1028 366 1090 420; x_wconf 84' lang='grc' dir='ltr'><strong>Β.</strong></span> <span class='ocrx_word' id='word_1_3' title='bbox 1132 361 1383 420; x_wconf 80' lang='lat' dir='ltr'><strong>RABANI</strong></span> <span class='ocrx_word' id='word_1_4' title='bbox 1421 361 1635 418; x_wconf 82' lang='lat' dir='ltr'><strong>MAURI</strong></span> <span class='ocrx_word' id='word_1_5' title='bbox 1673 353 2315 416; x_wconf 79' lang='lat' dir='ltr'><strong>ARCHIEP.MOGUNT.</strong></span> <span class='ocrx_word' id='word_1_6' title='bbox 2356 354 2642 413; x_wconf 81' lang='lat' dir='ltr'><strong>OPERUM</strong></span> <span class='ocrx_word' id='word_1_7' title='bbox 2682 354 2862 412; x_wconf 76' lang='lat' dir='ltr'><strong>PARS</strong></span> <span class='ocrx_word' id='word_1_8' title='bbox 2899 356 2964 412; x_wconf 84' lang='grc' dir='ltr'><strong>ΙΙ.</strong></span> 
     </span>
    </p>
   </div>
   <div class='ocr_carea' id='block_1_3' title="bbox 3546 355 3651 412">
    <p class='ocr_par' dir='ltr' id='par_1_3' title="bbox 3546 355 3651 412">
     <span class='ocr_line' id='line_1_3' title="bbox 3546 355 3651 412; baseline 0.019 -2"><span class='ocrx_word' id='word_1_9' title='bbox 3546 355 3651 412; x_wconf 71' lang='grc'><strong>198</strong></span> 
     </span>
    </p>
   </div>
   <div class='ocr_carea' id='block_1_4' title="bbox 397 467 3656 546">
    <p class='ocr_par' dir='ltr' id='par_1_4' title="bbox 397 467 3656 546">
     <span class='ocr_line' id='line_1_4' title="bbox 397 467 3656 546; baseline -0.004 -10"><span class='ocrx_word' id='word_1_10' title='bbox 397 491 576 536; x_wconf 84' lang='lat' dir='ltr'><strong>autem</strong></span> <span class='ocrx_word' id='word_1_11' title='bbox 609 478 953 535; x_wconf 89' lang='lat' dir='ltr'><strong>observantia</strong></span> <span class='ocrx_word' id='word_1_12' title='bbox 996 476 1308 546; x_wconf 87' lang='lat' dir='ltr'><strong>opinionum</strong></span> <span class='ocrx_word' id='word_1_13' title='bbox 1355 474 1623 544; x_wconf 83' lang='lat' dir='ltr'><strong>paschalis</strong></span> <span class='ocrx_word' id='word_1_14' title='bbox 1664 471 1972 528; x_wconf 90' lang='lat' dir='ltr'><strong>festivitatis</strong></span> <span class='ocrx_word' id='word_1_15' title='bbox 1998 473 2052 532; x_wconf 79' lang='grc' dir='ltr'><strong>Α</strong></span> <span class='ocrx_word' id='word_1_16' title='bbox 2075 467 2310 524; x_wconf 87' lang='lat' dir='ltr'><strong>circulus</strong></span> <span class='ocrx_word' id='word_1_17' title='bbox 2338 482 2513 523; x_wconf 92' lang='lat' dir='ltr'><strong>nonus</strong></span> <span class='ocrx_word' id='word_1_18' title='bbox 2542 468 2784 522; x_wconf 89' lang='lat' dir='ltr'><strong>decimus</strong></span> <span class='ocrx_word' id='word_1_19' title='bbox 2813 486 2825 522; x_wconf 93' lang='lat'>:</span> <span class='ocrx_word' id='word_1_20' title='bbox 2852 468 2965 538; x_wconf 90' lang='lat' dir='ltr'><strong>iam</strong></span> <span class='ocrx_word' id='word_1_21' title='bbox 2991 468 3234 539; x_wconf 80' lang='lat' dir='ltr'><strong>sequenti</strong></span> <span class='ocrx_word' id='word_1_22' title='bbox 3262 481 3402 524; x_wconf 91' lang='lat' dir='ltr'><strong>anno</strong></span> <span class='ocrx_word' id='word_1_23' title='bbox 3429 481 3538 523; x_wconf 90' lang='lat' dir='ltr'><strong>non</strong></span> <span class='ocrx_word' id='word_1_24' title='bbox 3563 469 3656 524; x_wconf 90' lang='lat' dir='ltr'><strong>ad-</strong></span> 
     </span>
    </p>
   </div>
   <div class='ocr_carea' id='block_1_5' title="bbox 395 561 1970 637">
    <p class='ocr_par' dir='ltr' id='par_1_5' title="bbox 395 561 1970 637">
     <span class='ocr_line' id='line_1_5' title="bbox 395 561 1970 637; baseline -0.007 -9"><span class='ocrx_word' id='word_1_25' title='bbox 395 574 664 628; x_wconf 86' lang='lat' dir='ltr'><strong>interdum</strong></span> <span class='ocrx_word' id='word_1_26' title='bbox 710 584 948 626; x_wconf 89' lang='lat' dir='ltr'><strong>errorem</strong></span> <span class='ocrx_word' id='word_1_27' title='bbox 1005 567 1192 637; x_wconf 90' lang='lat' dir='ltr'><strong>gignit.</strong></span> <span class='ocrx_word' id='word_1_28' title='bbox 1242 563 1417 618; x_wconf 87' lang='lat' dir='ltr'><strong>Latini</strong></span> <span class='ocrx_word' id='word_1_29' title='bbox 1462 577 1691 633; x_wconf 88' lang='lat' dir='ltr'><strong>namque</strong></span> <span class='ocrx_word' id='word_1_30' title='bbox 1735 577 1766 616; x_wconf 89' lang='lat' dir='ltr'><strong>a</strong></span> <span class='ocrx_word' id='word_1_31' title='bbox 1811 561 1970 617; x_wconf 89' lang='lat' dir='ltr'><strong>tertio</strong></span> 
     </span>
    </p>
   </div>
   <div class='ocr_carea' id='block_1_6' title="bbox 393 652 1970 729">
    <p class='ocr_par' dir='ltr' id='par_1_6' title="bbox 393 652 1970 729">
     <span class='ocr_line' id='line_1_6' title="bbox 393 652 1970 729; baseline -0.01 -7"><span class='ocrx_word' id='word_1_32' title='bbox 393 666 575 722; x_wconf 85' lang='lat' dir='ltr'><strong>Nonas</strong></span> <span class='ocrx_word' id='word_1_33' title='bbox 603 663 778 718; x_wconf 83' lang='lat' dir='ltr'><strong>Martii</strong></span> <span class='ocrx_word' id='word_1_34' title='bbox 802 675 972 729; x_wconf 89' lang='lat' dir='ltr'><strong>usque</strong></span> <span class='ocrx_word' id='word_1_35' title='bbox 1029 661 1083 712; x_wconf 89' lang='lat' dir='ltr'><strong>in</strong></span> <span class='ocrx_word' id='word_1_36' title='bbox 1117 658 1332 711; x_wconf 90' lang='lat' dir='ltr'><strong>tertium</strong></span> <span class='ocrx_word' id='word_1_37' title='bbox 1360 655 1541 711; x_wconf 85' lang='lat' dir='ltr'><strong>Nonas</strong></span> <span class='ocrx_word' id='word_1_38' title='bbox 1572 653 1775 724; x_wconf 82' lang='lat' dir='ltr'><strong>Aprilis</strong></span> <span class='ocrx_word' id='word_1_39' title='bbox 1807 652 1970 723; x_wconf 89' lang='lat' dir='ltr'><strong>primi</strong></span> 
     </span>
    </p>
   </div>
   <div class='ocr_carea' id='block_1_7' title="bbox 395 745 1971 821">
    <p class='ocr_par' dir='ltr' id='par_1_7' title="bbox 395 745 1971 821">
     <span class='ocr_line' id='line_1_7' title="bbox 395 745 1971 821; baseline -0.006 -9"><span class='ocrx_word' id='word_1_40' title='bbox 395 756 596 812; x_wconf 84' lang='lat' dir='ltr'><strong>mensis</strong></span> <span class='ocrx_word' id='word_1_41' title='bbox 627 755 812 810; x_wconf 90' lang='lat' dir='ltr'><strong>lunam</strong></span> <span class='ocrx_word' id='word_1_42' title='bbox 839 750 1121 821; x_wconf 89' lang='lat' dir='ltr'><strong>inquirunt</strong></span> <span class='ocrx_word' id='word_1_43' title='bbox 1151 768 1164 803; x_wconf 90' lang='lat'><strong>:</strong></span> <span class='ocrx_word' id='word_1_44' title='bbox 1195 756 1250 804; x_wconf 92' lang='lat' dir='ltr'><strong>et</strong></span> <span class='ocrx_word' id='word_1_45' title='bbox 1288 749 1332 804; x_wconf 90' lang='lat' dir='ltr'><strong>si</strong></span> <span class='ocrx_word' id='word_1_46' title='bbox 1372 749 1557 818; x_wconf 91' lang='lat' dir='ltr'><strong>quinta</strong></span> <span class='ocrx_word' id='word_1_47' title='bbox 1598 747 1804 803; x_wconf 89' lang='lat' dir='ltr'><strong>decima</strong></span> <span class='ocrx_word' id='word_1_48' title='bbox 1841 745 1971 802; x_wconf 88' lang='lat' dir='ltr'><strong>luna</strong></span> 
     </span>
    </p>
   </div>
   <div class='ocr_carea' id='block_1_8' title="bbox 393 841 1970 916">
    <p class='ocr_par' dir='ltr' id='par_1_8' title="bbox 393 841 1970 916">
     <span class='ocr_line' id='line_1_8' title="bbox 393 841 1970 916; baseline -0.003 -13"><span class='ocrx_word' id='word_1_49' title='bbox 393 849 481 903; x_wconf 89' lang='lat' dir='ltr'><strong>die</strong></span> <span class='ocrx_word' id='word_1_50' title='bbox 508 846 786 902; x_wconf 89' lang='lat' dir='ltr'><strong>Dominico</strong></span> <span class='ocrx_word' id='word_1_51' title='bbox 811 844 1139 916; x_wconf 80' lang='lat' dir='ltr'><strong>pervenerit,</strong></span> <span class='ocrx_word' id='word_1_52' title='bbox 1161 845 1216 900; x_wconf 89' lang='lat' dir='ltr'><strong>in</strong></span> <span class='ocrx_word' id='word_1_53' title='bbox 1234 844 1338 899; x_wconf 90' lang='lat' dir='ltr'><strong>alio</strong></span> <span class='ocrx_word' id='word_1_54' title='bbox 1357 843 1443 900; x_wconf 91' lang='lat' dir='ltr'><strong>die</strong></span> <span class='ocrx_word' id='word_1_55' title='bbox 1464 841 1741 898; x_wconf 88' lang='lat' dir='ltr'><strong>Dominico</strong></span> <span class='ocrx_word' id='word_1_56' title='bbox 1763 842 1970 913; x_wconf 84' lang='lat' dir='ltr'><strong>pascha</strong></span> 
     </span>
    </p>
   </div>
   <div class='ocr_carea' id='block_1_9' title="bbox 392 935 1970 1015">
    <p class='ocr_par' dir='ltr' id='par_1_9' title="bbox 392 935 1970 1015">
     <span class='ocr_line' id='line_1_9' title="bbox 392 935 1970 1015; baseline -0.006 -17"><span class='ocrx_word' id='word_1_57' title='bbox 392 945 732 1015; x_wconf 81' lang='lat' dir='ltr'><strong>protrahunt.</strong></span> <span class='ocrx_word' id='word_1_58' title='bbox 779 943 951 999; x_wconf 70' lang='grc' dir='ltr'><strong>(ἓηεί</strong></span> <span class='ocrx_word' id='word_1_59' title='bbox 997 942 1156 1013; x_wconf 89' lang='lat' dir='ltr'><strong>primi</strong></span> <span class='ocrx_word' id='word_1_60' title='bbox 1201 939 1402 995; x_wconf 88' lang='lat' dir='ltr'><strong>mensis</strong></span> <span class='ocrx_word' id='word_1_61' title='bbox 1440 938 1622 992; x_wconf 89' lang='lat' dir='ltr'><strong>lunam</strong></span> <span class='ocrx_word' id='word_1_62' title='bbox 1667 935 1734 990; x_wconf 93' lang='lat' dir='ltr'><strong>ab</strong></span> <span class='ocrx_word' id='word_1_63' title='bbox 1774 941 1970 990; x_wconf 89' lang='lat' dir='ltr'><strong>octavo</strong></span> 
     </span>
    </p>
   </div>
   <div class='ocr_carea' id='block_1_10' title="bbox 391 1024 1969 1102">
    <p class='ocr_par' dir='ltr' id='par_1_10' title="bbox 391 1024 1969 1102">
     <span class='ocr_line' id='line_1_10' title="bbox 391 1024 1969 1102; baseline -0.006 -14"><span class='ocrx_word' id='word_1_64' title='bbox 391 1033 515 1089; x_wconf 87' lang='lat' dir='ltr'><strong>ldus</strong></span> <span class='ocrx_word' id='word_1_65' title='bbox 544 1033 720 1090; x_wconf 81' lang='lat' dir='ltr'><strong>Martii</strong></span> <span class='ocrx_word' id='word_1_66' title='bbox 745 1047 916 1102; x_wconf 90' lang='lat' dir='ltr'><strong>usque</strong></span> <span class='ocrx_word' id='word_1_67' title='bbox 983 1032 1040 1087; x_wconf 92' lang='lat' dir='ltr'><strong>in</strong></span> <span class='ocrx_word' id='word_1_68' title='bbox 1080 1031 1221 1086; x_wconf 90' lang='lat' dir='ltr'><strong>diem</strong></span> <span class='ocrx_word' id='word_1_69' title='bbox 1260 1027 1533 1084; x_wconf 86' lang='lat' dir='ltr'><strong>Nonarum</strong></span> <span class='ocrx_word' id='word_1_70' title='bbox 1559 1025 1758 1097; x_wconf 82' lang='lat' dir='ltr'><strong>Aprilis</strong></span> <span class='ocrx_word' id='word_1_71' title='bbox 1781 1024 1969 1080; x_wconf 89' lang='lat' dir='ltr'><strong>obser-</strong></span> 
     </span>
    </p>
   </div>
   <div class='ocr_carea' id='block_1_11' title="bbox 391 1118 1969 1194">
    <p class='ocr_par' dir='ltr' id='par_1_11' title="bbox 391 1118 1969 1194">
     <span class='ocr_line' id='line_1_11' title="bbox 391 1118 1969 1194; baseline -0.005 -14"><span class='ocrx_word' id='word_1_72' title='bbox 391 1133 552 1181; x_wconf 88' lang='lat' dir='ltr'><strong>vant:</strong></span> <span class='ocrx_word' id='word_1_73' title='bbox 573 1133 629 1180; x_wconf 87' lang='lat' dir='ltr'><strong>et</strong></span> <span class='ocrx_word' id='word_1_74' title='bbox 657 1125 704 1180; x_wconf 89' lang='lat' dir='ltr'><strong>si</strong></span> <span class='ocrx_word' id='word_1_75' title='bbox 729 1124 916 1194; x_wconf 82' lang='lat' dir='ltr'><strong>quinta</strong></span> <span class='ocrx_word' id='word_1_76' title='bbox 941 1123 1148 1180; x_wconf 83' lang='lat' dir='ltr'><strong>decima</strong></span> <span class='ocrx_word' id='word_1_77' title='bbox 1172 1121 1297 1176; x_wconf 88' lang='lat' dir='ltr'><strong>luna</strong></span> <span class='ocrx_word' id='word_1_78' title='bbox 1322 1121 1409 1176; x_wconf 91' lang='lat' dir='ltr'><strong>die</strong></span> <span class='ocrx_word' id='word_1_79' title='bbox 1429 1119 1706 1176; x_wconf 83' lang='lat' dir='ltr'><strong>Dominieo</strong></span> <span class='ocrx_word' id='word_1_80' title='bbox 1726 1118 1969 1173; x_wconf 68' lang='lat' dir='ltr'><strong>incurre~</strong></span> 
     </span>
    </p>
   </div>
   <div class='ocr_carea' id='block_1_12' title="bbox 391 1210 1969 1285">
    <p class='ocr_par' dir='ltr' id='par_1_12' title="bbox 391 1210 1969 1285">
     <span class='ocr_line' id='line_1_12' title="bbox 391 1210 1969 1285; baseline -0.003 -14"><span class='ocrx_word' id='word_1_81' title='bbox 391 1217 490 1283; x_wconf 89' lang='lat' dir='ltr'><strong>rit,</strong></span> <span class='ocrx_word' id='word_1_82' title='bbox 528 1223 774 1272; x_wconf 89' lang='lat' dir='ltr'><strong>sanctum</strong></span> <span class='ocrx_word' id='word_1_83' title='bbox 798 1217 997 1285; x_wconf 88' lang='lat' dir='ltr'><strong>pascha</strong></span> <span class='ocrx_word' id='word_1_84' title='bbox 1035 1213 1328 1269; x_wconf 87' lang='lat' dir='ltr'><strong>celebrant.</strong></span> <span class='ocrx_word' id='word_1_85' title='bbox 1364 1210 1677 1280; x_wconf 80' lang='lat' dir='ltr'><strong>Huiusmodi</strong></span> <span class='ocrx_word' id='word_1_86' title='bbox 1703 1224 1833 1282; x_wconf 89' lang='lat' dir='ltr'><strong>ergo</strong></span> <span class='ocrx_word' id='word_1_87' title='bbox 1859 1211 1969 1267; x_wconf 89' lang='lat' dir='ltr'><strong>dis-</strong></span> 
     </span>
    </p>
   </div>
   <div class='ocr_carea' id='block_1_13' title="bbox 389 1305 1872 1378">
    <p class='ocr_par' dir='ltr' id='par_1_13' title="bbox 389 1305 1872 1378">
     <span class='ocr_line' id='line_1_13' title="bbox 389 1305 1872 1378; baseline -0.006 -12"><span class='ocrx_word' id='word_1_88' title='bbox 389 1311 567 1366; x_wconf 84' lang='lat' dir='ltr'><strong>sensio</strong></span> <span class='ocrx_word' id='word_1_89' title='bbox 592 1310 735 1365; x_wconf 90' lang='lat' dir='ltr'><strong>inter</strong></span> <span class='ocrx_word' id='word_1_90' title='bbox 757 1318 1014 1378; x_wconf 88' lang='lat' dir='ltr'><strong>utrosque</strong></span> <span class='ocrx_word' id='word_1_91' title='bbox 1066 1306 1378 1378; x_wconf 90' lang='lat' dir='ltr'><strong>paschalem</strong></span> <span class='ocrx_word' id='word_1_92' title='bbox 1401 1306 1645 1376; x_wconf 88' lang='lat' dir='ltr'><strong>regulam</strong></span> <span class='ocrx_word' id='word_1_93' title='bbox 1669 1305 1872 1360; x_wconf 87' lang='lat' dir='ltr'><strong>turbat.</strong></span> 
     </span>
    </p>
   </div>
   <div class='ocr_carea' id='block_1_14' title="bbox 458 1394 1965 1465">
    <p class='ocr_par' dir='ltr' id='par_1_14' title="bbox 458 1394 1965 1465">
     <span class='ocr_line' id='line_1_14' title="bbox 458 1394 1965 1465; baseline -0.004 -13"><span class='ocrx_word' id='word_1_94' title='bbox 458 1398 768 1453; x_wconf 87' lang='lat' dir='ltr'><strong>Communis</strong></span> <span class='ocrx_word' id='word_1_95' title='bbox 807 1412 982 1453; x_wconf 89' lang='lat' dir='ltr'><strong>annus</strong></span> <span class='ocrx_word' id='word_1_96' title='bbox 1017 1397 1251 1462; x_wconf 91' lang='lat' dir='ltr'><strong>dicitur,</strong></span> <span class='ocrx_word' id='word_1_97' title='bbox 1291 1396 1383 1465; x_wconf 87' lang='lat' dir='ltr'><strong>qui</strong></span> <span class='ocrx_word' id='word_1_98' title='bbox 1421 1394 1700 1451; x_wconf 87' lang='lat' dir='ltr'><strong>duodecim</strong></span> <span class='ocrx_word' id='word_1_99' title='bbox 1755 1399 1965 1447; x_wconf 89' lang='lat' dir='ltr'><strong>tantum</strong></span> 
     </span>
    </p>
   </div>
   <div class='ocr_carea' id='block_1_15' title="bbox 386 1487 1967 1559">
    <p class='ocr_par' dir='ltr' id='par_1_15' title="bbox 386 1487 1967 1559">
     <span class='ocr_line' id='line_1_15' title="bbox 386 1487 1967 1559; baseline -0.001 -18"><span class='ocrx_word' id='word_1_100' title='bbox 386 1487 563 1555; x_wconf 89' lang='lat' dir='ltr'><strong>lunas,</strong></span> <span class='ocrx_word' id='word_1_101' title='bbox 589 1489 692 1544; x_wconf 92' lang='lat' dir='ltr'><strong>hoc</strong></span> <span class='ocrx_word' id='word_1_102' title='bbox 716 1497 817 1555; x_wconf 89' lang='lat' dir='ltr'><strong>est,</strong></span> <span class='ocrx_word' id='word_1_103' title='bbox 863 1490 976 1545; x_wconf 91' lang='lat' dir='ltr'><strong>dies</strong></span> <span class='ocrx_word' id='word_1_104' title='bbox 1005 1496 1277 1544; x_wconf 89' lang='lat' dir='ltr'><strong>trecentos</strong></span> <span class='ocrx_word' id='word_1_105' title='bbox 1302 1487 1688 1559; x_wconf 75' lang='lat' dir='ltr'><strong>quinquaginta</strong></span> <span class='ocrx_word' id='word_1_106' title='bbox 1733 1492 1967 1555; x_wconf 90' lang='lat' dir='ltr'><strong>quatuor</strong></span> 
     </span>
    </p>
   </div>
   <div class='ocr_carea' id='block_1_16' title="bbox 386 1573 1963 1646">
    <p class='ocr_par' dir='ltr' id='par_1_16' title="bbox 386 1573 1963 1646">
     <span class='ocr_line' id='line_1_16' title="bbox 386 1573 1963 1646; baseline -0.004 -14"><span class='ocrx_word' id='word_1_107' title='bbox 386 1578 566 1633; x_wconf 89' lang='lat' dir='ltr'><strong>habet.</strong></span> <span class='ocrx_word' id='word_1_108' title='bbox 598 1579 784 1634; x_wconf 90' lang='lat' dir='ltr'><strong>Dictus</strong></span> <span class='ocrx_word' id='word_1_109' title='bbox 821 1586 1003 1634; x_wconf 88' lang='lat' dir='ltr'><strong>autem</strong></span> <span class='ocrx_word' id='word_1_110' title='bbox 1033 1577 1367 1643; x_wconf 90' lang='lat' dir='ltr'><strong>communis,</strong></span> <span class='ocrx_word' id='word_1_111' title='bbox 1403 1577 1528 1646; x_wconf 87' lang='lat' dir='ltr'><strong>quia</strong></span> <span class='ocrx_word' id='word_1_112' title='bbox 1565 1587 1706 1646; x_wconf 69' lang='lat' dir='ltr'><strong>saepe</strong></span> <span class='ocrx_word' id='word_1_113' title='bbox 1746 1574 1852 1629; x_wconf 93' lang='lat' dir='ltr'><strong>duo</strong></span> <span class='ocrx_word' id='word_1_114' title='bbox 1889 1573 1963 1627; x_wconf 90' lang='lat' dir='ltr'><strong>ita</strong></span> 
     </span>
    </p>
   </div>
   <div class='ocr_carea' id='block_1_17' title="bbox 383 1663 1967 1736">
    <p class='ocr_par' dir='ltr' id='par_1_17' title="bbox 383 1663 1967 1736">
     <span class='ocr_line' id='line_1_17' title="bbox 383 1663 1967 1736; baseline -0.003 -13"><span class='ocrx_word' id='word_1_115' title='bbox 383 1665 656 1736; x_wconf 88' lang='lat' dir='ltr'><strong>conjuncti</strong></span> <span class='ocrx_word' id='word_1_116' title='bbox 682 1668 956 1732; x_wconf 85' lang='lat' dir='ltr'><strong>incedunt,</strong></span> <span class='ocrx_word' id='word_1_117' title='bbox 994 1674 1054 1722; x_wconf 92' lang='lat' dir='ltr'><strong>ut</strong></span> <span class='ocrx_word' id='word_1_118' title='bbox 1083 1667 1313 1724; x_wconf 80' lang='lat' dir='ltr'><strong>invicem</strong></span> <span class='ocrx_word' id='word_1_119' title='bbox 1342 1681 1400 1722; x_wconf 90' lang='lat' dir='ltr'><strong>se</strong></span> <span class='ocrx_word' id='word_1_120' title='bbox 1423 1666 1476 1720; x_wconf 93' lang='lat' dir='ltr'><strong>in</strong></span> <span class='ocrx_word' id='word_1_121' title='bbox 1506 1663 1744 1736; x_wconf 87' lang='lat' dir='ltr'><strong>paschali</strong></span> <span class='ocrx_word' id='word_1_122' title='bbox 1773 1663 1967 1720; x_wconf 90' lang='lat' dir='ltr'><strong>solem-</strong></span> 
     </span>
    </p>
   </div>
   <div class='ocr_carea' id='block_1_18' title="bbox 2075 557 3656 627">
    <p class='ocr_par' dir='ltr' id='par_1_18' title="bbox 2075 557 3656 627">
     <span class='ocr_line' id='line_1_18' title="bbox 2075 557 3656 627; baseline -0.001 -14"><span class='ocrx_word' id='word_1_123' title='bbox 2075 558 2168 613; x_wconf 89' lang='lat' dir='ltr'><strong>des</strong></span> <span class='ocrx_word' id='word_1_124' title='bbox 2208 572 2370 627; x_wconf 86' lang='lat' dir='ltr'><strong>super</strong></span> <span class='ocrx_word' id='word_1_125' title='bbox 2407 557 2599 626; x_wconf 79' lang='lat' dir='ltr'><strong>viginti</strong></span> <span class='ocrx_word' id='word_1_126' title='bbox 2635 571 2828 612; x_wconf 90' lang='lat' dir='ltr'><strong>novem</strong></span> <span class='ocrx_word' id='word_1_127' title='bbox 2861 558 3108 614; x_wconf 88' lang='lat' dir='ltr'><strong>undecim</strong></span> <span class='ocrx_word' id='word_1_128' title='bbox 3135 567 3195 612; x_wconf 91' lang='lat' dir='ltr'><strong>ut</strong></span> <span class='ocrx_word' id='word_1_129' title='bbox 3223 557 3411 613; x_wconf 89' lang='lat' dir='ltr'><strong>decem</strong></span> <span class='ocrx_word' id='word_1_130' title='bbox 3443 572 3656 612; x_wconf 87' lang='lat' dir='ltr'><strong>annun-</strong></span> 
     </span>
    </p>
   </div>
   <div class='ocr_carea' id='block_1_19' title="bbox 2073 648 3656 719">
    <p class='ocr_par' dir='ltr' id='par_1_19' title="bbox 2073 648 3656 719">
     <span class='ocr_line' id='line_1_19' title="bbox 2073 648 3656 719; baseline 0.002 -15"><span class='ocrx_word' id='word_1_131' title='bbox 2073 651 2194 717; x_wconf 88' lang='lat' dir='ltr'><strong>ties,</strong></span> <span class='ocrx_word' id='word_1_132' title='bbox 2223 650 2316 705; x_wconf 89' lang='lat' dir='ltr'><strong>sed</strong></span> <span class='ocrx_word' id='word_1_133' title='bbox 2337 649 2590 705; x_wconf 90' lang='lat' dir='ltr'><strong>detractis</strong></span> <span class='ocrx_word' id='word_1_134' title='bbox 2609 650 2828 719; x_wconf 87' lang='lat' dir='ltr'><strong>triginta</strong></span> <span class='ocrx_word' id='word_1_135' title='bbox 2854 649 2977 706; x_wconf 88' lang='lat' dir='ltr'><strong>inde</strong></span> <span class='ocrx_word' id='word_1_136' title='bbox 3000 651 3311 718; x_wconf 84' lang='lat' dir='ltr'><strong>revertaris,</strong></span> <span class='ocrx_word' id='word_1_137' title='bbox 3335 648 3656 708; x_wconf 80' lang='lat' dir='ltr'><strong>utundechn</strong></span> 
     </span>
    </p>
   </div>
   <div class='ocr_carea' id='block_1_20' title="bbox 2071 741 2407 811">
    <p class='ocr_par' dir='ltr' id='par_1_20' title="bbox 2071 741 2407 811">
     <span class='ocr_line' id='line_1_20' title="bbox 2071 741 2407 811; baseline -0.009 -14"><span class='ocrx_word' id='word_1_138' title='bbox 2071 741 2407 811; x_wconf 89' lang='lat' dir='ltr'><strong>pronunties.</strong></span> 
     </span>
    </p>
   </div>
   <div class='ocr_carea' id='block_1_21' title="bbox 2673 831 3032 890">
    <p class='ocr_par' dir='ltr' id='par_1_21' title="bbox 2673 831 3032 890">
     <span class='ocr_line' id='line_1_21' title="bbox 2673 831 3032 890; baseline -0.008 0"><span class='ocrx_word' id='word_1_139' title='bbox 2673 831 2900 890; x_wconf 83' lang='lat' dir='ltr'><strong>CAPUT</strong></span> <span class='ocrx_word' id='word_1_140' title='bbox 2937 831 3032 888; x_wconf 82' lang='lat' dir='ltr'><strong>IX.</strong></span> 
     </span>
    </p>
   </div>
   <div class='ocr_carea' id='block_1_22' title="bbox 2071 942 3655 1018">
    <p class='ocr_par' dir='ltr' id='par_1_22' title="bbox 2071 942 3655 1018">
     <span class='ocr_line' id='line_1_22' title="bbox 2071 942 3655 1018; baseline 0.001 -18"><span class='ocrx_word' id='word_1_141' title='bbox 2071 943 2150 1000; x_wconf 83' lang='lat' dir='ltr'><strong>De</strong></span> <span class='ocrx_word' id='word_1_142' title='bbox 2192 945 2370 1018; x_wconf 70' lang='lat' dir='ltr'><strong>ofﬁciis</strong></span> <span class='ocrx_word' id='word_1_143' title='bbox 2410 942 2707 1008; x_wconf 85' lang='lat' dir='ltr'><strong>canonicis,</strong></span> <span class='ocrx_word' id='word_1_144' title='bbox 2745 953 2794 999; x_wconf 90' lang='lat' dir='ltr'><strong>et</strong></span> <span class='ocrx_word' id='word_1_145' title='bbox 2833 945 2898 998; x_wconf 81' lang='lat' dir='ltr'><strong>de</strong></span> <span class='ocrx_word' id='word_1_146' title='bbox 2934 944 3016 999; x_wconf 83' lang='lat' dir='ltr'><strong>his</strong></span> <span class='ocrx_word' id='word_1_147' title='bbox 3055 959 3172 1014; x_wconf 68' lang='lat' dir='ltr'><strong>qua</strong></span> <span class='ocrx_word' id='word_1_148' title='bbox 3201 944 3258 998; x_wconf 91' lang='lat' dir='ltr'><strong>in</strong></span> <span class='ocrx_word' id='word_1_149' title='bbox 3301 943 3542 1000; x_wconf 84' lang='lat' dir='ltr'><strong>Ecclesia</strong></span> <span class='ocrx_word' id='word_1_150' title='bbox 3579 945 3655 1001; x_wconf 83' lang='lat' dir='ltr'><strong>lc-</strong></span> 
     </span>
    </p>
   </div>
   <div class='ocr_carea' id='block_1_23' title="bbox 2504 1022 3189 1085">
    <p class='ocr_par' dir='ltr' id='par_1_23' title="bbox 2504 1022 3189 1085">
     <span class='ocr_line' id='line_1_23' title="bbox 2504 1022 3189 1085; baseline 0 -17"><span class='ocrx_word' id='word_1_151' title='bbox 2504 1022 2700 1085; x_wconf 75' lang='lat' dir='ltr'><strong>gantur</strong></span> <span class='ocrx_word' id='word_1_152' title='bbox 2727 1024 2880 1084; x_wconf 84' lang='lat' dir='ltr'><strong>atque</strong></span> <span class='ocrx_word' id='word_1_153' title='bbox 2907 1023 3189 1070; x_wconf 79' lang='lat' dir='ltr'><strong>canuntur.</strong></span> 
     </span>
    </p>
   </div>
   <div class='ocr_carea' id='block_1_24' title="bbox 2140 1126 3658 1197">
    <p class='ocr_par' dir='ltr' id='par_1_24' title="bbox 2140 1126 3658 1197">
     <span class='ocr_line' id='line_1_24' title="bbox 2140 1126 3658 1197; baseline -0.001 -13"><span class='ocrx_word' id='word_1_154' title='bbox 2140 1126 2446 1184; x_wconf 77' lang='lat' dir='ltr'><strong>Olﬁciorum</strong></span> <span class='ocrx_word' id='word_1_155' title='bbox 2471 1126 2703 1196; x_wconf 86' lang='lat' dir='ltr'><strong>plurima</strong></span> <span class='ocrx_word' id='word_1_156' title='bbox 2731 1141 2929 1196; x_wconf 82' lang='lat' dir='ltr'><strong>genera</strong></span> <span class='ocrx_word' id='word_1_157' title='bbox 2962 1141 3082 1184; x_wconf 89' lang='lat' dir='ltr'><strong>esse</strong></span> <span class='ocrx_word' id='word_1_158' title='bbox 3108 1133 3321 1183; x_wconf 84' lang='lat' dir='ltr'><strong>constat</strong></span> <span class='ocrx_word' id='word_1_159' title='bbox 3350 1146 3365 1182; x_wconf 90' lang='lat'><strong>:</strong></span> <span class='ocrx_word' id='word_1_160' title='bbox 3397 1128 3489 1183; x_wconf 88' lang='lat' dir='ltr'><strong>sed</strong></span> <span class='ocrx_word' id='word_1_161' title='bbox 3516 1141 3658 1197; x_wconf 58' lang='lat' dir='ltr'><strong>pras-</strong></span> 
     </span>
    </p>
   </div>
   <div class='ocr_carea' id='block_1_25' title="bbox 2070 1216 3658 1288">
    <p class='ocr_par' dir='ltr' id='par_1_25' title="bbox 2070 1216 3658 1288">
     <span class='ocr_line' id='line_1_25' title="bbox 2070 1216 3658 1288; baseline -0.001 -15"><span class='ocrx_word' id='word_1_162' title='bbox 2070 1218 2270 1288; x_wconf 91' lang='lat' dir='ltr'><strong>cipium</strong></span> <span class='ocrx_word' id='word_1_163' title='bbox 2311 1216 2461 1284; x_wconf 91' lang='lat' dir='ltr'><strong>illud,</strong></span> <span class='ocrx_word' id='word_1_164' title='bbox 2503 1217 2649 1286; x_wconf 92' lang='lat' dir='ltr'><strong>quod</strong></span> <span class='ocrx_word' id='word_1_165' title='bbox 2682 1217 2736 1271; x_wconf 91' lang='lat' dir='ltr'><strong>in</strong></span> <span class='ocrx_word' id='word_1_166' title='bbox 2765 1218 2934 1272; x_wconf 89' lang='lat' dir='ltr'><strong>sacris</strong></span> <span class='ocrx_word' id='word_1_167' title='bbox 2962 1218 3267 1288; x_wconf 82' lang='lat' dir='ltr'><strong>divinisque</strong></span> <span class='ocrx_word' id='word_1_168' title='bbox 3293 1218 3455 1274; x_wconf 91' lang='lat' dir='ltr'><strong>rebus</strong></span> <span class='ocrx_word' id='word_1_169' title='bbox 3486 1217 3658 1272; x_wconf 86' lang='lat' dir='ltr'><strong>habe-</strong></span> 
     </span>
    </p>
   </div>
   <div class='ocr_carea' id='block_1_26' title="bbox 2071 1310 3657 1381">
    <p class='ocr_par' dir='ltr' id='par_1_26' title="bbox 2071 1310 3657 1381">
     <span class='ocr_line' id='line_1_26' title="bbox 2071 1310 3657 1381; baseline -0.001 -15"><span class='ocrx_word' id='word_1_170' title='bbox 2071 1319 2176 1368; x_wconf 91' lang='lat' dir='ltr'><strong>tur.</strong></span> <span class='ocrx_word' id='word_1_171' title='bbox 2194 1311 2436 1369; x_wconf 73' lang='lat' dir='ltr'><strong>Ofﬁcium</strong></span> <span class='ocrx_word' id='word_1_172' title='bbox 2459 1311 2527 1366; x_wconf 91' lang='lat' dir='ltr'><strong>ab</strong></span> <span class='ocrx_word' id='word_1_173' title='bbox 2539 1310 2819 1366; x_wconf 79' lang='lat' dir='ltr'><strong>efﬁciendo</strong></span> <span class='ocrx_word' id='word_1_174' title='bbox 2840 1310 3063 1377; x_wconf 91' lang='lat' dir='ltr'><strong>dictum,</strong></span> <span class='ocrx_word' id='word_1_175' title='bbox 3078 1311 3232 1381; x_wconf 90' lang='lat' dir='ltr'><strong>quasi</strong></span> <span class='ocrx_word' id='word_1_176' title='bbox 3249 1310 3476 1366; x_wconf 82' lang='lat' dir='ltr'><strong>cilicium</strong></span> <span class='ocrx_word' id='word_1_177' title='bbox 3495 1328 3510 1378; x_wconf 92' lang='lat'><strong>;</strong></span> <span class='ocrx_word' id='word_1_178' title='bbox 3532 1325 3657 1381; x_wconf 83' lang='lat' dir='ltr'><strong>pro-</strong></span> 
     </span>
    </p>
   </div>
   <div class='ocr_carea' id='block_1_27' title="bbox 2067 1401 3658 1472">
    <p class='ocr_par' dir='ltr' id='par_1_27' title="bbox 2067 1401 3658 1472">
     <span class='ocr_line' id='line_1_27' title="bbox 2067 1401 3658 1472; baseline -0.001 -15"><span class='ocrx_word' id='word_1_179' title='bbox 2067 1411 2188 1472; x_wconf 89' lang='lat' dir='ltr'><strong>pter</strong></span> <span class='ocrx_word' id='word_1_180' title='bbox 2213 1403 2463 1458; x_wconf 88' lang='lat' dir='ltr'><strong>decorem</strong></span> <span class='ocrx_word' id='word_1_181' title='bbox 2490 1401 2776 1465; x_wconf 87' lang='lat' dir='ltr'><strong>sermonis,</strong></span> <span class='ocrx_word' id='word_1_182' title='bbox 2803 1416 2908 1455; x_wconf 89' lang='lat' dir='ltr'><strong>una</strong></span> <span class='ocrx_word' id='word_1_183' title='bbox 2934 1409 3141 1456; x_wconf 89' lang='lat' dir='ltr'><strong>mutata</strong></span> <span class='ocrx_word' id='word_1_184' title='bbox 3163 1401 3366 1466; x_wconf 89' lang='lat' dir='ltr'><strong>littera,</strong></span> <span class='ocrx_word' id='word_1_185' title='bbox 3385 1401 3469 1454; x_wconf 88' lang='lat' dir='ltr'><strong>vel</strong></span> <span class='ocrx_word' id='word_1_186' title='bbox 3499 1409 3658 1456; x_wconf 87' lang='lat' dir='ltr'><strong>certe</strong></span> 
     </span>
    </p>
   </div>
   <div class='ocr_carea' id='block_1_28' title="bbox 2067 1487 3658 1563">
    <p class='ocr_par' dir='ltr' id='par_1_28' title="bbox 2067 1487 3658 1563">
     <span class='ocr_line' id='line_1_28' title="bbox 2067 1487 3658 1563; baseline -0.002 -18"><span class='ocrx_word' id='word_1_187' title='bbox 2067 1501 2127 1546; x_wconf 90' lang='lat' dir='ltr'><strong>ut</strong></span> <span class='ocrx_word' id='word_1_188' title='bbox 2147 1494 2374 1563; x_wconf 88' lang='lat' dir='ltr'><strong>quisque</strong></span> <span class='ocrx_word' id='word_1_189' title='bbox 2411 1492 2498 1546; x_wconf 92' lang='lat' dir='ltr'><strong>illa</strong></span> <span class='ocrx_word' id='word_1_190' title='bbox 2530 1499 2685 1562; x_wconf 89' lang='lat' dir='ltr'><strong>agat,</strong></span> <span class='ocrx_word' id='word_1_191' title='bbox 2719 1505 2839 1560; x_wconf 84' lang='lat' dir='ltr'><strong>quae</strong></span> <span class='ocrx_word' id='word_1_192' title='bbox 2863 1490 2994 1545; x_wconf 91' lang='lat' dir='ltr'><strong>nulli</strong></span> <span class='ocrx_word' id='word_1_193' title='bbox 3019 1487 3285 1554; x_wconf 75' lang='lat' dir='ltr'><strong>ofﬁciant,</strong></span> <span class='ocrx_word' id='word_1_194' title='bbox 3327 1489 3421 1545; x_wconf 90' lang='lat' dir='ltr'><strong>sed</strong></span> <span class='ocrx_word' id='word_1_195' title='bbox 3441 1489 3658 1558; x_wconf 81' lang='lat' dir='ltr'><strong>prosint</strong></span> 
     </span>
    </p>
   </div>
   <div class='ocr_carea' id='block_1_29' title="bbox 2065 1579 3655 1653">
    <p class='ocr_par' dir='ltr' id='par_1_29' title="bbox 2065 1579 3655 1653">
     <span class='ocr_line' id='line_1_29' title="bbox 2065 1579 3655 1653; baseline -0.003 -15"><span class='ocrx_word' id='word_1_196' title='bbox 2065 1585 2333 1638; x_wconf 89' lang='lat' dir='ltr'><strong>omnibus.</strong></span> <span class='ocrx_word' id='word_1_197' title='bbox 2350 1583 2729 1653; x_wconf 58' lang='lat' dir='ltr'><strong>VespertinuJ.</strong></span> <span class='ocrx_word' id='word_1_198' title='bbox 2743 1579 2976 1636; x_wconf 81' lang='lat' dir='ltr'><strong>oliicium</strong></span> <span class='ocrx_word' id='word_1_199' title='bbox 2997 1588 3081 1636; x_wconf 91' lang='lat' dir='ltr'><strong>est</strong></span> <span class='ocrx_word' id='word_1_200' title='bbox 3095 1581 3148 1635; x_wconf 91' lang='lat' dir='ltr'><strong>in</strong></span> <span class='ocrx_word' id='word_1_201' title='bbox 3171 1579 3324 1634; x_wconf 91' lang='lat' dir='ltr'><strong>initio</strong></span> <span class='ocrx_word' id='word_1_202' title='bbox 3341 1580 3542 1645; x_wconf 89' lang='lat' dir='ltr'><strong>noctis,</strong></span> <span class='ocrx_word' id='word_1_203' title='bbox 3557 1593 3655 1634; x_wconf 82' lang='lat' dir='ltr'><strong>vo-</strong></span> 
     </span>
    </p>
   </div>
   <div class='ocr_carea' id='block_1_30' title="bbox 2066 1667 3655 1742">
    <p class='ocr_par' dir='ltr' id='par_1_30' title="bbox 2066 1667 3655 1742">
     <span class='ocr_line' id='line_1_30' title="bbox 2066 1667 3655 1742; baseline -0.003 -14"><span class='ocrx_word' id='word_1_204' title='bbox 2066 1681 2246 1728; x_wconf 90' lang='lat' dir='ltr'><strong>catum</strong></span> <span class='ocrx_word' id='word_1_205' title='bbox 2270 1674 2337 1728; x_wconf 89' lang='lat' dir='ltr'><strong>ab</strong></span> <span class='ocrx_word' id='word_1_206' title='bbox 2355 1673 2508 1728; x_wconf 89' lang='lat' dir='ltr'><strong>stella</strong></span> <span class='ocrx_word' id='word_1_207' title='bbox 2528 1671 2787 1742; x_wconf 83' lang='lat' dir='ltr'><strong>Vespere,</strong></span> <span class='ocrx_word' id='word_1_208' title='bbox 2802 1687 2921 1741; x_wconf 65' lang='lat' dir='ltr'><strong>qum</strong></span> <span class='ocrx_word' id='word_1_209' title='bbox 2942 1671 3114 1742; x_wconf 87' lang='lat' dir='ltr'><strong>surgit</strong></span> <span class='ocrx_word' id='word_1_210' title='bbox 3133 1670 3345 1725; x_wconf 86' lang='lat' dir='ltr'><strong>oriente</strong></span> <span class='ocrx_word' id='word_1_211' title='bbox 3368 1676 3549 1724; x_wconf 90' lang='lat' dir='ltr'><strong>nocte.</strong></span> <span class='ocrx_word' id='word_1_212' title='bbox 3573 1667 3655 1724; x_wconf 83' lang='lat' dir='ltr'><strong>De</strong></span> 
     </span>
    </p>
   </div>
   <div class='ocr_carea' id='block_1_31' title="bbox 383 1755 1960 1833">
    <p class='ocr_par' dir='ltr' id='par_1_31' title="bbox 383 1755 1960 1828">
     <span class='ocr_line' id='line_1_31' title="bbox 383 1755 1960 1828; baseline -0.003 -17"><span class='ocrx_word' id='word_1_213' title='bbox 383 1759 552 1812; x_wconf 86' lang='lat' dir='ltr'><strong>nitate</strong></span> <span class='ocrx_word' id='word_1_214' title='bbox 579 1766 894 1828; x_wconf 87' lang='lat' dir='ltr'><strong>sequantur.</strong></span> <span class='ocrx_word' id='word_1_215' title='bbox 927 1757 1064 1814; x_wconf 89' lang='lat' dir='ltr'><strong>Nam</strong></span> <span class='ocrx_word' id='word_1_216' title='bbox 1103 1755 1487 1814; x_wconf 88' lang='lat' dir='ltr'><strong>embolismalis</strong></span> <span class='ocrx_word' id='word_1_217' title='bbox 1533 1769 1708 1810; x_wconf 88' lang='lat' dir='ltr'><strong>annus</strong></span> <span class='ocrx_word' id='word_1_218' title='bbox 1749 1767 1960 1822; x_wconf 87' lang='lat' dir='ltr'><strong>semper</strong></span> 
     </span>
    </p>
   </div>
   <div class='ocr_carea' id='block_1_32' title="bbox 2064 1755 3654 1833">
    <p class='ocr_par' dir='ltr' id='par_1_32' title="bbox 2066 1759 3654 1833">
     <span class='ocr_line' id='line_1_32' title="bbox 2066 1759 3654 1833; baseline 0 -17"><span class='ocrx_word' id='word_1_219' title='bbox 2066 1777 2174 1833; x_wconf 86' lang='lat' dir='ltr'><strong>quo</strong></span> <span class='ocrx_word' id='word_1_220' title='bbox 2205 1762 2379 1818; x_wconf 77' lang='lat' dir='ltr'><strong>oﬂicio</strong></span> <span class='ocrx_word' id='word_1_221' title='bbox 2398 1763 2684 1818; x_wconf 87' lang='lat' dir='ltr'><strong>Psalmista</strong></span> <span class='ocrx_word' id='word_1_222' title='bbox 2720 1771 3108 1818; x_wconf 88' lang='lat' dir='ltr'><strong>commemorat</strong></span> <span class='ocrx_word' id='word_1_223' title='bbox 3145 1762 3332 1817; x_wconf 90' lang='lat' dir='ltr'><strong>dicens</strong></span> <span class='ocrx_word' id='word_1_224' title='bbox 3361 1778 3375 1815; x_wconf 91' lang='lat'><strong>:</strong></span> <span class='ocrx_word' id='word_1_225' title='bbox 3409 1759 3654 1816; x_wconf 78' lang='lat' dir='ltr'><strong>Elevatio</strong></span> 
     </span>
    </p>
   </div>
   <div class='ocr_carea' id='block_1_33' title="bbox 382 1850 653 1906">
    <p class='ocr_par' dir='ltr' id='par_1_33' title="bbox 382 1850 653 1906">
     <span class='ocr_line' id='line_1_33' title="bbox 382 1850 653 1906; baseline 0 -2"><span class='ocrx_word' id='word_1_226' title='bbox 382 1850 528 1906; x_wconf 90' lang='lat' dir='ltr'><strong>solus</strong></span> <span class='ocrx_word' id='word_1_227' title='bbox 553 1859 653 1905; x_wconf 89' lang='lat' dir='ltr'><strong>est.</strong></span> 
     </span>
    </p>
   </div>
   <div class='ocr_carea' id='block_1_34' title="bbox 451 1933 1961 2009">
    <p class='ocr_par' dir='ltr' id='par_1_34' title="bbox 451 1933 1961 2009">
     <span class='ocr_line' id='line_1_34' title="bbox 451 1933 1961 2009; baseline -0.003 -15"><span class='ocrx_word' id='word_1_228' title='bbox 451 1940 814 1996; x_wconf 88' lang='lat' dir='ltr'><strong>Embolismus</strong></span> <span class='ocrx_word' id='word_1_229' title='bbox 855 1955 1028 1996; x_wconf 87' lang='lat' dir='ltr'><strong>anuus</strong></span> <span class='ocrx_word' id='word_1_230' title='bbox 1067 1947 1188 2006; x_wconf 90' lang='lat' dir='ltr'><strong>est,</strong></span> <span class='ocrx_word' id='word_1_231' title='bbox 1219 1939 1313 2009; x_wconf 85' lang='lat' dir='ltr'><strong>qui</strong></span> <span class='ocrx_word' id='word_1_232' title='bbox 1341 1937 1599 1994; x_wconf 90' lang='lat' dir='ltr'><strong>tredecim</strong></span> <span class='ocrx_word' id='word_1_233' title='bbox 1633 1949 1851 1993; x_wconf 88' lang='lat' dir='ltr'><strong>menses</strong></span> <span class='ocrx_word' id='word_1_234' title='bbox 1878 1933 1961 1990; x_wconf 91' lang='lat' dir='ltr'><strong>lu-</strong></span> 
     </span>
    </p>
   </div>
   <div class='ocr_carea' id='block_1_35' title="bbox 381 2030 1956 2100">
    <p class='ocr_par' dir='ltr' id='par_1_35' title="bbox 381 2030 1956 2100">
     <span class='ocr_line' id='line_1_35' title="bbox 381 2030 1956 2100; baseline -0.004 -14"><span class='ocrx_word' id='word_1_235' title='bbox 381 2046 568 2097; x_wconf 89' lang='lat' dir='ltr'><strong>nares,</strong></span> <span class='ocrx_word' id='word_1_236' title='bbox 603 2033 656 2087; x_wconf 94' lang='lat' dir='ltr'><strong>id</strong></span> <span class='ocrx_word' id='word_1_237' title='bbox 697 2042 811 2100; x_wconf 89' lang='lat' dir='ltr'><strong>est,</strong></span> <span class='ocrx_word' id='word_1_238' title='bbox 851 2047 1149 2089; x_wconf 64' lang='lat' dir='ltr'><strong>cccnxxxrv</strong></span> <span class='ocrx_word' id='word_1_239' title='bbox 1196 2031 1313 2086; x_wconf 88' lang='lat' dir='ltr'><strong>dies</strong></span> <span class='ocrx_word' id='word_1_240' title='bbox 1351 2030 1552 2086; x_wconf 90' lang='lat' dir='ltr'><strong>habere</strong></span> <span class='ocrx_word' id='word_1_241' title='bbox 1603 2033 1956 2083; x_wconf 88' lang='lat' dir='ltr'><strong>monstratur.</strong></span> 
     </span>
    </p>
   </div>
   <div class='ocr_carea' id='block_1_36' title="bbox 379 2117 1960 2194">
    <p class='ocr_par' dir='ltr' id='par_1_36' title="bbox 379 2117 1960 2194">
     <span class='ocr_line' id='line_1_36' title="bbox 379 2117 1960 2194; baseline -0.004 -15"><span class='ocrx_word' id='word_1_242' title='bbox 379 2124 498 2194; x_wconf 85' lang='lat' dir='ltr'><strong>ipse</strong></span> <span class='ocrx_word' id='word_1_243' title='bbox 531 2133 614 2181; x_wconf 88' lang='lat' dir='ltr'><strong>est</strong></span> <span class='ocrx_word' id='word_1_244' title='bbox 643 2139 816 2179; x_wconf 89' lang='lat' dir='ltr'><strong>annus</strong></span> <span class='ocrx_word' id='word_1_245' title='bbox 865 2135 1052 2179; x_wconf 89' lang='lat' dir='ltr'><strong>sancto</strong></span> <span class='ocrx_word' id='word_1_246' title='bbox 1086 2123 1255 2193; x_wconf 83' lang='lat' dir='ltr'><strong>Moysi</strong></span> <span class='ocrx_word' id='word_1_247' title='bbox 1287 2121 1540 2177; x_wconf 90' lang='lat' dir='ltr'><strong>divinitus</strong></span> <span class='ocrx_word' id='word_1_248' title='bbox 1578 2118 1870 2183; x_wconf 90' lang='lat' dir='ltr'><strong>revelatus,</strong></span> <span class='ocrx_word' id='word_1_249' title='bbox 1905 2117 1960 2172; x_wconf 92' lang='lat' dir='ltr'><strong>in</strong></span> 
     </span>
    </p>
   </div>
   <div class='ocr_carea' id='block_1_37' title="bbox 379 2209 1961 2283">
    <p class='ocr_par' dir='ltr' id='par_1_37' title="bbox 379 2209 1961 2283">
     <span class='ocr_line' id='line_1_37' title="bbox 379 2209 1961 2283; baseline -0.002 -17"><span class='ocrx_word' id='word_1_250' title='bbox 379 2229 487 2283; x_wconf 90' lang='lat' dir='ltr'><strong>quo</strong></span> <span class='ocrx_word' id='word_1_251' title='bbox 502 2212 762 2282; x_wconf 88' lang='lat' dir='ltr'><strong>iubentur</strong></span> <span class='ocrx_word' id='word_1_252' title='bbox 788 2214 874 2276; x_wconf 88' lang='lat' dir='ltr'><strong>hi,</strong></span> <span class='ocrx_word' id='word_1_253' title='bbox 906 2214 999 2282; x_wconf 90' lang='lat' dir='ltr'><strong>qui</strong></span> <span class='ocrx_word' id='word_1_254' title='bbox 1029 2213 1239 2281; x_wconf 77' lang='lat' dir='ltr'><strong>longius</strong></span> <span class='ocrx_word' id='word_1_255' title='bbox 1268 2211 1612 2273; x_wconf 88' lang='lat' dir='ltr'><strong>habitabant,</strong></span> <span class='ocrx_word' id='word_1_256' title='bbox 1641 2211 1695 2263; x_wconf 92' lang='lat' dir='ltr'><strong>in</strong></span> <span class='ocrx_word' id='word_1_257' title='bbox 1724 2209 1961 2263; x_wconf 86' lang='lat' dir='ltr'><strong>secundo</strong></span> 
     </span>
    </p>
   </div>
   <div class='ocr_carea' id='block_1_38' title="bbox 379 2298 1960 2372">
    <p class='ocr_par' dir='ltr' id='par_1_38' title="bbox 379 2298 1960 2372">
     <span class='ocr_line' id='line_1_38' title="bbox 379 2298 1960 2372; baseline -0.005 -15"><span class='ocrx_word' id='word_1_258' title='bbox 379 2317 565 2358; x_wconf 90' lang='lat' dir='ltr'><strong>mense</strong></span> <span class='ocrx_word' id='word_1_259' title='bbox 591 2303 792 2372; x_wconf 87' lang='lat' dir='ltr'><strong>pascha</strong></span> <span class='ocrx_word' id='word_1_260' title='bbox 825 2300 1123 2357; x_wconf 88' lang='lat' dir='ltr'><strong>celebrare.</strong></span> <span class='ocrx_word' id='word_1_261' title='bbox 1161 2298 1520 2355; x_wconf 85' lang='lat' dir='ltr'><strong>Embolismus</strong></span> <span class='ocrx_word' id='word_1_262' title='bbox 1548 2304 1728 2352; x_wconf 89' lang='lat' dir='ltr'><strong>autem</strong></span> <span class='ocrx_word' id='word_1_263' title='bbox 1760 2310 1960 2351; x_wconf 92' lang='lat' dir='ltr'><strong>nomen</strong></span> 
     </span>
    </p>
   </div>
   <div class='ocr_carea' id='block_1_39' title="bbox 376 2389 1963 2464">
    <p class='ocr_par' dir='ltr' id='par_1_39' title="bbox 376 2389 1963 2464">
     <span class='ocr_line' id='line_1_39' title="bbox 376 2389 1963 2464; baseline -0.006 -16"><span class='ocrx_word' id='word_1_264' title='bbox 376 2407 611 2464; x_wconf 74' lang='lat' dir='ltr'><strong>grzncum</strong></span> <span class='ocrx_word' id='word_1_265' title='bbox 629 2401 714 2448; x_wconf 90' lang='lat' dir='ltr'><strong>est</strong></span> <span class='ocrx_word' id='word_1_266' title='bbox 733 2392 877 2461; x_wconf 91' lang='lat' dir='ltr'><strong>quod</strong></span> <span class='ocrx_word' id='word_1_267' title='bbox 903 2392 1292 2462; x_wconf 87' lang='lat' dir='ltr'><strong>interpretatur</strong></span> <span class='ocrx_word' id='word_1_268' title='bbox 1334 2389 1518 2453; x_wconf 89' lang='lat' dir='ltr'><strong>latine,</strong></span> <span class='ocrx_word' id='word_1_269' title='bbox 1542 2400 1963 2457; x_wconf 80' lang='lat' dir='ltr'><strong>superaugmen-</strong></span> 
     </span>
    </p>
   </div>
   <div class='ocr_carea' id='block_1_40' title="bbox 377 2481 1962 2552">
    <p class='ocr_par' dir='ltr' id='par_1_40' title="bbox 377 2481 1962 2552">
     <span class='ocr_line' id='line_1_40' title="bbox 377 2481 1962 2552; baseline -0.003 -17"><span class='ocrx_word' id='word_1_270' title='bbox 377 2489 622 2538; x_wconf 79' lang='lat' dir='ltr'><strong>tumzeo</strong></span> <span class='ocrx_word' id='word_1_271' title='bbox 668 2483 808 2552; x_wconf 91' lang='lat' dir='ltr'><strong>quod</strong></span> <span class='ocrx_word' id='word_1_272' title='bbox 837 2481 1056 2552; x_wconf 78' lang='lat' dir='ltr'><strong>expleat</strong></span> <span class='ocrx_word' id='word_1_273' title='bbox 1098 2494 1383 2537; x_wconf 88' lang='lat' dir='ltr'><strong>numerum</strong></span> <span class='ocrx_word' id='word_1_274' title='bbox 1413 2493 1676 2533; x_wconf 92' lang='lat' dir='ltr'><strong>annorum</strong></span> <span class='ocrx_word' id='word_1_275' title='bbox 1723 2491 1962 2533; x_wconf 80' lang='lat' dir='ltr'><strong>commu-</strong></span> 
     </span>
    </p>
   </div>
   <div class='ocr_carea' id='block_1_41' title="bbox 376 2571 1960 2643">
    <p class='ocr_par' dir='ltr' id='par_1_41' title="bbox 376 2571 1960 2643">
     <span class='ocr_line' id='line_1_41' title="bbox 376 2571 1960 2643; baseline -0.003 -15"><span class='ocrx_word' id='word_1_276' title='bbox 376 2573 556 2639; x_wconf 88' lang='lat' dir='ltr'><strong>nium,</strong></span> <span class='ocrx_word' id='word_1_277' title='bbox 580 2573 775 2643; x_wconf 90' lang='lat' dir='ltr'><strong>quibus</strong></span> <span class='ocrx_word' id='word_1_278' title='bbox 807 2573 1057 2628; x_wconf 92' lang='lat' dir='ltr'><strong>undecim</strong></span> <span class='ocrx_word' id='word_1_279' title='bbox 1113 2573 1330 2627; x_wconf 89' lang='lat' dir='ltr'><strong>lunares</strong></span> <span class='ocrx_word' id='word_1_280' title='bbox 1362 2572 1479 2626; x_wconf 90' lang='lat' dir='ltr'><strong>dies</strong></span> <span class='ocrx_word' id='word_1_281' title='bbox 1507 2571 1695 2626; x_wconf 87' lang='lat' dir='ltr'><strong>deesse</strong></span> <span class='ocrx_word' id='word_1_282' title='bbox 1726 2584 1960 2625; x_wconf 89' lang='lat' dir='ltr'><strong>cernun-</strong></span> 
     </span>
    </p>
   </div>
   <div class='ocr_carea' id='block_1_42' title="bbox 373 2659 1960 2720">
    <p class='ocr_par' dir='ltr' id='par_1_42' title="bbox 373 2659 1960 2720">
     <span class='ocr_line' id='line_1_42' title="bbox 373 2659 1960 2720; baseline -0.004 0"><span class='ocrx_word' id='word_1_283' title='bbox 373 2670 485 2720; x_wconf 88' lang='lat' dir='ltr'><strong>tur.</strong></span> <span class='ocrx_word' id='word_1_284' title='bbox 524 2663 836 2720; x_wconf 88' lang='lat' dir='ltr'><strong>Embolismi</strong></span> <span class='ocrx_word' id='word_1_285' title='bbox 881 2670 1061 2718; x_wconf 87' lang='lat' dir='ltr'><strong>autem</strong></span> <span class='ocrx_word' id='word_1_286' title='bbox 1101 2664 1228 2716; x_wconf 86' lang='lat' dir='ltr'><strong>anni</strong></span> <span class='ocrx_word' id='word_1_287' title='bbox 1263 2669 1317 2715; x_wconf 91' lang='lat' dir='ltr'><strong>et</strong></span> <span class='ocrx_word' id='word_1_288' title='bbox 1357 2673 1670 2716; x_wconf 89' lang='lat' dir='ltr'><strong>communes</strong></span> <span class='ocrx_word' id='word_1_289' title='bbox 1701 2659 1782 2713; x_wconf 88' lang='lat' dir='ltr'><strong>sic</strong></span> <span class='ocrx_word' id='word_1_290' title='bbox 1809 2659 1960 2714; x_wconf 90' lang='lat' dir='ltr'><strong>inve-</strong></span> 
     </span>
    </p>
   </div>
   <div class='ocr_carea' id='block_1_43' title="bbox 377 2750 1955 2826">
    <p class='ocr_par' dir='ltr' id='par_1_43' title="bbox 377 2750 1955 2826">
     <span class='ocr_line' id='line_1_43' title="bbox 377 2750 1955 2826; baseline -0.006 -12"><span class='ocrx_word' id='word_1_291' title='bbox 377 2758 617 2814; x_wconf 90' lang='lat' dir='ltr'><strong>niuntur.</strong></span> <span class='ocrx_word' id='word_1_292' title='bbox 650 2757 708 2812; x_wconf 92' lang='lat' dir='ltr'><strong>Si</strong></span> <span class='ocrx_word' id='word_1_293' title='bbox 739 2757 884 2813; x_wconf 91' lang='lat' dir='ltr'><strong>enim</strong></span> <span class='ocrx_word' id='word_1_294' title='bbox 921 2771 952 2811; x_wconf 91' lang='lat' dir='ltr'><strong>a</strong></span> <span class='ocrx_word' id='word_1_295' title='bbox 984 2754 1388 2826; x_wconf 88' lang='lat' dir='ltr'><strong>quartadecima</strong></span> <span class='ocrx_word' id='word_1_296' title='bbox 1416 2752 1542 2806; x_wconf 89' lang='lat' dir='ltr'><strong>luna</strong></span> <span class='ocrx_word' id='word_1_297' title='bbox 1571 2750 1784 2822; x_wconf 76' lang='lat' dir='ltr'><strong>pascha:</strong></span> <span class='ocrx_word' id='word_1_298' title='bbox 1814 2765 1955 2820; x_wconf 66' lang='lat' dir='ltr'><strong>prte-</strong></span> 
     </span>
    </p>
   </div>
   <div class='ocr_carea' id='block_1_44' title="bbox 374 2843 1956 2919">
    <p class='ocr_par' dir='ltr' id='par_1_44' title="bbox 374 2843 1956 2919">
     <span class='ocr_line' id='line_1_44' title="bbox 374 2843 1956 2919; baseline -0.004 -14"><span class='ocrx_word' id='word_1_299' title='bbox 374 2849 618 2905; x_wconf 88' lang='lat' dir='ltr'><strong>eedentis</strong></span> <span class='ocrx_word' id='word_1_300' title='bbox 670 2863 841 2919; x_wconf 91' lang='lat' dir='ltr'><strong>usque</strong></span> <span class='ocrx_word' id='word_1_301' title='bbox 923 2848 990 2902; x_wconf 93' lang='lat' dir='ltr'><strong>ad</strong></span> <span class='ocrx_word' id='word_1_302' title='bbox 1060 2854 1310 2917; x_wconf 87' lang='lat' dir='ltr'><strong>quartam</strong></span> <span class='ocrx_word' id='word_1_303' title='bbox 1360 2844 1626 2900; x_wconf 89' lang='lat' dir='ltr'><strong>decimam</strong></span> <span class='ocrx_word' id='word_1_304' title='bbox 1680 2843 1956 2912; x_wconf 90' lang='lat' dir='ltr'><strong>sequentis</strong></span> 
     </span>
    </p>
   </div>
   <div class='ocr_carea' id='block_1_45' title="bbox 374 2936 1955 2996">
    <p class='ocr_par' dir='ltr' id='par_1_45' title="bbox 374 2936 1955 2996">
     <span class='ocr_line' id='line_1_45' title="bbox 374 2936 1955 2996; baseline -0.003 -2"><span class='ocrx_word' id='word_1_305' title='bbox 374 2953 675 2996; x_wconf 76' lang='lat' dir='ltr'><strong>cccuxxm</strong></span> <span class='ocrx_word' id='word_1_306' title='bbox 726 2940 840 2993; x_wconf 89' lang='lat' dir='ltr'><strong>dies</strong></span> <span class='ocrx_word' id='word_1_307' title='bbox 880 2937 1080 2993; x_wconf 90' lang='lat' dir='ltr'><strong>fuerint</strong></span> <span class='ocrx_word' id='word_1_308' title='bbox 1106 2955 1120 2992; x_wconf 90' lang='lat'><strong>:</strong></span> <span class='ocrx_word' id='word_1_309' title='bbox 1145 2936 1493 2993; x_wconf 88' lang='lat' dir='ltr'><strong>embolismus</strong></span> <span class='ocrx_word' id='word_1_310' title='bbox 1536 2949 1708 2991; x_wconf 91' lang='lat' dir='ltr'><strong>annus</strong></span> <span class='ocrx_word' id='word_1_311' title='bbox 1750 2942 1834 2990; x_wconf 90' lang='lat' dir='ltr'><strong>est</strong></span> <span class='ocrx_word' id='word_1_312' title='bbox 1865 2952 1878 2988; x_wconf 91' lang='lat'><strong>:</strong></span> <span class='ocrx_word' id='word_1_313' title='bbox 1909 2936 1955 2990; x_wconf 90' lang='lat' dir='ltr'><strong>si</strong></span> 
     </span>
    </p>
   </div>
   <div class='ocr_carea' id='block_1_46' title="bbox 374 3031 904 3088">
    <p class='ocr_par' dir='ltr' id='par_1_46' title="bbox 374 3031 904 3088">
     <span class='ocr_line' id='line_1_46' title="bbox 374 3031 904 3088; baseline -0.006 0"><span class='ocrx_word' id='word_1_314' title='bbox 374 3045 559 3088; x_wconf 80' lang='lat' dir='ltr'><strong>cccuv</strong></span> <span class='ocrx_word' id='word_1_315' title='bbox 584 3031 904 3086; x_wconf 90' lang='lat' dir='ltr'><strong>communis.</strong></span> 
     </span>
    </p>
   </div>
   <div class='ocr_carea' id='block_1_47' title="bbox 444 3120 1956 3193">
    <p class='ocr_par' dir='ltr' id='par_1_47' title="bbox 444 3120 1956 3193">
     <span class='ocr_line' id='line_1_47' title="bbox 444 3120 1956 3193; baseline -0.003 -13"><span class='ocrx_word' id='word_1_316' title='bbox 444 3126 720 3181; x_wconf 87' lang='lat' dir='ltr'><strong>Bissextus</strong></span> <span class='ocrx_word' id='word_1_317' title='bbox 759 3132 842 3180; x_wconf 91' lang='lat' dir='ltr'><strong>est</strong></span> <span class='ocrx_word' id='word_1_318' title='bbox 868 3137 968 3193; x_wconf 92' lang='lat' dir='ltr'><strong>per</strong></span> <span class='ocrx_word' id='word_1_319' title='bbox 997 3137 1166 3179; x_wconf 88' lang='lat' dir='ltr'><strong>annos</strong></span> <span class='ocrx_word' id='word_1_320' title='bbox 1191 3132 1445 3192; x_wconf 89' lang='lat' dir='ltr'><strong>quatuor,</strong></span> <span class='ocrx_word' id='word_1_321' title='bbox 1473 3138 1613 3178; x_wconf 90' lang='lat' dir='ltr'><strong>unus</strong></span> <span class='ocrx_word' id='word_1_322' title='bbox 1654 3122 1769 3177; x_wconf 88' lang='lat' dir='ltr'><strong>dies</strong></span> <span class='ocrx_word' id='word_1_323' title='bbox 1809 3120 1956 3189; x_wconf 91' lang='lat' dir='ltr'><strong>adie-</strong></span> 
     </span>
    </p>
   </div>
   <div class='ocr_carea' id='block_1_48' title="bbox 1985 1830 3649 1924">
    <p class='ocr_par' dir='ltr' id='par_1_48' title="bbox 1985 1830 3649 1924">
     <span class='ocr_line' id='line_1_48' title="bbox 1985 1830 3649 1924; baseline -0.003 -13"><span class='ocrx_word' id='word_1_324' title='bbox 1985 1830 2034 1890; x_wconf 76' lang='grc' dir='ltr'><strong>Β</strong></span> <span class='ocrx_word' id='word_1_325' title='bbox 2060 1830 2312 1910; x_wconf 79' lang='lat' dir='ltr'><strong>manuum</strong></span> <span class='ocrx_word' id='word_1_326' title='bbox 2333 1871 2567 1909; x_wconf 80' lang='lat' dir='ltr'><strong>mearum</strong></span> <span class='ocrx_word' id='word_1_327' title='bbox 2586 1855 2905 1922; x_wconf 71' lang='lat' dir='ltr'><strong>sacriﬁcium</strong></span> <span class='ocrx_word' id='word_1_328' title='bbox 2923 1854 3272 1924; x_wconf 83' lang='lat' dir='ltr'><strong>vespertinum</strong></span> <span class='ocrx_word' id='word_1_329' title='bbox 3295 1850 3469 1920; x_wconf 86' lang='lat' dir='ltr'><strong>(Psal.</strong></span> <span class='ocrx_word' id='word_1_330' title='bbox 3497 1848 3649 1923; x_wconf 73' lang='grc' dir='ltr'><strong>(ιιι).</strong></span> 
     </span>
    </p>
   </div>
   <div class='ocr_carea' id='block_1_49' title="bbox 2059 1938 3653 2014">
    <p class='ocr_par' dir='ltr' id='par_1_49' title="bbox 2059 1938 3653 2014">
     <span class='ocr_line' id='line_1_49' title="bbox 2059 1938 3653 2014; baseline -0.004 -14"><span class='ocrx_word' id='word_1_331' title='bbox 2059 1946 2300 2001; x_wconf 89' lang='lat' dir='ltr'><strong>Elevatio</strong></span> <span class='ocrx_word' id='word_1_332' title='bbox 2321 1960 2578 2001; x_wconf 90' lang='lat' dir='ltr'><strong>manuum</strong></span> <span class='ocrx_word' id='word_1_333' title='bbox 2596 1957 2818 2014; x_wconf 88' lang='lat' dir='ltr'><strong>operam</strong></span> <span class='ocrx_word' id='word_1_334' title='bbox 2840 1943 3007 2013; x_wconf 90' lang='lat' dir='ltr'><strong>piam,</strong></span> <span class='ocrx_word' id='word_1_335' title='bbox 3030 1955 3150 2012; x_wconf 64' lang='lat' dir='ltr'><strong>qua:</strong></span> <span class='ocrx_word' id='word_1_336' title='bbox 3171 1949 3266 1996; x_wconf 90' lang='lat' dir='ltr'><strong>aut</strong></span> <span class='ocrx_word' id='word_1_337' title='bbox 3289 1938 3653 2009; x_wconf 73' lang='lat' dir='ltr'><strong>eleemosynil</strong></span> 
     </span>
    </p>
   </div>
   <div class='ocr_carea' id='block_1_50' title="bbox 2059 2031 3651 2104">
    <p class='ocr_par' dir='ltr' id='par_1_50' title="bbox 2059 2031 3651 2104">
     <span class='ocr_line' id='line_1_50' title="bbox 2059 2031 3651 2104; baseline -0.004 -13"><span class='ocrx_word' id='word_1_338' title='bbox 2059 2043 2372 2102; x_wconf 84' lang='lat' dir='ltr'><strong>exercetur,</strong></span> <span class='ocrx_word' id='word_1_339' title='bbox 2396 2043 2490 2090; x_wconf 92' lang='lat' dir='ltr'><strong>aut</strong></span> <span class='ocrx_word' id='word_1_340' title='bbox 2517 2037 2574 2090; x_wconf 89' lang='lat' dir='ltr'><strong>in</strong></span> <span class='ocrx_word' id='word_1_341' title='bbox 2602 2034 2780 2104; x_wconf 90' lang='lat' dir='ltr'><strong>aliqua</strong></span> <span class='ocrx_word' id='word_1_342' title='bbox 2799 2031 3062 2104; x_wconf 91' lang='lat' dir='ltr'><strong>probabili</strong></span> <span class='ocrx_word' id='word_1_343' title='bbox 3089 2031 3504 2086; x_wconf 86' lang='lat' dir='ltr'><strong>conversatione</strong></span> <span class='ocrx_word' id='word_1_344' title='bbox 3525 2044 3651 2099; x_wconf 86' lang='lat' dir='ltr'><strong>per-</strong></span> 
     </span>
    </p>
   </div>
   <div class='ocr_carea' id='block_1_51' title="bbox 2061 2119 3648 2196">
    <p class='ocr_par' dir='ltr' id='par_1_51' title="bbox 2061 2119 3648 2196">
     <span class='ocr_line' id='line_1_51' title="bbox 2061 2119 3648 2196; baseline -0.003 -18"><span class='ocrx_word' id='word_1_345' title='bbox 2061 2125 2257 2196; x_wconf 71' lang='lat' dir='ltr'><strong>agitur.</strong></span> <span class='ocrx_word' id='word_1_346' title='bbox 2299 2124 2634 2180; x_wconf 79' lang='lat' dir='ltr'><strong>Sacriﬁcium</strong></span> <span class='ocrx_word' id='word_1_347' title='bbox 2664 2138 2792 2178; x_wconf 90' lang='lat' dir='ltr'><strong>vero</strong></span> <span class='ocrx_word' id='word_1_348' title='bbox 2819 2123 3187 2193; x_wconf 85' lang='lat' dir='ltr'><strong>vespertinum</strong></span> <span class='ocrx_word' id='word_1_349' title='bbox 3222 2121 3367 2175; x_wconf 89' lang='lat' dir='ltr'><strong>illam</strong></span> <span class='ocrx_word' id='word_1_350' title='bbox 3404 2119 3648 2177; x_wconf 92' lang='lat' dir='ltr'><strong>oblatio-</strong></span> 
     </span>
    </p>
   </div>
   <div class='ocr_carea' id='block_1_52' title="bbox 2059 2212 3651 2285">
    <p class='ocr_par' dir='ltr' id='par_1_52' title="bbox 2059 2212 3651 2285">
     <span class='ocr_line' id='line_1_52' title="bbox 2059 2212 3651 2285; baseline -0.001 -15"><span class='ocrx_word' id='word_1_351' title='bbox 2059 2231 2182 2270; x_wconf 89' lang='lat' dir='ltr'><strong>nem</strong></span> <span class='ocrx_word' id='word_1_352' title='bbox 2204 2216 2436 2271; x_wconf 84' lang='lat' dir='ltr'><strong>fortasse</strong></span> <span class='ocrx_word' id='word_1_353' title='bbox 2459 2214 2748 2285; x_wconf 85' lang='lat' dir='ltr'><strong>signilicat,</strong></span> <span class='ocrx_word' id='word_1_354' title='bbox 2768 2229 2927 2282; x_wconf 90' lang='lat' dir='ltr'><strong>quam</strong></span> <span class='ocrx_word' id='word_1_355' title='bbox 2952 2214 3008 2267; x_wconf 92' lang='lat' dir='ltr'><strong>in</strong></span> <span class='ocrx_word' id='word_1_356' title='bbox 3029 2213 3136 2267; x_wconf 83' lang='lat' dir='ltr'><strong>line</strong></span> <span class='ocrx_word' id='word_1_357' title='bbox 3156 2213 3282 2268; x_wconf 70' lang='lat' dir='ltr'><strong>vita:</strong></span> <span class='ocrx_word' id='word_1_358' title='bbox 3304 2212 3537 2267; x_wconf 89' lang='lat' dir='ltr'><strong>Domino</strong></span> <span class='ocrx_word' id='word_1_359' title='bbox 3559 2227 3651 2268; x_wconf 87' lang='lat' dir='ltr'><strong>so-</strong></span> 
     </span>
    </p>
   </div>
   <div class='ocr_carea' id='block_1_53' title="bbox 2059 2302 3650 2374">
    <p class='ocr_par' dir='ltr' id='par_1_53' title="bbox 2059 2302 3650 2374">
     <span class='ocr_line' id='line_1_53' title="bbox 2059 2302 3650 2374; baseline -0.002 -14"><span class='ocrx_word' id='word_1_360' title='bbox 2059 2307 2134 2362; x_wconf 88' lang='lat' dir='ltr'><strong>let</strong></span> <span class='ocrx_word' id='word_1_361' title='bbox 2154 2304 2350 2361; x_wconf 72' lang='lat' dir='ltr'><strong>offerre</strong></span> <span class='ocrx_word' id='word_1_362' title='bbox 2403 2304 2654 2374; x_wconf 87' lang='lat' dir='ltr'><strong>religiosa</strong></span> <span class='ocrx_word' id='word_1_363' title='bbox 2682 2302 2915 2368; x_wconf 90' lang='lat' dir='ltr'><strong>devotio,</strong></span> <span class='ocrx_word' id='word_1_364' title='bbox 2945 2316 3070 2357; x_wconf 90' lang='lat' dir='ltr'><strong>cum</strong></span> <span class='ocrx_word' id='word_1_365' title='bbox 3095 2302 3473 2372; x_wconf 56' lang='lat' dir='ltr'><strong>paenitentiam</strong></span> <span class='ocrx_word' id='word_1_366' title='bbox 3502 2302 3650 2372; x_wconf 89' lang='lat' dir='ltr'><strong>geri-</strong></span> 
     </span>
    </p>
   </div>
   <div class='ocr_carea' id='block_1_54' title="bbox 2060 2391 3649 2462">
    <p class='ocr_par' dir='ltr' id='par_1_54' title="bbox 2060 2391 3649 2462">
     <span class='ocr_line' id='line_1_54' title="bbox 2060 2391 3649 2462; baseline -0.001 -15"><span class='ocrx_word' id='word_1_367' title='bbox 2060 2407 2202 2460; x_wconf 88' lang='lat' dir='ltr'><strong>mus,</strong></span> <span class='ocrx_word' id='word_1_368' title='bbox 2227 2401 2282 2449; x_wconf 92' lang='lat' dir='ltr'><strong>et</strong></span> <span class='ocrx_word' id='word_1_369' title='bbox 2326 2393 2516 2448; x_wconf 87' lang='lat' dir='ltr'><strong>humili</strong></span> <span class='ocrx_word' id='word_1_370' title='bbox 2555 2408 2656 2449; x_wconf 91' lang='lat' dir='ltr'><strong>nos</strong></span> <span class='ocrx_word' id='word_1_371' title='bbox 2699 2391 3087 2462; x_wconf 87' lang='lat' dir='ltr'><strong>supplicatione</strong></span> <span class='ocrx_word' id='word_1_372' title='bbox 3135 2405 3470 2461; x_wconf 88' lang='lat' dir='ltr'><strong>purgamus:</strong></span> <span class='ocrx_word' id='word_1_373' title='bbox 3504 2391 3649 2446; x_wconf 86' lang='lat' dir='ltr'><strong>sicut</strong></span> 
     </span>
    </p>
   </div>
   <div class='ocr_carea' id='block_1_55' title="bbox 2059 2484 3645 2557">
    <p class='ocr_par' dir='ltr' id='par_1_55' title="bbox 2059 2484 3645 2557">
     <span class='ocr_line' id='line_1_55' title="bbox 2059 2484 3645 2557; baseline -0.001 -17"><span class='ocrx_word' id='word_1_374' title='bbox 2059 2486 2114 2540; x_wconf 91' lang='lat' dir='ltr'><strong>in</strong></span> <span class='ocrx_word' id='word_1_375' title='bbox 2153 2486 2599 2557; x_wconf 85' lang='lat' dir='ltr'><strong>quinquagesimo</strong></span> <span class='ocrx_word' id='word_1_376' title='bbox 2642 2486 2853 2557; x_wconf 89' lang='lat' dir='ltr'><strong>psalmo</strong></span> <span class='ocrx_word' id='word_1_377' title='bbox 2899 2487 3100 2542; x_wconf 91' lang='lat' dir='ltr'><strong>dictum</strong></span> <span class='ocrx_word' id='word_1_378' title='bbox 3145 2495 3229 2542; x_wconf 89' lang='lat' dir='ltr'><strong>est</strong></span> <span class='ocrx_word' id='word_1_379' title='bbox 3260 2503 3273 2540; x_wconf 91' lang='lat'><strong>:</strong></span> <span class='ocrx_word' id='word_1_380' title='bbox 3309 2484 3645 2554; x_wconf 68' lang='lat' dir='ltr'><strong>Sacriﬁcium</strong></span> 
     </span>
    </p>
   </div>
   <div class='ocr_carea' id='block_1_56' title="bbox 2057 2575 3646 2649">
    <p class='ocr_par' dir='ltr' id='par_1_56' title="bbox 2057 2575 3646 2649">
     <span class='ocr_line' id='line_1_56' title="bbox 2057 2575 3646 2649; baseline 0 -17"><span class='ocrx_word' id='word_1_381' title='bbox 2057 2577 2169 2636; x_wconf 85' lang='lat' dir='ltr'><strong>Deo</strong></span> <span class='ocrx_word' id='word_1_382' title='bbox 2184 2575 2412 2648; x_wconf 83' lang='lat' dir='ltr'><strong>Spiritus</strong></span> <span class='ocrx_word' id='word_1_383' title='bbox 2425 2579 2827 2634; x_wconf 83' lang='lat' dir='ltr'><strong>contribulatus.</strong></span> <span class='ocrx_word' id='word_1_384' title='bbox 2853 2580 3091 2649; x_wconf 81' lang='lat' dir='ltr'><strong>Vespera</strong></span> <span class='ocrx_word' id='word_1_385' title='bbox 3105 2587 3289 2635; x_wconf 90' lang='lat' dir='ltr'><strong>nostra</strong></span> <span class='ocrx_word' id='word_1_386' title='bbox 3303 2587 3405 2643; x_wconf 89' lang='lat' dir='ltr'><strong>est,</strong></span> <span class='ocrx_word' id='word_1_387' title='bbox 3427 2577 3646 2647; x_wconf 90' lang='lat' dir='ltr'><strong>quando</strong></span> 
     </span>
    </p>
   </div>
   <div class='ocr_carea' id='block_1_57' title="bbox 2060 2669 3645 2726">
    <p class='ocr_par' dir='ltr' id='par_1_57' title="bbox 2060 2669 3645 2726">
     <span class='ocr_line' id='line_1_57' title="bbox 2060 2669 3645 2726; baseline -0.001 -1"><span class='ocrx_word' id='word_1_388' title='bbox 2060 2671 2220 2726; x_wconf 89' lang='lat' dir='ltr'><strong>istam</strong></span> <span class='ocrx_word' id='word_1_389' title='bbox 2242 2671 2416 2726; x_wconf 90' lang='lat' dir='ltr'><strong>lucem</strong></span> <span class='ocrx_word' id='word_1_390' title='bbox 2439 2679 2613 2725; x_wconf 90' lang='lat' dir='ltr'><strong>morte</strong></span> <span class='ocrx_word' id='word_1_391' title='bbox 2631 2671 2882 2726; x_wconf 88' lang='lat' dir='ltr'><strong>veniente</strong></span> <span class='ocrx_word' id='word_1_392' title='bbox 2897 2671 3219 2726; x_wconf 87' lang='lat' dir='ltr'><strong>deserimus.</strong></span> <span class='ocrx_word' id='word_1_393' title='bbox 3245 2669 3400 2724; x_wconf 85' lang='lat' dir='ltr'><strong>Unde</strong></span> <span class='ocrx_word' id='word_1_394' title='bbox 3420 2681 3645 2724; x_wconf 65' lang='lat' dir='ltr'><strong>newsse</strong></span> 
     </span>
    </p>
   </div>
   <div class='ocr_carea' id='block_1_58' title="bbox 2057 2757 3643 2829">
    <p class='ocr_par' dir='ltr' id='par_1_58' title="bbox 2057 2757 3643 2829">
     <span class='ocr_line' id='line_1_58' title="bbox 2057 2757 3643 2829; baseline -0.003 -14"><span class='ocrx_word' id='word_1_395' title='bbox 2057 2769 2162 2826; x_wconf 88' lang='lat' dir='ltr'><strong>est,</strong></span> <span class='ocrx_word' id='word_1_396' title='bbox 2208 2768 2270 2815; x_wconf 91' lang='lat' dir='ltr'><strong>ut</strong></span> <span class='ocrx_word' id='word_1_397' title='bbox 2325 2759 2635 2829; x_wconf 89' lang='lat' dir='ltr'><strong>frequenter</strong></span> <span class='ocrx_word' id='word_1_398' title='bbox 2688 2760 3072 2816; x_wconf 86' lang='lat' dir='ltr'><strong>admoneamus</strong></span> <span class='ocrx_word' id='word_1_399' title='bbox 3123 2759 3395 2815; x_wconf 88' lang='lat' dir='ltr'><strong>neminem</strong></span> <span class='ocrx_word' id='word_1_400' title='bbox 3443 2757 3643 2812; x_wconf 83' lang='lat' dir='ltr'><strong>debere</strong></span> 
     </span>
    </p>
   </div>
   <div class='ocr_carea' id='block_1_59' title="bbox 2057 2847 3644 2922">
    <p class='ocr_par' dir='ltr' id='par_1_59' title="bbox 2057 2847 3644 2922">
     <span class='ocr_line' id='line_1_59' title="bbox 2057 2847 3644 2922; baseline 0.003 -18"><span class='ocrx_word' id='word_1_401' title='bbox 2057 2850 2344 2921; x_wconf 88' lang='lat' dir='ltr'><strong>desperare</strong></span> <span class='ocrx_word' id='word_1_402' title='bbox 2375 2868 2388 2905; x_wconf 89' lang='lat'><strong>:</strong></span> <span class='ocrx_word' id='word_1_403' title='bbox 2417 2851 2510 2906; x_wconf 90' lang='lat' dir='ltr'><strong>sed</strong></span> <span class='ocrx_word' id='word_1_404' title='bbox 2537 2849 2726 2906; x_wconf 89' lang='lat' dir='ltr'><strong>ultima</strong></span> <span class='ocrx_word' id='word_1_405' title='bbox 2763 2865 2858 2905; x_wconf 91' lang='lat' dir='ltr'><strong>sua</strong></span> <span class='ocrx_word' id='word_1_406' title='bbox 2888 2849 3072 2922; x_wconf 88' lang='lat' dir='ltr'><strong>potius</strong></span> <span class='ocrx_word' id='word_1_407' title='bbox 3099 2850 3467 2921; x_wconf 85' lang='lat' dir='ltr'><strong>lacrymarum</strong></span> <span class='ocrx_word' id='word_1_408' title='bbox 3493 2847 3644 2908; x_wconf 77' lang='lat' dir='ltr'><strong>fonto</strong></span> 
     </span>
    </p>
   </div>
   <div class='ocr_carea' id='block_1_60' title="bbox 2056 2939 3644 3012">
    <p class='ocr_par' dir='ltr' id='par_1_60' title="bbox 2056 2939 3644 3012">
     <span class='ocr_line' id='line_1_60' title="bbox 2056 2939 3644 3012; baseline -0.001 -17"><span class='ocrx_word' id='word_1_409' title='bbox 2056 2940 2322 3012; x_wconf 87' lang='lat' dir='ltr'><strong>detergat.</strong></span> <span class='ocrx_word' id='word_1_410' title='bbox 2351 2939 2671 2996; x_wconf 83' lang='lat' dir='ltr'><strong>Matutinum</strong></span> <span class='ocrx_word' id='word_1_411' title='bbox 2696 2956 2826 2997; x_wconf 89' lang='lat' dir='ltr'><strong>vero</strong></span> <span class='ocrx_word' id='word_1_412' title='bbox 2851 2940 3086 2998; x_wconf 79' lang='lat' dir='ltr'><strong>cilicium</strong></span> <span class='ocrx_word' id='word_1_413' title='bbox 3117 2947 3200 2996; x_wconf 89' lang='lat' dir='ltr'><strong>est</strong></span> <span class='ocrx_word' id='word_1_414' title='bbox 3229 2941 3283 2996; x_wconf 90' lang='lat' dir='ltr'><strong>in</strong></span> <span class='ocrx_word' id='word_1_415' title='bbox 3328 2939 3464 2995; x_wconf 92' lang='lat' dir='ltr'><strong>lucis</strong></span> <span class='ocrx_word' id='word_1_416' title='bbox 3490 2939 3644 2995; x_wconf 90' lang='lat' dir='ltr'><strong>initio</strong></span> 
     </span>
    </p>
   </div>
   <div class='ocr_carea' id='block_1_61' title="bbox 2057 3029 3642 3100">
    <p class='ocr_par' dir='ltr' id='par_1_61' title="bbox 2057 3029 3642 3100">
     <span class='ocr_line' id='line_1_61' title="bbox 2057 3029 3642 3100; baseline -0.001 -15"><span class='ocrx_word' id='word_1_417' title='bbox 2057 3031 2125 3085; x_wconf 91' lang='lat' dir='ltr'><strong>ab</strong></span> <span class='ocrx_word' id='word_1_418' title='bbox 2154 3030 2308 3086; x_wconf 87' lang='lat' dir='ltr'><strong>stella</strong></span> <span class='ocrx_word' id='word_1_419' title='bbox 2334 3030 2586 3086; x_wconf 90' lang='lat' dir='ltr'><strong>Lucifero</strong></span> <span class='ocrx_word' id='word_1_420' title='bbox 2623 3030 2972 3100; x_wconf 87' lang='lat' dir='ltr'><strong>appellatum,</strong></span> <span class='ocrx_word' id='word_1_421' title='bbox 2993 3046 3116 3100; x_wconf 71' lang='lat' dir='ltr'><strong>qua:</strong></span> <span class='ocrx_word' id='word_1_422' title='bbox 3151 3030 3325 3086; x_wconf 90' lang='lat' dir='ltr'><strong>oritur</strong></span> <span class='ocrx_word' id='word_1_423' title='bbox 3353 3029 3642 3085; x_wconf 86' lang='lat' dir='ltr'><strong>inchoante</strong></span> 
     </span>
    </p>
   </div>
   <div class='ocr_carea' id='block_1_62' title="bbox 2059 3120 3644 3193">
    <p class='ocr_par' dir='ltr' id='par_1_62' title="bbox 2059 3120 3644 3193">
     <span class='ocr_line' id='line_1_62' title="bbox 2059 3120 3644 3193; baseline -0.001 -18"><span class='ocrx_word' id='word_1_424' title='bbox 2059 3136 2237 3186; x_wconf 83' lang='lat' dir='ltr'><strong>mane,</strong></span> <span class='ocrx_word' id='word_1_425' title='bbox 2267 3121 2335 3176; x_wconf 91' lang='lat' dir='ltr'><strong>de</strong></span> <span class='ocrx_word' id='word_1_426' title='bbox 2363 3137 2470 3193; x_wconf 92' lang='lat' dir='ltr'><strong>quo</strong></span> <span class='ocrx_word' id='word_1_427' title='bbox 2489 3121 2775 3177; x_wconf 89' lang='lat' dir='ltr'><strong>Psalmista</strong></span> <span class='ocrx_word' id='word_1_428' title='bbox 2801 3122 2878 3177; x_wconf 89' lang='lat' dir='ltr'><strong>ait</strong></span> <span class='ocrx_word' id='word_1_429' title='bbox 2907 3139 2920 3175; x_wconf 86' lang='lat'><strong>:</strong></span> <span class='ocrx_word' id='word_1_430' title='bbox 2953 3121 3021 3176; x_wconf 88' lang='lat' dir='ltr'><strong>In</strong></span> <span class='ocrx_word' id='word_1_431' title='bbox 3049 3123 3324 3176; x_wconf 78' lang='lat' dir='ltr'><strong>matutinis</strong></span> <span class='ocrx_word' id='word_1_432' title='bbox 3352 3120 3644 3175; x_wconf 85' lang='lat' dir='ltr'><strong>meditabor</strong></span> 
     </span>
    </p>
   </div>
   <div class='ocr_carea' id='block_1_63' title="bbox 375 3183 3646 3285">
    <p class='ocr_par' dir='ltr' id='par_1_63' title="bbox 375 3183 3646 3285">
     <span class='ocr_line' id='line_1_63' title="bbox 375 3183 3646 3285; baseline -0.002 -12"><span class='ocrx_word' id='word_1_433' title='bbox 375 3217 750 3273; x_wconf 79' lang='lat' dir='ltr'><strong>ctuszcrescit</strong></span> <span class='ocrx_word' id='word_1_434' title='bbox 789 3183 931 3271; x_wconf 73' lang='lat' dir='ltr'><strong>enim</strong></span> <span class='ocrx_word' id='word_1_435' title='bbox 979 3229 1079 3284; x_wconf 91' lang='lat' dir='ltr'><strong>per</strong></span> <span class='ocrx_word' id='word_1_436' title='bbox 1116 3183 1354 3285; x_wconf 76' lang='lat' dir='ltr'><strong>singulos</strong></span> <span class='ocrx_word' id='word_1_437' title='bbox 1396 3183 1566 3266; x_wconf 86' lang='lat' dir='ltr'><strong>annos</strong></span> <span class='ocrx_word' id='word_1_438' title='bbox 1607 3218 1800 3282; x_wconf 91' lang='lat' dir='ltr'><strong>quarta</strong></span> <span class='ocrx_word' id='word_1_439' title='bbox 1828 3183 1958 3280; x_wconf 79' lang='lat' dir='ltr'><strong>pars</strong></span> <span class='ocrx_word' id='word_1_440' title='bbox 1984 3183 2028 3246; x_wconf 76' lang='lat' dir='ltr'>C</span> <span class='ocrx_word' id='word_1_441' title='bbox 2059 3214 2116 3266; x_wconf 88' lang='lat' dir='ltr'><strong>in</strong></span> <span class='ocrx_word' id='word_1_442' title='bbox 2142 3220 2189 3266; x_wconf 89' lang='lat' dir='ltr'><strong>te</strong></span> <span class='ocrx_word' id='word_1_443' title='bbox 2213 3183 2745 3283; x_wconf 54' lang='grc' dir='ltr'><strong>(Ρδαι.ἰ.ιιι).ιὶεᾱὶι</strong></span> <span class='ocrx_word' id='word_1_444' title='bbox 2763 3213 2908 3266; x_wconf 89' lang='lat' dir='ltr'><strong>enim</strong></span> <span class='ocrx_word' id='word_1_445' title='bbox 2930 3213 2998 3265; x_wconf 88' lang='lat' dir='ltr'><strong>ad</strong></span> <span class='ocrx_word' id='word_1_446' title='bbox 3042 3213 3172 3266; x_wconf 90' lang='lat' dir='ltr'><strong>illud</strong></span> <span class='ocrx_word' id='word_1_447' title='bbox 3213 3212 3359 3280; x_wconf 91' lang='lat' dir='ltr'><strong>quod</strong></span> <span class='ocrx_word' id='word_1_448' title='bbox 3400 3213 3646 3281; x_wconf 87' lang='lat' dir='ltr'><strong>superius</strong></span> 
     </span>
    </p>
   </div>
   <div class='ocr_carea' id='block_1_64' title="bbox 374 3301 1958 3375">
    <p class='ocr_par' dir='ltr' id='par_1_64' title="bbox 374 3301 1958 3375">
     <span class='ocr_line' id='line_1_64' title="bbox 374 3301 1958 3375; baseline -0.004 -13"><span class='ocrx_word' id='word_1_449' title='bbox 374 3307 531 3362; x_wconf 89' lang='lat' dir='ltr'><strong>assis.</strong></span> <span class='ocrx_word' id='word_1_450' title='bbox 570 3307 641 3361; x_wconf 88' lang='lat' dir='ltr'><strong>At</strong></span> <span class='ocrx_word' id='word_1_451' title='bbox 686 3306 778 3360; x_wconf 90' lang='lat' dir='ltr'><strong>ubi</strong></span> <span class='ocrx_word' id='word_1_452' title='bbox 820 3312 1014 3375; x_wconf 90' lang='lat' dir='ltr'><strong>quarto</strong></span> <span class='ocrx_word' id='word_1_453' title='bbox 1059 3319 1202 3359; x_wconf 90' lang='lat' dir='ltr'><strong>anno</strong></span> <span class='ocrx_word' id='word_1_454' title='bbox 1228 3318 1402 3359; x_wconf 90' lang='lat' dir='ltr'><strong>assem</strong></span> <span class='ocrx_word' id='word_1_455' title='bbox 1446 3302 1815 3373; x_wconf 88' lang='lat' dir='ltr'><strong>compleverit,</strong></span> <span class='ocrx_word' id='word_1_456' title='bbox 1843 3301 1958 3356; x_wconf 88' lang='lat' dir='ltr'><strong>bis-</strong></span> 
     </span>
    </p>
   </div>
   <div class='ocr_carea' id='block_1_65' title="bbox 375 3391 1962 3459">
    <p class='ocr_par' dir='ltr' id='par_1_65' title="bbox 375 3391 1962 3459">
     <span class='ocr_line' id='line_1_65' title="bbox 375 3391 1962 3459; baseline -0.005 -6"><span class='ocrx_word' id='word_1_457' title='bbox 375 3405 584 3453; x_wconf 82' lang='lat' dir='ltr'><strong>sextum</strong></span> <span class='ocrx_word' id='word_1_458' title='bbox 620 3410 820 3450; x_wconf 91' lang='lat' dir='ltr'><strong>annum</strong></span> <span class='ocrx_word' id='word_1_459' title='bbox 862 3393 1011 3450; x_wconf 83' lang='lat' dir='ltr'><strong>facit.</strong></span> <span class='ocrx_word' id='word_1_460' title='bbox 1055 3395 1244 3449; x_wconf 90' lang='lat' dir='ltr'><strong>Dictus</strong></span> <span class='ocrx_word' id='word_1_461' title='bbox 1272 3400 1450 3448; x_wconf 90' lang='lat' dir='ltr'><strong>autem</strong></span> <span class='ocrx_word' id='word_1_462' title='bbox 1483 3391 1784 3456; x_wconf 84' lang='lat' dir='ltr'><strong>bissextus,</strong></span> <span class='ocrx_word' id='word_1_463' title='bbox 1816 3391 1962 3459; x_wconf 92' lang='lat' dir='ltr'><strong>quod</strong></span> 
     </span>
    </p>
   </div>
   <div class='ocr_carea' id='block_1_66' title="bbox 374 3479 1958 3551">
    <p class='ocr_par' dir='ltr' id='par_1_66' title="bbox 374 3479 1958 3551">
     <span class='ocr_line' id='line_1_66' title="bbox 374 3479 1958 3551; baseline -0.004 -11"><span class='ocrx_word' id='word_1_464' title='bbox 374 3485 458 3540; x_wconf 93' lang='lat' dir='ltr'><strong>bis</strong></span> <span class='ocrx_word' id='word_1_465' title='bbox 483 3484 660 3540; x_wconf 80' lang='lat' dir='ltr'><strong>sexies</strong></span> <span class='ocrx_word' id='word_1_466' title='bbox 684 3485 876 3539; x_wconf 90' lang='lat' dir='ltr'><strong>ductus</strong></span> <span class='ocrx_word' id='word_1_467' title='bbox 905 3496 1084 3538; x_wconf 89' lang='lat' dir='ltr'><strong>assem</strong></span> <span class='ocrx_word' id='word_1_468' title='bbox 1131 3481 1282 3548; x_wconf 87' lang='lat' dir='ltr'><strong>facit,</strong></span> <span class='ocrx_word' id='word_1_469' title='bbox 1326 3481 1470 3551; x_wconf 90' lang='lat' dir='ltr'><strong>quod</strong></span> <span class='ocrx_word' id='word_1_470' title='bbox 1510 3488 1593 3534; x_wconf 91' lang='lat' dir='ltr'><strong>est</strong></span> <span class='ocrx_word' id='word_1_471' title='bbox 1636 3494 1778 3534; x_wconf 92' lang='lat' dir='ltr'><strong>unus</strong></span> <span class='ocrx_word' id='word_1_472' title='bbox 1819 3479 1958 3544; x_wconf 90' lang='lat' dir='ltr'><strong>dies,</strong></span> 
     </span>
    </p>
   </div>
   <div class='ocr_carea' id='block_1_67' title="bbox 374 3570 1962 3644">
    <p class='ocr_par' dir='ltr' id='par_1_67' title="bbox 374 3570 1962 3644">
     <span class='ocr_line' id='line_1_67' title="bbox 374 3570 1962 3644; baseline -0.002 -14"><span class='ocrx_word' id='word_1_473' title='bbox 374 3574 517 3631; x_wconf 90' lang='lat' dir='ltr'><strong>sicut</strong></span> <span class='ocrx_word' id='word_1_474' title='bbox 556 3583 611 3629; x_wconf 91' lang='lat' dir='ltr'><strong>et</strong></span> <span class='ocrx_word' id='word_1_475' title='bbox 645 3574 919 3644; x_wconf 89' lang='lat' dir='ltr'><strong>quadrans</strong></span> <span class='ocrx_word' id='word_1_476' title='bbox 974 3579 1194 3643; x_wconf 87' lang='lat' dir='ltr'><strong>propter</strong></span> <span class='ocrx_word' id='word_1_477' title='bbox 1244 3579 1477 3641; x_wconf 91' lang='lat' dir='ltr'><strong>quatuor</strong></span> <span class='ocrx_word' id='word_1_478' title='bbox 1528 3570 1768 3636; x_wconf 90' lang='lat' dir='ltr'><strong>ductum,</strong></span> <span class='ocrx_word' id='word_1_479' title='bbox 1817 3571 1962 3641; x_wconf 90' lang='lat' dir='ltr'><strong>quod</strong></span> 
     </span>
    </p>
   </div>
   <div class='ocr_carea' id='block_1_68' title="bbox 372 3662 1962 3734">
    <p class='ocr_par' dir='ltr' id='par_1_68' title="bbox 372 3662 1962 3734">
     <span class='ocr_line' id='line_1_68' title="bbox 372 3662 1962 3734; baseline -0.003 -14"><span class='ocrx_word' id='word_1_480' title='bbox 372 3673 457 3721; x_wconf 90' lang='lat' dir='ltr'><strong>est</strong></span> <span class='ocrx_word' id='word_1_481' title='bbox 482 3664 777 3727; x_wconf 85' lang='lat' dir='ltr'><strong>bissextus,</strong></span> <span class='ocrx_word' id='word_1_482' title='bbox 810 3679 970 3734; x_wconf 90' lang='lat' dir='ltr'><strong>quem</strong></span> <span class='ocrx_word' id='word_1_483' title='bbox 999 3665 1099 3719; x_wconf 91' lang='lat' dir='ltr'><strong>sub</strong></span> <span class='ocrx_word' id='word_1_484' title='bbox 1133 3664 1343 3718; x_wconf 89' lang='lat' dir='ltr'><strong>dierum</strong></span> <span class='ocrx_word' id='word_1_485' title='bbox 1371 3677 1534 3718; x_wconf 92' lang='lat' dir='ltr'><strong>cursu</strong></span> <span class='ocrx_word' id='word_1_486' title='bbox 1563 3662 1618 3716; x_wconf 92' lang='lat' dir='ltr'><strong>in</strong></span> <span class='ocrx_word' id='word_1_487' title='bbox 1647 3676 1850 3717; x_wconf 87' lang='lat' dir='ltr'><strong>annum</strong></span> <span class='ocrx_word' id='word_1_488' title='bbox 1878 3662 1962 3718; x_wconf 89' lang='lat' dir='ltr'><strong>sol</strong></span> 
     </span>
    </p>
   </div>
   <div class='ocr_carea' id='block_1_69' title="bbox 374 3750 1962 3819">
    <p class='ocr_par' dir='ltr' id='par_1_69' title="bbox 374 3750 1962 3819">
     <span class='ocr_line' id='line_1_69' title="bbox 374 3750 1962 3819; baseline -0.003 -10"><span class='ocrx_word' id='word_1_489' title='bbox 374 3753 524 3809; x_wconf 87' lang='lat' dir='ltr'><strong>facit.</strong></span> <span class='ocrx_word' id='word_1_490' title='bbox 553 3753 903 3808; x_wconf 88' lang='lat' dir='ltr'><strong>Intercalarcs</strong></span> <span class='ocrx_word' id='word_1_491' title='bbox 930 3759 1110 3807; x_wconf 88' lang='lat' dir='ltr'><strong>autem</strong></span> <span class='ocrx_word' id='word_1_492' title='bbox 1138 3752 1253 3808; x_wconf 92' lang='lat' dir='ltr'><strong>dies</strong></span> <span class='ocrx_word' id='word_1_493' title='bbox 1277 3751 1480 3806; x_wconf 91' lang='lat' dir='ltr'><strong>idcirco</strong></span> <span class='ocrx_word' id='word_1_494' title='bbox 1501 3758 1792 3816; x_wconf 87' lang='lat' dir='ltr'><strong>vocantur,</strong></span> <span class='ocrx_word' id='word_1_495' title='bbox 1815 3750 1962 3819; x_wconf 90' lang='lat' dir='ltr'><strong>quod</strong></span> 
     </span>
    </p>
   </div>
   <div class='ocr_carea' id='block_1_70' title="bbox 373 3839 1955 3915">
    <p class='ocr_par' dir='ltr' id='par_1_70' title="bbox 373 3839 1955 3915">
     <span class='ocr_line' id='line_1_70' title="bbox 373 3839 1955 3915; baseline -0.004 -15"><span class='ocrx_word' id='word_1_496' title='bbox 373 3845 824 3915; x_wconf 89' lang='lat' dir='ltr'><strong>interponuntur,</strong></span> <span class='ocrx_word' id='word_1_497' title='bbox 865 3850 925 3896; x_wconf 90' lang='lat' dir='ltr'><strong>ut</strong></span> <span class='ocrx_word' id='word_1_498' title='bbox 960 3842 1099 3897; x_wconf 89' lang='lat' dir='ltr'><strong>ratio</strong></span> <span class='ocrx_word' id='word_1_499' title='bbox 1143 3840 1285 3895; x_wconf 64' lang='lat' dir='ltr'><strong>lunae</strong></span> <span class='ocrx_word' id='word_1_500' title='bbox 1332 3841 1568 3909; x_wconf 90' lang='lat' dir='ltr'><strong>solisque</strong></span> <span class='ocrx_word' id='word_1_501' title='bbox 1648 3839 1955 3895; x_wconf 86' lang='lat' dir='ltr'><strong>conveniat.</strong></span> 
     </span>
    </p>
   </div>
   <div class='ocr_carea' id='block_1_71' title="bbox 372 3931 1963 4005">
    <p class='ocr_par' dir='ltr' id='par_1_71' title="bbox 372 3931 1963 4005">
     <span class='ocr_line' id='line_1_71' title="bbox 372 3931 1963 4005; baseline -0.003 -13"><span class='ocrx_word' id='word_1_502' title='bbox 372 3935 561 3992; x_wconf 89' lang='lat' dir='ltr'><strong>Calare</strong></span> <span class='ocrx_word' id='word_1_503' title='bbox 581 3935 725 3990; x_wconf 89' lang='lat' dir='ltr'><strong>enim</strong></span> <span class='ocrx_word' id='word_1_504' title='bbox 753 3948 953 4005; x_wconf 88' lang='lat' dir='ltr'><strong>ponere</strong></span> <span class='ocrx_word' id='word_1_505' title='bbox 989 3933 1205 3990; x_wconf 89' lang='lat' dir='ltr'><strong>dicitur.</strong></span> <span class='ocrx_word' id='word_1_506' title='bbox 1237 3932 1584 3998; x_wconf 89' lang='lat' dir='ltr'><strong>lntercalare,</strong></span> <span class='ocrx_word' id='word_1_507' title='bbox 1615 3931 1963 4001; x_wconf 89' lang='lat' dir='ltr'><strong>interponere</strong></span> 
     </span>
    </p>
   </div>
   <div class='ocr_carea' id='block_1_72' title="bbox 373 4020 1962 4097">
    <p class='ocr_par' dir='ltr' id='par_1_72' title="bbox 373 4020 1962 4097">
     <span class='ocr_line' id='line_1_72' title="bbox 373 4020 1962 4097; baseline -0.004 -15"><span class='ocrx_word' id='word_1_508' title='bbox 373 4027 486 4082; x_wconf 88' lang='lat' dir='ltr'><strong>sive</strong></span> <span class='ocrx_word' id='word_1_509' title='bbox 510 4025 592 4097; x_wconf 90' lang='lat' dir='ltr'><strong>(ut</strong></span> <span class='ocrx_word' id='word_1_510' title='bbox 615 4025 707 4080; x_wconf 91' lang='lat' dir='ltr'><strong>alii</strong></span> <span class='ocrx_word' id='word_1_511' title='bbox 731 4024 938 4094; x_wconf 87' lang='lat' dir='ltr'><strong>volunt)</strong></span> <span class='ocrx_word' id='word_1_512' title='bbox 961 4023 1141 4078; x_wconf 89' lang='lat' dir='ltr'><strong>calare</strong></span> <span class='ocrx_word' id='word_1_513' title='bbox 1160 4063 1173 4090; x_wconf 88' lang='lat'><strong>,</strong></span> <span class='ocrx_word' id='word_1_514' title='bbox 1197 4037 1392 4078; x_wconf 90' lang='lat' dir='ltr'><strong>vocare</strong></span> <span class='ocrx_word' id='word_1_515' title='bbox 1421 4021 1638 4076; x_wconf 90' lang='lat' dir='ltr'><strong>dicitur.</strong></span> <span class='ocrx_word' id='word_1_516' title='bbox 1669 4020 1805 4075; x_wconf 91' lang='lat' dir='ltr'><strong>Nam</strong></span> <span class='ocrx_word' id='word_1_517' title='bbox 1837 4037 1962 4076; x_wconf 85' lang='lat' dir='ltr'><strong>ver-</strong></span> 
     </span>
    </p>
   </div>
   <div class='ocr_carea' id='block_1_73' title="bbox 373 4114 1964 4183">
    <p class='ocr_par' dir='ltr' id='par_1_73' title="bbox 373 4114 1964 4183">
     <span class='ocr_line' id='line_1_73' title="bbox 373 4114 1964 4183; baseline -0.004 -7"><span class='ocrx_word' id='word_1_518' title='bbox 373 4121 499 4176; x_wconf 85' lang='lat' dir='ltr'><strong>bum</strong></span> <span class='ocrx_word' id='word_1_519' title='bbox 520 4118 897 4174; x_wconf 74' lang='lat' dir='ltr'><strong>caloﬂraecum</strong></span> <span class='ocrx_word' id='word_1_520' title='bbox 922 4125 1024 4182; x_wconf 88' lang='lat' dir='ltr'><strong>est,</strong></span> <span class='ocrx_word' id='word_1_521' title='bbox 1050 4117 1102 4171; x_wconf 90' lang='lat' dir='ltr'><strong>id</strong></span> <span class='ocrx_word' id='word_1_522' title='bbox 1132 4124 1237 4181; x_wconf 91' lang='lat' dir='ltr'><strong>est,</strong></span> <span class='ocrx_word' id='word_1_523' title='bbox 1258 4130 1410 4170; x_wconf 91' lang='lat' dir='ltr'><strong>voco.</strong></span> <span class='ocrx_word' id='word_1_524' title='bbox 1434 4115 1633 4169; x_wconf 90' lang='lat' dir='ltr'><strong>Dicunt</strong></span> <span class='ocrx_word' id='word_1_525' title='bbox 1651 4114 1798 4168; x_wconf 91' lang='lat' dir='ltr'><strong>enim</strong></span> <span class='ocrx_word' id='word_1_526' title='bbox 1818 4114 1964 4183; x_wconf 87' lang='lat' dir='ltr'><strong>quod</strong></span> 
     </span>
    </p>
   </div>
   <div class='ocr_carea' id='block_1_74' title="bbox 372 4203 1964 4280">
    <p class='ocr_par' dir='ltr' id='par_1_74' title="bbox 372 4203 1964 4280">
     <span class='ocr_line' id='line_1_74' title="bbox 372 4203 1964 4280; baseline -0.003 -15"><span class='ocrx_word' id='word_1_527' title='bbox 372 4209 634 4280; x_wconf 81' lang='lat' dir='ltr'><strong>pontifex,</strong></span> <span class='ocrx_word' id='word_1_528' title='bbox 666 4208 874 4272; x_wconf 84' lang='lat' dir='ltr'><strong>Kalata,</strong></span> <span class='ocrx_word' id='word_1_529' title='bbox 919 4208 972 4262; x_wconf 92' lang='lat' dir='ltr'><strong>id</strong></span> <span class='ocrx_word' id='word_1_530' title='bbox 1001 4216 1106 4274; x_wconf 87' lang='lat' dir='ltr'><strong>est,</strong></span> <span class='ocrx_word' id='word_1_531' title='bbox 1143 4215 1332 4262; x_wconf 85' lang='lat' dir='ltr'><strong>vocata</strong></span> <span class='ocrx_word' id='word_1_532' title='bbox 1361 4207 1416 4260; x_wconf 91' lang='lat' dir='ltr'><strong>in</strong></span> <span class='ocrx_word' id='word_1_533' title='bbox 1443 4203 1767 4275; x_wconf 89' lang='lat' dir='ltr'><strong>Capitolium</strong></span> <span class='ocrx_word' id='word_1_534' title='bbox 1807 4206 1964 4274; x_wconf 90' lang='lat' dir='ltr'><strong>plebe</strong></span> 
     </span>
    </p>
   </div>
   <div class='ocr_carea' id='block_1_75' title="bbox 373 4295 1962 4371">
    <p class='ocr_par' dir='ltr' id='par_1_75' title="bbox 373 4295 1962 4371">
     <span class='ocr_line' id='line_1_75' title="bbox 373 4295 1962 4371; baseline -0.003 -17"><span class='ocrx_word' id='word_1_535' title='bbox 373 4299 522 4371; x_wconf 80' lang='lat' dir='ltr'><strong>iuxta</strong></span> <span class='ocrx_word' id='word_1_536' title='bbox 545 4300 750 4355; x_wconf 89' lang='lat' dir='ltr'><strong>curiam</strong></span> <span class='ocrx_word' id='word_1_537' title='bbox 771 4298 1146 4364; x_wconf 89' lang='lat' dir='ltr'><strong>calabrariam,</strong></span> <span class='ocrx_word' id='word_1_538' title='bbox 1173 4313 1293 4368; x_wconf 56' lang='lat' dir='ltr'><strong>quae</strong></span> <span class='ocrx_word' id='word_1_539' title='bbox 1314 4311 1452 4352; x_wconf 82' lang='lat' dir='ltr'><strong>casae</strong></span> <span class='ocrx_word' id='word_1_540' title='bbox 1478 4295 1694 4351; x_wconf 82' lang='lat' dir='ltr'><strong>Romuli</strong></span> <span class='ocrx_word' id='word_1_541' title='bbox 1716 4297 1962 4367; x_wconf 90' lang='lat' dir='ltr'><strong>proxima</strong></span> 
     </span>
    </p>
   </div>
   <div class='ocr_carea' id='block_1_76' title="bbox 373 4390 1964 4464">
    <p class='ocr_par' dir='ltr' id='par_1_76' title="bbox 373 4390 1964 4464">
     <span class='ocr_line' id='line_1_76' title="bbox 373 4390 1964 4464; baseline -0.003 -14"><span class='ocrx_word' id='word_1_542' title='bbox 373 4405 477 4460; x_wconf 89' lang='lat' dir='ltr'><strong>est,</strong></span> <span class='ocrx_word' id='word_1_543' title='bbox 505 4403 637 4464; x_wconf 89' lang='lat' dir='ltr'><strong>quot</strong></span> <span class='ocrx_word' id='word_1_544' title='bbox 658 4393 773 4450; x_wconf 89' lang='lat' dir='ltr'><strong>dies</strong></span> <span class='ocrx_word' id='word_1_545' title='bbox 792 4409 822 4447; x_wconf 92' lang='lat' dir='ltr'><strong>a</strong></span> <span class='ocrx_word' id='word_1_546' title='bbox 849 4392 1104 4448; x_wconf 86' lang='lat' dir='ltr'><strong>Kalendis</strong></span> <span class='ocrx_word' id='word_1_547' title='bbox 1134 4392 1202 4446; x_wconf 90' lang='lat' dir='ltr'><strong>ad</strong></span> <span class='ocrx_word' id='word_1_548' title='bbox 1230 4390 1411 4446; x_wconf 89' lang='lat' dir='ltr'><strong>Nonas</strong></span> <span class='ocrx_word' id='word_1_549' title='bbox 1447 4397 1812 4459; x_wconf 89' lang='lat' dir='ltr'><strong>superessent,</strong></span> <span class='ocrx_word' id='word_1_550' title='bbox 1839 4403 1964 4460; x_wconf 84' lang='lat' dir='ltr'><strong>pro-</strong></span> 
     </span>
    </p>
   </div>
   <div class='ocr_carea' id='block_1_77' title="bbox 378 4479 2038 4580">
    <p class='ocr_par' dir='ltr' id='par_1_77' title="bbox 378 4479 2038 4580">
     <span class='ocr_line' id='line_1_77' title="bbox 378 4479 2038 4580; baseline -0.002 -42"><span class='ocrx_word' id='word_1_551' title='bbox 378 4483 688 4538; x_wconf 83' lang='lat' dir='ltr'><strong>nuntiabat:</strong></span> <span class='ocrx_word' id='word_1_552' title='bbox 706 4490 760 4537; x_wconf 89' lang='lat' dir='ltr'><strong>et</strong></span> <span class='ocrx_word' id='word_1_553' title='bbox 779 4482 1067 4551; x_wconf 86' lang='lat' dir='ltr'><strong>quintanas</strong></span> <span class='ocrx_word' id='word_1_554' title='bbox 1088 4480 1306 4550; x_wconf 91' lang='lat' dir='ltr'><strong>quidem</strong></span> <span class='ocrx_word' id='word_1_555' title='bbox 1327 4480 1470 4535; x_wconf 90' lang='lat' dir='ltr'><strong>dicto</strong></span> <span class='ocrx_word' id='word_1_556' title='bbox 1489 4479 1776 4550; x_wconf 85' lang='lat' dir='ltr'><strong>quinquies</strong></span> <span class='ocrx_word' id='word_1_557' title='bbox 1793 4479 1962 4535; x_wconf 89' lang='lat' dir='ltr'><strong>verbo</strong></span> <span class='ocrx_word' id='word_1_558' title='bbox 1985 4518 2038 4580; x_wconf 82' lang='lat' dir='ltr'><strong>D</strong></span> 
     </span>
    </p>
   </div>
   <div class='ocr_carea' id='block_1_78' title="bbox 375 4572 1959 4646">
    <p class='ocr_par' dir='ltr' id='par_1_78' title="bbox 375 4572 1959 4646">
     <span class='ocr_line' id='line_1_78' title="bbox 375 4572 1959 4646; baseline 0 -16"><span class='ocrx_word' id='word_1_559' title='bbox 375 4574 531 4640; x_wconf 83' lang='lat' dir='ltr'><strong>Kalo,</strong></span> <span class='ocrx_word' id='word_1_560' title='bbox 546 4575 873 4646; x_wconf 90' lang='lat' dir='ltr'><strong>septimanas</strong></span> <span class='ocrx_word' id='word_1_561' title='bbox 891 4574 1122 4644; x_wconf 90' lang='lat' dir='ltr'><strong>repetito</strong></span> <span class='ocrx_word' id='word_1_562' title='bbox 1143 4573 1342 4644; x_wconf 88' lang='lat' dir='ltr'><strong>septies</strong></span> <span class='ocrx_word' id='word_1_563' title='bbox 1360 4572 1708 4643; x_wconf 57' lang='lat' dir='ltr'><strong>praedicabat.</strong></span> <span class='ocrx_word' id='word_1_564' title='bbox 1724 4572 1959 4642; x_wconf 88' lang='lat' dir='ltr'><strong>Epactas</strong></span> 
     </span>
    </p>
   </div>
   <div class='ocr_carea' id='block_1_79' title="bbox 377 4661 1960 4731">
    <p class='ocr_par' dir='ltr' id='par_1_79' title="bbox 377 4661 1960 4731">
     <span class='ocr_line' id='line_1_79' title="bbox 377 4661 1960 4731; baseline -0.003 -8"><span class='ocrx_word' id='word_1_565' title='bbox 377 4665 550 4723; x_wconf 71' lang='lat' dir='ltr'><strong>Graeci</strong></span> <span class='ocrx_word' id='word_1_566' title='bbox 593 4674 826 4731; x_wconf 89' lang='lat' dir='ltr'><strong>vocant,</strong></span> <span class='ocrx_word' id='word_1_567' title='bbox 858 4661 1038 4718; x_wconf 84' lang='lat' dir='ltr'><strong>Latini</strong></span> <span class='ocrx_word' id='word_1_568' title='bbox 1090 4662 1420 4731; x_wconf 89' lang='lat' dir='ltr'><strong>adiectiones</strong></span> <span class='ocrx_word' id='word_1_569' title='bbox 1463 4677 1669 4717; x_wconf 89' lang='lat' dir='ltr'><strong>annuas</strong></span> <span class='ocrx_word' id='word_1_570' title='bbox 1722 4662 1960 4729; x_wconf 90' lang='lat' dir='ltr'><strong>lunares,</strong></span> 
     </span>
    </p>
   </div>
   <div class='ocr_carea' id='block_1_80' title="bbox 379 4751 1962 4826">
    <p class='ocr_par' dir='ltr' id='par_1_80' title="bbox 379 4751 1962 4826">
     <span class='ocr_line' id='line_1_80' title="bbox 379 4751 1962 4826; baseline -0.001 -16"><span class='ocrx_word' id='word_1_571' title='bbox 379 4771 498 4826; x_wconf 82' lang='lat' dir='ltr'><strong>quae</strong></span> <span class='ocrx_word' id='word_1_572' title='bbox 537 4771 634 4826; x_wconf 92' lang='lat' dir='ltr'><strong>per</strong></span> <span class='ocrx_word' id='word_1_573' title='bbox 683 4754 1042 4810; x_wconf 89' lang='lat' dir='ltr'><strong>undenarium</strong></span> <span class='ocrx_word' id='word_1_574' title='bbox 1075 4767 1361 4808; x_wconf 90' lang='lat' dir='ltr'><strong>numerum</strong></span> <span class='ocrx_word' id='word_1_575' title='bbox 1401 4767 1574 4822; x_wconf 86' lang='lat' dir='ltr'><strong>usque</strong></span> <span class='ocrx_word' id='word_1_576' title='bbox 1626 4752 1695 4808; x_wconf 92' lang='lat' dir='ltr'><strong>ad</strong></span> <span class='ocrx_word' id='word_1_577' title='bbox 1727 4751 1962 4808; x_wconf 91' lang='lat' dir='ltr'><strong>tricena-</strong></span> 
     </span>
    </p>
   </div>
   <div class='ocr_carea' id='block_1_81' title="bbox 380 4843 1957 4916">
    <p class='ocr_par' dir='ltr' id='par_1_81' title="bbox 380 4843 1957 4916">
     <span class='ocr_line' id='line_1_81' title="bbox 380 4843 1957 4916; baseline -0.001 -14"><span class='ocrx_word' id='word_1_578' title='bbox 380 4849 516 4902; x_wconf 91' lang='lat' dir='ltr'><strong>rium</strong></span> <span class='ocrx_word' id='word_1_579' title='bbox 546 4849 598 4902; x_wconf 89' lang='lat' dir='ltr'><strong>in</strong></span> <span class='ocrx_word' id='word_1_580' title='bbox 625 4863 683 4903; x_wconf 89' lang='lat' dir='ltr'><strong>se</strong></span> <span class='ocrx_word' id='word_1_581' title='bbox 704 4847 1072 4912; x_wconf 81' lang='lat' dir='ltr'><strong>revolvuntur,</strong></span> <span class='ocrx_word' id='word_1_582' title='bbox 1096 4859 1233 4915; x_wconf 90' lang='lat' dir='ltr'><strong>quas</strong></span> <span class='ocrx_word' id='word_1_583' title='bbox 1260 4845 1380 4901; x_wconf 91' lang='lat' dir='ltr'><strong>ideo</strong></span> <span class='ocrx_word' id='word_1_584' title='bbox 1406 4845 1646 4916; x_wconf 61' lang='lat' dir='ltr'><strong>[Egyptii</strong></span> <span class='ocrx_word' id='word_1_585' title='bbox 1676 4843 1957 4914; x_wconf 86' lang='lat' dir='ltr'><strong>adiiciunt,</strong></span> 
     </span>
    </p>
   </div>
   <div class='ocr_carea' id='block_1_82' title="bbox 379 4937 1960 5008">
    <p class='ocr_par' dir='ltr' id='par_1_82' title="bbox 379 4937 1960 5008">
     <span class='ocr_line' id='line_1_82' title="bbox 379 4937 1960 5008; baseline 0 -16"><span class='ocrx_word' id='word_1_586' title='bbox 379 4948 438 4994; x_wconf 92' lang='lat' dir='ltr'><strong>ut</strong></span> <span class='ocrx_word' id='word_1_587' title='bbox 465 4939 671 4993; x_wconf 88' lang='lat' dir='ltr'><strong>lunaris</strong></span> <span class='ocrx_word' id='word_1_588' title='bbox 695 4938 935 4994; x_wconf 89' lang='lat' dir='ltr'><strong>emensio</strong></span> <span class='ocrx_word' id='word_1_589' title='bbox 963 4937 1157 4993; x_wconf 88' lang='lat' dir='ltr'><strong>rationi</strong></span> <span class='ocrx_word' id='word_1_590' title='bbox 1191 4937 1320 4993; x_wconf 89' lang='lat' dir='ltr'><strong>solis</strong></span> <span class='ocrx_word' id='word_1_591' title='bbox 1353 4946 1600 5008; x_wconf 86' lang='lat' dir='ltr'><strong>aquetur.</strong></span> <span class='ocrx_word' id='word_1_592' title='bbox 1634 4937 1787 4993; x_wconf 92' lang='lat' dir='ltr'><strong>Luna</strong></span> <span class='ocrx_word' id='word_1_593' title='bbox 1812 4938 1960 4993; x_wconf 91' lang='lat' dir='ltr'><strong>enim</strong></span> 
     </span>
    </p>
   </div>
   <div class='ocr_carea' id='block_1_83' title="bbox 374 5029 1960 5101">
    <p class='ocr_par' dir='ltr' id='par_1_83' title="bbox 374 5029 1960 5101">
     <span class='ocr_line' id='line_1_83' title="bbox 374 5029 1960 5101; baseline 0.003 -17"><span class='ocrx_word' id='word_1_594' title='bbox 374 5029 528 5101; x_wconf 80' lang='lat' dir='ltr'><strong>iuxta</strong></span> <span class='ocrx_word' id='word_1_595' title='bbox 557 5045 774 5085; x_wconf 89' lang='lat' dir='ltr'><strong>cursum</strong></span> <span class='ocrx_word' id='word_1_596' title='bbox 795 5045 951 5085; x_wconf 88' lang='lat' dir='ltr'><strong>suum</strong></span> <span class='ocrx_word' id='word_1_597' title='bbox 980 5031 1169 5101; x_wconf 90' lang='lat' dir='ltr'><strong>viginti</strong></span> <span class='ocrx_word' id='word_1_598' title='bbox 1195 5045 1388 5087; x_wconf 84' lang='lat' dir='ltr'><strong>novem</strong></span> <span class='ocrx_word' id='word_1_599' title='bbox 1427 5031 1591 5086; x_wconf 88' lang='lat' dir='ltr'><strong>semis</strong></span> <span class='ocrx_word' id='word_1_600' title='bbox 1618 5030 1733 5086; x_wconf 91' lang='lat' dir='ltr'><strong>dies</strong></span> <span class='ocrx_word' id='word_1_601' title='bbox 1777 5031 1960 5088; x_wconf 89' lang='lat' dir='ltr'><strong>lucere</strong></span> 
     </span>
    </p>
   </div>
   <div class='ocr_carea' id='block_1_84' title="bbox 381 5119 1960 5192">
    <p class='ocr_par' dir='ltr' id='par_1_84' title="bbox 381 5119 1960 5192">
     <span class='ocr_line' id='line_1_84' title="bbox 381 5119 1960 5192; baseline 0.001 -17"><span class='ocrx_word' id='word_1_602' title='bbox 381 5121 734 5192; x_wconf 88' lang='lat' dir='ltr'><strong>dignoscitur,</strong></span> <span class='ocrx_word' id='word_1_603' title='bbox 757 5129 812 5176; x_wconf 84' lang='lat' dir='ltr'><strong>et</strong></span> <span class='ocrx_word' id='word_1_604' title='bbox 833 5119 1037 5176; x_wconf 83' lang='lat' dir='ltr'><strong>ﬁuntin</strong></span> <span class='ocrx_word' id='word_1_605' title='bbox 1063 5136 1205 5176; x_wconf 90' lang='lat' dir='ltr'><strong>anno</strong></span> <span class='ocrx_word' id='word_1_606' title='bbox 1219 5121 1393 5177; x_wconf 90' lang='lat' dir='ltr'><strong>lunari</strong></span> <span class='ocrx_word' id='word_1_607' title='bbox 1417 5122 1532 5178; x_wconf 89' lang='lat' dir='ltr'><strong>dies</strong></span> <span class='ocrx_word' id='word_1_608' title='bbox 1554 5136 1764 5188; x_wconf 80' lang='lat' dir='ltr'><strong>cccuv,</strong></span> <span class='ocrx_word' id='word_1_609' title='bbox 1781 5137 1960 5176; x_wconf 89' lang='lat' dir='ltr'><strong>rema-</strong></span> 
     </span>
    </p>
   </div>
   <div class='ocr_carea' id='block_1_85' title="bbox 383 5212 1959 5286">
    <p class='ocr_par' dir='ltr' id='par_1_85' title="bbox 383 5212 1959 5286">
     <span class='ocr_line' id='line_1_85' title="bbox 383 5212 1959 5286; baseline 0.002 -18"><span class='ocrx_word' id='word_1_610' title='bbox 383 5221 514 5269; x_wconf 90' lang='lat' dir='ltr'><strong>nent</strong></span> <span class='ocrx_word' id='word_1_611' title='bbox 546 5212 614 5268; x_wconf 90' lang='lat' dir='ltr'><strong>ad</strong></span> <span class='ocrx_word' id='word_1_612' title='bbox 661 5228 879 5269; x_wconf 89' lang='lat' dir='ltr'><strong>cursum</strong></span> <span class='ocrx_word' id='word_1_613' title='bbox 926 5215 1051 5269; x_wconf 91' lang='lat' dir='ltr'><strong>anni</strong></span> <span class='ocrx_word' id='word_1_614' title='bbox 1101 5214 1292 5270; x_wconf 88' lang='lat' dir='ltr'><strong>solaris</strong></span> <span class='ocrx_word' id='word_1_615' title='bbox 1338 5215 1454 5270; x_wconf 90' lang='lat' dir='ltr'><strong>dies</strong></span> <span class='ocrx_word' id='word_1_616' title='bbox 1495 5215 1776 5280; x_wconf 89' lang='lat' dir='ltr'><strong>undecim,</strong></span> <span class='ocrx_word' id='word_1_617' title='bbox 1822 5229 1959 5286; x_wconf 88' lang='lat' dir='ltr'><strong>quos</strong></span> 
     </span>
    </p>
   </div>
   <div class='ocr_carea' id='block_1_86' title="bbox 383 5304 1954 5378">
    <p class='ocr_par' dir='ltr' id='par_1_86' title="bbox 383 5304 1954 5378">
     <span class='ocr_line' id='line_1_86' title="bbox 383 5304 1954 5378; baseline -0.001 -18"><span class='ocrx_word' id='word_1_618' title='bbox 383 5304 618 5378; x_wconf 69' lang='lat' dir='ltr'><strong>Egyptil</strong></span> <span class='ocrx_word' id='word_1_619' title='bbox 671 5305 931 5376; x_wconf 89' lang='lat' dir='ltr'><strong>adiiciunt</strong></span> <span class='ocrx_word' id='word_1_620' title='bbox 979 5305 1123 5361; x_wconf 89' lang='lat' dir='ltr'><strong>unde</strong></span> <span class='ocrx_word' id='word_1_621' title='bbox 1179 5313 1233 5362; x_wconf 89' lang='lat' dir='ltr'><strong>et</strong></span> <span class='ocrx_word' id='word_1_622' title='bbox 1287 5305 1617 5375; x_wconf 84' lang='lat' dir='ltr'><strong>adiectiones</strong></span> <span class='ocrx_word' id='word_1_623' title='bbox 1672 5313 1954 5361; x_wconf 90' lang='lat' dir='ltr'><strong>vocantur.</strong></span> 
     </span>
    </p>
   </div>
   <div class='ocr_carea' id='block_1_87' title="bbox 381 5397 1962 5469">
    <p class='ocr_par' dir='ltr' id='par_1_87' title="bbox 381 5397 1962 5469">
     <span class='ocr_line' id='line_1_87' title="bbox 381 5397 1962 5469; baseline 0.001 -17"><span class='ocrx_word' id='word_1_624' title='bbox 381 5397 597 5467; x_wconf 84' lang='lat' dir='ltr'><strong>Absque</strong></span> <span class='ocrx_word' id='word_1_625' title='bbox 619 5397 704 5452; x_wconf 91' lang='lat' dir='ltr'><strong>his</strong></span> <span class='ocrx_word' id='word_1_626' title='bbox 730 5412 836 5451; x_wconf 90' lang='lat' dir='ltr'><strong>non</strong></span> <span class='ocrx_word' id='word_1_627' title='bbox 863 5397 1104 5454; x_wconf 89' lang='lat' dir='ltr'><strong>invenies</strong></span> <span class='ocrx_word' id='word_1_628' title='bbox 1125 5399 1328 5465; x_wconf 88' lang='lat' dir='ltr'><strong>lunam,</strong></span> <span class='ocrx_word' id='word_1_629' title='bbox 1354 5407 1514 5468; x_wconf 90' lang='lat' dir='ltr'><strong>quota</strong></span> <span class='ocrx_word' id='word_1_630' title='bbox 1546 5398 1617 5454; x_wconf 88' lang='lat' dir='ltr'><strong>sit</strong></span> <span class='ocrx_word' id='word_1_631' title='bbox 1642 5398 1696 5452; x_wconf 92' lang='lat' dir='ltr'><strong>in</strong></span> <span class='ocrx_word' id='word_1_632' title='bbox 1719 5397 1962 5469; x_wconf 87' lang='lat' dir='ltr'><strong>quolibet</strong></span> 
     </span>
    </p>
   </div>
   <div class='ocr_carea' id='block_1_88' title="bbox 384 5491 1960 5563">
    <p class='ocr_par' dir='ltr' id='par_1_88' title="bbox 384 5491 1960 5563">
     <span class='ocr_line' id='line_1_88' title="bbox 384 5491 1960 5563; baseline 0.001 -18"><span class='ocrx_word' id='word_1_633' title='bbox 384 5506 522 5546; x_wconf 90' lang='lat' dir='ltr'><strong>anno</strong></span> <span class='ocrx_word' id='word_1_634' title='bbox 548 5500 602 5545; x_wconf 91' lang='lat' dir='ltr'><strong>et</strong></span> <span class='ocrx_word' id='word_1_635' title='bbox 631 5505 812 5546; x_wconf 89' lang='lat' dir='ltr'><strong>mense</strong></span> <span class='ocrx_word' id='word_1_636' title='bbox 842 5500 898 5547; x_wconf 90' lang='lat' dir='ltr'><strong>et</strong></span> <span class='ocrx_word' id='word_1_637' title='bbox 922 5491 1026 5546; x_wconf 89' lang='lat' dir='ltr'><strong>die.</strong></span> <span class='ocrx_word' id='word_1_638' title='bbox 1054 5492 1172 5547; x_wconf 65' lang='lat' dir='ltr'><strong>ista:</strong></span> <span class='ocrx_word' id='word_1_639' title='bbox 1203 5501 1404 5562; x_wconf 68' lang='lat' dir='ltr'><strong>epactaa</strong></span> <span class='ocrx_word' id='word_1_640' title='bbox 1433 5507 1647 5563; x_wconf 90' lang='lat' dir='ltr'><strong>semper</strong></span> <span class='ocrx_word' id='word_1_641' title='bbox 1673 5491 1960 5547; x_wconf 88' lang='lat' dir='ltr'><strong>undecimo</strong></span> 
     </span>
    </p>
   </div>
   <div class='ocr_carea' id='block_1_89' title="bbox 384 5582 1960 5653">
    <p class='ocr_par' dir='ltr' id='par_1_89' title="bbox 384 5582 1960 5653">
     <span class='ocr_line' id='line_1_89' title="bbox 384 5582 1960 5653; baseline 0.001 -17"><span class='ocrx_word' id='word_1_642' title='bbox 384 5582 501 5636; x_wconf 80' lang='lat' dir='ltr'><strong>Kal.</strong></span> <span class='ocrx_word' id='word_1_643' title='bbox 528 5583 727 5652; x_wconf 81' lang='lat' dir='ltr'><strong>Aprilis</strong></span> <span class='ocrx_word' id='word_1_644' title='bbox 745 5582 1086 5653; x_wconf 87' lang='lat' dir='ltr'><strong>reperiuntur</strong></span> <span class='ocrx_word' id='word_1_645' title='bbox 1109 5584 1160 5637; x_wconf 92' lang='lat' dir='ltr'><strong>in</strong></span> <span class='ocrx_word' id='word_1_646' title='bbox 1182 5586 1370 5639; x_wconf 88' lang='lat' dir='ltr'><strong>eadem</strong></span> <span class='ocrx_word' id='word_1_647' title='bbox 1393 5583 1538 5648; x_wconf 89' lang='lat' dir='ltr'><strong>luna,</strong></span> <span class='ocrx_word' id='word_1_648' title='bbox 1565 5598 1684 5652; x_wconf 77' lang='lat' dir='ltr'><strong>qua:</strong></span> <span class='ocrx_word' id='word_1_649' title='bbox 1704 5582 1867 5638; x_wconf 87' lang='lat' dir='ltr'><strong>fuerit</strong></span> <span class='ocrx_word' id='word_1_650' title='bbox 1895 5597 1960 5638; x_wconf 89' lang='lat' dir='ltr'><strong>eo</strong></span> 
     </span>
    </p>
   </div>
   <div class='ocr_carea' id='block_1_90' title="bbox 386 5671 1960 5728">
    <p class='ocr_par' dir='ltr' id='par_1_90' title="bbox 386 5671 1960 5728">
     <span class='ocr_line' id='line_1_90' title="bbox 386 5671 1960 5728; baseline 0.002 -3"><span class='ocrx_word' id='word_1_651' title='bbox 386 5672 489 5727; x_wconf 90' lang='lat' dir='ltr'><strong>die.</strong></span> <span class='ocrx_word' id='word_1_652' title='bbox 523 5671 878 5726; x_wconf 89' lang='lat' dir='ltr'><strong>Continentur</strong></span> <span class='ocrx_word' id='word_1_653' title='bbox 916 5681 1096 5728; x_wconf 87' lang='lat' dir='ltr'><strong>autem</strong></span> <span class='ocrx_word' id='word_1_654' title='bbox 1131 5673 1332 5728; x_wconf 89' lang='lat' dir='ltr'><strong>circulo</strong></span> <span class='ocrx_word' id='word_1_655' title='bbox 1366 5673 1781 5728; x_wconf 90' lang='lat' dir='ltr'><strong>decennovenali</strong></span> <span class='ocrx_word' id='word_1_656' title='bbox 1821 5691 1833 5727; x_wconf 92' lang='lat'><strong>:</strong></span> <span class='ocrx_word' id='word_1_657' title='bbox 1865 5673 1960 5728; x_wconf 91' lang='lat' dir='ltr'><strong>sed</strong></span> 
     </span>
    </p>
   </div>
   <div class='ocr_carea' id='block_1_91' title="bbox 387 5762 1964 5836">
    <p class='ocr_par' dir='ltr' id='par_1_91' title="bbox 387 5762 1964 5836">
     <span class='ocr_line' id='line_1_91' title="bbox 387 5762 1964 5836; baseline 0.003 -16"><span class='ocrx_word' id='word_1_658' title='bbox 387 5776 509 5820; x_wconf 87' lang='lat' dir='ltr'><strong>cum</strong></span> <span class='ocrx_word' id='word_1_659' title='bbox 537 5763 600 5817; x_wconf 87' lang='lat' dir='ltr'><strong>ad</strong></span> <span class='ocrx_word' id='word_1_660' title='bbox 629 5763 815 5834; x_wconf 87' lang='lat' dir='ltr'><strong>viginti</strong></span> <span class='ocrx_word' id='word_1_661' title='bbox 843 5779 1034 5820; x_wconf 90' lang='lat' dir='ltr'><strong>novem</strong></span> <span class='ocrx_word' id='word_1_662' title='bbox 1079 5773 1298 5835; x_wconf 87' lang='lat' dir='ltr'><strong>epactas</strong></span> <span class='ocrx_word' id='word_1_663' title='bbox 1340 5763 1715 5835; x_wconf 83' lang='lat' dir='ltr'><strong>pervenerint,</strong></span> <span class='ocrx_word' id='word_1_664' title='bbox 1754 5762 1964 5836; x_wconf 72' lang='lat' dir='ltr'><strong>quiest</strong></span> 
     </span>
    </p>
   </div>
   <div class='ocr_carea' id='block_1_92' title="bbox 2061 3300 3646 3373">
    <p class='ocr_par' dir='ltr' id='par_1_92' title="bbox 2061 3300 3646 3373">
     <span class='ocr_line' id='line_1_92' title="bbox 2061 3300 3646 3373; baseline 0.001 -16"><span class='ocrx_word' id='word_1_665' title='bbox 2061 3303 2196 3357; x_wconf 78' lang='lat' dir='ltr'><strong>dixit</strong></span> <span class='ocrx_word' id='word_1_666' title='bbox 2228 3319 2242 3356; x_wconf 92' lang='lat'>:</span> <span class='ocrx_word' id='word_1_667' title='bbox 2272 3301 2353 3355; x_wconf 82' lang='lat' dir='ltr'><strong>Ad</strong></span> <span class='ocrx_word' id='word_1_668' title='bbox 2390 3310 2440 3356; x_wconf 86' lang='lat' dir='ltr'><strong>te</strong></span> <span class='ocrx_word' id='word_1_669' title='bbox 2469 3302 2533 3356; x_wconf 83' lang='lat' dir='ltr'><strong>de</strong></span> <span class='ocrx_word' id='word_1_670' title='bbox 2562 3301 2676 3355; x_wconf 86' lang='lat' dir='ltr'><strong>luce</strong></span> <span class='ocrx_word' id='word_1_671' title='bbox 2722 3301 2874 3372; x_wconf 79' lang='lat' dir='ltr'><strong>vigilo</strong></span> <span class='ocrx_word' id='word_1_672' title='bbox 2928 3301 3141 3373; x_wconf 84' lang='lat' dir='ltr'><strong>(Ibid.).</strong></span> <span class='ocrx_word' id='word_1_673' title='bbox 3167 3300 3337 3358; x_wconf 81' lang='lat' dir='ltr'><strong>Recte</strong></span> <span class='ocrx_word' id='word_1_674' title='bbox 3381 3302 3646 3372; x_wconf 89' lang='lat' dir='ltr'><strong>siquidem</strong></span> 
     </span>
    </p>
   </div>
   <div class='ocr_carea' id='block_1_93' title="bbox 2062 3390 3650 3462">
    <p class='ocr_par' dir='ltr' id='par_1_93' title="bbox 2062 3390 3650 3462">
     <span class='ocr_line' id='line_1_93' title="bbox 2062 3390 3650 3462; baseline 0.001 -16"><span class='ocrx_word' id='word_1_675' title='bbox 2062 3391 2234 3447; x_wconf 84' lang='lat' dir='ltr'><strong>fidelis</strong></span> <span class='ocrx_word' id='word_1_676' title='bbox 2256 3393 2311 3447; x_wconf 92' lang='lat' dir='ltr'><strong>in</strong></span> <span class='ocrx_word' id='word_1_677' title='bbox 2337 3391 2615 3446; x_wconf 91' lang='lat' dir='ltr'><strong>matutinis</strong></span> <span class='ocrx_word' id='word_1_678' title='bbox 2659 3390 2867 3461; x_wconf 89' lang='lat' dir='ltr'><strong>vigilat,</strong></span> <span class='ocrx_word' id='word_1_679' title='bbox 2896 3391 3153 3461; x_wconf 90' lang='lat' dir='ltr'><strong>quoniam</strong></span> <span class='ocrx_word' id='word_1_680' title='bbox 3202 3405 3304 3446; x_wconf 91' lang='lat' dir='ltr'><strong>nec</strong></span> <span class='ocrx_word' id='word_1_681' title='bbox 3334 3390 3476 3447; x_wconf 90' lang='lat' dir='ltr'><strong>inter</strong></span> <span class='ocrx_word' id='word_1_682' title='bbox 3521 3406 3650 3462; x_wconf 92' lang='lat' dir='ltr'><strong>pro-</strong></span> 
     </span>
    </p>
   </div>
   <div class='ocr_carea' id='block_1_94' title="bbox 2062 3481 3648 3555">
    <p class='ocr_par' dir='ltr' id='par_1_94' title="bbox 2062 3481 3648 3555">
     <span class='ocr_line' id='line_1_94' title="bbox 2062 3481 3648 3555; baseline 0 -15"><span class='ocrx_word' id='word_1_683' title='bbox 2062 3500 2221 3555; x_wconf 89' lang='lat' dir='ltr'><strong>spera</strong></span> <span class='ocrx_word' id='word_1_684' title='bbox 2272 3499 2368 3539; x_wconf 89' lang='lat' dir='ltr'><strong>sua</strong></span> <span class='ocrx_word' id='word_1_685' title='bbox 2429 3483 2678 3539; x_wconf 90' lang='lat' dir='ltr'><strong>oblivisci</strong></span> <span class='ocrx_word' id='word_1_686' title='bbox 2725 3491 2938 3553; x_wconf 86' lang='lat' dir='ltr'><strong>poterat</strong></span> <span class='ocrx_word' id='word_1_687' title='bbox 2993 3481 3132 3538; x_wconf 90' lang='lat' dir='ltr'><strong>lucis</strong></span> <span class='ocrx_word' id='word_1_688' title='bbox 3196 3491 3498 3538; x_wconf 89' lang='lat' dir='ltr'><strong>auctorem.</strong></span> <span class='ocrx_word' id='word_1_689' title='bbox 3551 3483 3648 3541; x_wconf 83' lang='lat' dir='ltr'><strong>His</strong></span> 
     </span>
    </p>
   </div>
   <div class='ocr_carea' id='block_1_95' title="bbox 2060 3571 3646 3646">
    <p class='ocr_par' dir='ltr' id='par_1_95' title="bbox 2060 3571 3646 3646">
     <span class='ocr_line' id='line_1_95' title="bbox 2060 3571 3646 3646; baseline -0.001 -16"><span class='ocrx_word' id='word_1_690' title='bbox 2060 3574 2350 3646; x_wconf 86' lang='lat' dir='ltr'><strong>Apostolus</strong></span> <span class='ocrx_word' id='word_1_691' title='bbox 2376 3574 2546 3629; x_wconf 87' lang='lat' dir='ltr'><strong>dicit:</strong></span> <span class='ocrx_word' id='word_1_692' title='bbox 2585 3571 2689 3628; x_wconf 82' lang='lat' dir='ltr'><strong>Vos</strong></span> <span class='ocrx_word' id='word_1_693' title='bbox 2716 3575 2837 3627; x_wconf 85' lang='lat' dir='ltr'><strong>estis</strong></span> <span class='ocrx_word' id='word_1_694' title='bbox 2872 3572 2970 3642; x_wconf 77' lang='lat' dir='ltr'><strong>ﬁlii</strong></span> <span class='ocrx_word' id='word_1_695' title='bbox 3007 3571 3140 3627; x_wconf 81' lang='lat' dir='ltr'><strong>lucis</strong></span> <span class='ocrx_word' id='word_1_696' title='bbox 3196 3582 3247 3627; x_wconf 83' lang='lat' dir='ltr'><strong>et</strong></span> <span class='ocrx_word' id='word_1_697' title='bbox 3295 3573 3394 3641; x_wconf 78' lang='lat' dir='ltr'><strong>ﬁlii</strong></span> <span class='ocrx_word' id='word_1_698' title='bbox 3444 3574 3551 3628; x_wconf 82' lang='lat' dir='ltr'><strong>diei</strong></span> <span class='ocrx_word' id='word_1_699' title='bbox 3595 3573 3646 3646; x_wconf 92' lang='grc' dir='ltr'><strong>(ι</strong></span> 
     </span>
    </p>
   </div>
   <div class='ocr_carea' id='block_1_96' title="bbox 2063 3663 3645 3735">
    <p class='ocr_par' dir='ltr' id='par_1_96' title="bbox 2063 3663 3645 3735">
     <span class='ocr_line' id='line_1_96' title="bbox 2063 3663 3645 3735; baseline -0.001 -14"><span class='ocrx_word' id='word_1_700' title='bbox 2063 3665 2242 3721; x_wconf 85' lang='lat' dir='ltr'><strong>Thess.</strong></span> <span class='ocrx_word' id='word_1_701' title='bbox 2274 3665 2350 3735; x_wconf 87' lang='lat' dir='ltr'><strong>v).</strong></span> <span class='ocrx_word' id='word_1_702' title='bbox 2374 3664 2611 3731; x_wconf 86' lang='lat' dir='ltr'><strong>Quorum</strong></span> <span class='ocrx_word' id='word_1_703' title='bbox 2639 3663 2868 3718; x_wconf 93' lang='lat' dir='ltr'><strong>duorum</strong></span> <span class='ocrx_word' id='word_1_704' title='bbox 2895 3672 3201 3733; x_wconf 88' lang='lat' dir='ltr'><strong>temporum</strong></span> <span class='ocrx_word' id='word_1_705' title='bbox 3247 3663 3645 3734; x_wconf 78' lang='lat' dir='ltr'><strong>signiﬁcatione</strong></span> 
     </span>
    </p>
   </div>
   <div class='ocr_carea' id='block_1_97' title="bbox 2061 3752 3641 3824">
    <p class='ocr_par' dir='ltr' id='par_1_97' title="bbox 2061 3752 3641 3824">
     <span class='ocr_line' id='line_1_97' title="bbox 2061 3752 3641 3824; baseline -0.002 -12"><span class='ocrx_word' id='word_1_706' title='bbox 2061 3756 2383 3818; x_wconf 84' lang='lat' dir='ltr'><strong>ostenditur,</strong></span> <span class='ocrx_word' id='word_1_707' title='bbox 2407 3763 2467 3808; x_wconf 91' lang='lat' dir='ltr'><strong>ut</strong></span> <span class='ocrx_word' id='word_1_708' title='bbox 2499 3753 2586 3808; x_wconf 91' lang='lat' dir='ltr'><strong>die</strong></span> <span class='ocrx_word' id='word_1_709' title='bbox 2619 3767 2684 3808; x_wconf 90' lang='lat' dir='ltr'><strong>ac</strong></span> <span class='ocrx_word' id='word_1_710' title='bbox 2711 3760 2870 3808; x_wconf 89' lang='lat' dir='ltr'><strong>nocte</strong></span> <span class='ocrx_word' id='word_1_711' title='bbox 2920 3767 3134 3824; x_wconf 89' lang='lat' dir='ltr'><strong>semper</strong></span> <span class='ocrx_word' id='word_1_712' title='bbox 3185 3752 3328 3809; x_wconf 89' lang='lat' dir='ltr'><strong>Deus</strong></span> <span class='ocrx_word' id='word_1_713' title='bbox 3371 3752 3641 3809; x_wconf 83' lang='lat' dir='ltr'><strong>laudetur.</strong></span> 
     </span>
    </p>
   </div>
   <div class='ocr_carea' id='block_1_98' title="bbox 2065 3843 3646 3914">
    <p class='ocr_par' dir='ltr' id='par_1_98' title="bbox 2065 3843 3646 3914">
     <span class='ocr_line' id='line_1_98' title="bbox 2065 3843 3646 3914; baseline 0.001 -14"><span class='ocrx_word' id='word_1_714' title='bbox 2065 3846 2226 3902; x_wconf 86' lang='lat' dir='ltr'><strong>Missa</strong></span> <span class='ocrx_word' id='word_1_715' title='bbox 2285 3854 2524 3914; x_wconf 91' lang='lat' dir='ltr'><strong>tempore</strong></span> <span class='ocrx_word' id='word_1_716' title='bbox 2575 3843 2826 3899; x_wconf 87' lang='lat' dir='ltr'><strong>sacrificii</strong></span> <span class='ocrx_word' id='word_1_717' title='bbox 2883 3853 2986 3910; x_wconf 89' lang='lat' dir='ltr'><strong>est,</strong></span> <span class='ocrx_word' id='word_1_718' title='bbox 3026 3845 3243 3913; x_wconf 89' lang='lat' dir='ltr'><strong>quando</strong></span> <span class='ocrx_word' id='word_1_719' title='bbox 3272 3845 3646 3902; x_wconf 88' lang='lat' dir='ltr'><strong>catechumenl</strong></span> 
     </span>
    </p>
   </div>
   <div class='ocr_carea' id='block_1_99' title="bbox 2062 3934 3642 4007">
    <p class='ocr_par' dir='ltr' id='par_1_99' title="bbox 2062 3934 3642 4007">
     <span class='ocr_line' id='line_1_99' title="bbox 2062 3934 3642 4007; baseline 0 -15"><span class='ocrx_word' id='word_1_720' title='bbox 2062 3937 2210 3994; x_wconf 87' lang='lat' dir='ltr'><strong>foras</strong></span> <span class='ocrx_word' id='word_1_721' title='bbox 2234 3938 2542 4003; x_wconf 91' lang='lat' dir='ltr'><strong>mittuntur,</strong></span> <span class='ocrx_word' id='word_1_722' title='bbox 2570 3936 2841 3991; x_wconf 89' lang='lat' dir='ltr'><strong>clamante</strong></span> <span class='ocrx_word' id='word_1_723' title='bbox 2889 3934 3074 3991; x_wconf 90' lang='lat' dir='ltr'><strong>Levita</strong></span> <span class='ocrx_word' id='word_1_724' title='bbox 3103 3976 3117 3990; x_wconf 96' lang='lat'><strong>.</strong></span> <span class='ocrx_word' id='word_1_725' title='bbox 3149 3934 3209 3991; x_wconf 88' lang='lat' dir='ltr'><strong>Si</strong></span> <span class='ocrx_word' id='word_1_726' title='bbox 3245 3938 3360 4007; x_wconf 78' lang='lat' dir='ltr'><strong>quis</strong></span> <span class='ocrx_word' id='word_1_727' title='bbox 3397 3937 3642 3992; x_wconf 72' lang='lat' dir='ltr'><strong>catechu-</strong></span> 
     </span>
    </p>
   </div>
   <div class='ocr_carea' id='block_1_100' title="bbox 2061 4027 3642 4098">
    <p class='ocr_par' dir='ltr' id='par_1_100' title="bbox 2061 4027 3642 4098">
     <span class='ocr_line' id='line_1_100' title="bbox 2061 4027 3642 4098; baseline -0.001 -13"><span class='ocrx_word' id='word_1_728' title='bbox 2061 4047 2242 4085; x_wconf 86' lang='lat' dir='ltr'><strong>menus</strong></span> <span class='ocrx_word' id='word_1_729' title='bbox 2272 4030 2540 4094; x_wconf 73' lang='lat' dir='ltr'><strong>remansit,</strong></span> <span class='ocrx_word' id='word_1_730' title='bbox 2569 4037 2716 4083; x_wconf 76' lang='lat' dir='ltr'><strong>exeat</strong></span> <span class='ocrx_word' id='word_1_731' title='bbox 2740 4028 2908 4098; x_wconf 77' lang='lat' dir='ltr'><strong>foras,</strong></span> <span class='ocrx_word' id='word_1_732' title='bbox 2933 4035 2991 4082; x_wconf 91' lang='lat' dir='ltr'><strong>et</strong></span> <span class='ocrx_word' id='word_1_733' title='bbox 3016 4027 3144 4083; x_wconf 90' lang='lat' dir='ltr'><strong>inde</strong></span> <span class='ocrx_word' id='word_1_734' title='bbox 3169 4028 3359 4094; x_wconf 88' lang='lat' dir='ltr'><strong>missa,</strong></span> <span class='ocrx_word' id='word_1_735' title='bbox 3389 4029 3518 4098; x_wconf 90' lang='lat' dir='ltr'><strong>quia</strong></span> <span class='ocrx_word' id='word_1_736' title='bbox 3541 4029 3642 4098; x_wconf 77' lang='lat' dir='ltr'><strong>sa-</strong></span> 
     </span>
    </p>
   </div>
   <div class='ocr_carea' id='block_1_101' title="bbox 2062 4117 3643 4187">
    <p class='ocr_par' dir='ltr' id='par_1_101' title="bbox 2062 4117 3643 4187">
     <span class='ocr_line' id='line_1_101' title="bbox 2062 4117 3643 4187; baseline 0.002 -14"><span class='ocrx_word' id='word_1_737' title='bbox 2062 4119 2358 4174; x_wconf 90' lang='lat' dir='ltr'><strong>cramentis</strong></span> <span class='ocrx_word' id='word_1_738' title='bbox 2381 4117 2568 4172; x_wconf 87' lang='lat' dir='ltr'><strong>altaris</strong></span> <span class='ocrx_word' id='word_1_739' title='bbox 2595 4117 2858 4173; x_wconf 88' lang='lat' dir='ltr'><strong>interesse</strong></span> <span class='ocrx_word' id='word_1_740' title='bbox 2879 4131 2987 4173; x_wconf 90' lang='lat' dir='ltr'><strong>non</strong></span> <span class='ocrx_word' id='word_1_741' title='bbox 3015 4124 3262 4187; x_wconf 88' lang='lat' dir='ltr'><strong>possunt,</strong></span> <span class='ocrx_word' id='word_1_742' title='bbox 3286 4117 3378 4186; x_wconf 92' lang='lat' dir='ltr'><strong>qui</strong></span> <span class='ocrx_word' id='word_1_743' title='bbox 3404 4120 3643 4176; x_wconf 92' lang='lat' dir='ltr'><strong>nondum</strong></span> 
     </span>
    </p>
   </div>
   <div class='ocr_carea' id='block_1_102' title="bbox 2062 4207 3647 4280">
    <p class='ocr_par' dir='ltr' id='par_1_102' title="bbox 2062 4207 3647 4280">
     <span class='ocr_line' id='line_1_102' title="bbox 2062 4207 3647 4280; baseline 0.001 -16"><span class='ocrx_word' id='word_1_744' title='bbox 2062 4209 2368 4280; x_wconf 90' lang='lat' dir='ltr'><strong>regenerati</strong></span> <span class='ocrx_word' id='word_1_745' title='bbox 2414 4214 2733 4264; x_wconf 89' lang='lat' dir='ltr'><strong>noscuntur.</strong></span> <span class='ocrx_word' id='word_1_746' title='bbox 2766 4207 2976 4263; x_wconf 88' lang='lat' dir='ltr'><strong>Chorus</strong></span> <span class='ocrx_word' id='word_1_747' title='bbox 3005 4215 3089 4262; x_wconf 90' lang='lat' dir='ltr'><strong>est</strong></span> <span class='ocrx_word' id='word_1_748' title='bbox 3140 4207 3427 4263; x_wconf 86' lang='lat' dir='ltr'><strong>multitudo</strong></span> <span class='ocrx_word' id='word_1_749' title='bbox 3471 4224 3527 4263; x_wconf 91' lang='lat' dir='ltr'><strong>m</strong></span> <span class='ocrx_word' id='word_1_750' title='bbox 3569 4223 3647 4265; x_wconf 83' lang='lat' dir='ltr'><strong>sa-</strong></span> 
     </span>
    </p>
   </div>
   <div class='ocr_carea' id='block_1_103' title="bbox 2062 4297 3643 4367">
    <p class='ocr_par' dir='ltr' id='par_1_103' title="bbox 2062 4297 3643 4367">
     <span class='ocr_line' id='line_1_103' title="bbox 2062 4297 3643 4367; baseline 0.001 -13"><span class='ocrx_word' id='word_1_751' title='bbox 2062 4301 2172 4355; x_wconf 89' lang='lat' dir='ltr'><strong>cris</strong></span> <span class='ocrx_word' id='word_1_752' title='bbox 2213 4299 2458 4364; x_wconf 90' lang='lat' dir='ltr'><strong>collecta,</strong></span> <span class='ocrx_word' id='word_1_753' title='bbox 2490 4307 2544 4353; x_wconf 88' lang='lat' dir='ltr'><strong>et</strong></span> <span class='ocrx_word' id='word_1_754' title='bbox 2600 4298 2776 4353; x_wconf 87' lang='lat' dir='ltr'><strong>dictus</strong></span> <span class='ocrx_word' id='word_1_755' title='bbox 2832 4298 3051 4362; x_wconf 92' lang='lat' dir='ltr'><strong>chorus,</strong></span> <span class='ocrx_word' id='word_1_756' title='bbox 3081 4297 3224 4367; x_wconf 87' lang='lat' dir='ltr'><strong>quod</strong></span> <span class='ocrx_word' id='word_1_757' title='bbox 3278 4299 3334 4352; x_wconf 92' lang='lat' dir='ltr'><strong>in</strong></span> <span class='ocrx_word' id='word_1_758' title='bbox 3387 4298 3544 4354; x_wconf 91' lang='lat' dir='ltr'><strong>initio</strong></span> <span class='ocrx_word' id='word_1_759' title='bbox 3592 4300 3643 4355; x_wconf 90' lang='lat' dir='ltr'><strong>in</strong></span> 
     </span>
    </p>
   </div>
   <div class='ocr_carea' id='block_1_104' title="bbox 2062 4389 3646 4462">
    <p class='ocr_par' dir='ltr' id='par_1_104' title="bbox 2062 4389 3646 4462">
     <span class='ocr_line' id='line_1_104' title="bbox 2062 4389 3646 4462; baseline 0 -16"><span class='ocrx_word' id='word_1_760' title='bbox 2062 4392 2280 4448; x_wconf 91' lang='lat' dir='ltr'><strong>modum</strong></span> <span class='ocrx_word' id='word_1_761' title='bbox 2309 4405 2525 4446; x_wconf 76' lang='lat' dir='ltr'><strong>coronae</strong></span> <span class='ocrx_word' id='word_1_762' title='bbox 2576 4390 2782 4446; x_wconf 91' lang='lat' dir='ltr'><strong>circum</strong></span> <span class='ocrx_word' id='word_1_763' title='bbox 2821 4404 2945 4445; x_wconf 89' lang='lat' dir='ltr'><strong>aras</strong></span> <span class='ocrx_word' id='word_1_764' title='bbox 2993 4395 3222 4444; x_wconf 89' lang='lat' dir='ltr'><strong>starent.</strong></span> <span class='ocrx_word' id='word_1_765' title='bbox 3267 4389 3372 4444; x_wconf 88' lang='lat' dir='ltr'><strong>Alii</strong></span> <span class='ocrx_word' id='word_1_766' title='bbox 3419 4391 3646 4462; x_wconf 81' lang='lat' dir='ltr'><strong>chorum</strong></span> 
     </span>
    </p>
   </div>
   <div class='ocr_carea' id='block_1_105' title="bbox 2063 4481 3641 4552">
    <p class='ocr_par' dir='ltr' id='par_1_105' title="bbox 2063 4481 3641 4552">
     <span class='ocr_line' id='line_1_105' title="bbox 2063 4481 3641 4552; baseline 0 -14"><span class='ocrx_word' id='word_1_767' title='bbox 2063 4484 2371 4538; x_wconf 77' lang='lat' dir='ltr'><strong>dixerunta</strong></span> <span class='ocrx_word' id='word_1_768' title='bbox 2422 4481 2728 4547; x_wconf 85' lang='lat' dir='ltr'><strong>concordia,</strong></span> <span class='ocrx_word' id='word_1_769' title='bbox 2757 4496 2877 4552; x_wconf 70' lang='lat' dir='ltr'><strong>qua:</strong></span> <span class='ocrx_word' id='word_1_770' title='bbox 2924 4481 2980 4535; x_wconf 88' lang='lat' dir='ltr'><strong>in</strong></span> <span class='ocrx_word' id='word_1_771' title='bbox 3035 4481 3305 4536; x_wconf 89' lang='lat' dir='ltr'><strong>charitate</strong></span> <span class='ocrx_word' id='word_1_772' title='bbox 3350 4482 3641 4538; x_wconf 88' lang='lat' dir='ltr'><strong>consistit:</strong></span> 
     </span>
    </p>
   </div>
   <div class='ocr_carea' id='block_1_106' title="bbox 2062 4572 3642 4646">
    <p class='ocr_par' dir='ltr' id='par_1_106' title="bbox 2062 4572 3642 4646">
     <span class='ocr_line' id='line_1_106' title="bbox 2062 4572 3642 4646; baseline 0.001 -16"><span class='ocrx_word' id='word_1_773' title='bbox 2062 4575 2191 4646; x_wconf 92' lang='lat' dir='ltr'><strong>quia</strong></span> <span class='ocrx_word' id='word_1_774' title='bbox 2216 4574 2261 4630; x_wconf 89' lang='lat' dir='ltr'><strong>si</strong></span> <span class='ocrx_word' id='word_1_775' title='bbox 2306 4574 2626 4630; x_wconf 89' lang='lat' dir='ltr'><strong>charitatem</strong></span> <span class='ocrx_word' id='word_1_776' title='bbox 2678 4587 2788 4629; x_wconf 90' lang='lat' dir='ltr'><strong>non</strong></span> <span class='ocrx_word' id='word_1_777' title='bbox 2817 4572 3032 4638; x_wconf 86' lang='lat' dir='ltr'><strong>habeat,</strong></span> <span class='ocrx_word' id='word_1_778' title='bbox 3071 4573 3400 4642; x_wconf 89' lang='lat' dir='ltr'><strong>respondere</strong></span> <span class='ocrx_word' id='word_1_779' title='bbox 3447 4589 3642 4631; x_wconf 83' lang='lat' dir='ltr'><strong>conve-</strong></span> 
     </span>
    </p>
   </div>
   <div class='ocr_carea' id='block_1_107' title="bbox 2061 4664 3647 4736">
    <p class='ocr_par' dir='ltr' id='par_1_107' title="bbox 2061 4664 3647 4736">
     <span class='ocr_line' id='line_1_107' title="bbox 2061 4664 3647 4736; baseline 0.001 -14"><span class='ocrx_word' id='word_1_780' title='bbox 2061 4668 2279 4724; x_wconf 91' lang='lat' dir='ltr'><strong>nienter</strong></span> <span class='ocrx_word' id='word_1_781' title='bbox 2308 4681 2414 4722; x_wconf 92' lang='lat' dir='ltr'><strong>non</strong></span> <span class='ocrx_word' id='word_1_782' title='bbox 2443 4673 2641 4736; x_wconf 90' lang='lat' dir='ltr'><strong>potest.</strong></span> <span class='ocrx_word' id='word_1_783' title='bbox 2668 4664 2802 4721; x_wconf 91' lang='lat' dir='ltr'><strong>Cum</strong></span> <span class='ocrx_word' id='word_1_784' title='bbox 2854 4673 3036 4722; x_wconf 88' lang='lat' dir='ltr'><strong>autem</strong></span> <span class='ocrx_word' id='word_1_785' title='bbox 3096 4680 3235 4722; x_wconf 90' lang='lat' dir='ltr'><strong>unus</strong></span> <span class='ocrx_word' id='word_1_786' title='bbox 3282 4666 3430 4722; x_wconf 89' lang='lat' dir='ltr'><strong>canit</strong></span> <span class='ocrx_word' id='word_1_787' title='bbox 3456 4665 3647 4724; x_wconf 61' lang='lat' dir='ltr'><strong>Graece</strong></span> 
     </span>
    </p>
   </div>
   <div class='ocr_carea' id='block_1_108' title="bbox 2062 4759 3648 4827">
    <p class='ocr_par' dir='ltr' id='par_1_108' title="bbox 2062 4759 3648 4827">
     <span class='ocr_line' id='line_1_108' title="bbox 2062 4759 3648 4827; baseline -0.002 -12"><span class='ocrx_word' id='word_1_788' title='bbox 2062 4761 2338 4827; x_wconf 90' lang='lat' dir='ltr'><strong>monodia,</strong></span> <span class='ocrx_word' id='word_1_789' title='bbox 2388 4761 2554 4815; x_wconf 91' lang='lat' dir='ltr'><strong>latine</strong></span> <span class='ocrx_word' id='word_1_790' title='bbox 2604 4759 2855 4815; x_wconf 89' lang='lat' dir='ltr'><strong>sicinium</strong></span> <span class='ocrx_word' id='word_1_791' title='bbox 2910 4759 3152 4814; x_wconf 87' lang='lat' dir='ltr'><strong>dicitur:</strong></span> <span class='ocrx_word' id='word_1_792' title='bbox 3194 4772 3318 4814; x_wconf 89' lang='lat' dir='ltr'><strong>cum</strong></span> <span class='ocrx_word' id='word_1_793' title='bbox 3362 4772 3496 4813; x_wconf 87' lang='lat' dir='ltr'><strong>vero</strong></span> <span class='ocrx_word' id='word_1_794' title='bbox 3546 4759 3648 4813; x_wconf 92' lang='lat' dir='ltr'><strong>duo</strong></span> 
     </span>
    </p>
   </div>
   <div class='ocr_carea' id='block_1_109' title="bbox 2063 4848 3645 4922">
    <p class='ocr_par' dir='ltr' id='par_1_109' title="bbox 2063 4848 3645 4922">
     <span class='ocr_line' id='line_1_109' title="bbox 2063 4848 3645 4922; baseline -0.003 -16"><span class='ocrx_word' id='word_1_795' title='bbox 2063 4859 2288 4917; x_wconf 91' lang='lat' dir='ltr'><strong>canunt,</strong></span> <span class='ocrx_word' id='word_1_796' title='bbox 2349 4851 2609 4906; x_wconf 89' lang='lat' dir='ltr'><strong>bicinium</strong></span> <span class='ocrx_word' id='word_1_797' title='bbox 2655 4849 2996 4922; x_wconf 87' lang='lat' dir='ltr'><strong>appellatur:</strong></span> <span class='ocrx_word' id='word_1_798' title='bbox 3028 4864 3152 4904; x_wconf 91' lang='lat' dir='ltr'><strong>cum</strong></span> <span class='ocrx_word' id='word_1_799' title='bbox 3193 4848 3370 4914; x_wconf 85' lang='lat' dir='ltr'><strong>multi,</strong></span> <span class='ocrx_word' id='word_1_800' title='bbox 3426 4849 3645 4904; x_wconf 88' lang='lat' dir='ltr'><strong>chorus.</strong></span> 
     </span>
    </p>
   </div>
   <div class='ocr_carea' id='block_1_110' title="bbox 2061 4939 3644 5011">
    <p class='ocr_par' dir='ltr' id='par_1_110' title="bbox 2061 4939 3644 5011">
     <span class='ocr_line' id='line_1_110' title="bbox 2061 4939 3644 5011; baseline -0.002 -15"><span class='ocrx_word' id='word_1_801' title='bbox 2061 4939 2268 4996; x_wconf 89' lang='lat' dir='ltr'><strong>Chorus</strong></span> <span class='ocrx_word' id='word_1_802' title='bbox 2296 4947 2379 4995; x_wconf 89' lang='lat' dir='ltr'><strong>est</strong></span> <span class='ocrx_word' id='word_1_803' title='bbox 2402 4940 2755 5011; x_wconf 88' lang='lat' dir='ltr'><strong>plurimarum</strong></span> <span class='ocrx_word' id='word_1_804' title='bbox 2785 4954 2978 4995; x_wconf 89' lang='lat' dir='ltr'><strong>vocum</strong></span> <span class='ocrx_word' id='word_1_805' title='bbox 3008 4939 3076 4994; x_wconf 89' lang='lat' dir='ltr'><strong>ad</strong></span> <span class='ocrx_word' id='word_1_806' title='bbox 3107 4939 3394 4994; x_wconf 84' lang='lat' dir='ltr'><strong>suavitatis</strong></span> <span class='ocrx_word' id='word_1_807' title='bbox 3420 4940 3644 4994; x_wconf 87' lang='lat' dir='ltr'><strong>modum</strong></span> 
     </span>
    </p>
   </div>
   <div class='ocr_carea' id='block_1_111' title="bbox 2065 5027 3651 5100">
    <p class='ocr_par' dir='ltr' id='par_1_111' title="bbox 2065 5027 3651 5100">
     <span class='ocr_line' id='line_1_111' title="bbox 2065 5027 3651 5100; baseline -0.004 -14"><span class='ocrx_word' id='word_1_808' title='bbox 2065 5039 2363 5100; x_wconf 89' lang='lat' dir='ltr'><strong>temperata</strong></span> <span class='ocrx_word' id='word_1_809' title='bbox 2397 5029 2641 5086; x_wconf 89' lang='lat' dir='ltr'><strong>collectio</strong></span> <span class='ocrx_word' id='word_1_810' title='bbox 2665 5031 2731 5085; x_wconf 90' lang='lat' dir='ltr'><strong>de</strong></span> <span class='ocrx_word' id='word_1_811' title='bbox 2771 5045 2877 5100; x_wconf 93' lang='lat' dir='ltr'><strong>quo</strong></span> <span class='ocrx_word' id='word_1_812' title='bbox 2904 5038 2960 5085; x_wconf 92' lang='lat' dir='ltr'><strong>et</strong></span> <span class='ocrx_word' id='word_1_813' title='bbox 3005 5028 3295 5084; x_wconf 86' lang='lat' dir='ltr'><strong>Psalmista</strong></span> <span class='ocrx_word' id='word_1_814' title='bbox 3343 5028 3421 5082; x_wconf 84' lang='lat' dir='ltr'><strong>ait</strong></span> <span class='ocrx_word' id='word_1_815' title='bbox 3453 5046 3465 5080; x_wconf 92' lang='lat'><strong>:</strong></span> <span class='ocrx_word' id='word_1_816' title='bbox 3501 5027 3651 5081; x_wconf 72' lang='lat' dir='ltr'><strong>Lau-</strong></span> 
     </span>
    </p>
   </div>
   <div class='ocr_carea' id='block_1_112' title="bbox 2064 5117 3649 5190">
    <p class='ocr_par' dir='ltr' id='par_1_112' title="bbox 2064 5117 3649 5190">
     <span class='ocr_line' id='line_1_112' title="bbox 2064 5117 3649 5190; baseline -0.003 -15"><span class='ocrx_word' id='word_1_817' title='bbox 2064 5121 2188 5176; x_wconf 86' lang='lat' dir='ltr'><strong>dent</strong></span> <span class='ocrx_word' id='word_1_818' title='bbox 2215 5137 2403 5175; x_wconf 87' lang='lat' dir='ltr'><strong>nomen</strong></span> <span class='ocrx_word' id='word_1_819' title='bbox 2452 5121 2567 5190; x_wconf 85' lang='lat' dir='ltr'><strong>ejus</strong></span> <span class='ocrx_word' id='word_1_820' title='bbox 2609 5121 2665 5173; x_wconf 90' lang='lat' dir='ltr'><strong>in</strong></span> <span class='ocrx_word' id='word_1_821' title='bbox 2709 5120 2888 5188; x_wconf 68' lang='lat' dir='ltr'><strong>choro,</strong></span> <span class='ocrx_word' id='word_1_822' title='bbox 2916 5121 2973 5174; x_wconf 86' lang='lat' dir='ltr'><strong>in</strong></span> <span class='ocrx_word' id='word_1_823' title='bbox 3023 5128 3268 5190; x_wconf 76' lang='lat' dir='ltr'><strong>tympano</strong></span> <span class='ocrx_word' id='word_1_824' title='bbox 3304 5126 3353 5172; x_wconf 87' lang='lat' dir='ltr'><strong>et</strong></span> <span class='ocrx_word' id='word_1_825' title='bbox 3395 5117 3649 5187; x_wconf 75' lang='lat' dir='ltr'><strong>psalterio</strong></span> 
     </span>
    </p>
   </div>
   <div class='ocr_carea' id='block_1_113' title="bbox 2064 5206 3650 5283">
    <p class='ocr_par' dir='ltr' id='par_1_113' title="bbox 2064 5206 3650 5283">
     <span class='ocr_line' id='line_1_113' title="bbox 2064 5206 3650 5283; baseline -0.004 -17"><span class='ocrx_word' id='word_1_826' title='bbox 2064 5211 2294 5283; x_wconf 77' lang='lat' dir='ltr'><strong>psallunt</strong></span> <span class='ocrx_word' id='word_1_827' title='bbox 2323 5212 2370 5265; x_wconf 84' lang='lat' dir='ltr'><strong>ei</strong></span> <span class='ocrx_word' id='word_1_828' title='bbox 2421 5209 2592 5281; x_wconf 85' lang='lat' dir='ltr'><strong>(Psal.</strong></span> <span class='ocrx_word' id='word_1_829' title='bbox 2619 5211 2821 5281; x_wconf 80' lang='lat' dir='ltr'><strong>cxux).</strong></span> <span class='ocrx_word' id='word_1_830' title='bbox 2863 5209 3018 5265; x_wconf 86' lang='lat' dir='ltr'><strong>Nunc</strong></span> <span class='ocrx_word' id='word_1_831' title='bbox 3062 5208 3214 5274; x_wconf 89' lang='lat' dir='ltr'><strong>dicit,</strong></span> <span class='ocrx_word' id='word_1_832' title='bbox 3242 5207 3299 5263; x_wconf 90' lang='lat' dir='ltr'><strong>in</strong></span> <span class='ocrx_word' id='word_1_833' title='bbox 3336 5206 3504 5262; x_wconf 90' lang='lat' dir='ltr'><strong>choro</strong></span> <span class='ocrx_word' id='word_1_834' title='bbox 3551 5221 3650 5261; x_wconf 87' lang='lat' dir='ltr'><strong>no-</strong></span> 
     </span>
    </p>
   </div>
   <div class='ocr_carea' id='block_1_114' title="bbox 2064 5295 3647 5366">
    <p class='ocr_par' dir='ltr' id='par_1_114' title="bbox 2064 5295 3647 5366">
     <span class='ocr_line' id='line_1_114' title="bbox 2064 5295 3647 5366; baseline -0.006 -8"><span class='ocrx_word' id='word_1_835' title='bbox 2064 5317 2191 5358; x_wconf 89' lang='lat' dir='ltr'><strong>men</strong></span> <span class='ocrx_word' id='word_1_836' title='bbox 2217 5301 2429 5356; x_wconf 89' lang='lat' dir='ltr'><strong>Domini</strong></span> <span class='ocrx_word' id='word_1_837' title='bbox 2451 5314 2570 5356; x_wconf 89' lang='lat' dir='ltr'><strong>esse</strong></span> <span class='ocrx_word' id='word_1_838' title='bbox 2611 5299 2962 5354; x_wconf 90' lang='lat' dir='ltr'><strong>laudandum.</strong></span> <span class='ocrx_word' id='word_1_839' title='bbox 2989 5297 3050 5353; x_wconf 88' lang='lat' dir='ltr'><strong>In</strong></span> <span class='ocrx_word' id='word_1_840' title='bbox 3101 5297 3268 5352; x_wconf 92' lang='lat' dir='ltr'><strong>choro</strong></span> <span class='ocrx_word' id='word_1_841' title='bbox 3315 5295 3522 5366; x_wconf 89' lang='lat' dir='ltr'><strong>utique,</strong></span> <span class='ocrx_word' id='word_1_842' title='bbox 3554 5295 3647 5364; x_wconf 90' lang='lat' dir='ltr'><strong>qui</strong></span> 
     </span>
    </p>
   </div>
   <div class='ocr_carea' id='block_1_115' title="bbox 2059 5386 3644 5465">
    <p class='ocr_par' dir='ltr' id='par_1_115' title="bbox 2059 5386 3644 5465">
     <span class='ocr_line' id='line_1_115' title="bbox 2059 5386 3644 5465; baseline -0.006 -17"><span class='ocrx_word' id='word_1_843' title='bbox 2059 5394 2173 5465; x_wconf 88' lang='lat' dir='ltr'><strong>iam</strong></span> <span class='ocrx_word' id='word_1_844' title='bbox 2225 5392 2426 5448; x_wconf 90' lang='lat' dir='ltr'><strong>nullam</strong></span> <span class='ocrx_word' id='word_1_845' title='bbox 2472 5392 2678 5461; x_wconf 88' lang='lat' dir='ltr'><strong>patitur</strong></span> <span class='ocrx_word' id='word_1_846' title='bbox 2704 5391 3118 5462; x_wconf 85' lang='lat' dir='ltr'><strong>dispersionem,</strong></span> <span class='ocrx_word' id='word_1_847' title='bbox 3151 5386 3357 5444; x_wconf 87' lang='lat' dir='ltr'><strong>nullum</strong></span> <span class='ocrx_word' id='word_1_848' title='bbox 3402 5386 3644 5451; x_wconf 76' lang='lat' dir='ltr'><strong>taedium,</strong></span> 
     </span>
    </p>
   </div>
   <div class='ocr_carea' id='block_1_116' title="bbox 2065 5476 3647 5549">
    <p class='ocr_par' dir='ltr' id='par_1_116' title="bbox 2065 5476 3647 5549">
     <span class='ocr_line' id='line_1_116' title="bbox 2065 5476 3647 5549; baseline -0.006 -9"><span class='ocrx_word' id='word_1_849' title='bbox 2065 5485 2274 5540; x_wconf 91' lang='lat' dir='ltr'><strong>nullum</strong></span> <span class='ocrx_word' id='word_1_850' title='bbox 2297 5482 2640 5539; x_wconf 89' lang='lat' dir='ltr'><strong>scandalum:</strong></span> <span class='ocrx_word' id='word_1_851' title='bbox 2659 5483 2752 5537; x_wconf 89' lang='lat' dir='ltr'><strong>sed</strong></span> <span class='ocrx_word' id='word_1_852' title='bbox 2772 5480 3091 5536; x_wconf 80' lang='lat' dir='ltr'><strong>meritorum</strong></span> <span class='ocrx_word' id='word_1_853' title='bbox 3102 5479 3374 5549; x_wconf 81' lang='lat' dir='ltr'><strong>probitate</strong></span> <span class='ocrx_word' id='word_1_854' title='bbox 3390 5476 3647 5532; x_wconf 87' lang='lat' dir='ltr'><strong>collectus</strong></span> 
     </span>
    </p>
   </div>
   <div class='ocr_carea' id='block_1_117' title="bbox 2067 5570 3648 5646">
    <p class='ocr_par' dir='ltr' id='par_1_117' title="bbox 2067 5570 3648 5646">
     <span class='ocr_line' id='line_1_117' title="bbox 2067 5570 3648 5646; baseline -0.006 -13"><span class='ocrx_word' id='word_1_855' title='bbox 2067 5577 2384 5633; x_wconf 89' lang='lat' dir='ltr'><strong>charissima</strong></span> <span class='ocrx_word' id='word_1_856' title='bbox 2413 5591 2623 5646; x_wconf 89' lang='lat' dir='ltr'><strong>semper</strong></span> <span class='ocrx_word' id='word_1_857' title='bbox 2644 5574 2849 5628; x_wconf 88' lang='lat' dir='ltr'><strong>unitate</strong></span> <span class='ocrx_word' id='word_1_858' title='bbox 2874 5573 3139 5630; x_wconf 89' lang='lat' dir='ltr'><strong>consistit.</strong></span> <span class='ocrx_word' id='word_1_859' title='bbox 3157 5570 3451 5641; x_wconf 83' lang='lat' dir='ltr'><strong>Sedqnalis</strong></span> <span class='ocrx_word' id='word_1_860' title='bbox 3476 5585 3648 5639; x_wconf 79' lang='lat' dir='ltr'><strong>quan-</strong></span> 
     </span>
    </p>
   </div>
   <div class='ocr_carea' id='block_1_118' title="bbox 2067 5659 3644 5738">
    <p class='ocr_par' dir='ltr' id='par_1_118' title="bbox 2067 5659 3644 5738">
     <span class='ocr_line' id='line_1_118' title="bbox 2067 5659 3644 5738; baseline -0.008 -14"><span class='ocrx_word' id='word_1_861' title='bbox 2067 5678 2260 5738; x_wconf 89' lang='lat' dir='ltr'><strong>tusque</strong></span> <span class='ocrx_word' id='word_1_862' title='bbox 2298 5670 2369 5723; x_wconf 84' lang='lat' dir='ltr'><strong>sit</strong></span> <span class='ocrx_word' id='word_1_863' title='bbox 2423 5669 2527 5722; x_wconf 89' lang='lat' dir='ltr'><strong>iste</strong></span> <span class='ocrx_word' id='word_1_864' title='bbox 2580 5667 2800 5729; x_wconf 90' lang='lat' dir='ltr'><strong>chorus,</strong></span> <span class='ocrx_word' id='word_1_865' title='bbox 2838 5664 2974 5720; x_wconf 90' lang='lat' dir='ltr'><strong>alius</strong></span> <span class='ocrx_word' id='word_1_866' title='bbox 3015 5661 3256 5734; x_wconf 88' lang='lat' dir='ltr'><strong>psalmus</strong></span> <span class='ocrx_word' id='word_1_867' title='bbox 3301 5661 3520 5731; x_wconf 79' lang='lat' dir='ltr'><strong>exponit</strong></span> <span class='ocrx_word' id='word_1_868' title='bbox 3552 5677 3565 5712; x_wconf 90' lang='lat'><strong>:</strong></span> <span class='ocrx_word' id='word_1_869' title='bbox 3598 5659 3644 5712; x_wconf 85' lang='grc' dir='ltr'><strong><em>Α</em></strong></span> 
     </span>
    </p>
   </div>
   <div class='ocr_carea' id='block_1_119' title="bbox 2067 5747 3645 5830">
    <p class='ocr_par' dir='ltr' id='par_1_119' title="bbox 2067 5747 3645 5830">
     <span class='ocr_line' id='line_1_119' title="bbox 2067 5747 3645 5830; baseline -0.011 -11"><span class='ocrx_word' id='word_1_870' title='bbox 2067 5761 2192 5819; x_wconf 81' lang='lat' dir='ltr'><strong>solis</strong></span> <span class='ocrx_word' id='word_1_871' title='bbox 2219 5771 2337 5815; x_wconf 85' lang='lat' dir='ltr'><strong>ortu</strong></span> <span class='ocrx_word' id='word_1_872' title='bbox 2387 5775 2547 5830; x_wconf 85' lang='lat' dir='ltr'><strong>usque</strong></span> <span class='ocrx_word' id='word_1_873' title='bbox 2571 5757 2640 5812; x_wconf 83' lang='lat' dir='ltr'><strong>ad</strong></span> <span class='ocrx_word' id='word_1_874' title='bbox 2673 5772 2915 5812; x_wconf 71' lang='lat' dir='ltr'><strong>occasum</strong></span> <span class='ocrx_word' id='word_1_875' title='bbox 2942 5754 3158 5810; x_wconf 80' lang='lat' dir='ltr'><strong>laudate</strong></span> <span class='ocrx_word' id='word_1_876' title='bbox 3188 5768 3374 5809; x_wconf 84' lang='lat' dir='ltr'><strong>nomen</strong></span> <span class='ocrx_word' id='word_1_877' title='bbox 3429 5747 3645 5805; x_wconf 84' lang='lat' dir='ltr'><strong>Domini</strong></span> 
     </span>
    </p>
   </div>
  </div>
