3896 6326
218 397 324 456 129

1220 384 1310 444 DE
1346 381 1696 444 UNIVERSO
1733 377 1912 437 LIBRI
1946 378 2111 436 XXII.
2150 407 2222 420 --
2260 373 2390 432 LIB.
2427 373 2492 430 ν.

3372 374 3475 432 130

222 512 400 586 (Psa..
427 511 591 580 cxu).
618 507 929 577 Antiphona
952 519 1020 559 ex
1057 502 1246 558 Graeco
1269 501 1677 569 interpretatur,
1703 510 1801 548 vos:
1833 502 1883 558 Α
1908 494 2022 549 rius
2060 493 2254 563 linguze
2279 487 2718 559 interpretatione
2745 487 2799 543 in
2829 494 2943 544 toto
2965 489 3198 543 transire
3240 501 3345 543 non
3383 503 3480 560 po.

227 604 519 673 reciproca,
551 598 758 653 duobus
787 595 990 652 scilicet
1014 593 1194 650 choris
1230 590 1537 647 alternatim
1567 587 1805 658 psallen-

231 691 374 749 tihus
410 689 607 744 ordine
662 695 1013 752 commutato,
1053 687 1166 740 sive
1221 685 1289 738 de
1327 697 1435 737 uno
1482 680 1551 735 ad
1597 692 1805 733 unum:

231 781 375 854 quod
428 793 598 849 genus
655 777 918 849 psallendi
963 775 1181 831 Grazcos
1241 772 1508 828 invenisse
1567 770 1806 825 tradunt.

233 869 595 940 Responsoria
652 868 771 924 Itali
817 866 1185 931 tradiderunt,
1239 878 1360 933 quae
1415 860 1539 917 inde
1587 873 1812 929 respon-

233 961 379 1017 soria
435 969 695 1016 canentes
718 965 936 1022 vocant,
961 955 1105 1025 quod
1126 953 1234 1008 alio
1265 951 1562 1015 desinente,
1587 948 1642 1004 id
1675 947 1812 1002 alter

234 1050 581 1121 respondeat.
610 1049 757 1105 Inter
778 1045 1124 1118 responsoria
1154 1052 1336 1099 autem
1387 1052 1442 1098 et
1489 1039 1810 1109 antiphonas

233 1141 339 1197 hoc
394 1139 594 1209 dilfert,
659 1139 806 1212 quod
865 1139 924 1193 in
978 1133 1338 1208 responsoriis
1393 1146 1533 1187 unus
1591 1142 1810 1184 versum

233 1233 366 1290 dicit
425 1253 440 1290 :
505 1235 563 1290 in
620 1231 930 1304 antiphonis
988 1238 1173 1285 autem
1241 1226 1489 1284 versibus
1541 1223 1812 1277 altemant

233 1324 407 1380 chori.
458 1323 646 1380 Lectio
704 1322 924 1388 dicitur,
957 1320 1082 1390 quia
1143 1333 1252 1374 non
1298 1314 1532 1378 canitur,
1559 1318 1620 1366 ut
1668 1308 1813 1380 psal-

233 1431 355 1472 mus
383 1415 471 1470 vel
499 1416 733 1486 hymnus
756 1430 770 1468 :
792 1411 888 1468 sed
915 1410 1111 1481 legitur
1136 1415 1365 1462 tantum.
1389 1402 1500 1460 Illic
1527 1401 1670 1457 enim
1692 1414 1811 1454 mo-

231 1505 459 1570 dulatio,
482 1504 571 1560 hic
593 1502 704 1559 sola
729 1498 1094 1573 pronuntiatio
1122 1495 1402 1566 quaeritur.
1431 1490 1712 1549 Canticum
1731 1495 1814 1542 est

231 1610 335 1651 vox
369 1594 640 1651 cantantis
676 1593 732 1647 in
756 1591 962 1647 lastitia.
993 1587 1240 1643 Psalmus
1262 1593 1445 1640 autem
1467 1582 1694 1649 dicitur,
1720 1579 1814 1649 qui

231 1695 487 1743 cantatur
523 1686 592 1740 ad
619 1683 934 1754 psalterium
958 1720 974 1747 ,
1010 1694 1118 1750 quo
1155 1691 1315 1734 usum
1339 1688 1460 1732 esse
1489 1671 1660 1730 David
1686 1685 1813 1742 pro-

230 1777 453 1847 phetam
471 1776 526 1831 in
547 1790 740 1847 magno
759 1775 1014 1846 mysterio
1034 1773 1214 1844 prodit
1225 1769 1473 1827 historia.
1488 1766 1615 1823 Haec
1634 1773 1815 1821 autem

1908 593 2032 641 test.
2058 584 2152 640 Osi
2176 584 2320 639 enim
2347 581 2577 650 salviﬁca
2606 581 2995 650 interpretatur
3019 600 3034 634 :
3061 596 3201 634 anna
3225 579 3478 648 interiec-

1908 678 1984 732 tio
2038 685 2123 732 est
2170 683 2376 731 motum
2424 673 2587 728 animi
2630 671 2942 742 signiﬁcans
3001 671 3101 727 sub
3139 672 3481 742 deprecantis

1908 769 2120 825 all'ectu.
2166 767 2259 822 Osi
2300 782 2441 821 anna
2481 773 2660 820 autem
2701 765 2910 836 integre
2947 763 3165 829 dicitur,
3201 764 3344 834 quod
3383 779 3484 821 nos

1910 871 2160 934 corrupta
2181 859 2354 916 media
2371 858 2540 914 vocali
2560 857 2740 913 littera
2757 867 2814 913 et
2833 856 2966 912 elisa
2988 856 3217 912 dicimus
3245 873 3478 912 osanna:

1910 957 2051 1012 sicut
2071 955 2129 1010 ιιι
2150 954 2206 1008 in
2225 950 2631 1018 versibus,,cum
2655 946 3200 1005 seandimus..Littera
3211 946 3355 1003 enim
3374 948 3484 1018 pri-

1910 1063 1997 1101 ma
2024 1042 2297 1115 sequentis
2315 1040 2466 1096 verbi
2480 1049 2777 1095 extremam
2788 1037 2987 1108 prioris
2994 1037 3145 1093 verbi
3158 1036 3379 1093 veniens
3392 1051 3485 1090 ex-

1910 1134 2100 1199 cludit,
2122 1141 2178 1188 et
2199 1130 2400 1188 dicitur
2427 1127 2689 1184 Hebraice
2717 1143 2919 1182 osanna
2940 1166 2956 1191 ,
2985 1125 3131 1196 quod
3153 1126 3482 1196 interpreta-

1910 1236 2001 1282 tur
2020 1223 2273 1293 salviﬁca,
2308 1218 2674 1278 subaudiendo
2695 1217 2780 1275 vel
2804 1215 3060 1289 populum
3088 1221 3242 1272 tuum
3284 1215 3373 1271 vel
3397 1222 3486 1271 to-

1913 1327 2028 1372 tum
2053 1315 2334 1371 mundum.

1983 1407 2327 1465 Offertorium
2345 1403 2442 1460 tali
2461 1418 2530 1460 ex
2547 1415 2711 1458 causa
2737 1399 2967 1470 sumpsit
2987 1397 3326 1456 Vocabulum.
3349 1394 3487 1453 Fer-

1914 1511 2029 1558 tum
2050 1502 2194 1558 enim
2209 1499 2403 1556 dicitur
2425 1494 2652 1562 oblatio,
2674 1507 2796 1564 qua:
2815 1491 2976 1548 altari
3009 1491 3234 1547 offertur
3254 1497 3310 1545 et
3327 1488 3491 1545 sacri-

1914 1593 2108 1650 ﬁcatur
2136 1603 2169 1646 a
2204 1587 2570 1660 pontiﬁcibus.
2613 1583 2660 1640 A
2680 1598 2788 1654 quo
2809 1581 3144 1639 offertorium
3163 1579 3491 1644 nominatur,

1915 1682 2070 1754 quasi
2093 1687 2315 1752 propter
2355 1676 2545 1733 fertur.
2581 1673 2790 1730 Oblatio
2816 1679 3042 1727 vocatur
3061 1710 3077 1736 ,
3099 1669 3224 1740 quia
3247 1666 3491 1724 olfertur.

1913 1773 2065 1828 Dona
2086 1767 2303 1840 proprie
2329 1765 2580 1821 dicuntur
2600 1761 2781 1819 divina
2800 1774 3048 1825 munera,
3070 1757 3348 1814 hominum
3371 1771 3492 1810 mu-

231 1846 341 1924 duo
375 1869 430 1923 in
459 1846 779 1938 quibusdam
806 1865 1138 1937 psalmorum
1164 1863 1334 1919 titulis
1363 1863 1519 1935 juxta
1547 1859 1810 1916 musicam
1837 1857 1886 1918 B
1913 1878 2063 1921 nera.
2087 1861 2224 1917 Nam
2249 1860 2502 1915 dicuntur
2512 1853 2792 1925 obsequia,
2816 1867 2937 1922 quae
2958 1864 3222 1922 pauperes
3241 1846 3498 1904 divitibus

231 1968 406 2012 artem
462 1957 766 2013 alternatim
816 1956 919 2012 sibi
967 1961 1327 2026 opponuntur.
1378 1951 1518 2007 Nam
1543 1949 1813 2006 canticum

230 2048 428 2119 psalmi
470 2055 575 2114 est,
606 2063 730 2103 cum
764 2048 839 2113 id,
877 2047 1021 2117 quod
1045 2059 1306 2116 organum
1347 2041 1678 2106 modulatur,
1708 2053 1816 2094 vox

230 2150 421 2211 postea
460 2140 730 2195 cantantis
766 2138 1046 2207 eloquitua
1111 2135 1298 2191 .‘salmi
1337 2148 1466 2189 vero
1504 2131 1774 2187 canticum
1799 2169 1817 2197 ,

231 2232 378 2302 quod
413 2232 648 2286 humana
675 2245 780 2286 vox
805 2229 1176 2301 praeloqmtur,
1208 2241 1298 2282 ars
1322 2223 1510 2294 organi
1535 2219 1817 2276 modulan-

236 2325 306 2378 Iis
373 2322 636 2378 imitatur.
681 2319 932 2376 Psalmus
969 2326 1149 2374 autem
1193 2331 1262 2371 ex
1306 2313 1562 2385 psalterio
1598 2310 1812 2366 dicitur.

241 2413 390 2470 Unde
412 2428 515 2469 nec
540 2427 660 2468 mos
683 2418 790 2478 est,
825 2426 893 2467 ex
923 2408 1030 2465 alio
1058 2421 1221 2478 opere
1243 2420 1368 2461 eum
1388 2401 1654 2472 componi.
1683 2399 1819 2455 Tres

234 2515 416 2560 autem
444 2503 642 2574 gradus
675 2508 802 2557 sunt
823 2500 880 2555 in
909 2499 1198 2555 cantando.
1221 2495 1438 2551 Primus
1460 2490 1815 2549 succentoris.

234 2599 522 2658 Secundus
549 2594 864 2653 incentoris.
900 2592 1116 2649 Tertius
1150 2587 1472 2646 acceutoris.
1510 2583 1820 2654 Diapsalma

232 2694 456 2764 quidam
483 2690 771 2748 Hebraeum
798 2687 1023 2742 verbum
1045 2698 1165 2739 esse
1191 2681 1396 2747 volunt,
1420 2692 1526 2749 quo
1549 2674 1819 2748 signiﬁca-

236 2763 325 2838 tur
349 2796 569 2853 semper
596 2780 738 2836 idem
764 2796 778 2834 :
804 2775 948 2848 quod
975 2773 1086 2838 illa,
1101 2772 1295 2842 quibus
1316 2769 1419 2824 hoc
1438 2763 1819 2834 interponitur,

236 2873 571 2944 sempiterna
618 2883 740 2927 esse
788 2865 1090 2924 conﬁrmet.
1136 2861 1366 2930 Quidam
1407 2871 1537 2912 vero
1568 2853 1820 2911 Graecum

237 2943 465 3021 verbum
487 2961 821 3026 existimant,
843 2972 951 3028 quo
971 2947 1660 3027 signiﬁcaturintervallum
1679 2943 1823 3016 psal-

1916 1955 2035 2011 loco
2058 1964 2344 2008 munerum
2379 1947 2612 2004 solvunt.
2652 1943 2839 2013 Itaque
2891 1956 3086 1997 munus
3138 1937 3344 1995 homini
3401 1937 3497 1990 da-

1919 2053 2027 2109 tur,
2053 2043 2258 2100 donum
2284 2040 2414 2095 Deo.
2444 2036 2598 2093 Unde
2619 2034 2783 2089 etiam
2807 2032 2864 2088 in
2881 2030 3100 2102 templis
3119 2028 3341 2086 donaria
3368 2023 3500 2082 dici-

1917 2150 2060 2192 mus.
2097 2133 2319 2188 Munera
2350 2137 2531 2184 autem
2555 2132 2852 2192 vocantur,
2880 2138 3002 2194 quae
3040 2121 3320 2177 animabus
3351 2116 3501 2175 acci-

1918 2226 2142 2296 piuntur
2165 2221 2251 2278 vel
2283 2222 2495 2276 dantur.
2533 2217 2649 2272 Duo
2683 2223 2810 2271 sunt
2831 2254 2849 2281 ,
2889 2228 3011 2283 quae
3037 2210 3337 2268 oﬁ’eruntur
3359 2225 3374 2263 :
3399 2209 3499 2266 do-

1919 2331 2048 2372 num
2086 2322 2141 2371 et
2173 2311 2522 2370 sacriﬁcium.
2562 2309 2775 2364 Donum
2824 2303 3052 2369 dicitur,
3075 2301 3334 2374 quidquid
3366 2315 3501 2357 auro

1920 2417 2253 2480 argentoque
2280 2413 2374 2461 aut
2398 2402 2638 2474 qualibet
2665 2400 2768 2456 alia
2795 2399 2976 2471 specie
3001 2396 3254 2454 efﬁcitur.
3281 2392 3502 2450 Sacriﬁ-

1921 2501 2065 2556 cium
2093 2504 2276 2552 autem
2310 2503 2394 2550 est
2426 2492 2668 2558 victima,
2699 2500 2753 2547 et
2791 2502 3124 2560 quaecunque
3162 2489 3216 2542 in
3243 2501 3338 2541 ara
3373 2501 3498 2541 cre-

1923 2594 2143 2643 mantur
2165 2597 2260 2644 seu
2281 2590 2571 2656 ponuntur.
2606 2580 2778 2637 Omne
2811 2587 2994 2636 autem
3015 2578 3159 2649 quod
3184 2578 3296 2632 Deo
3322 2576 3503 2640 datur,

1922 2687 2017 2736 aut
2050 2678 2328 2736 dedicatur
2364 2684 2458 2730 aut
2497 2679 2865 2730 consecratur.
2909 2668 3064 2737 Quod
3087 2667 3398 2731 dedicatur,
3423 2664 3505 2720 di-

1923 2773 2093 2829 cendo
2131 2771 2307 2835 datur,
2328 2767 2473 2823 unde
2497 2773 2553 2821 et
2601 2763 2920 2834 appellatur.
2945 2759 3098 2816 Unde
3110 2767 3166 2813 et
3183 2764 3363 2813 errant
3386 2766 3508 2826 quas

1923 2863 2385 2921 consecrationem
2402 2857 2742 2915 dedicatione
2760 2860 2955 2926 putant
2973 2849 3285 2922 signiﬁcari.
3307 2847 3502 2902 Immo-

1923 2952 2053 3008 latio
2084 2951 2154 3006 ab
2179 2947 2416 3019 antiquis
2442 2946 2587 3001 dicta
2635 2960 2702 3000 eo
2732 2943 2875 3013 quod
2921 2942 2978 2995 in
3016 2939 3158 2994 mole
3194 2937 3379 2992 altaris
3403 2949 3504 3007 po-

239 3057 384 3114 ιθηῶ
403 3075 414 3110 ε
434 3063 496 3110 ιιι
514 3053 720 3125 P5alma
742 3051 831 3114 δίει
848 3027 990 3118 CI“0d
1008 3044 1275 3116 Imaum",
1293 3039 1587 3111 diapsalma
1607 3035 1823 3125 νθτ9ί¹¹⁶
1924 3045 2028 3101 sita
2055 3043 2275 3099 victima
2297 3039 2612 3096 caederetur.
2643 3035 2795 3092 Unde
2811 3041 2867 3089 et
2887 3029 3146 3088 mactatio
3164 3037 3286 3099 post
3312 3027 3508 3080 immo-

241 3115 562 3219 terpositum
585 3143 639 3197 in
661 3115 936 3210 psallendo
961 3115 1232 3190 silentium
1258 3144 1273 3182 :
1297 3137 1358 3184 ut
1372 3122 1823 3198 quemadmodum

1931 3136 2182 3191 lationem
2208 3142 2293 3189 est
2315 3150 2328 3185 :
2353 3144 2497 3185 nunc
2519 3135 2701 3183 autem
2737 3122 3036 3180 immolatio
3061 3119 3218 3191 panis
3243 3125 3299 3172 et
3320 3115 3507 3172 calicis

240 3242 296 3294 in
326 3195 551 3307 Ipsalmo
575 3195 789 3287 ducitur
818 3243 1010 3283 vocum
1039 3222 1306 3294 copulatio
1330 3195 1680 3276 in_cantando
1706 3235 1718 3270 :
1749 3214 1825 3269 ita

1931 3226 2198 3284 convenit.
2241 3223 2452 3280 Libatio
2475 3228 2654 3276 autem
2690 3215 3061 3272 tantummodo
3094 3209 3279 3265 calicis
3306 3207 3508 3265 oblatio

241 3300 544 3398 dial’salma
570 3320 858 3392 ἀίδὶυηθιίο
885 3330 1093 3380 eam“):
1117 3314 1210 3368 “bi
1236 3311 1480 3381 quamam
1502 3308 1716 3398 ι’(ῗῼυίξδθ
1745 3304 1827 3358 δί’
1926 3331 2029 3378 εει.
2074 3319 2214 3375 Hinc
2260 3325 2344 3373 εει
2381 3314 2511 3370 illud
2565 3329 2580 3366 :
2633 3309 2703 3364 Et
2750 3307 2931 3362 libabit
2973 3305 3036 3358 de
3089 3300 3341 3372 sanguine
3394 3314 3506 3353 avre

240 3394 455 3473 stinctae
478 3408 900 3469 continuationis
920 3403 1241 3460 ostenditur.
1273 3398 1428 3456 Unde
1455 3405 1511 3453 et
1539 3395 1672 3450 illud
1698 3407 1825 3464 pro-
1929 3411 2084 3486 (Gm.
2134 3408 2306 3479 ηπ),
2346 3405 2439 3463 Sic
2462 3411 2518 3460 et
2552 3399 2894 3458 saecularium
2935 3394 3154 3466 quidam
3199 3396 3507 3462 wemmm,

241 3510 421 3566 habile
443 3516 549 3572 est,
580 3520 688 3560 non
713 3499 1111 3572 coniungendas
1133 3495 1428 3552 sententias
1453 3493 1508 3548 in
1529 3487 1825 3561 psallendo,

1931 3475 2093 3568 nunc,
2120 3475 2316 3570 inquit,
2339 3505 2547 3568 pateras
2572 3492 2729 3546 libate
2751 3488 2892 3544 Iovi.
2919 3485 3118 3572 Libare
3137 3495 3265 3552 ergo
3294 3475 3512 3550 proprie

241 3602 334 3656 ubi
376 3596 675 3668 diapsalma
704 3591 1082 3662 interpositum
1114 3586 1278 3642 fuerit
1311 3602 1325 3638 :
1359 3585 1484 3653 quia
1514 3582 1633 3637 ideo
1657 3581 1824 3635 inter-

246 3693 488 3762 ponitur,
520 3695 581 3743 ut
615 3684 898 3742 conversio
927 3695 1183 3737 sensuum
1209 3677 1295 3733 vel
1318 3686 1674 3747 personarum
1711 3685 1832 3726 esse

245 3792 525 3838 noscatur.
559 3778 802 3850 Hymnus
836 3783 920 3830 est
958 3771 1230 3828 canticum
1272 3766 1607 3822 laudantium
1632 3804 1646 3829 ,
1690 3762 1835 3833 quod

247 3874 312 3929 de
346 3872 539 3928 Graeco
566 3869 622 3924 in
649 3867 901 3923 Latinum
924 3865 1044 3919 laus
1059 3863 1466 3930 interpretatur,
1486 3871 1585 3926 pro
1606 3869 1671 3910 eo
1690 3852 1834 3924 quod

248 3964 320 4021 sit
349 3976 571 4018 carmen
611 3959 811 4015 laetitize
850 3964 903 4013 et
937 3953 1131 4010 laudis.
1169 3951 1394 4021 Proprie
1427 3958 1606 4004 autem
1650 3945 1835 4016 hymni

248 4063 376 4113 sunt
400 4052 741 4109 continentes
763 4049 978 4103 Iaudem
1001 4045 1117 4100 Dei.
1151 4044 1209 4099 Si
1233 4056 1363 4113 ergo
1392 4041 1466 4096 sit
1488 4039 1624 4103 laus,
1650 4043 1704 4092 et
1725 4050 1832 4090 non

250 4147 319 4201 sit
339 4144 433 4199 Dei
453 4162 465 4195 :
487 4158 594 4197 non
617 4148 700 4196 est
727 4140 963 4210 hymnus
987 4151 1000 4188 :
1027 4136 1071 4190 si
1097 4149 1226 4203 ergo
1250 4130 1422 4204 [vero]
1444 4139 1545 4194 est,
1563 4137 1617 4184 et
1641 4129 1697 4182 in
1720 4127 1836 4181 lau-

251 4239 372 4294 dem
403 4236 500 4290 Dei
539 4233 737 4289 dicitur
757 4240 812 4286 et
846 4237 1097 4286 cantatur
1139 4244 1152 4280 :
1194 4235 1320 4281 tunc
1347 4234 1430 4280 est
1455 4224 1709 4292 hymnus.
1738 4218 1835 4273 Cui

250 4329 589 4388 contrarium
630 4333 716 4382 est
747 4326 1025 4387 thronum,
1056 4321 1199 4390 quod
1237 4332 1456 4374 carmen
1501 4323 1586 4369 est
1612 4312 1836 4368 lamenti

251 4431 307 4479 et
335 4418 563 4476 funeris.
595 4414 825 4472 Alleluia
849 4413 1078 4468 duorum
1107 4411 1394 4465 verborum
1444 4403 1834 4476 interpretatio,

252 4514 357 4568 hoc
387 4519 504 4573 est,
536 4508 655 4561 laus
686 4504 783 4559 Dei
811 4518 827 4556 :
859 4511 916 4558 et
940 4510 1023 4556 est
1045 4501 1349 4556 Hebraeum.
1378 4497 1445 4551 Ia
1464 4510 1631 4550 unum
1653 4502 1735 4548 est
1771 4493 1838 4548 de

255 4605 446 4660 decem
480 4595 813 4660 nominibus,
835 4591 1030 4662 quibus
1057 4592 1198 4662 apud
1228 4589 1482 4646 Hebraeos
1512 4588 1654 4642 Deus
1674 4597 1833 4640 voca-

255 4704 364 4750 tur.
397 4692 564 4745 Amen
592 4684 862 4757 signiﬁcat
887 4696 1014 4738 vere
1041 4683 1156 4738 sive
1185 4681 1452 4738 ﬁdeliter:
1483 4678 1626 4748 quod
1659 4685 1713 4732 et
1757 4676 1838 4746 ip-

256 4803 380 4845 sum
404 4785 693 4841 Hebramm
713 4787 815 4834 εει.
845 4777 977 4844 Quae
998 4777 1103 4832 duo
1117 4776 1304 4840 verba,
1321 4788 1472 4827 amen
1505 4779 1560 4826 et
1605 4767 1840 4832 alleluia,

256 4895 359 4935 nec
382 4874 589 4933 Graecis
613 4913 627 4938 ,
653 4887 752 4928 nec
771 4871 999 4935 Latinis,
1037 4883 1138 4924 nec
1164 4865 1412 4922 barbaris
1434 4863 1559 4919 licet
1600 4862 1654 4916 in
1691 4873 1844 4915 suam

258 4971 500 5039 linguam
526 4963 748 5022 omnino
775 4960 1100 5026 transferre,
1140 4956 1227 5013 vel
1268 4955 1373 5010 alia
1415 4955 1597 5024 lingua
1642 4964 1847 5005 annun-

260 5061 416 5114 tiare.
474 5056 612 5112 Nam
652 5053 898 5126 quamvis
941 5047 1284 5120 interpretari
1329 5044 1575 5115 possint,
1619 5049 1841 5111 propter

263 5150 594 5208 sanctiorem
624 5157 804 5203 tamen
827 5144 1202 5200 auctoritatem
1241 5143 1456 5192 servata
1495 5141 1579 5189 est
1606 5132 1674 5187 ab
1701 5131 1844 5202 Apo-

264 5242 415 5301 stolis
439 5241 495 5296 in
518 5239 605 5294 his
636 5238 871 5308 propriae
910 5235 1106 5305 linguae
1135 5227 1451 5298 antiquitas.
1490 5223 1665 5279 Tanto
1699 5221 1843 5277 enim

263 5350 424 5394 sacra
459 5339 588 5389 sunt
613 5329 835 5385 nomina
859 5369 873 5394 ,
903 5335 965 5382 ut
987 5325 1149 5381 etiam
1175 5319 1412 5377 Joannes
1446 5317 1501 5371 in
1527 5311 1849 5385 Apocalypsi

266 5443 362 5483 sua
402 5423 605 5480 referat
643 5435 702 5475 se
738 5418 940 5488 Spiritu
980 5415 1254 5471 revelante
1291 5411 1489 5466 vidisse
1537 5416 1592 5462 et
1632 5405 1850 5461 audisse

267 5533 456 5576 vocem
487 5515 726 5572 caelestis
755 5510 1048 5572 exercitus,
1084 5517 1338 5577 tanquam
1369 5517 1554 5559 vocem
1584 5513 1847 5569 aquarum

270 5611 565 5667 multarum
587 5618 643 5662 et
663 5606 958 5661 tonitruum
980 5599 1277 5655 validorum
1299 5596 1592 5653 dicentium
1620 5606 1772 5646 amen
1794 5599 1850 5646 et

271 5703 486 5758 alleluia
516 5700 700 5773 (Apoc.
735 5697 851 5768 XIX)
873 5736 889 5763 ,
917 5710 980 5750 ac
1009 5709 1102 5763 per
1129 5693 1234 5746 hoc
1259 5692 1337 5745 sic
1365 5694 1577 5759 oportet
1605 5687 1658 5740 in
1688 5683 1850 5739 terris

274 5806 496 5870 utraque
533 5796 664 5863 dici,
693 5795 833 5850 sicut
869 5792 922 5846 in
961 5788 1097 5845 caelo
1141 5792 1374 5843 resonat.
1409 5783 1620 5840 Osanna
1642 5781 1696 5837 in
1720 5778 1851 5835 alte-

1929 3593 2156 3648 fundere
2185 3568 2271 3644 est
2300 3607 2313 3642 :
2345 3594 2726 3656 sumptumque
2749 3593 2950 3635 nomen
2971 3591 3004 3631 a
3037 3569 3234 3630 Libero
3254 3568 3512 3639 quodam,

1939 3685 2034 3756 qui
2062 3684 2119 3740 in
2149 3681 2361 3739 Grzecia
2384 3692 2544 3736 usum
2574 3673 2778 3746 reperit
2796 3670 2925 3729 vitis

2553 3784 2780 3843 CAPUT
2818 3782 2887 3837 Χ.

1932 3889 2012 3946 De
2037 3887 2221 3944 hostiis
2242 3881 2560 3939 holocaustis
2592 3887 2744 3949 atque
2767 3872 3062 3949 sacriﬁciis,
3087 3878 3134 3925 et
3162 3867 3300 3940 quod
3325 3880 3506 3922 eorum

2332 3952 2525 4021 species
2545 3942 2765 4017 sing'ulw
2792 3942 3104 4014 signiﬁcent.

2004 4047 2205 4104 Hostia:
2227 4045 2369 4114 apud
2388 4048 2601 4097 veteres
2616 4036 2936 4092 dicebantur
2963 4029 3249 4096 sacriﬁcia,
3265 4040 3384 4098 quae
3413 4025 3510 4082 fle-

1934 4144 2088 4205 bant,
2122 4147 2415 4206 antequam
2445 4133 2512 4187 ad
2555 4133 2740 4187 hostes
2775 4129 3081 4196 pergerent.
3114 4118 3359 4177 Victima
3387 4130 3518 4172 vero

1937 4228 2225 4294 sacriﬁcia,
2253 4239 2373 4296 qua:
2405 4229 2528 4293 post
2545 4217 2830 4275 victoriam
2859 4214 2925 4270 de
2954 4212 3112 4269 victis
3139 4207 3384 4265 hostibus
3412 4207 3519 4261 im-

1938 4321 2230 4385 molabant,
2259 4325 2315 4372 et
2338 4323 2494 4372 erant
2519 4312 2753 4369 victimae
2787 4306 2996 4377 majora
3039 4303 3328 4366 sacriﬁcia,
3351 4314 3515 4370 quam

1937 4412 2149 4468 hostiae.
2181 4409 2289 4464 Alii
2323 4406 2600 4461 victimam
2629 4400 2828 4456 dictam
2854 4401 3196 4468 putaverunt,
3240 4391 3367 4460 quia
3402 4389 3519 4444 ictu

1939 4514 2196 4572 percussa
2225 4496 2450 4552 cadebat
2482 4512 2494 4546 :
2536 4491 2620 4546 vel
2662 4490 2787 4559 quia
2815 4487 3006 4555 juncta
3020 4485 3088 4540 ad
3117 4497 3240 4539 aras
3280 4480 3518 4537 duceba-

1943 4602 2048 4648 tur.
2093 4591 2478 4647 Ilolocaustum
2523 4582 2653 4639 illud
2693 4588 2794 4644 est,
2825 4577 2917 4634 ubi
2961 4583 3134 4632 totum
3165 4575 3290 4645 igne
3327 4586 3524 4628 consu-

1944 4686 2132 4748 mitur,
2169 4681 2311 4752 quod
2340 4676 2581 4735 offertur.
2625 4673 2845 4743 Antiqui
2871 4671 3018 4726 enim
3050 4683 3174 4724 cum
3199 4679 3396 4735 magna
3438 4678 3526 4718 sa-

1946 4775 2148 4832 criﬁcia
2203 4770 2665 4830 administrarent,
2717 4764 2960 4820 solebant
3019 4768 3160 4816 totas
3205 4755 3414 4813 hostias
3471 4753 3524 4808 in

1947 4880 2223 4924 sacrorum
2247 4873 2565 4918 consumere
2597 4856 2834 4921 ﬂamma,
2860 4861 2915 4908 et
2936 4853 3050 4922 ipsa
3085 4853 3242 4903 erant
3268 4844 3524 4900 holocau-

1949 4967 2197 5016 stomata.
2238 4953 2410 5008 Holon
2435 4951 2576 5004 enim
2619 4961 2793 5018 grzece
2846 4943 3040 4999 dicitur
3088 4946 3294 5002 totum,
3342 4930 3524 4989 causis

1945 5047 2220 5106 incensio:
2273 5052 2328 5099 et
2361 5041 2730 5098 holocaustum
2763 5076 2778 5102 ,
2809 5042 2983 5090 totum
3027 5032 3326 5086 incensum.
3372 5022 3524 5079 Ceri-

1944 5139 2138 5197 moniae
2161 5135 2303 5205 apud
2325 5133 2545 5188 Latinos
2565 5129 2816 5185 dicuntur
2837 5138 2992 5182 sacra
3015 5118 3350 5186 omnia,'quae
3373 5113 3517 5183 apud

1947 5232 2162 5288 Graecos
2188 5227 2339 5297 orgia
2391 5231 2674 5281 vocantur.
2720 5217 2942 5288 Proprie
2983 5221 3162 5269 autem
3211 5208 3387 5265 visum
3442 5211 3526 5259 cst

1950 5293 2280 5377 doctoribus‘
2314 5331 2344 5369 a
2391 5311 2622 5368 carendo
2666 5305 2919 5378 appellari
2966 5300 3274 5357 cerimonias
3300 5339 3315 5363 ,
3369 5293 3524 5366 quasi

1954 5407 2289 5470 carimonias,
2318 5417 2382 5458 eo
2405 5402 2546 5473 quod
2585 5412 2666 5463 ea,
2703 5411 2825 5466 quae
2868 5396 2923 5448 in
2951 5391 3121 5447 sacris
3163 5385 3360 5443 divinis
3386 5381 3522 5440 olfe-

1956 5508 2148 5555 runtur
2165 5539 2178 5562 ,
2202 5497 2254 5552 in
2275 5509 2372 5550 suo
2393 5507 2493 5548 usu
2521 5491 2571 5544 id
2587 5494 2841 5544 carerent
2868 5483 3130 5540 homines.
3156 5476 3307 5545 Quod
3328 5487 3526 5530 nomen

1955 5591 2115 5647 etiam
2141 5587 2195 5642 in
2219 5601 2317 5641 usu
2348 5592 2431 5638 est
2458 5583 2758 5635 litterarum
2785 5584 3108 5632 sanctarum.
3147 5568 3252 5622 Alii
3288 5563 3523 5622 cerimo-

1953 5681 2074 5738 nias
2099 5678 2314 5748 proprie
2343 5676 2395 5728 in
2427 5668 2892 5727 observationibus
2930 5662 3239 5720 Iudaeorum
3275 5655 3524 5715 credunt,

1957 5746 2338 5835 abstinentiam
2357 5764 2562 5825 scilicet
2584 5759 2936 5836 quarumdam
2961 5767 3206 5812 escarum
3233 5746 3527 5807 secundum
