3896 6364
400 426 501 486 ιδι

1038 417 1097 472 Β.
1136 413 1391 500 RABAM
1429 412 1651 468 MAURI
1687 409 2007 467 ARCHIEP.
2049 411 2357 469 MOGUNT.
2398 412 2686 469 OPERUM
2725 411 2904 469 PARS
2933 411 2997 467 Η.

3565 408 3675 466 153

400 548 640 595 veterem
661 535 855 605 legem,
885 546 956 587 eo
980 530 1122 599 quod
1160 527 1515 582 observantes
1543 540 1607 580 ea
1640 532 1864 579 careant
1893 524 1981 579 his
2009 530 2061 590 Α
2088 534 2361 595 gmentum
2418 526 2606 581 salutis
2655 542 2765 582 suae
2790 526 3123 598 percipitur:
3152 526 3239 582 vel
3284 525 3544 583 Ecclesiae
3567 525 3675 583 Ca—

401 633 587 698 rebus,
618 628 816 699 quibus
848 640 910 681 se
936 625 1331 680 abstinuerunt.
1365 619 1706 675 Sacriﬁcium
1757 616 1983 684 dictum,

401 723 557 795 φιλεῖ
608 716 1075 776 aacrumiactum:
1124 714 1251 784 quia
1301 727 1464 783 prece
1516 710 1745 782 mystica
1791 723 1986 763 conse-

400 821 587 870 cratur
609 811 663 865 in
694 808 1013 863 memoriam
1050 820 1150 875 pro
1176 803 1333 858 nobis
1358 802 1652 857 Dominicae
1689 799 1984 854 Passionis.

402 900 718 965 Unde'boc,
747 914 812 954 eo
828 897 1074 968 iubente,
1104 909 1301 963 corpus
1334 891 1536 948 Christi
1577 898 1631 945 et
1668 890 1987 961 sanguinem

399 992 649 1055 dicimus.
684 988 839 1057 Quod
873 987 999 1041 dum
1024 984 1085 1039 ﬁt
1111 1000 1178 1039 ex
1214 982 1484 1037 fructibus
1514 990 1691 1045 terrae,
1746 979 1987 1034 sanctiﬁ-

401 1092 557 1140 catur
610 1089 665 1137 et
712 1078 773 1133 ﬁt
826 1076 1277 1140 Sacrameutum,
1328 1080 1588 1143 operante
1642 1068 1988 1125 invisibiliter

402 1171 609 1242 Spiritu
644 1168 761 1225 Dei.
799 1166 967 1237 Cuius
1021 1166 1176 1235 panis
1227 1171 1282 1220 et
1330 1163 1519 1219 calicis
1573 1161 1988 1217 Sacrainentum

400 1263 575 1321 Grani
601 1260 1005 1317 Eucharistiam
1032 1259 1238 1322 dicunt,
1267 1257 1411 1325 quod
1434 1255 1601 1309 latine
1630 1253 1774 1308 bona
1814 1252 1987 1323 gratia

402 1354 810 1423 interpretatur.
851 1349 919 1403 Et
965 1348 1095 1418 quid
1138 1348 1334 1403 melius
1373 1361 1602 1417 corpore
1628 1353 1685 1399 et
1725 1328 1988 1416 sanguine

400 1443 637 1501 Christi?
666 1440 913 1510 Quinque
949 1446 1133 1495 autem
1185 1438 1391 1509 species
1419 1436 1754 1492 oblationum
1792 1436 1849 1490 in
1871 1435 1989 1505 lege

403 1536 477 1591 ad
505 1531 898 1589 immolandum
914 1528 1246 1598 iubebantur
1271 1526 1487 1583 afferri:
1524 1527 1628 1581 hoc
1665 1533 1769 1591 est,
1797 1526 1986 1590 boum,

403 1625 610 1691 ovium,
636 1635 947 1695 caprarum,
976 1620 1180 1685 avium,
1224 1617 1415 1675 similae
1444 1624 1499 1671 et
1541 1615 1983 1671 libamentorum.

403 1715 494 1771 Sic
518 1723 573 1770 et
609 1714 685 1769 ibi
709 1713 934 1778 hostiae,
963 1710 1218 1775 victimae,
1258 1708 1597 1773 holocausta,
1638 1705 1910 1763 sacriﬁcia
1934 1712 1990 1760 et

2091 616 2319 683 tholicac,
2374 632 2494 687 quze
2523 617 2752 689 mystice
2803 633 3001 687 corpus
3028 616 3231 673 Christi
3280 626 3385 684 est,
3441 618 3674 691 ﬁguram

2087 708 2362 780 exprimit,
2390 717 2446 763 et
2481 709 2655 781 gratia
2700 708 2937 764 abundat
2987 707 3236 777 spiritali.
3282 708 3411 765 Haec
3448 724 3518 764 ex
3542 724 3649 766 oon

2088 799 2429 855 venientibus
2459 800 2717 856 membris
2742 800 2895 871 quasi
2936 800 3113 855 simila
3140 816 3208 856 ex
3238 801 3423 858 multis
3446 802 3676 860 creden-

2087 890 2225 944 tium
2270 888 2454 960 granis
2494 888 2719 943 collecta
2760 898 2927 945 estet
2968 889 3105 962 legis
3143 899 3199 946 et
3252 890 3675 964 Evangeliomm

2088 978 2231 1034 mola
2266 978 2417 1033 inter.
2436 977 2673 1034 litteram
2710 989 2978 1049 separata,
3009 994 3106 1052 per
3131 994 3329 1050 aquam
3361 983 3524 1038 etiam
3546 984 3678 1055 bap-

2091 1069 2322 1124 tismatis
2358 1069 2615 1135 adunata,
2669 1070 2979 1127 chrismatis
3023 1071 3142 1127 oleo
3165 1082 3451 1143 peruncta,
3500 1074 3678 1132 sancti

2092 1159 2324 1230 Spiritus
2353 1160 2474 1232 igne
2498 1158 2747 1229 solidata,
2776 1177 2875 1232 per
2901 1162 3259 1219 humilitatem
3304 1162 3545 1235 Spiritus
3566 1167 3679 1223 Deo

2090 1253 2266 1309 hostia
2291 1254 2511 1325 placens
2552 1254 2743 1311 eiiccta
2777 1263 2879 1313 est.
2916 1255 3181 1311 Similiter
3215 1257 3402 1312 eadem
3432 1273 3501 1313 ex
3530 1258 3676 1313 mul-

2092 1346 2160 1401 tis
2184 1347 2453 1417 personis,
2482 1346 2628 1401 velut
2659 1348 2828 1402 acinis
2858 1346 3033 1413 botri,
3060 1348 3385 1415 coadunata,
3425 1356 3480 1404 et
3505 1349 3678 1419 prazlo

2090 1438 2358 1509 passionis
2397 1447 2561 1508 atque
2617 1439 2985 1494 tentationum
3030 1449 3419 1511 conquassata,
3487 1442 3677 1497 vinum

2091 1531 2319 1588 effundit
2344 1530 2607 1602 spiritale.
2641 1531 2865 1603 Legitur
2897 1534 3048 1590 enim
3084 1534 3141 1589 in
3185 1534 3469 1606 scripturis
3494 1534 3681 1591 Domi-

2091 1638 2223 1679 num
2246 1623 2494 1679 victimas
2513 1626 2776 1696 pecudum
2797 1635 2851 1681 et
2873 1627 3077 1683 hostias
3105 1626 3304 1698 legales
3332 1629 3679 1697 reprobasse,

2092 1724 2149 1770 ct
2162 1715 2485 1771 sacriﬁcium
2509 1717 2752 1787 spiritale
2772 1720 3061 1787 expetisse.
3083 1718 3237 1776 Unde
3256 1726 3344 1775 est
3368 1719 3497 1777 illud
3517 1737 3531 1774 ;
3553 1718 3608 1773 Ν
3610 1736 3682 1777 on

400 1807 659 1863 libamina
673 1804 857 1863 oblata
873 1808 1391 1861 commemorantur.
1415 1800 1588 1855 Boves
1611 1805 1796 1855 autem
1809 1812 1990 1854 vacca:
2021 1880 2032 1882 Α
2096 1803 2374 1877 accipiam,
2407 1808 2603 1877 inquit,
2626 1807 2691 1863 de
2726 1808 2881 1864 domo
2913 1819 3006 1864 tua
3030 1810 3220 1866 suum
3235 1851 3250 1877 ,
3279 1828 3441 1882 neque
3465 1810 3531 1865 de
3554 1827 3679 1882 gre-

400 1911 457 1954 el
477 1897 631 1953 Villi“
652 1904 745 1952 alii
772 1895 1069 1954 Βοωὶιιὶθε
1092 1890 1484 1949 humillimis
1505 1891 1851 1960 operationes
1873 1890 1988 1946 Sive
2015 1880 2063 1943 Β
2092 1900 2242 1970 gibus
2267 1901 2367 1955 tuis
2382 1901 2554 1955 hircos
2582 1899 2755 1971 (Psal.
2785 1901 2957 1972 χιιι).
2972 1902 3040 1957 Et
3069 1904 3230 1957 item:
3256 1880 3684 1973 Nunquidmassn

399 1987 514 2058 agri
540 1984 804 2041 Dominici
840 1983 1096 2048 cultores,
1130 1983 1233 2037 hoc
1259 1989 1364 2048 est,
1404 1979 1676 2046 doctores,
1720 1987 1813 2034 aut
1839 1979 1987 2051 lega-

398 2076 528 2135 lium
554 2074 936 2132 mandatorum
951 2081 1267 2144 operatores
1284 2071 1612 2144 signiﬁcant.
1642 2070 1784 2128 Oves
1807 2081 1988 2126 autem

400 2178 454 2225 ct
503 2168 666 2239 agni,
714 2174 811 2225 aut
863 2166 1042 2236 ipsum
1085 2164 1475 2231 salvatorem,_
1504 2162 1637 2232 qui,
1692 2163 1989 2221 secundum

398 2258 612 2323 Isaiam,
667 2266 919 2326 tanquam
961 2255 1090 2319 ovis,
1121 2254 1190 2308 ad
1234 2254 1497 2306 victimam
1523 2252 1711 2308 ductus
1746 2261 1823 2307 est
1852 2252 1987 2324 (Isa.

399 2346 543 2420 ιιιι),
572 2356 629 2403 et
654 2362 689 2403 a
714 2344 923 2401 Joanne
948 2344 1128 2415 Agnus
1149 2342 1271 2407 Dei,
1292 2342 1384 2413 qui
1404 2342 1537 2397 tollit
1562 2352 1783 2413 peccata,
1806 2345 1989 2397 mundi

397 2440 637 2515 (10mm)
663 2438 912 2495 omnibus
934 2438 1339 2499 demonstratur
1364 2453 1378 2489 :
1399 2448 1493 2492 aut
1521 2434 1795 2505 simplices
1824 2450 1990 2507 quos-

396 2548 539 2605 que;
584 2539 640 2587 et
682 2531 999 2587 innocentes
1047 2528 1105 2591 in
1147 2526 1389 2583 Ecclesia
1427 2525 1752 2597 signiﬁcant.
1800 2525 1991 2597 Capra:

398 2632 581 2680 autem
622 2623 710 2682 vel
749 2622 889 2683 hazdi
919 2622 978 2681 in
1005 2620 1243 2678 hostiam
1268 2618 1434 2676 oblati
1482 2626 1577 2677 aut
1610 2634 1831 2676 carnem
1873 2620 1992 2676 Sal-

398 2716 603 2771 vatoris
631 2754 647 2781 ,
702 2728 824 2784 quae
874 2715 1079 2782 absque
1126 2721 1349 2781 peccato
1388 2719 1539 2776 erat,
1570 2719 1625 2766 et
1666 2720 1847 2766 tamen
1890 2726 1989 2781 pro

398 2806 640 2878 peccatis
692 2803 917 2860 humani
964 2803 1180 2873 generis
1226 2802 1338 2857 Deo
1362 2800 1513 2857 Patri
1558 2800 1737 2859 oblata
1773 2810 1857 2856 est
1890 2821 1901 2855 :
1931 2810 1990 2857 ut

404 2911 503 2967 per
530 2893 646 2965 eius
660 2901 895 2959 mortem
916 2900 1107 2949 auctor
1127 2891 1335 2963 peccati
1350 2888 1605 2946 Diabolus
1614 2889 1984 2961 iugularetur;

397 2993 492 3041 aut
514 2984 843 3055 ptenitcntes
876 2997 977 3052 pro
1022 2980 1261 3052 peccatis
1308 2982 1420 3037 suis
1455 2979 1783 3051 signiﬁcant,
1808 2979 1900 3048 qui
1931 2992 1990 3033 se

396 3092 494 3148 per
549 3074 892 3134 aﬂlictionem
929 3075 1110 3131 carnis
1158 3081 1398 3129 mactant
1444 3072 1576 3128 Deo.
1619 3072 1761 3128 Aves
1806 3080 1989 3127 autem

398 3177 493 3224 aut
525 3167 729 3224 Christi
764 3167 1163 3223 humanitatem
1199 3165 1504 3238 signiﬁcant
1534 3184 1547 3219 :
1580 3165 1720 3220 sicut
1750 3180 1846 3234 per
1869 3173 1984 3220 tur-

2090 1993 2316 2060 ducabo,
2339 1995 2433 2059 ait,
2463 2010 2645 2047 carnes
2675 2003 2948 2049 taurorum
2976 2003 3066 2049 aut
3090 1996 3683 2073 sanguinemhircorsun

2089 2086 2300 2155 potabo.
2326 2084 2555 2140 Immola
2571 2086 2686 2140 Deo
2712 2087 3038 2157 sacriﬁcium
3063 2087 3266 2155 laudis,
3298 2105 3346 2144 et
3382 2090 3544 2145 redde
3576 2090 3679 2145 Αι-

2090 2174 2288 2229 tissimo
2316 2184 2430 2229 vota
2467 2184 2560 2229 tua
2591 2174 2643 2246 (1
2648 2175 2804 2247 bid.).
2836 2176 3175 2234 Sacriﬁcium
3206 2178 3380 2236 laudis
3410 2180 3679 2238 honoriﬁ—

2090 2266 2239 2321 cabit
2265 2280 2351 2321 me
2380 2284 2391 2320 :
2425 2275 2480 2322 et
2506 2267 2615 2322 illic
2646 2278 2773 2323 tunc
2800 2279 2902 2334 est,
2928 2270 2985 2324 in
3026 2284 3134 2340 quo
3154 2273 3439 2327 ostendam
3480 2273 3557 2328 illi
3585 2288 3683 2330 sa-

2090 2357 2267 2412 lutare
2294 2358 2408 2412 Dei.
2453 2359 2520 2413 Et
2551 2359 2678 2415 alibi
2705 2378 2717 2415 :
2751 2359 2997 2415 Circuibo
3018 2370 3068 2417 et
3099 2358 3381 2419 immolabo
3423 2366 3481 2420 in
3506 2366 3684 2423 taber-

2090 2449 2277 2503 naculo
2316 2449 2439 2519 ejus
2464 2450 2687 2508 hostium
2707 2451 3063 2521 jubilationis,
3098 2457 3319 2511 cantabo
3344 2466 3392 2511 et
3418 2456 3683 2527 psalmum

2089 2540 2265 2594 dicam
2292 2541 2515 2595 Domino
2572 2540 2743 2613 (Psal.
2769 2543 2915 2623 cxv).
2946 2544 3098 2600 Unde
3148 2546 3203 2600 in
3240 2546 3455 2621 psalmo
3491 2557 3685 2607 sancta

2091 2632 2333 2687 Ecclesia
2384 2640 2553 2688 totam
2583 2649 2642 2689 se
2688 2633 2799 2690 Deo
2845 2636 3099 2693 dedicans
3126 2637 3296 2693 dicit:
3350 2638 3684 2696 Holocausta

2090 2724 2375 2779 medullula
2427 2726 2645 2794 offeram
2692 2726 2784 2780 tibi
2833 2745 2951 2782 cum
3000 2730 3216 2784 incensa
3247 2727 3419 2803 (Psal.
3446 2720 3687 2804 va),et

2090 2815 2315 2885 reliqua.
2350 2815 2504 2882 Quod
2545 2826 2726 2873 autem
2756 2818 2959 2889 absque
3006 2818 3273 2876 fermento
3310 2822 3535 2893 iubetur
3581 2824 3683 2881 Del

2090 2921 2213 2962 esse
2230 2906 2449 2973 oblatio,
2483 2916 2539 2961 et
2563 2908 2681 2964 sine
2705 2909 2862 2964 melle
2894 2928 2908 2964 :
2938 2910 3145 2966 indicat
3186 2913 3328 2982 apud
3348 2912 3520 2969 Deum
3540 2914 3683 2971 nihil

2090 2996 2489 3067 voluptuosum,
2515 2998 2649 3053 nihil
2677 3014 2841 3055 suave
2862 3001 3022 3072 huius
3043 3002 3227 3057 mundi
3248 3002 3485 3072 placere,
3514 3004 3681 3061 nihil-

2089 3103 2216 3158 que,
2251 3089 2395 3157 quod
2434 3103 2545 3144 non
2589 3089 2786 3145 habeat
2834 3090 3105 3146 mordacis
3150 3090 3351 3161 aliquid
3407 3093 3679 3153 veritatis.

2095 3176 2249 3233 Unde
2286 3186 2342 3232 et
2392 3180 2594 3247 pascha
2640 3194 2765 3234 cum
2807 3180 3261 3237 amaritudinibus
3295 3174 3680 3242 manducatur.

400 3269 576 3315 turcm
614 3267 669 3315 et
693 3256 1002 3313 columbam
1027 3256 1229 3316 Christi
1260 3271 1389 3313 caro
1420 3255 1632 3326 spiritui
1660 3256 1868 3311 sociata
1897 3256 1986 3311 de-

2092 3265 2137 3321 E
2152 3239 2425 3321 contrario
2447 3268 2665 3324 misceri
2682 3268 2735 3323 in
2750 3270 3001 3326 omnibus
3020 3270 3305 3326 sacriﬁciis
3335 3272 3414 3327 sal
3429 3272 3681 3343 iubetur,

398 3357 733 3406 monstratur
784 3348 840 3403 in
888 3348 1150 3420 mysterio
1191 3347 1460 3418 passionis
1516 3361 1613 3433 per
1657 3347 1988 3405 sacriﬁcium

398 3441 510 3496 Deo
554 3440 611 3496 in
655 3440 877 3495 odorem
929 3440 1216 3503 suavitatis
1265 3439 1445 3497 oblata
1486 3448 1623 3496 :aut
1676 3447 1988 3495 sanctorum

394 3530 749 3602 perfectionis
764 3529 1274 3601 commuttionem
1290 3528 1555 3600 designat.
1574 3527 1827 3585 Volatilia
1843 3524 1987 3584 enim

398 3622 648 3678 homines
679 3630 807 3676 sunt
834 3621 1277 3694 contemplationi
1302 3628 1582 3687 vacantes,
1613 3622 1847 3677 terrenis
1870 3637 1988 3678 om-

402 3714 531 3769 nino
559 3728 617 3769 se
646 3728 753 3768 non
778 3712 1073 3780 miscentes
1101 3713 1351 3785 negotiis.
1381 3711 1536 3784 Quod
1562 3720 1617 3772 et
1640 3712 1683 3767 si
1728 3712 1871 3768 forte
1895 3728 1992 3772 ne-

395 3804 625 3862 cessitas
675 3804 937 3874 exegerit,
987 3816 1115 3859 mox
1174 3803 1419 3861 revolant
1477 3804 1547 3858 ad
1598 3794 1849 3858 sublimia
1899 3803 1990 3858 illo

398 3892 679 3967 Evangelii
724 3891 952 3963 iuvante
1005 3893 1335 3957 testimonio,
1384 3908 1491 3963 quo
1547 3893 1809 3948 Dominus
1871 3893 1987 3948 ait:

399 3983 739 4040 Considerate
766 3981 1002 4038 volatilia
1040 3981 1153 4037 caeli
1178 4022 1193 4048 ,
1222 3983 1347 4052 quia
1394 3999 1497 4038 non
1528 3983 1785 4037 seminant
1830 3998 1991 4054 neque

398 4084 596 4135 metunt
625 4088 644 4126 :
674 4082 727 4139 et
752 4070 917 4133 Pater
932 4081 1092 4131 vester
1111 4071 1328 4128 calcatis
1352 4073 1518 4142 pascit
1545 4070 1638 4125 illa
1656 4072 1873 4145 (Matth.
1888 4072 1987 4145 vi).

403 4165 855 4237 Contemplation'i
900 4181 1029 4237 ergo
1060 4158 1258 4221 vacans
1295 4172 1351 4219 et
1398 4165 1452 4218 in
1484 4165 1821 4233 superiorum
1861 4180 1991 4221 con-

401 4259 729 4317 sideratione
751 4256 1022 4329 perfectus
1050 4257 1213 4312 homo
1243 4255 1367 4329 (hoc
1402 4255 1551 4311 enim
1575 4271 1694 4326 quae
1730 4257 1990 4325 praedicta

401 4358 531 4407 sunt
548 4347 893 4420 docuerunt),
927 4347 977 4407 si
999 4347 1465 4410 conversationem
1487 4346 1600 4401 sive
1628 4346 1796 4407 vitam
1816 4362 1989 4403 .suam

402 4442 738 4505 oblationem
771 4438 931 4506 olIert
955 4440 1021 4495 de
1048 4438 1369 4504 turturibus,
1403 4446 1497 4492 aut
1524 4440 1589 4492 de
1620 4436 1882 4497 columbis
1908 4437 1989 4493 of-

401 4534 545 4593 ferat
568 4548 764 4595 munus
798 4547 977 4597 suum,
1020 4531 1072 4587 id
1107 4539 1211 4597 est,
1243 4531 1295 4586 in
1333 4530 1563 4586 scicntia
1593 4538 1647 4586 et
1678 4542 1987 4587 mansuetu-

404 4590 532 4686 dine
556 4590 809 4695 spiritali.
841 4590 976 4681 limo.
996 4622 1139 4679 enim
1173 4590 1309 4691 opus
1338 4621 1501 4675 habet
1525 4629 1584 4675 ut
1622 4637 1729 4676 non
1760 4622 1989 4677 excedat
2013 4590 2067 4654 Β

405 4717 543 4789 Ιεείεη
581 4713 941 4776 consideratio
982 4713 1036 4767 in
1076 4712 1230 4766 vanis
1269 4719 1550 4781 occupata.
1593 4711 1795 4766 Turtur
1823 4713 1992 4782 siqui-

404 4810 527 4866 dem
571 4808 704 4878 quia
730 4805 1092 4879 cognitionem
1145 4803 1347 4858 habet:
1391 4804 1466 4858 ita
1514 4811 1573 4858 ut
1599 4803 1716 4874 eius
1744 4805 1991 4874 exemplo

403 4904 711 4960 Judazorum
758 4900 1178 4969 exprobraretur
1226 4896 1490 4967 populus,
1559 4894 1825 4951 Jcremias
1868 4911 1993 4966 pro-

404 4997 516 5053 bat.
554 4994 645 5049 Ait
670 4992 854 5053 enim:
889 4989 1086 5044 Turtur
1110 4997 1157 5043 et
1192 4988 1417 5042 hirundo
1466 4998 1514 5043 et
1562 4988 1764 5043 ciconia
1813 4998 1990 5042 custo-

406 5086 613 5142 dierunt
654 5092 853 5151 tempus
908 5080 1158 5136 adventus
1182 5078 1310 5132 sui:
1355 5077 1579 5148 papulas
1625 5087 1797 5131 autem
1837 5093 1984 5131 meus

408 5194 513 5236 non
553 5174 787 5246 cognovit
823 5170 1084 5239 iudicium
1130 5169 1338 5223 Domini
1376 5170 1512 5239 (Jer.
1543 5171 1682 5243 vm).
1722 5170 1982 5228 Columba

408 5277 590 5323 autem
619 5263 816 5324 munda
853 5270 907 5319 et
936 5260 1184 5333 simplex,
1231 5260 1709 5332 annuntiatrixque
1747 5278 1986 5334 praesen-

409 5358 500 5415 tiae
527 5354 697 5410 sancti
734 5353 968 5422 Spiritus
993 5362 1077 5411 est
1102 5373 1113 5407 :
1144 5352 1332 5424 quales
1357 5360 1571 5423 oportet
1602 5368 1721 5411 esse
1748 5371 1843 5413 eos
1892 5359 1985 5429 qui

407 5448 555 5507 circa
582 5434 1044 5513 contemplandas
1108 5445 1409 5515 scripturas
1463 5444 1664 5499 habent
1726 5448 1981 5504 studium.

410 5536 567 5602 Unde
622 5533 884 5592 Ezechias
930 5534 1055 5588 ait:
1102 5534 1396 5590 Meditabor
1453 5544 1508 5589 ut
1564 5536 1803 5593 columba
1842 5538 1979 5611 (Isa.

412 5627 664 5699 xxxviii).
706 5625 901 5681 Simila.
946 5634 1125 5681 autem
1168 5636 1249 5681 est
1309 5628 1724 5683 libamentorum
1777 5630 1985 5685 sacriﬁ-

411 5722 574 5787 cium,
612 5729 706 5774 aut
741 5726 1134 5776 sacramentum
1176 5721 1415 5789 corporis
1448 5720 1649 5776 Christi
1680 5728 1734 5776 et
1762 5723 1980 5793 sangui-

412 5811 519 5880 nis,
552 5811 693 5882 quod
731 5812 786 5866 in
820 5811 977 5866 altari
1010 5820 1357 5868 consecratur
1382 5821 1435 5866 et
1465 5828 1494 5865 a
1524 5812 1770 5868 ﬁdelibus
1797 5813 1861 5867 ad
1889 5829 1982 5867 au-

2093 3354 2301 3411 scilicet
2330 3365 2389 3411 ut
2421 3358 2637 3425 omnia,
2668 3374 2789 3429 qua:
2828 3362 2896 3416 ad
2939 3360 3141 3418 Christi
3186 3364 3445 3421 honorem
3493 3365 3684 3425 oti'eri-

2093 3464 2237 3514 mus,
2262 3450 2341 3505 sal
2369 3451 2596 3508 rationis
2651 3468 2719 3509 ao
2755 3455 3099 3511 discretionis
3130 3472 3345 3527 semper
3383 3460 3678 3530 accipiant.

2094 3541 2246 3608 Quod
2281 3557 2409 3597 vero
2444 3544 2499 3598 in
2538 3544 2865 3601 sacriﬁcium
2891 3545 3069 3601 oleum
3112 3546 3456 3614 offerebatur,
3504 3550 3680 3621 signi-

2093 3634 2240 3699 ﬁcat,
2266 3643 2323 3688 ut
2348 3634 2607 3704 quidquid
2647 3637 2715 3690 ad
2759 3637 2960 3691 cultum
2990 3638 3194 3694 Christi
3243 3648 3299 3695 et
3332 3640 3683 3698 devotionem

2093 3736 2409 3782 salictorum
2447 3728 2811 3797 impendimus
2841 3770 2859 3797 ,
2904 3740 3075 3787 totum
3123 3748 3247 3788 cum
3280 3733 3559 3790 hilaritate
3595 3732 3682 3792 fa-

2092 3819 2301 3873 ciamus
2327 3836 2339 3872 :
2368 3817 2518 3873 Nihil
2542 3818 2624 3890 (ut
2655 3820 2731 3874 ait
2777 3820 3088 3894 Apostolus)
3117 3839 3182 3877 ea:
3232 3823 3445 3878 tristitia
3489 3833 3582 3881 aut
3609 3840 3682 3882 ss

2094 3909 2397 3963 necessitate
2413 3926 2430 3963 :
2446 3908 2667 3964 hilarem
2681 3912 2819 3965 enim
2842 3911 3077 3967 datorem
3098 3913 3266 3983 diligit
3279 3913 3421 3970 Deus
3443 3912 3530 3986 (II
3546 3913 3675 3973 Cor.

2094 3998 2195 4069 ix).
2232 3998 2387 4055 Unde
2434 4015 2650 4071 quoque
2683 4001 2959 4057 moraliter
2992 4017 3093 4059 nos
3128 4002 3353 4059 vitulum
3395 4003 3679 4064 offerimus

2092 4092 2224 4157 Deo,
2254 4108 2376 4147 cum
2406 4094 2586 4149 carnis
2620 4094 2929 4163 superbiam
2959 4094 3227 4151 vincimus
3252 4113 3265 4151 :
3298 4110 3519 4167 agnum,
3550 4111 3678 4153 cum

2091 4182 2492 4238 irrationabiles
2531 4184 2708 4239 monis
2745 4184 3106 4255 corrigimus:
3152 4187 3386 4253 haedum,
3432 4200 3557 4243 cum
3600 4186 3681 4243 la-

2093 4274 2316 4329 sciviam
2353 4290 2709 4344 superamus:
2739 4276 3062 4343 columbam,
3096 4289 3220 4331 cum
3271 4278 3678 4348 simplicitatem

2094 4366 2425 4421 custodimus
2457 4380 2471 4419 :
2500 4375 2784 4431 turturem,
2841 4384 2971 4425 cum
3002 4370 3309 4424 castitatem
3354 4385 3675 4427 servamus:

2093 4459 2199 4513 hoc
2240 4466 2422 4512 autem
2478 4474 2648 4529 genus
2690 4459 2870 4512 avium
2926 4460 3125 4514 dicitur
3159 4475 3323 4514 unum
3362 4471 3417 4515 et
3460 4470 3676 4518 castum

2092 4566 2310 4607 servare
2334 4549 2660 4621 coniugium.
2697 4549 2947 4604 Similem.
2970 4558 3023 4604 et
3056 4565 3225 4619 panes
3248 4566 3468 4621 azymos
3492 4550 3678 4608 oﬁ‘eri-

2092 4659 2233 4709 mus,
2262 4658 2384 4697 cum
2423 4643 2537 4697 sine
2568 4641 2769 4695 malitia
2796 4651 2855 4696 et
2889 4642 3126 4712 nequitia
3162 4642 3304 4698 hanc
3332 4644 3498 4699 vitam
3533 4659 3677 4716 prm-

2092 4746 2298 4791 sentem
2334 4736 2589 4807 gerimus.
2624 4732 2794 4789 Otl'ert
2831 4734 3003 4805 (Verbi
3043 4735 3237 4804 gratia)
3275 4735 3539 4804 similam,
3576 4736 3673 4810 qui

2091 4831 2148 4885 in
2180 4829 2294 4899 agri
2320 4828 2528 4883 cultura
2548 4837 2644 4883 aut
2674 4828 2977 4900 navigando
3005 4837 3099 4891 aut
3128 4830 3181 4883 in
3221 4826 3491 4900 aliquibus
3514 4849 3669 4891 eom-

2094 4922 2273 4976 munis
2317 4922 2440 4977 vitae
2472 4923 2658 4977 usibus
2705 4924 2934 4993 positam
2974 4921 3135 4977 offert
3177 4924 3665 4993 conversationem,

2092 5016 2211 5069 oleo
2260 5023 2437 5071 tamen
2489 5030 2873 5085 conSpersam:
2918 5015 3043 5085 quia
3090 5016 3266 5071 omnis
3311 5016 3491 5070 anima
3546 5026 3668 5089 eget

2094 5109 2213 5165 oleo
2261 5109 2455 5164 divinae
2510 5108 2914 5173 misericordiae,
2970 5122 3070 5163 nec
3127 5116 3446 5178 praesentem
3498 5109 3662 5165 vitam

2092 5202 2321 5255 evadere
2351 5202 2615 5270 quispiam
2646 5209 2851 5270 potest,
2878 5201 2981 5255 nisi
3013 5201 3063 5254 ei
3101 5200 3276 5255 oleum
3305 5201 3541 5257 caelestis
3568 5201 3666 5257 mi-

2093 5292 2380 5346 serationis
2427 5288 2657 5344 affuerit.
2708 5290 2818 5345 Nec
2869 5306 2973 5346 non
3020 5298 3074 5344 et
3124 5290 3253 5345 illud
3284 5292 3660 5358 intimandum,

2092 5381 2233 5452 quod
2258 5379 2410 5448 juxta
2439 5381 2819 5436 mortalitatem
2862 5396 2958 5451 per
2998 5383 3265 5437 olibanum
3308 5384 3661 5441 tentationum

2093 5473 2302 5543 pondus
2363 5472 2683 5541 exprimitur
2739 5490 2753 5527 :
2811 5487 2907 5541 per
2959 5475 3299 5545 ‘sartagiuem
3358 5478 3659 5535 constantia

2093 5566 2259 5619 animi
2303 5574 2357 5619 et
2396 5566 2560 5621 robur
2605 5568 2800 5622 mentis
2832 5586 2845 5622 :
2872 5584 2970 5639 per
3017 5569 3332 5625 craticulam
3376 5571 3657 5643 multiplex

2090 5656 2420 5727 impugnatio
2449 5673 2555 5713 non
2586 5658 2878 5729 incongrue
2902 5662 3251 5731 signiﬁcatur.
