3896 6330
185 274 283 341 ἰδῑ

799 394 1023 453 CAPUT
1058 394 1149 452 XI.

184 506 260 566 De
277 508 618 565 sacramentis
638 507 869 563 divinis:
896 508 981 563 ubi
1006 507 1134 578 quid
1165 508 1220 560 in
1251 506 1330 560 his
1356 504 1553 560 homini
1584 521 1765 575 geren-

622 579 751 633 dum
775 580 865 645 sit,
894 578 1301 634 demonstratur.

252 696 665 743 bacramentum
700 696 783 743 est
816 688 869 741 in
898 686 1077 754 aliqua
1107 685 1491 751 celebratione,
1523 700 1646 740 cum
1677 699 1763 740 res

183 787 327 852 gesta
362 778 435 832 ita
467 777 562 843 ﬁt,
596 785 657 832 ut
680 776 879 847 aliquid
907 775 1213 847 signiﬁcare
1240 776 1596 847 intelligatur,
1618 775 1763 845 quod

183 876 361 925 sancte
407 866 782 937 accipiendum
824 873 925 921 est.
964 866 1105 921 Sunt
1155 875 1337 921 autem
1388 865 1761 935 Sacramenta,

182 960 474 1032 baptismus
497 968 555 1015 et
571 960 827 1025 chrisma,
843 973 1038 1029 corpus
1057 967 1112 1014 et
1127 958 1347 1027 sanguis
1373 957 1618 1025 Domini;
1642 974 1764 1028 quae

182 1053 246 1107 ob
288 1051 341 1106 id
389 1050 745 1107 Sacramenta
791 1050 1059 1115 dicuntur,
1105 1048 1250 1119 quod
1298 1048 1401 1102 sub
1448 1056 1761 1119 tegumenta

184 1139 539 1211 corporalium
577 1154 760 1195 rerum
794 1140 965 1195 virtus
1008 1140 1189 1194 divina
1226 1138 1490 1194 secretius
1536 1138 1761 1193 salutem

180 1230 491 1285 eorumdem
556 1228 1030 1296 Sacramentorum
1068 1237 1346 1301 operatur.
1414 1230 1567 1285 Unde
1616 1237 1671 1285 et
1730 1246 1763 1285 a

181 1323 401 1379 secretis
442 1322 739 1379 virtutibus
766 1323 850 1379 vel
896 1325 1067 1379 sacris
1106 1324 1458 1378 Sacramenta
1490 1324 1757 1379 dicuntur.

182 1412 305 1479 Quae
325 1412 446 1468 ideo
477 1412 755 1469 fructuosa
780 1427 946 1484 penes
973 1415 1270 1470 Ecclesium
1302 1414 1436 1469 ﬁunt
1457 1433 1468 1468 :
1486 1414 1611 1485 quia
1641 1428 1763 1469 san-

181 1512 295 1558 ctus
317 1504 370 1557 in
390 1518 457 1558 ea
485 1516 717 1559 manens
739 1502 973 1574 Spiritus
1003 1502 1254 1559 eumdem
1288 1502 1764 1559 SaCramentorum

178 1595 404 1651 latenter
428 1605 691 1665 operatur
718 1596 987 1653 eﬁ‘ectum.
1021 1596 1171 1652 Unde
1205 1611 1302 1651 seu
1330 1610 1425 1667 per
1453 1599 1625 1652 bonos
1666 1601 1765 1650 seu

177 1699 271 1759 per
300 1686 469 1741 malos
505 1687 787 1743 ministros
828 1688 970 1743 intra
1001 1686 1095 1743 Dei
1129 1686 1424 1741 Ecclesiam
1451 1687 1764 1757 dispensen-

1175 280 1263 337 ΒΕ
1298 278 1645 336 UNIVERSO
1681 277 1860 332 LIBRI
1898 277 2062 333 XXII.
2102 310 2173 319 —
2210 280 2337 336 LIB.
2380 280 2449 335 γ.

1788 394 1836 454 Α
1866 404 2072 465 tempus
2103 396 2363 465 respicit,
2400 393 2616 466 quando
2661 396 2901 468 Apostoli
2950 406 3005 457 et
3029 402 3210 458 caeteri
3256 403 3443 462 ﬁdeles

3334 248 3436 351 ait

1865 488 2006 544 illius
2039 487 2294 557 temporis
2345 488 2608 559 baptizati
2653 497 2780 545 sunt
2807 504 2946 560 aqua
2986 491 3040 545 in
3071 493 3444 554 remissionem

1862 592 2212 651 peccatorum
2263 595 2361 651 per
2406 582 2635 652 gratiam
2686 571 2923 651 Spiritus
2965 584 3139 639 sancti
3188 585 3443 643 donatam

1863 671 1964 726 sibi
1986 687 2017 725 a
2054 672 2283 727 Domino
2313 688 2326 725 :
2360 686 2546 727 verum
2583 671 2749 727 etiam
2776 662 3013 742 quando,
3044 674 3293 733 mittente
3328 677 3447 750 ipso

1862 763 2121 828 Domino,
2170 762 2385 832 plenius
2441 762 2683 837 ejusdem
2707 763 2860 818 'dona
2911 777 3185 840 accepere-
3209 765 3445 839 Spiritus

1863 855 2035 909 sancti
2086 854 2152 910 de
2191 852 2344 910 oculis
2379 871 2391 907 :
2422 841 2517 909 sed
2552 860 2607 907 et
2658 868 2801 909 nunc
2830 850 3140 925 quicunque
3171 854 3444 927 Baptisma

1863 946 1919 1000 in
1981 946 2356 1003 remissionem
2415 952 2767 1017 peccatorum
2811 939 3107 1019 accipiunt,
3157 949 3345 1021 utique
3389 950 3445 1007 in

1864 1033 2067 1105 Spiritu
2103 1042 2293 1092 sancto
2337 1036 2684 1107 baptizantur
2710 1076 2724 1101 ,
2756 1050 2854 1106 per
2888 1025 3044 1115 cujus
3094 1040 3292 1096 donum
3332 1048 3387 1097 et
3414 1054 3448 1098 a

1862 1126 2099 1195 peccatis
2126 1126 2417 1183 abluuntur
2451 1126 2720 1205 omnibus,
2757 1135 2838 1207 et.
2864 1116 2919 1189 in
2973 1127 3131 1185 bonis
3181 1131 3448 1205 proﬁcere

1863 1215 2073 1291 actibus
2088 1216 2428 1285 adjuvantur.
2452 1216 2583 1273 Item
2600 1216 2795 1287 legitur
2816 1213 3070 1274 SalvatOr
3084 1210 3448 1294 in‘Evangelio

1864 1304 1931 1360 de
1952 1320 2011 1360 sc
2030 1304 2229 1361 dixisse
2256 1307 2611 1379 :Baptisn'tum
2625 1306 2789 1363 habeo
2804 1308 3085 1379 baptizari,
3108 1320 3156 1367 et
3185 1324 3447 1382 co‘arctor,

1863 1396 2028 1450 donec
2072 1396 2378 1465 perﬁciatur
2404 1398 2556 1470 (Luc.
2581 1399 2715 1471 xu);
2752 1390 2934 1484 inquo
2957 1404 3223 1463 videlicet
3243 1408 3451 1478 passio-

1864 1485 1949 1541 nis
1975 1500 2084 1541 sute
2108 1487 2284 1541 innuit
2307 1486 2750 1545 Sacramentum:
2778 1492 3035 1562 quoniam
3062 1509 3257 1566 corpus
3272 1513 3448 1565 suum,

1864 1577 1968 1632 hoc
1991 1584 2095 1643 est,
2114 1585 2357 1659 sanctam
2388 1578 2689 1635 Ecclesiam
2715 1596 2814 1666 per
2838 1574 3153 1665 eﬁ‘usionem
3174 1588 3451 1660 Sanguinis

1864 1667 1948 1723 sui
1984 1667 2186 1729 lavavit
2224 1673 2255 1722 a
2291 1669 2542 1725 sordibus
2578 1672 2822 1727 omnium
2863 1685 3237 1744 peccatorum.
3290 1680 3445 1737 Unde‘

178 1750 262 1833 iur
289 1797 302 1831 :
336 1787 524 1833 tamen
549 1781 672 1849 quia
706 1780 938 1851 Spiritus
965 1789 1188 1836 sanctus
1227 1781 1450 1851 mystice
1472 1750 1560 1835 illa
1585 1779 1759 1833 viviﬁ-

1864 1762 2126 1833 scriptum
2155 1768 2238 1819 est
2271 1782 2282 1816 :
2316 1763 2421 1843 Qui
2439 1764 2623 1822 dilexit
2649 1783 2763 1835 nos,
2788 1777 2836 1831 et
2879 1767 3004 1831 lavit
3032 1774 3125 1830 nos
3159 1791 3191 1828 a
3220 1778 3447 1845 peccatis

176 1877 280 1935 cat,
308 1870 402 1939 qui
453 1872 731 1939 quondam
762 1872 1055 1943 apostolico
1092 1873 1144 1927 in
1182 1880 1424 1943 tempore
1473 1872 1759 1928 visibiliter

177 1961 503 2032 apparebat;
539 1964 793 2032 operibus
827 1979 928 2019 nec
956 1966 1218 2021 bonon
1246 1964 1454 2019 meritis
1484 1964 1760 2034 dispensa-

177 2057 349 2104 torum
392 2051 799 2119 ampliﬁcantur
823 2053 936 2107 hmo
982 2054 1143 2117 dona,
1189 2068 1289 2108 nec
1326 2054 1591 2109 malorum
1628 2060 1763 2108 atte-

174 2148 403 2195 nuantur
430 2155 445 2194 :
478 2139 622 2205 Quia
661 2158 824 2212 neque
852 2142 942 2212 qui
968 2143 1172 2213 plantat
1221 2142 1423 2214 aliquid
1470 2153 1567 2209 est,
1600 2160 1765 2215 neque
1826 2185 1842 2205 .

181 2230 267 2301 qui
297 2231 458 2301 rigat,
485 2232 579 2285 sed
600 2232 691 2303 qui
716 2232 1089 2286 incrementum
1133 2233 1225 2286 dat
1251 2232 1393 2287 Deus
1422 2233 1476 2303 (Ι
1505 2233 1627 2290 Cor.
1652 2236 1759 2305 ιιι).

176 2324 324 2382 Unde
347 2329 402 2376 et
439 2333 622 2393 graece
649 2321 968 2393 mysterium
998 2321 1215 2387 dicitur,
1260 2323 1404 2392 quod
1426 2324 1762 2379 reconditam

178 2418 372 2473 habeat
401 2414 885 2485 dispensationem.
916 2412 1221 2481 Baptismus
1249 2428 1442 2483 graece,
1464 2414 1631 2469 latine
1656 2416 1762 2467 tin-

173 2510 270 2562 etio
296 2506 710 2574 interpretatur.
728 2500 1073 2568 Quaaidcirco
1098 2495 1289 2557 tinctio
1306 2500 1522 2567 dicitur,
1547 2501 1672 2572 quia
1692 2500 1769 2555 ibi

174 2599 331 2655 homo
357 2596 568 2667 Spiritu
608 2594 797 2664 gratiae
836 2593 893 2647 in
930 2592 1122 2647 melius
1166 2592 1503 2657 immutatur,
1527 2602 1583 2647 et
1609 2592 1765 2661 longe

174 2688 335 2754 aliud,
364 2702 533 2759 quam
564 2692 705 2752 erat,
742 2682 991 2739 edicitur.
1026 2683 1184 2737 Prius
1214 2682 1360 2738 enim
1392 2681 1521 2736 foedi
1548 2697 1764 2737 eramus

174 2779 520 2835 deformitate
544 2784 892 2849 peccatorum
917 2792 931 2827 :
964 2774 1020 2828 in
1050 2774 1167 2843 ipsa
1191 2773 1454 2828 tinctione
1484 2772 1764 2828 reddimur

173 2868 377 2939 pulchri
406 2868 473 2922 de
520 2866 797 2922 albatione
822 2866 1105 2919 virtutum.
1145 2863 1300 2919 Unde
1337 2870 1391 2918 et
1442 2863 1496 2917 in
1526 2862 1763 2918 Canticis

175 2958 422 3012 scribitur
462 2956 802 3011 canticorum
828 2973 848 3007 .:
878 2952 1009 3017 Quis
1044 2962 1120 3007 est
1164 2953 1301 3018 ista,
1340 2968 1458 3021 qua:
1506 2952 1761 3017 ascendit,

174 3047 318 3117 quasi
366 3045 662 3100 dealbata?
704 3041 894 3115 (Cant.
929 3042 1036 3115 ιιι.)
1084 3041 1250 3112 Cujus
1293 3043 1612 3112 mysterium
1655 3060 1763 3099 non

175 3101 349 3202 aliter,
384 3138 492 3190 nisi
519 3138 624 3190 sub
655 3101 935 3188 Ti‘initatis
960 3101 1430 3202 designatione.“
1458 3143 1559 3200 est,
1587 3133 1766 3190 Patris
1793 3101 1839 3164 Ο

176 3239 227 3285 et
276 3228 397 3283 Filii
429 3237 485 3283 et
527 3226 766 3297 Spiritus
795 3225 969 3280 sancti
997 3224 1486 3295 cognominatione,
1518 3227 1761 3295 comple-

180 3330 280 3386 tur,
304 3322 524 3375 dicente
554 3320 785 3374 Domino
807 3318 874 3372 ad
894 3316 1181 3388 Apostolos
1210 3322 1224 3370 :
1260 3316 1361 3381 Ite,
1385 3316 1563 3371 docete
1584 3333 1762 3373 omnes

178 3422 365 3483 gentes,
403 3411 737 3480 baptisantes
782 3426 868 3464 eos
902 3409 958 3463 in
1000 3409 1207 3463 nomine
1248 3393 1430 3463 Patris
1479 3418 1531 3464 et
1558 3408 1689 3463 Filii
1716 3406 1765 3464 e't

181 3498 398 3570 Spiritus
430 3499 607 3554 sancti
639 3497 853 3574 (Matth.
885 3496 1099 3569 xxviii).
1136 3497 1289 3570 Sicut
1317 3498 1465 3553 enim
1498 3500 1553 3552 in
1596 3499 1763 3555 tribus

180 3589 385 3644 testibus
412 3599 521 3643 stat
543 3604 697 3643 omne
724 3586 930 3642 verbum
951 3588 1130 3659 (Deut.
1160 3588 1241 3659 ι),
1260 3589 1343 3661 ita
1362 3598 1763 3645 sacramentum

180 3679 461 3735 conﬁrmat
489 3677 767 3733 tertiarius
809 3690 1065 3731 numerus
1101 3677 1384 3734 nominu-
1436 3677 1761 3734 divinorum.

182 3771 325 3839 Quod
346 3778 532 3826 autem
558 3784 663 3840 per
691 3782 888 3838 aquam
925 3767 1231 3838 Baptismus
1258 3769 1444 3835 datur,
1480 3772 1597 3826 huic
1626 3772 1765 3828 ratio

182 3870 277 3917 cst.
306 3860 486 3916 Voluit
528 3860 678 3915 enim
713 3858 997 3923 Dominus,
1025 3866 1086 3912 ut
1118 3872 1205 3913 res
1240 3857 1331 3912 illa
1362 3858 1647 3915 invisibilis
1670 3877 1765 3930 per

184 3951 610 4021 congruentiam,
655 3938 867 4002 scilicet
904 3960 1003 4015 per
1044 3946 1430 4003 contrectabile
1470 3958 1524 4001 et
1555 3948 1765 4017 visibile

183 4039 587 4107 impenderetur
647 4036 1005 4100 elementum,
1056 4050 1222 4105 super
1278 4037 1423 4105 quod
1482 4037 1648 4092 etiam
1706 4038 1762 4093 in

183 4127 439 4197 principio
476 4124 759 4181 ferebatur
805 4124 1038 4194 Spiritus
1090 4131 1310 4181 sanctus
1354 4122 1510 4195 (Gen.
1535 4124 1596 4194 ι).
1628 4124 1762 4181 Nam

184 4217 317 4277 sicut
342 4233 484 4289 aqua
524 4225 724 4288 purgat
751 4216 993 4271 exterius
1031 4229 1265 4285 corpus:
1297 4216 1373 4270 ita
1396 4216 1625 4273 latenter
1648 4218 1765 4288 ejus

187 4309 480 4365 ministerio
512 4323 618 4379 per
647 4306 907 4378 Spiritum
934 4316 1181 4362 sanctum
1215 4307 1532 4375 puriﬁcatur
1566 4316 1621 4362 et
1648 4307 1767 4362 ani-

185 4412 315 4455 mus.
330 4398 497 4467 Cujus
513 4396 877 4451 sanctiﬁcatio
898 4396 973 4451 ita
986 4404 1086 4452 est.
1103 4396 1358 4452 Invocato
1379 4397 1524 4451 enim
1541 4397 1651 4453 Deo
1666 4398 1761 4453 de-

184 4490 378 4545 scendit
405 4488 654 4558 Spiritus
672 4495 893 4541 sanctus
922 4486 988 4541 de
1013 4486 1184 4552 ctelis,
1215 4495 1270 4542 et
1298 4487 1579 4543 medicatis
1608 4490 1762 4559 aquis

185 4580 477 4638 sanctiﬁcat
511 4594 613 4635 eas
656 4578 724 4634 de
752 4580 1065 4652 semetipso,
1107 4588 1162 4635 et
1187 4580 1459 4650 accipiunt
1487 4583 1595 4636 vim
1629 4598 1761 4653 pur-

184 4672 422 4743 gationis,
478 4678 542 4725 ut
574 4668 634 4727 in
668 4668 749 4724 eis
789 4676 847 4725 et
866 4684 996 4726 caro
1030 4677 1085 4724 et
1121 4669 1299 4723 anima
1349 4670 1557 4726 delictis
1581 4672 1761 4740 inqui-

187 4771 314 4817 nata:
366 4760 726 4833 mandentur.
783 4757 898 4813 Hoc
961 4773 1175 4829 quoque
1232 4759 1517 4815 sciendum
1543 4800 1558 4826 ,
1615 4762 1761 4831 quod

187 4856 420 4925 quamvis
474 4851 781 4926 apostolica
826 4850 1076 4907 doctrina
1122 4850 1353 4923 (Ephes.
1379 4852 1454 4926 tv)
1506 4854 1763 4922 praedicet

187 4958 337 5000 unam
382 4960 512 5004 esse
559 4945 725 5003 ﬁdem
747 4952 805 4999 et
844 4958 1008 4999 unum
1050 4942 1369 5015 Baptisma:
1406 4954 1584 5000 tamen
1632 4954 1761 5001 sunt

187 5032 327 5101 plura
357 5052 565 5106 genera
608 5036 970 5107 baptismatis,
1006 5050 1126 5104 qua:
1170 5044 1403 5105 purgant
1429 5036 1700 5093 hominem
1728 5052 1760 5092 a

188 5122 423 5190 delictis,
456 5138 526 5179 ac
569 5124 875 5194 profectum
922 5122 1206 5179 conferunt
1259 5126 1579 5181 sanctitatis.
1623 5125 1760 5181 Nam

189 5211 373 5285 legitur
422 5215 480 5271 in
530 5214 765 5269 Actibus
806 5215 1199 5285 apostolorum,
1246 5215 1531 5273 Dominum
1568 5234 1760 5276 ascen-

190 5316 360 5359 surum
389 5307 443 5361 in
484 5304 692 5361 ccelum
733 5304 1006 5375 discipulis
1027 5306 1228 5363 dixisse
1261 5326 1273 5360 :
1302 5306 1531 5363 Joannes
1553 5309 1759 5379 quidem

192 5392 453 5463 baptizavit
505 5408 694 5468 aqua:
745 5411 830 5448 vos
880 5408 1052 5450 autem
1107 5400 1497 5469 baptizabimini
1559 5401 1759 5471 Spiritu

192 5495 359 5542 sancto
408 5503 516 5541 non
542 5488 675 5557 ipost
724 5486 912 5541 multos
965 5490 1058 5541 hos
1112 5491 1221 5545 dies
1254 5493 1392 5563 (Act.
1418 5494 1478 5563 ι).
1520 5492 1619 5548 Ubi
1662 5511 1759 5549 no-

197 5577 590 5646 tandum,quod
629 5577 903 5647 Baptisma
959 5577 1168 5633 Domini
1216 5582 1267 5633 in
1311 5582 1512 5652 Spiritu
1545 5594 1754 5651 sancto,

1861 1854 2053 1909 nostris
2079 1855 2134 1909 in
2163 1855 2417 1925 sanguine
2432 1872 2535 1937 suo
2564 1854 2745 1928 (Apoc.
2783 1857 2847 1930 ι).
2891 1860 3031 1920 Hinc
3054 1878 3269 1935 quoque
3307 1882 3455 1929 mar-

1862 1945 2082 2016 tyrium,
2115 1944 2256 2015 quod
2284 1960 2381 2015 pro
2405 1938 2613 2004 Christi
2663 1949 2881 2006 nomine
2929 1953 3209 2024 patiuntur
3238 1957 3449 2027 ﬁdeles,

1864 2036 2104 2091 creditur
2154 2050 2274 2090 esse
2324 2037 2575 2109 purgatio
2611 2039 2852 2095 omnium
2901 2052 3285 2112 peccatorum:
3314 2048 3456 2105 sicut

1866 2124 1997 2180 dicit
2018 2121 2211 2191 Petrus
2237 2116 2514 2196 apostolus
2540 2144 2553 2180 :
2582 2123 2822 2184 Christus
2849 2138 3036 2201 passus
3059 2142 3134 2188 est
3158 2151 3251 2205 pro
3287 2137 3451 2203 vobis,

1864 2214 2005 2301 vobis
2033 2212 2331 2301 relinquens
2346 2204 2661 2301 sumptum,
2692 2227 2750 2273 ut
2782 2221 3072 2291 sequamini
3093 2210 3305 2295 vestigia
3330 2227 3447 2298 ejus

1865 2301 1913 2375 (1
1932 2300 2076 2358 Petr.
2111 2302 2194 2375 ιι).
2212 2296 2287 2360 De
2308 2320 2415 2387 quo
2440 2306 2557 2387 ipsa
2586 2296 2799 2365 Veritas
2823 2316 3072 2377 testatur,
3096 2312 3277 2380 dicens
3297 2322 3313 2367 :
3348 2296 3454 2381 Qui

1864 2400 2238 2471 sequiturrme,
2282 2417 2385 2465 non
2409 2402 2697 2457 ambulabit
2724 2404 2779 2457 in
2825 2405 3067 2473 tenebris,
3112 2409 3201 2464 sed
3245 2400 3451 2466 habebit

1866 2490 2042 2549 lumen
2067 2479 2189 2545 vita:
2210 2491 2395 2567 (Joan.
2428 2492 2570 2565 vm).
2600 2493 2668 2551 Et
2694 2494 2927 2559 iterum:
2961 2496 3066 2565 Qui
3097 2498 3227 2567 vult,
3255 2501 3451 2573 inquit,

1862 2592 1978 2652 post
2007 2598 2087 2636 me
2108 2584 2299 2648 venire,
2346 2584 2561 2655 abneget
2592 2587 2945 2657 semetipsum,
2995 2597 3045 2643 et
3071 2584 3220 2647 tollat
3246 2607 3452 2647 crucem

1863 2689 2034 2740 suam,
2079 2682 2128 2728 et
2161 2682 2411 2744 sequatur
2438 2692 2540 2728 me.
2590 2675 2734 2731 Nam
2756 2679 2845 2748 qui
2897 2679 3179 2748 perdiderit
3223 2683 3455 2741 animam

1863 2780 2016 2818 suam
2056 2773 2267 2835 propter
2319 2781 2401 2821 me
2454 2766 2507 2819 in
2535 2765 2694 2821 vitam
2742 2770 3001 2825 (sternam
3039 2770 3288 2837 custodiet
3338 2789 3455 2827 eam

1865 2853 2079 2929 (ﬂaua.
2113 2856 2251 2932 xvi).
2300 2856 2573 2915 Praeterea
2597 2867 2724 2919 sunt
2747 2868 2803 2914 et
2828 2858 2946 2927 alia;
2973 2863 3191 2934 species.
3210 2863 3442 2934 munda-

1865 2947 2091 3012 tionum,
2124 2930 2318 3018 quibus
2360 2948 2554 3004 animae
2606 2957 2911 3022 purgantur
2953 2930 3251 3009 avdelictis
3292 2930 3454 3023 atque

1870 3038 2129 3107 peccatis.
2162 3037 2301 3095 Nam
2332 3039 2628 3095 creduntur
2655 3040 2849 3096 anima:
2871 3040 3013 3097 solvi
3034 3056 3066 3097 a
3108 3032 3453 3113 peccatorum

1870 3129 2097 3185 vinculis
2122 3144 2222 3203 per
2241 3129 2635 3187 confessionem
2664 3138 2719 3187 et
2741 3146 2839 3201 per
2871 3132 3246 3203 penitentiam
3264 3132 3454 3194 veram

1866 3234 1989 3274 cum
2040 3218 2402 3289 lacrymarum
2469 3220 2901 3290 compunctione.
2977 3221 3133 3280 Unde
3180 3231 3266 3285 est
3325 3223 3455 3280 illud

1867 3305 2055 3364 Jacobi
2094 3308 2461 3364 testimonium
2491 3328 2504 3363 :
2538 3310 2871 3381 Conﬁtemini
2892 3310 3204 3367 alterutrum
3240 3324 3455 3382 peccata

1868 3408 2054 3464 vestra,
2102 3407 2148 3451 et
2197 3408 2340 3453 orate
2382 3416 2475 3470 pro
2504 3400 2742 3465 invicem,
2789 3400 2846 3454 ut
2892 3396 3163 3457 salvemini
3206 3399 3347 3474 (Jac.
3376 3400 3454 3473 v).

1866 3487 2005 3544 Hinc
2034 3498 2089 3543 et
2116 3490 2402 3545 Psalmista
2421 3490 2487 3545 ad
2510 3491 2798 3549 Dominum
2827 3492 2904 3549 ait
2936 3506 2951 3545 :
2986 3490 3248 3551 Delictum
3279 3510 3453 3551 meum

1864 3580 2128 3650 cognitum
2176 3579 2269 3634 tibi
2312 3581 2441 3650 feci,
2487 3590 2535 3637 et
2564 3582 2853 3653 iniustitias
2882 3598 3025 3640 meas
3076 3599 3180 3637 non
3219 3586 3401 3656 operui
3433 3599 3452 3638 :

1864 3673 1998 3737 dixi,
2050 3673 2398 3741 pronuntiabo
2443 3674 3133 3745 adversummeiniustitias
3172 3692 3314 3732 meas
3340 3676 3454 3733 Do-

1865 3765 2029 3828 mino,
2079 3772 2222 3817 et’tu
2267 3764 2510 3823 remisisti
2547 3763 2863 3835 impietatem
2906 3764 3077 3820 cordis
3118 3765 3220 3825 mei
3274 3762 3451 3837 (Psal.

1865 3854 2049 3925 xm);
2078 3864 2135 3909 et
2175 3853 2334 3907 alibi:
2387 3853 2595 3919 lavabo,
2624 3852 2829 3925 inquit,
2860 3870 2952 3925 per
2990 3854 3225 3926 singulas
3274 3866 3448 3915 noctes

1862 3943 2053 4000 lectum
2090 3959 2295 4009 meum,
2340 3942 2587 4020 lacrpmis
2636 3944 2765 4007 meis
2816 3953 3011 4012 statum
3050 3962 3224 4013 meum
3274 3948 3452 4021 rigabo

1863 4028 2036 4102 (Psal.
2068 4031 2166 4104 vi).
2201 4031 2302 4087 Ubi
2337 4031 2525 4108 lectum
2556 4032 2967 4099 delectationem
3016 4036 3262 4105 corporis
3297 4035 3455 4096 intel-

1865 4120 2101 4192 ιίείωυεν
2134 4136 2294 4191 quam
2335 4129 2512 4193 Ροιεει
2545 4122 2710 4187 ὶ101110
2734 4122 3005 4195 μοι’]ωἰε,
3048 4126 3294 4195 quamvis
3322 4141 3453 4197 pau~

1865 4213 1965 4279 cis,
2007 4212 2211 4278 lavare,
2267 4212 2313 4267 si
2346 4226 2469 4267 eum
2516 4212 2805 4289 contingat
2842 4214 3046 4288 amicali
3098 4216 3452 4288 inspiratione

1863 4302 2080 4357 deﬂere.
2106 4300 2340 4359 Stratum
2361 4312 2541 4357 autem
2572 4302 2842 4373 signiﬁcat
2881 4301 3155 4373 cumulum
3205 4314 3452 4379 peccato-

1866 4415 2005 4464 rum,
2029 4415 2187 4470 quem
2205 4400 2381 4469 rignre
2396 4398 2671 4469 jubemur,
2690 4400 2906 4467 boccst,
2931 4402 3151 4462 uberius
3171 4401 3377 4467 lavare,
3393 4410 3452 4457 ut

1868 4491 2035 4548 simus
2059 4506 2125 4546 ex
2144 4499 2429 4560 peccatore
2452 4489 2605 4558 justi,
2621 4505 2690 4545 ex
2718 4490 2934 4561 lugente
2959 4490 3091 4557 laeti,
3115 4499 3171 4548 et
3196 4506 3263 4547 ex
3277 4506 3452 4561 tegi-o-

1870 4592 1926 4638 to
1971 4581 2266 4636 sanissimi.
2298 4580 2451 4647 Quod
2479 4590 2661 4636 autem
2697 4594 2827 4639 vera
2846 4580 3164 4651 pauitantia
3187 4591 3451 4654 expurget

1864 4672 2164 4737 hominem,
2192 4679 2247 4726 et
2272 4672 2340 4725 ad
2374 4670 2595 4725 calcate
2622 4686 2847 4744 regnum
2895 4673 3176 4742 perducat,
3214 4664 3448 4731 ostendit

1870 4763 2147 4828 Dominus,
2178 4762 2364 4818 dicens
2390 4779 2403 4815 :
2437 4760 2802 4821 Pwnitentiam
2825 4762 2986 4833 agite,
3011 4764 3445 4834 appropinquabit

1867 4855 2005 4908 enim
2056 4869 2271 4923 regnum
2298 4852 2545 4907 calorum
2595 4854 2821 4925 (Matth.
2848 4854 2953 4925 tv).
2992 4853 3126 4913 Item
3162 4870 3257 4925 per
3303 4856 3444 4911 bona

1868 4958 2029 5013 opera
2058 4951 2113 4998 et
2136 4958 2233 5013 per
2267 4943 2640 5014 eleemosynas
2667 4954 2931 5016 purgatur
2951 4946 3114 5001 homo
3134 4962 3165 5003 a
3196 4945 3445 5003 sordibus

1868 5034 2075 5090 animat.
2111 5032 2265 5091 Unde
2298 5041 2382 5089 est
2407 5033 2537 5089 illud
2571 5034 2873 5095 Ρωιωιιιω
2896 5054 2910 5091 :
2937 5034 3147 5104 Lavabo
3181 5038 3316 5090 inter
3355 5038 3441 5091 in-

1866 5132 2104 5181 nocentes
2139 5141 2328 5180 manus
2374 5138 2518 5181 meas
2546 5125 2715 5197 (Psal.
2744 5127 2893 5201 xxv)-
2941 5127 3086 5185 Ιιιιιιι⁵
3122 5128 3439 5186 innocentes

1863 5218 2008 5273 enim
2037 5216 2182 5273 lavat
2224 5232 2420 5277 manus
2447 5236 2595 5287 suas,
2632 5220 2883 5290 quisquis
2916 5218 3061 5277 facta
3086 5220 3303 5291 propria
3326 5229 3443 5276 stu-

1865 5310 1953 5365 dio
1980 5308 2136 5365 bona:
2161 5310 2588 5369 conversationis
2628 5310 2903 5365 emundat.
2932 5308 3072 5365 Hinc
3103 5318 3158 5364 et
3190 5308 3439 5365 Salvator

1862 5406 1917 5460 in
1946 5404 2235 5475 Evangelio
2263 5406 2339 5459 ait
2370 5424 2382 5459 :
2422 5405 2554 5460 Date
2597 5405 2991 5477 eleemosynam,
3022 5414 3071 5459 et
3117 5420 3231 5460 ecce
3261 5405 3439 5461 omnia

1862 5497 2057 5550 munda
2110 5507 2230 5551 sunt
2276 5498 2413 5551 vobis
2442 5496 2590 5567 (Luc.
2626 5497 2723 5566 ιι).
2764 5497 2832 5551 Et
2855 5496 2981 5552 alibi
3011 5496 3271 5567 scriptum
3308 5504 3434 5555 est:

1863 5587 2010 5642 Sicut
2033 5604 2168 5656 aqua
2184 5588 2463 5655 exstinguit
2488 5588 2687 5656 ignem:
2713 5586 2787 5637 ita
2808 5584 3134 5657 elemosyna
3152 5584 3433 5654 exstinguit

190 5667 251 5723 de
274 5684 379 5736 quo
398 5670 734 5740 pra-dixerat
759 5670 1009 5737 Joannes,
1041 5686 1148 5726 non
1169 5672 1236 5727 ad
1267 5673 1395 5729 illud
1424 5675 1754 5732 solummodo
1859 5680 2308 5753 pecmtuijob.
2348 5684 2440 5752 tv).
2472 5678 2706 5749 Adjuvat
2751 5680 2914 5735 etiam
2942 5680 3212 5737 hominem
3255 5678 3323 5733 ad
3346 5692 3433 5733 sa-
