3896 6354
414 367 517 427 I35

1039 366 1100 420 Β.
1138 362 1391 421 RABANI
1427 359 1648 418 MAURI
1686 359 2006 418 ARCHIEP.
2049 360 2359 419 MOGUNT.
2401 358 2687 416 OPERUM
2724 360 2904 420 PARS
2941 363 3008 419 II.

3583 370 3683 428 136

413 480 582 536 lutem
611 477 1012 550 percipiendam
1051 483 1311 529 aeternam
1339 474 1519 528 oratio
1551 488 1708 543 pura.
1757 472 1992 542 Adjuvat
2021 479 2071 534 Α
2101 470 2201 540 vn).
2230 467 2399 537 Hujus
2437 470 2515 524 rei
2557 480 2979 538 sacramentum,
3019 473 3072 528 id
3101 481 3203 541 est,
3248 476 3471 532 unitatis
3497 491 3687 548 corpo-

411 576 469 625 et
490 569 800 640 praedicatio
825 566 975 621 verbi
1006 565 1195 619 divini.
1224 565 1458 634 Adjuvat
1503 573 1559 619 et
1607 563 1822 619 dilectio
1861 578 1994 632 pura

411 673 554 714 vera:
582 654 884 712 charitatis.
914 651 1068 709 Unde
1111 661 1196 708 est
1225 652 1353 707 illud
1388 652 1576 707 Jacobi
1604 670 1618 706 :
1653 651 1835 705 Oratio
1872 649 1997 718 ﬁdei

410 748 630 806 salbabit
674 747 967 816 inﬁrmum,
1018 756 1064 800 et
1096 746 1142 800 si
1178 747 1235 799 in
1262 747 1487 816 peccatis
1541 753 1636 809 est,
1674 743 1998 797 dimittentur

409 842 462 898 ei
489 839 630 912 (Jac.
653 837 732 907 v).
765 839 835 894 Et
879 839 1073 893 iterum
1105 854 1118 890 :
1153 836 1256 902 Qui
1287 836 1533 902 conuerti,
1583 835 1778 905 inquit,
1820 833 2000 902 fecerit

410 935 734 1003 peccatorem
771 927 835 982 ab
866 943 1044 982 errore
1075 927 1170 982 via:
1191 943 1326 992 suae,
1362 925 1582 981 salvabit
1614 926 1844 979 animam
1881 923 1996 993 ejus

412 1031 636 1078 amorte
682 1030 731 1076 et
778 1021 945 1092 operit
973 1020 1362 1074 multitudinem
1408 1028 1740 1090 peccatorum
1783 1015 1994 1088 (Ibid.).

410 1113 655 1183 Denique
686 1111 954 1179 Salvator,
984 1111 1130 1181 quod
1155 1110 1372 1165 dilectio
1403 1109 1777 1164 remissionem
1805 1122 2000 1176 pecca-

411 1210 591 1259 torum
638 1203 836 1273 pariat,
867 1204 923 1258 in
967 1201 1262 1273 Evaugelio
1288 1202 1356 1257 ad
1400 1200 1677 1256 Simonem
1729 1199 2000 1268 loquendo

412 1293 480 1350 de
527 1292 756 1348 muliere
809 1292 1134 1362 peccatrice,
1188 1307 1309 1362 quae
1359 1291 1524 1363 pedes
1580 1292 1703 1364 ejus
1747 1289 2000 1360 lacrymis

411 1385 627 1457 rigavit,
656 1393 713 1440 et
735 1384 943 1455 capillis
965 1385 1143 1451 tersit,
1167 1392 1223 1439 et
1240 1392 1515 1458 unguento
1536 1383 1719 1438 unxit:
1741 1383 1997 1447 ostendit,

409 1475 597 1533 dicens
621 1493 635 1530 :
667 1474 834 1530 Amen
850 1477 969 1530 dico
993 1475 1107 1541 tibi,
1125 1475 1463 1530 remittuntur
1483 1475 1531 1529 ei
1557 1483 1770 1543 peccata
1801 1473 1997 1528 multa:

409 1567 658 1640 quoniam
686 1565 868 1621 dilexit
894 1565 1117 1621 multum
1140 1565 1292 1638 (Luc.
1326 1564 1448 1638 vn).
1483 1565 1618 1621 Hinc
1643 1575 1698 1621 et
1725 1565 1852 1621 alibi
1875 1565 2003 1620 scri-

412 1666 572 1729 ptum
593 1663 712 1712 est:
742 1655 986 1711 Charitas
1012 1657 1176 1726 operit
1202 1653 1588 1713 multitudinem
1617 1664 1949 1722 peccatorum
1980 1668 1999 1707 :

413 1757 470 1805 et
487 1766 501 1802 :
522 1746 777 1803 Universa
793 1746 986 1803 delicta
1001 1747 1162 1817 operit
1189 1746 1422 1800 charitas
1436 1745 1618 1816 (Prov.
1647 1744 1726 1817 χ).
1751 1745 2000 1802 Chrisma

411 1852 606 1911 graece,
660 1836 828 1894 latine
878 1838 1055 1892 unctio
1102 1837 1451 1892 nominatur:
1486 1850 1554 1890 ex
1591 1834 1746 1904 cujus
1781 1838 2001 1896 nomine
2029 1828 2077 1889 B

408 1939 466 1987 et
489 1930 739 1987 Christus
781 1931 1000 1996 dicitur,
1024 1937 1080 1984 et
1114 1930 1276 1986 homo
1317 1937 1441 1999 post
1475 1928 1752 1984 lavacrum
1796 1929 1997 1985 sancti-

410 2025 622 2082 ﬁcatur.
673 2023 812 2079 Nam
845 2023 986 2080 sicut
1036 2023 1093 2077 in
1129 2023 1400 2092 baptismo
1425 2031 1772 2091 peccatorum
1807 2023 1997 2078 remis-

410 2115 493 2172 sio
526 2114 686 2169 datur
719 2132 732 2169 :
769 2113 846 2169 ita
879 2128 976 2183 per
1001 2115 1317 2170 unctionem
1355 2114 1719 2170 sanctiﬁcatio
1766 2114 2000 2185 Spiritus

411 2204 731 2262 adhibetur:
763 2211 818 2257 et
841 2203 947 2258 hoc
989 2204 1059 2259 de
1097 2204 1325 2275 pristina
1381 2203 1686 2272 disciplina,
1715 2219 1820 2274 qua
1870 2204 2000 2274 ungi

410 2294 466 2350 in
513 2293 875 2349 sacerdotium
938 2300 996 2348 et
1044 2293 1099 2347 in
1146 2307 1375 2365 regnum
1423 2292 1670 2348 solebant
1721 2310 1734 2346 :
1784 2307 1852 2346 ex
1893 2308 2000 2363 quo

410 2392 466 2439 et
503 2383 683 2438 Aaron
710 2398 743 2438 a
769 2382 953 2454 Moyse
1001 2391 1199 2439 unctus
1253 2391 1354 2438 est.
1397 2382 1552 2448 Quod
1601 2383 1730 2438 dum
1768 2381 2000 2438 carnali-

409 2483 493 2528 ter
541 2472 602 2527 fit
626 2513 641 2538 ,
681 2472 1035 2543 spiritualiter
1088 2472 1342 2544 proﬁcit:
1383 2473 1653 2543 quomodo
1707 2479 1763 2528 et
1785 2473 1838 2526 in
1882 2473 2000 2542 ipsa

409 2563 665 2633 baptismi
716 2564 895 2635 gratia
942 2564 1170 2620 visibilis
1207 2571 1361 2618 actus
1416 2571 1520 2628 est,
1553 2563 1696 2633 quod
1745 2563 1801 2616 in
1856 2577 1997 2632 aqua

409 2654 741 2724 mergimur:
774 2655 871 2710 sed
896 2652 1180 2724 -spiritalis
1233 2650 1479 2717 effectus,
1532 2652 1677 2720 quod
1727 2666 1760 2705 a
1789 2651 1999 2707 delictis

411 2745 756 2800 mundamur.
790 2743 905 2800 Hoc
931 2743 1203 2816 signiﬁcat
1239 2752 1294 2799 et
1319 2743 1449 2798 illud
1481 2750 1833 2814 unguentum,
1858 2743 2000 2812 quod

409 2836 685 2908 peccatrix
715 2851 877 2908 super
909 2844 1074 2908 caput
1113 2834 1239 2891 Jesu
1278 2834 1482 2890 fudisse
1512 2834 1787 2890 scribitur.
1821 2833 1999 2904 Impo-

410 2925 536 2981 sitio
563 2925 684 2981 ideo
713 2927 795 2992 ﬁt,
834 2933 895 2981 ut
923 2940 1020 2996 per
1046 2940 1240 2980 manus
1274 2925 1675 2996 impositionem
1707 2924 2003 2981 advocatus

412 3018 674 3073 invitetur
691 3016 928 3088 Spiritus
956 3027 1197 3073 sanctus.
1226 3016 1380 3072 Tunc
1407 3017 1555 3071 enim
1582 3015 1672 3072 ille
1701 3016 2000 3088 paraclitus

411 3115 537 3178 post
557 3107 814 3162 mundata
836 3114 892 3162 et
914 3106 1200 3162 benedicta
1220 3121 1451 3177 corpora
1461 3106 1635 3162 libens
1661 3121 1694 3162 a
1721 3105 1884 3162 Patre
1905 3106 1999 3162 de—

2101 563 2176 616 ris
2208 569 2261 614 et
2314 561 2588 630 sanguinis
2616 559 2843 626 Christi,
2881 561 2948 615 de
2977 579 3164 619 mensa
3214 564 3494 622 Dominica
3528 583 3687 621 assu-

2101 655 2266 709 mitur
2293 653 2619 722 quibusdam
2669 653 2736 716 ad
2764 655 2951 720 vitam,
2994 656 3316 724 quibusdam
3344 659 3411 713 ad
3435 659 3684 714 exitium.

2099 745 2208 800 Res
2239 759 2368 800 vero
2416 745 2533 814 ipsa
2561 744 2708 799 omni
2741 746 2944 800 homini
2994 746 3062 801 ad
3087 747 3275 813 vitam,
3317 749 3449 803 nulli
3479 751 3547 805 ad
3572 753 3689 806 exi-

2101 837 2232 890 tium
2268 875 2283 900 ,
2315 834 2625 905 quicunque
2681 835 2797 905 ejus
2839 836 3112 907 particeps
3143 836 3329 903 fuerit,
3359 839 3503 894 idem
3531 840 3686 896 Chri.

2101 936 2186 984 sto
2231 927 2394 997 capiti
2419 927 2722 982 membrum
2767 929 3068 983 associatur
3113 931 3168 985 in
3215 946 3386 1002 regno
3433 933 3685 988 caelesti:

2103 1020 2227 1089 quia
2257 1019 2404 1074 aliud
2426 1028 2510 1074 est
2548 1028 2970 1088 sacramentum,
2990 1021 3135 1077 aliud
3164 1023 3337 1080 virtus
3373 1039 3689 1080 sacramen-

2103 1110 2163 1164 ti.
2196 1109 2615 1166 Sacramentum
2664 1110 2809 1166 enim
2837 1125 2934 1167 ore
2959 1114 3312 1184 percipitur,
3358 1115 3561 1171 virtute
3601 1131 3691 1170 sa-

2104 1201 2373 1255 cramenti
2397 1201 2623 1256 interior
2636 1201 2801 1256 homo
2826 1201 3074 1257 satiatur.
3101 1205 3241 1274 Ergo
3263 1205 3389 1277 quia
3404 1207 3558 1276 panis
3571 1221 3692 1262 cor-

2104 1305 2205 1360 pus
2262 1289 2571 1356 conﬁrmat,
2603 1290 2725 1347 ideo
2747 1291 2840 1348 ille
2865 1307 3062 1362 corpus
3088 1293 3290 1350 Christi
3323 1307 3692 1370 congruenter

2103 1389 2442 1457 nuncupatur
2458 1399 2472 1436 :
2486 1381 2670 1437 vinum
2683 1392 2884 1449 autem,
2899 1384 3026 1454 quia
3044 1386 3356 1457 sanguinem
3367 1395 3622 1457 operatur
3633 1387 3691 1443 in

2104 1487 2286 1538 carne,
2309 1454 2430 1528 ibeo
2444 1473 2509 1528 ad
2521 1475 2839 1546 sanguinem
2852 1475 3055 1532 Christi
3083 1454 3335 1533 refertur.
3360 1454 3487 1534 Haec
3506 1487 3689 1533 autem

2103 1564 2234 1618 dum
2259 1571 2387 1620 sunt
2399 1564 2656 1632 visibilis,
2669 1567 3007 1623 sanctiﬁcata
3028 1575 3156 1622 tunc
3172 1582 3271 1636 per
3287 1567 3550 1638 Spiritum
3563 1583 3689 1623 san-

2106 1661 2272 1722 ctum,
2303 1654 2361 1710 in
2389 1664 2792 1713 sacramentum
2819 1656 2989 1712 divini
3027 1657 3272 1729 corporis
3307 1665 3612 1715 transeunt.

2705 1767 2934 1824 CAPUT
2971 1769 3086 1823 Xll.

2680 1837 2759 1894 De
2809 1840 3121 1893 exorcismo.

2168 1926 2518 1984 Exorcismus
2552 1926 2769 1992 Graece,
2801 1927 2994 1983 Latine
3023 1926 3325 1998 coniuratio
3353 1928 3468 1985 sive
3507 1941 3694 1985 sermo

2099 2019 2487 2090 increpationis
2527 2027 2610 2076 est
2651 2020 2936 2076 adversum
2975 2018 3261 2074 Diabolum
3298 2029 3358 2075 ut
3400 2020 3643 2077 discedat
3676 2038 3690 2074 :

2100 2109 2241 2164 sicut
2267 2118 2351 2165 est
2389 2110 2518 2164 illud
2553 2111 2612 2164 in
2647 2109 2911 2165 Zacharia
2943 2127 2957 2162 :
2988 2108 3059 2162 Et
3087 2110 3309 2164 ostendit
3340 2111 3471 2165 mihi
3507 2110 3694 2166 Iesum

2099 2198 2418 2252 sacerdotem
2460 2214 2710 2268 magnum
2752 2207 2976 2252 stantem
3023 2215 3201 2252 coram
3237 2198 3420 2269 angelo
3474 2199 3593 2266 Dei,
3641 2210 3694 2255 et

2100 2286 2269 2342 Satan
2312 2288 2482 2342 stabat
2525 2305 2559 2342 a
2597 2289 2795 2343 dextris
2831 2289 2970 2359 ejus,
3009 2298 3067 2343 ut
3116 2290 3483 2344 aduersaretur
3509 2292 3577 2346 ei.
3621 2291 3697 2346 Et

2100 2379 2234 2433 dixit
2277 2378 2535 2434 Dominus
2584 2380 2654 2435 ad
2695 2379 2866 2436 Satan
2899 2398 2911 2434 :
2957 2379 3199 2451 Increpet
3237 2380 3495 2438 Dominus
3534 2385 3590 2438 in
3622 2393 3693 2450 te,

2103 2458 2614 2540 Satanfeti'increpet
2639 2469 2895 2524 Dominus
2915 2471 2970 2523 in
2995 2479 3064 2538 te,
3085 2472 3176 2542 qui
3211 2470 3358 2542 elegit
3395 2472 3695 2529 Jerusalem

2104 2559 2291 2630 (Zach.
2336 2560 2441 2631 ιιι).
2487 2561 2601 2616 Hoc
2638 2569 2722 2617 est
2767 2562 3075 2618 exorcismo
3124 2562 3406 2633 increpare
3452 2571 3510 2618 et
3557 2579 3694 2620 con-

2095 2649 2283 2719 jurare
2326 2650 2585 2706 adversus
2630 2651 2932 2707 Diabolum.
2990 2650 3145 2707 Unde
3192 2651 3469 2707 sciendum
3525 2654 3693 2722 quod,

2101 2740 2214 2797 non
2249 2748 2500 2796 creatura
2544 2741 2641 2797 Dei
2680 2742 2737 2796 in
2779 2742 2836 2796 in
2875 2741 3173 2798 infantibus
3215 2741 3555 2797 exorcizatur
3601 2752 3701 2797 aut

2102 2832 2418 2889 exsuﬁlatur
2453 2852 2464 2887 :
2499 2835 2593 2891 sed
2626 2833 2739 2903 ille,
2769 2835 2870 2891 sub
2904 2851 3012 2906 quo
3037 2843 3166 2890 sunt
3195 2850 3406 2904 omnes,
3443 2836 3536 2908 qui
3570 2852 3698 2892 cum

2102 2935 2328 2997 peccato
2367 2936 2681 2984 nascuntur.
2719 2929 2816 2985 Est
2849 2929 2994 2985 enim
3033 2929 3286 3002 princeps
3325 2939 3693 3002 peccatorum.

2705 3042 2932 3099 CAPUT
2958 3043 3096 3098 XIII.

2724 3112 2804 3166 De
2819 3113 3078 3183 symbolo.

412 3173 658 3253 scendit:
689 3198 918 3268 etquasi
939 3213 1103 3267 super
1122 3173 1377 3269 baptismi
1399 3213 1615 3268 aquam,
1635 3206 1891 3268 tanquam
1917 3213 2001 3255 su-
2027 3173 2073 3236 c
2176 3203 2490 3274 Symbolum
2506 3220 2604 3274 per
2624 3173 2871 3274 linguam
2887 3203 3136 3260 Graecam
3160 3207 3372 3276 signum
3400 3207 3486 3261 vel
3509 3207 3697 3278 cogni-

413 3303 512 3360 per
537 3287 822 3359 pristinam
849 3290 1056 3355 sedem,
1080 3304 1475 3360 recognoscens
1502 3290 1751 3360 quiescit.
1780 3289 2000 3348 Namle—

410 3376 558 3451 gitur
578 3377 722 3447 quod
743 3377 799 3432 iu
827 3378 1093 3448 principio
1119 3379 1275 3447 aquis
1300 3378 1741 3448 superferebatur
1764 3378 1999 3450 Spiritus

413 3477 633 3525 sanctus
662 3467 816 3540 (Gen.
850 3471 913 3537 ι).
940 3468 1017 3522 De
1040 3469 1272 3530 residuis
1315 3484 1529 3538 quoque
1559 3468 1766 3525 duobus
1818 3485 2000 3526 sacra-

412 3561 631 3626 mentis,
662 3560 767 3615 hoc
795 3567 877 3614 est
912 3574 1139 3629 corpore
1167 3569 1222 3614 et
1273 3561 1533 3632 sanguine
1567 3561 1800 3627 Domini,
1829 3562 1997 3630 quaeri

410 3656 608 3718 potest,
641 3665 739 3704 cur
773 3650 916 3704 inter
930 3663 1119 3704 omnes
1141 3649 1348 3705 fruetus
1387 3658 1545 3704 terra“:
1559 3651 1898 3718 potissimum
1930 3652 1998 3707 ad

412 3738 516 3793 hoc
564 3736 789 3807 elegerit
837 3737 1169 3792 frumentum
1212 3746 1376 3807 atque
1421 3739 1606 3792 vinum
1640 3779 1654 3803 ,
1687 3740 1840 3809 quasi
1881 3741 1998 3811 ipsa

411 3837 637 3885 cunctos
658 3828 866 3885 fructus
915 3837 1075 3884 terrae
1107 3830 1368 3900 dignitate
1420 3829 1734 3898 praecellant
1784 3840 1839 3886 et
1877 3847 1998 3902 pre-

410 3919 660 3975 tiosiores
702 3918 955 3974 omnibus
1013 3919 1169 3974 ﬁant.
1227 3919 1382 3986 Quod
1432 3920 1687 3977 videlicet
1738 3925 1812 3978 ita
1863 3926 1996 3982 solvi

410 4028 566 4085 posse
600 4013 893 4070 credimus.
921 4013 1119 4087 (Maluit
1161 4015 1307 4070 enim
1354 4014 1616 4072 Dominus
1660 4018 1903 4086 corporis
1941 4025 1998 4072 et

408 4106 689 4176 sanguinis
717 4108 802 4162 sui
840 4115 1180 4164 sacramenta
1210 4105 1453 4160 ﬁdelium
1483 4121 1580 4161 ore
1609 4107 1832 4176 percipi,
1867 4117 1920 4162 et
1941 4109 1997 4162 in

408 4206 625 4268 pastum
653 4211 840 4252 eorum
872 4196 1064 4268 redigi,
1096 4205 1157 4250 ut
1191 4210 1290 4264 per
1318 4194 1530 4251 visibile
1555 4210 1689 4264 opus
1713 4196 1998 4252 invisibilis

413 4289 790 4343 ostenderetur
837 4286 1080 4342 effectus.
1113 4285 1270 4341 Sicut
1308 4286 1454 4340 enim
1507 4286 1657 4341 cibus
1699 4285 1997 4341 materialis

411 4379 713 4433 forinsecus
728 4377 898 4431 nutrit
912 4386 1178 4446 corpuset
1205 4384 1417 4446 vegetat
1441 4395 1455 4430 :
1481 4377 1552 4431 ita
1581 4377 1742 4431 etiam
1772 4379 1995 4432 verbum

411 4467 507 4524 Dei
533 4468 676 4522 intus
705 4466 945 4520 animam
992 4466 1163 4519 nutrit
1192 4475 1248 4521 et
1271 4467 1492 4521 roborat
1521 4484 1533 4519 :
1583 4467 1709 4535 quia
1752 4482 1855 4520 non
1881 4467 1991 4520 solo

410 4561 468 4615 in
496 4575 629 4629 pane
656 4559 780 4613 vivit
823 4559 996 4622 homo,
1022 4558 1109 4612 sed
1144 4558 1201 4610 in
1236 4558 1377 4610 omni
1413 4559 1563 4611 verbo
1599 4559 1737 4627 quod
1765 4559 1993 4627 procedit

410 4652 475 4705 de
511 4667 599 4704 ore
639 4649 737 4703 Dei
760 4647 975 4717 (Matth.
1004 4647 1079 4716 ιν)
1101 4662 1114 4711 ;
1139 4655 1194 4701 et
1224 4646 1476 4700 :Verbum
1525 4663 1646 4700 caro
1694 4647 1893 4714 factum
1919 4656 1992 4702 est

411 4750 458 4794 et
479 4739 729 4793 habitavit
758 4738 815 4792 in
849 4737 996 4791 nobis
1021 4734 1201 4807 (Joan.
1228 4735 1291 4807 1).
1313 4736 1404 4790 Ait
1438 4737 1582 4791 enim
1607 4737 1723 4806 ipsa
1744 4735 1989 4793 Veritas:

413 4829 551 4886 Caro
576 4831 713 4887 enim
733 4846 850 4884 mea
896 4845 1010 4883 vere
1055 4829 1202 4883 cibus
1233 4840 1328 4894 est,
1367 4840 1414 4883 et
1443 4831 1657 4900 sanguis
1693 4847 1836 4885 meus
1883 4846 1995 4886 vere

413 4933 485 4978 est
521 4931 672 4994 potus
719 4921 903 4992 (Joan.
932 4920 1030 4992 γι).
1078 4921 1212 4976 Vere
1249 4921 1457 4977 scilicet
1501 4937 1630 4977 caro
1660 4922 1860 4978 Christi
1913 4931 1997 4978 est

414 5013 589 5077 cibus,
613 5010 737 5079 quia
757 5024 884 5064 vere
903 5009 1078 5077 pascit
1100 5011 1229 5064 etad
1251 5018 1511 5066 :eternam
1534 4999 1706 5066 'vitam
1720 5012 1995 5067 hominem

417 5101 586 5156 nutrit
618 5119 630 5153 :
663 5108 720 5155 et
757 5100 978 5172 sanguis
1017 5100 1133 5168 ejus
1175 5116 1302 5157 vere
1352 5111 1436 5157 est
1479 5111 1657 5172 potus,
1689 5105 1815 5174 quia
1868 5119 1995 5159 esu-

418 5195 645 5248 rientem
671 5191 908 5246 animam
940 5200 996 5246 et
1025 5192 1295 5248 sitientem
1341 5191 1608 5261 justitiam
1637 5193 1692 5248 in
1735 5203 1996 5250 aeternum

417 5287 687 5342 veraciter
719 5286 900 5340 satiat.
934 5285 1314 5355 Temporalem
1336 5288 1534 5357 quippe
1557 5287 1726 5342 vitam
1754 5289 1872 5344 sine
1893 5288 1996 5344 isto

420 5381 540 5434 cibo
568 5388 622 5433 ct
647 5388 776 5450 potu
818 5376 1018 5433 habere
1044 5387 1269 5447 possunt
1303 5379 1570 5445 homines,
1601 5388 1860 5435 aeternam
1889 5396 1998 5436 om-

421 5475 548 5529 nino
571 5490 674 5528 non
698 5483 922 5543 possunt
956 5493 966 5527 :
999 5475 1127 5544 quia
1159 5475 1262 5529 iste
1290 5476 1444 5530 cibus
1473 5485 1528 5530 et
1559 5484 1718 5547 potus
1742 5487 1999 5534 aeternam

425 5565 736 5620 societatem
782 5565 975 5632 capitis
1023 5566 1501 5636 membrorumque
1562 5583 1783 5622 suorum
1836 5569 2002 5638 signi-

423 5655 568 5710 ﬁcat.
602 5654 702 5720 Qui
747 5647 1048 5720 nianducat,
1096 5657 1291 5727 inquit,
1334 5675 1501 5712 meam
1543 5676 1772 5726 carnem,
1797 5671 1842 5714 et
1877 5661 2000 5714 bibit

425 5746 726 5814 sanguinem
746 5761 937 5813 meum,
956 5747 1061 5816 ipse
1083 5747 1136 5802 in
1158 5763 1238 5803 me
1258 5757 1454 5818 manet,
1473 5759 1520 5805 et
1542 5766 1633 5820 ego
1657 5751 1711 5806 in
1739 5769 1797 5808 eo
1816 5751 1995 5824 (Joan.

2019 4526 2072 4585 D

2102 3293 2178 3348 tio
2219 3294 2627 3364 interpretatur.
2662 3295 2960 3351 Discessuri
2990 3296 3136 3351 enim
3159 3295 3404 3366 Apostoli
3430 3299 3499 3354 ad
3525 3314 3698 3356 evan-

2104 3383 2440 3454 gelizandum
2461 3385 2516 3439 in
2543 3385 2792 3456 gentibus
2811 3385 2912 3441 hoc
2934 3387 3034 3441 sibi
3059 3387 3457 3455 praedicationis
3479 3389 3694 3460 signum

2100 3474 2186 3530 vel
2217 3475 2473 3530 iudicium
2512 3486 2831 3545 posuerunt.
2890 3475 3142 3533 Continet
3181 3485 3360 3533 autem
3399 3480 3698 3536 confessio-

2102 3580 2224 3621 nem
2275 3566 2559 3622 Trinitatis
2603 3577 2660 3623 et
2692 3568 2960 3635 Unitatis,
3007 3577 3064 3624 et
3097 3569 3361 3624 unitatem
3407 3569 3692 3637 Ecclesiae,

2101 3667 2157 3711 et
2199 3670 2359 3712 omne
2400 3655 2695 3712 Christiani
2745 3657 3013 3729 dogmatis
3063 3666 3479 3714 sacramentum.
3538 3659 3695 3726 Quod

2100 3746 2402 3817 symbolum
2453 3747 2579 3802 ﬁdei
2637 3756 2692 3803 et
2739 3748 2856 3819 spei
2907 3757 3109 3805 nostrae
3162 3764 3268 3805 non
3326 3749 3583 3806 scribitur
3635 3751 3692 3806 in

2100 3836 2288 3891 charta
2305 3843 2359 3892 et
2385 3843 2710 3906 atramento,
2735 3838 2831 3896 sed
2851 3838 2908 3894 in
2923 3839 3124 3897 tabulis
3147 3839 3328 3896 cordis
3350 3839 3686 3898 carnalibus.

2680 3948 2911 4006 CAPUT
2952 3947 3089 4004 XIV.

2558 4021 2638 4077 De
2665 4021 2902 4075 oratione
2926 4029 2972 4074 et
2999 4019 3229 4090 jejunio.

2169 4115 2354 4172 Oratio
2382 4113 2571 4184 petitio
2597 4111 2818 4169 dicitur.
2848 4109 2986 4164 Nam
3011 4124 3170 4165 orare
3201 4117 3284 4165 est
3319 4118 3506 4180 petere
3541 4130 3553 4165 :
3583 4112 3690 4169 sie-

2098 4215 2160 4260 ut
2208 4221 2435 4260 exorare
2490 4205 2802 4272 impetrare.
2848 4200 3074 4256 Cunstat
3126 4209 3306 4256 autem
3352 4201 3529 4257 oratio
3568 4202 3690 4259 loco

2100 4304 2154 4351 et
2183 4305 2442 4364 tempore.
2474 4292 2636 4355 Loco,
2678 4290 2804 4360 quia
2840 4305 2948 4345 non
2975 4290 3173 4359 ubique
3201 4308 3214 4343 :
3247 4306 3369 4345 cum
3393 4294 3688 4360 prohibea-

2099 4401 2222 4439 mur
2255 4400 2284 4437 a
2314 4383 2533 4457 Christo
2562 4383 2618 4437 in
2642 4381 2857 4450 publico
2886 4393 3043 4435 orare
3076 4398 3088 4433 :
3128 4381 3221 4435 sed
3255 4381 3347 4435 ubi
3376 4386 3689 4451 opportuni-

2098 4487 2184 4531 tas
2205 4475 2431 4540 dederit,
2467 4481 2561 4528 aut
2584 4473 2881 4529 necessitas
2908 4473 3298 4543 importaverit.
3329 4474 3515 4545 Neque
3541 4478 3687 4534 enim

2099 4574 2288 4622 contra
2336 4572 2664 4634 praeceptum
2704 4575 2987 4635 reputatur
3034 4565 3102 4620 ab
3138 4565 3408 4635 Apostolis
3455 4566 3685 4636 factum,

2099 4657 2191 4727 qui
2224 4657 2279 4709 in
2301 4669 2556 4720 carcere,
2602 4654 2944 4710 audientibus
2981 4656 3294 4711 custodibus
3316 4696 3332 4722 ,
3381 4659 3613 4714 orabant
3634 4669 3690 4716 et

2101 4746 2365 4803 canebant
2404 4747 2535 4801 Deo.
2575 4745 2653 4800 De
2688 4752 2930 4816 tempore
2968 4761 3100 4801 vero
3141 4747 3344 4803 dictum
3381 4757 3466 4805 est
3502 4749 3686 4805 :.Sine

2098 4837 2478 4892 intermissione
2502 4845 2648 4891 orate
2672 4835 2730 4906 (I'
2743 4835 2922 4891 Thess.
2947 4837 3026 4909 v).
3055 4837 3164 4894 Sed
3184 4839 3369 4894 hocin
3394 4839 3684 4908 singulari-

2099 4927 2220 4982 bus.
2235 4926 2368 4982 Nam
2384 4925 2782 4982 estobservatio
2797 4929 3154 4997 quarumdam
3165 4931 3423 4985 horarum
3437 4945 3684 4988 commu-

2104 5020 2272 5086 nium,
2305 5037 2425 5091 quae
2454 5020 2560 5075 diei
2589 5019 2905 5090 interspatia
2958 5023 3174 5088 signant
3203 5038 3217 5077 :
3243 5021 3423 5089 tertia,
3451 5032 3606 5079 sexta
3630 5030 3688 5079 et

2103 5127 2246 5167 nona
2286 5130 2299 5165 :
2331 5112 2580 5167 similiter
2601 5120 2657 5166 et
2683 5112 2877 5167 noctis.
2917 5110 3025 5166 Sed
3058 5111 3179 5165 ideo
3208 5111 3291 5166 ha:
3313 5111 3503 5168 orandi
3534 5112 3685 5169 hora:

2104 5202 2289 5257 divisa:
2311 5213 2453 5268 sunt,
2479 5210 2538 5256 ut
2557 5202 2603 5257 si
2627 5202 2766 5257 forte
2787 5201 2967 5271 aliquo
2991 5202 3252 5258 fuerimus
3273 5217 3437 5271 opere
3457 5203 3681 5270 detenti,

2107 5293 2283 5362 ipsum
2310 5309 2411 5349 nos
2445 5293 2513 5348 ad
2538 5291 2770 5348 oﬂicium
2803 5301 3012 5362 tempus
3041 5293 3346 5349 admoneat.
3377 5293 3508 5359 Quae
3538 5303 3681 5348 tem-

2104 5398 2236 5453 pora
2266 5385 2320 5438 in
2348 5383 2644 5455 Scripturis
2667 5384 3030 5439 inveniuntur.
3059 5385 3300 5439 Primum
3326 5384 3468 5440 enim
3505 5384 3684 5456 Spiri-

2105 5482 2192 5531 tus
2231 5485 2450 5531 sanctus
2489 5475 2827 5545 congregatis
2857 5474 3128 5545 discipulis
3171 5475 3301 5529 hora
3347 5478 3504 5531 tertia
3533 5476 3684 5532 infu-

2105 5581 2195 5620 sus
2227 5575 2310 5620 est
2358 5566 2504 5633 (Act.
2535 5565 2606 5636 ιι)
2633 5582 2646 5630 ;
2688 5573 2741 5621 et
2778 5566 2968 5621 Petrus
2996 5582 3101 5634 qua
3131 5567 3217 5621 die
3245 5567 3505 5624 visionem
3532 5578 3686 5623 com-

2106 5657 2486 5711 municationis
2534 5657 2587 5710 in
2633 5657 2735 5711 hoc
2782 5656 2999 5711 vasculo
3041 5664 3308 5724 expertus,
3355 5663 3506 5713 sexta
3543 5655 3687 5710 hora

2105 5750 2293 5808 orandi
2322 5750 2496 5822 gratia
2530 5750 2844 5811 ascenderat
2887 5748 3025 5821 (Act.
3062 5749 3140 5822 χ).
3179 5749 3322 5807 Idem
3357 5748 3522 5807 etiam
3552 5760 3683 5807 cum
