3896 6336
157 373 259 432 137

1098 383 1184 440 DE
1223 383 1567 440 UNIVERSO
1605 380 1781 438 LIBRI
1816 380 1980 438 XXII.
2019 411 2089 422 -—
2127 377 2253 433 LIB.
2281 378 2376 436 ‘Vl.

3285 387 3385 444 138

156 488 353 545 Joanne
388 489 520 544 hora
563 504 702 545 nona
737 489 994 561 temmum
1034 487 1165 547 adiit
1200 494 1336 564 (Act.
1369 493 1475 562 ιιι),
1499 492 1716 564 quando
1742 494 1791 553 Α
1817 490 1970 559 cujus
2004 491 2171 545 altum
2199 500 2510 563 justumque
2544 491 2805 562 judicium
2829 494 3013 550 nullus
3058 504 3393 567 contemptor

152 580 501 650 paralyticum
525 578 739 636 sanitati
761 583 1000 652 pristinae
1028 583 1356 638 reformavit.
1393 582 1498 637 Sed
1525 592 1572 638 et
1608 583 1716 636 Da-

154 669 341 724 ntelem
363 668 592 738 legimus
617 670 732 725 hac
767 679 1004 741 tempora
1033 669 1083 725 in
1110 673 1353 728 oratione
1382 672 1716 726 observasse.

153 757 219 812 Et
256 757 437 826 utique
462 771 528 812 ex
564 758 775 814 Israelis
805 759 1086 827 disciplina
1122 758 1395 822 docemur,
1425 765 1482 812 ut
1518 771 1586 813 ne
1606 758 1718 812 ml-

153 862 271 912 nns,
311 859 472 919 quam
522 855 626 914 ter,
669 849 726 902 in
774 849 862 906 (Β
895 849 1206 905 duremus.
1250 848 1530 902 Debilores
1575 846 1718 902 enim

152 951 330 992 sumus
359 937 544 1002 trium,
587 936 762 992 Patris
791 946 846 992 et
868 933 993 991 Filii
1024 948 1078 992 ct
1110 936 1342 1006 Spiritus
1379 936 1574 992 sancti.
1614 937 1720 992 Ex-

153 1027 318 1098 ceptis
341 1029 530 1099 utique
551 1037 609 1084 et
632 1029 754 1086 aliis
777 1028 1030 1100 legitimis
1056 1029 1390 1084 orationibus
1409 1069 1423 1090 ,
1455 1042 1574 1096 qua:
1603 1028 1720 1083 sine

152 1119 254 1174 ulla
278 1120 644 1176 admonitione
665 1121 928 1176 debentur
946 1121 1002 1174 in
1029 1121 1272 1190 ingressu
1298 1121 1434 1174 lucis
1461 1134 1526 1175 ac
1547 1120 1720 1175 noctis

152 1211 262 1266 sive
292 1212 602 1283 vigiliarum
633 1227 649 1264 :
693 1211 787 1266 sed
823 1220 879 1266 et
914 1209 1102 1270 cibum
1149 1227 1255 1266 non
1295 1213 1448 1281 prius
1486 1224 1716 1276 sumere,

153 1316 306 1370 quam
333 1301 652 1374 intraposita
670 1303 935 1360 oratione.
963 1301 1154 1362 Priora
1169 1303 1312 1358 enim
1327 1303 1572 1359 habenda
1597 1311 1722 1358 sunt

153 1391 377 1462 Spiritus
392 1393 676 1466 refrigeria
698 1409 862 1465 quam
888 1403 1122 1449 terrena.
1148 1395 1248 1462 Qui
1274 1404 1452 1450 autem
1467 1395 1578 1448 vult
1600 1409 1710 1448 ora-

153 1484 344 1540 tionem
360 1498 516 1540 suam
531 1484 895 1540 adDominum
907 1485 1089 1539 volare
1106 1527 1120 1550 ,
1157 1484 1404 1543 faciatilli
1418 1485 1553 1556 duas
1566 1483 1679 1539 alas
1703 1500 1716 1538 :

146 1570 398 1642 jejunium
444 1583 504 1629 et
548 1574 944 1646 eleemosynam
981 1589 996 1628 :
1034 1583 1088 1630 et
1114 1575 1353 1629 asmndit
1391 1573 1636 1629 celeriter
1668 1579 1722 1628 et

151 1663 448 1718 exauditur.
502 1663 772 1732 Ieiunium
817 1672 901 1721 est
947 1665 1276 1735 parcimonia
1313 1663 1509 1729 victus,
1557 1662 1723 1718 absti-

150 1755 429 1824 nentiaque
463 1755 741 1823 ciborum,
771 1757 858 1811 cui
888 1771 1084 1812 nomen
1122 1757 1348 1811 inditum
1385 1770 1450 1809 ex
1491 1755 1719 1824 quadam

150 1858 296 1918 parte
334 1850 605 1905 viscerum
637 1850 785 1905 tenui
815 1863 1030 1920 semper
1058 1856 1114 1903 et
1152 1863 1320 1903 vacua
1340 1888 1354 1912 ,
1395 1848 1538 1917 quod
1566 1846 1721 1916 vulgo
1749 1831 1796 1890 Β

140 1942 378 2011 jejunum
419 1950 668 2004 meatur.
725 1940 875 1999 Unde
922 1940 1186 2010 jejunium
1229 1954 1426 1994 nomen
1485 1938 1724 1994 creditur

147 2029 464 2095 derivatum,
492 2031 634 2099 quod
655 2030 738 2084 sui
761 2031 936 2085 inedia
959 2031 1167 2084 viscera
1186 2044 1354 2082 vacua
1377 2035 1432 2083 et
1451 2027 1728 2112 exinanita

147 2121 396 2183 existant.
420 2120 691 2189 Jejunium
718 2131 896 2176 autem
927 2130 981 2176 et
1001 2120 1162 2176 statio
1186 2120 1401 2174 dicitur.
1430 2118 1602 2174 Statio
1628 2111 1723 2171 ait-4

148 2218 251 2267 tem
280 2212 346 2266 de
371 2211 595 2266 militari
625 2211 870 2282 exemplo
889 2226 1085 2265 nomen
1108 2209 1316 2279 accepit
1343 2223 1441 2278 pro
1471 2223 1552 2272 eo,
1582 2207 1726 2276 quod

146 2299 286 2356 nulla
341 2301 530 2358 latitia
576 2303 868 2358 obveniens
912 2302 1113 2356 castris
1155 2301 1442 2367 stationem
1492 2298 1724 2352 militum

148 2393 421 2448 rescindit.
452 2393 592 2449 Nam
622 2393 820 2450 lentius
843 2393 1046 2458 laetitia,
1081 2393 1297 2449 tristitia
1326 2392 1608 2448 sollicitius
1631 2391 1724 2446 ad-

146 2484 418 2539 ministrat
466 2483 830 2554 disciplinam.
890 2485 1046 2539 Unde
1099 2492 1153 2540 et
1198 2485 1398 2540 milites
1453 2497 1726 2552 nunquam

148 2575 492 2630 immemores
540 2573 880 2631 Sacramenti
928 2575 1101 2646 magis
1147 2575 1467 2630 stationibus
1511 2581 1723 2644 parent.

149 2667 470 2723 Discernunt
515 2675 696 2723 autem
741 2669 962 2738 quidam
1004 2669 1145 2723 inter
1166 2665 1427 2736 jejunium
1463 2675 1517 2722 et
1543 2665 1729 2722 statio-

148 2773 286 2811 nem.
319 2756 454 2810 Nam
485 2754 749 2826 jejunium
779 2766 863 2813 est
903 2757 1271 2813 indifferenter
1309 2756 1590 2826 cujuslibet
1617 2755 1725 2811 diei

147 2848 466 2903 abstinentia
517 2864 626 2905 non
668 2851 962 2905 secundum
1018 2850 1232 2921 legem,
1288 2849 1385 2904 sed
1431 2846 1726 2903 secundum

148 2939 417 3008 propriam
461 2939 812 2994 voluntatem.
860 2939 1033 2996 Statio
1070 2947 1253 2994 autem
1288 2945 1374 2993 est
1419 2935 1726 2992 observatio

148 3035 470 3080 statuton
493 3026 578 3081 vel
599 3034 900 3096 temporum
921 3027 1006 3082 vel
1034 3028 1263 3092 dierum,
1287 3034 1347 3080 ut
1372 3033 1564 3096 quarta
1589 3023 1726 3080 feria

149 3129 202 3176 et
229 3129 378 3176 sexta
428 3119 565 3175 feria
587 3118 854 3190 jejunium
882 3136 947 3176 ex
984 3122 1156 3176 veteri
1191 3117 1309 3190 lege
1343 3125 1667 3190 praeceptum
1709 3135 1721 3174 :

150 3213 212 3268 de
243 3230 348 3282 qua
379 3212 615 3268 statione
639 3215 692 3269 in
719 3215 1010 3286 Evangelio
1033 3215 1170 3273 dixit
1190 3215 1277 3270 ille
1307 3233 1319 3268 :
1345 3213 1541 3284 Jejuno
1569 3214 1646 3268 bis
1671 3212 1726 3268 in

148 3302 357 3356 sabbato
392 3300 545 3374 (Luc.
593 3303 771 3373 svnt),
809 3303 861 3357 id
890 3313 973 3358 est
993 3312 1182 3372 quarta
1216 3311 1268 3357 et
1303 3313 1456 3359 sexta
1494 3302 1724 3358 sabbati.

150 3388 470 3461 Temporum
495 3399 696 3458 autem,
719 3408 839 3463 qua:
859 3392 1118 3464 legalibus
1142 3409 1204 3448 ac
1225 3394 1554 3463 pr0pheticis
1574 3393 1729 3449 insti-

149 3483 442 3537 tutionibus
485 3484 787 3539 terminatis
822 3485 1155 3554 temporibus
1192 3478 1436 3540 instituta
1463 3493 1592 3540 sunt
1626 3503 1638 3539 :
1668 3494 1728 3540 nt

141 3567 402 3641 jejunium
424 3572 629 3641 quarti,
652 3573 851 3643 quinti,
878 3574 1089 3644 septimi
1116 3588 1180 3628 ac
1207 3574 1397 3629 decimi
1423 3592 1435 3627 :
1461 3573 1568 3638 vel,
1589 3575 1729 3631 sicut

150 3659 202 3712 in
225 3659 542 3731 Evangelia,
569 3661 685 3716 dies
715 3659 811 3728 illi,
846 3663 899 3716 in
924 3663 1119 3732 quibus
1147 3662 1356 3719 ablatus
1388 3673 1472 3719 est
1501 3678 1729 3734 sponsus

152 3745 366 3818 (Matth.
396 3749 476 3821 ix)
503 3767 515 3801 :
541 3748 626 3805 vel
645 3750 784 3807 sicut
807 3751 1115 3807 observatio
1142 3753 1586 3824 quadragesimae,
1611 3769 1730 3825 quae

154 3840 206 3896 in
245 3845 500 3901 universo
532 3844 707 3912 Orbe,
751 3846 1089 3902 institutione
1127 3847 1440 3917 apostolica,
1473 3849 1731 3903 observa-

153 3941 236 3987 tur
259 3935 405 3990 circa
429 3935 725 3990 conﬁnium
747 3936 1041 3996 Dominicae
1070 3936 1365 3994 Passionis.
1389 3937 1484 3992 His
1512 3938 1728 3993 tertium

150 4035 313 4094 genus
347 4027 571 4096 quidam
623 4028 912 4098 adjiciunt,
954 4031 1096 4098 quod
1139 4031 1466 4100 xerofagiam
1510 4029 1725 4096 dicunt,

151 4112 532 4169 abstinentiam
568 4116 775 4171 scilicet
812 4117 1057 4171 ciborum
1097 4118 1453 4172 humentium.
1495 4117 1648 4172 Unde
1675 4124 1729 4171 et

152 4217 342 4257 nomen
382 4205 491 4260 hoc
533 4204 739 4272 datum,
787 4219 854 4262 eo
908 4206 1054 4276 quod
1111 4206 1328 4279 quidam
1385 4206 1545 4263 siccis
1589 4209 1729 4264 escis

153 4302 391 4350 utantur.

749 4383 975 4442 CAPUT
1019 4384 1133 4440 XV.

248 4472 325 4528 De
351 4476 667 4545 ραηηεηιίω
690 4476 1046 4545 satisfactione
1075 4486 1228 4547 atque
1259 4477 1623 4548 exomologesi.

215 4561 534 4617 Pmnitentia
586 4563 876 4632 appellata,
929 4565 1080 4632 quasi
1126 4565 1417 4634 punientia,
1463 4579 1529 4619 eo
1578 4564 1720 4635 quod

147 4651 256 4722 ipse
285 4653 448 4706 homo
466 4652 519 4733 in
547 4666 604 4706 se
627 4653 939 4721 ptenitendo
959 4653 1132 4723 punit,
1155 4653 1297 4723 quod
1320 4652 1459 4708 male
1483 4656 1718 4710 admisit.

147 4737 279 4794 Nam
312 4740 449 4795 nihil
477 4748 678 4810 agunt,
722 4756 857 4810 quos
895 4742 1162 4798 veraciter
1190 4745 1437 4812 poenitet,
1494 4745 1632 4811 nisi,
1663 4754 1722 4799 ut

147 4829 220 4896 id,
249 4830 393 4901 quod
425 4831 564 4886 male
582 4830 837 4898 fecerint,
875 4834 1195 4904 impunitum
1225 4851 1344 4892 esse
1383 4854 1488 4892 non
1519 4839 1714 4892 sinant.

146 4918 220 4972 Eo
261 4921 460 4992 quippe
502 4921 660 4978 modo
703 4921 806 4978 sibi
853 4938 959 4978 non
1002 4926 1348 4994 parcentibus
1396 4927 1485 4982 ille
1525 4929 1720 4997 parcit,

1817 583 2029 638 evadet.
2076 582 2324 640 Perfecta
2368 593 2453 641 est
2498 599 2678 641 autem
2718 588 3075 658 poenitentia,
3121 592 3393 659 prmt‘erita

1818 672 2042 738 deﬂere,
2088 683 2141 730 et
2177 674 2356 730 futura
2396 691 2506 732 non
2545 679 2849 733 admittere.
2897 679 3022 736 Haec
3059 682 3291 736 secunda
3338 682 3393 736 in

1817 763 2167 821 similitudine
2196 763 2359 822 fontis
2384 775 2469 822 est
2500 785 2512 820 :
2541 775 2601 822 ut
2625 768 2671 826 si
2709 768 2879 833 forte,
2909 768 3253 841 impugnante
3281 771 3395 826 dia-

1816 854 1960 923 bolo,
1985 855 2204 929 aliquod
2223 869 2504 928 peccatum
2527 861 2825 932 irrepserit,
2849 862 3007 932 hujus
3026 866 3396 922 satisfactione

1818 956 2094 1018 purgetur.
2141 947 2453 1006 Satisfactio
2487 959 2666 1006 autem
2705 964 2787 1008 est
2816 969 3008 1010 causas
3047 965 3394 1026 peccatorum

1820 1042 1876 1091 et
1899 1036 2270 1108 suggestiones
2295 1036 2579 1095 excludere
2610 1050 2666 1096 et
2696 1041 2833 1098 ultra
2860 1054 3142 1113 peccatum
3165 1028 3271 1102 non
3300 1048 3397 1103 itc-

1822 1143 1967 1182 rare.
1996 1127 2385 1187 Reconciliatio
2412 1147 2540 1188 vero
2562 1142 2646 1189 est
2663 1174 2679 1200 ,
2715 1136 2858 1204 quod
2879 1145 3010 1206 post
3037 1136 3396 1207 complemeno

1824 1223 1938 1271 tum
1970 1218 2302 1288 pmnitentia:
2334 1222 2636 1280 adhibetur.
2683 1221 2817 1279 Nam
2859 1225 3001 1282 sicut
3045 1229 3398 1285 conciliamur

1821 1305 1964 1374 Deo,
1992 1309 2206 1378 quando
2234 1313 2467 1383 primum
2499 1330 2529 1368 a
2562 1316 2862 1386 gentilitate
2883 1320 3252 1375 convertimur
3279 1336 3293 1374 :
3323 1321 3399 1376 ita

1821 1395 2270 1466 reconciliamur,
2318 1402 2534 1470 quando
2589 1412 2711 1471 post
2756 1415 3037 1474 peccatum
3084 1408 3400 1476 paenitendo

1823 1488 2178 1557 regredimur.
2210 1491 2616 1562 Exomologesis
2668 1505 2846 1563 graec
2891 1495 3149 1551 vocabulo
3178 1497 3399 1564 dicitur,

1823 1578 1966 1647 quod
1993 1576 2183 1634 Latine
2227 1581 2482 1650 confessio
2518 1581 2928 1653 interpretatur.
2965 1584 3131 1655 Cujus
3163 1590 3401 1646 nominis

1823 1665 2016 1736 duplex
2058 1666 2381 1737 signiﬁcatio
2410 1675 2510 1725 est.
2552 1671 2660 1726 Aut
2689 1674 2836 1729 enim
2865 1675 2920 1730 in
2957 1675 3114 1731 laude
3145 1677 3400 1750 intelligi-

1825 1764 1914 1810 tur
1950 1756 2237 1824 confessio,
2278 1759 2419 1814 sicut
2455 1767 2580 1815 est:
2611 1759 2876 1830 Conﬁteor
2916 1765 3029 1830 tibi,
3063 1766 3243 1833 Pater,
3287 1767 3402 1822 Do-

1824 1847 1961 1901 mine
1976 1847 2088 1901 caeli
2112 1855 2161 1902 et
2191 1857 2344 1904 terrae
2367 1845 2578 1920 (Matth;
2603 1851 2682 1923 ιι)
2711 1871 2723 1906 :
2748 1861 2841 1908 aut
2865 1854 2989 1909 dum
3017 1856 3247 1926 quisque
3269 1873 3404 1914 con-

1824 1935 2006 1992 ﬁtetur
2019 1954 2114 1993 sua
2139 1948 2361 2008 peccata
2379 1941 2448 1996 ab
2465 1953 2531 1996 eo
2546 1941 2892 2014 indulgenda,
2907 1943 3061 2014 cujus
3086 1944 3404 2004 indefieiens

1822 2035 1907 2081 est
1935 2028 2324 2086 misericordia.
2354 2030 2434 2084 Ex
2468 2032 2572 2086 hoc
2601 2032 2968 2108 igitur.ng
3004 2036 3267 2091 vocabulo
3305 2050 3404 2092 ex-

1824 2117 2077 2186 primitur
2130 2125 2187 2172 et
2227 2117 2598 2190 frequentatur
2644 2121 3072 2192 exomologesis,
3124 2125 3266 2194 quod
3305 2127 3406 2182 de-

1825 2206 2012 2262 lictum
2042 2217 2285 2263 nostrum
2311 2210 2542 2266 Domino
2569 2210 2914 2279 confitemur,
2943 2225 3048 2267 non
3073 2214 3310 2282 quidem,
3345 2223 3407 2270 ut

1824 2294 2188 2366 ignaro,cujus
2203 2298 2457 2369 agnitioni
2476 2298 2606 2354 nihil
2618 2301 2885 2356 occultum
2901 2309 3012 2358 est:
3030 2303 3123 2358 sed
3136 2304 3405 2360 confessio

1823 2395 1908 2441 est
1932 2386 2011 2442 rei
2033 2388 2238 2443 scilicet
2265 2388 2402 2458 ejus,
2427 2403 2546 2458 qua:
2568 2390 2864 2462 ignoratur,
2888 2394 3126 2463 professa
3148 2396 3401 2466 cognitio.

1826 2475 1974 2532 Utile
1998 2477 2144 2533 enim
2185 2477 2290 2534 sibi
2329 2493 2394 2534 ac
2419 2477 2713 2547 jucundmn
2742 2481 3028 2552 quisquam
3064 2499 3186 2540 esse
3219 2485 3406 2541 existi-

1825 2578 2072 2626 maverat
2105 2585 2315 2640 rapere.
2352 2571 2676 2639 adulterare,
2722 2572 2894 2628 furari
2945 2590 2960 2629 :
3010 2575 3102 2631 sed
3153 2575 3243 2630 ubi
3289 2577 3408 2631 hmc

1825 2667 2041 2713 aeterna:
2071 2659 2402 2715 damnationi
2439 2661 2671 2716 abnoxia
2703 2677 2825 2718 esse
2868 2665 3143 2735 cognovit,
3175 2667 3407 2737 cognitis

1825 2749 1912 2804 his
1935 2748 2224 2804 confitetur
2238 2765 2502 2806 errorem.
2528 2750 3004 2807 Confessioautem
3030 2755 3250 2820 erroris,
3281 2771 3410 2811 conc

1825 2837 1991 2895 fessio
2032 2849 2118 2894 est
2159 2839 2462 2895 desinendi.
2513 2841 2874 2896 Desinendum
2918 2847 3064 2914 ergo
3093 2857 3124 2897 a
3170 2845 3410 2914 peccatis

1825 2938 1929 2996 est,
1961 2932 2086 2986 dum
2115 2931 2386 2988 confessio
2404 2940 2505 2988 est.
2534 2932 2814 2989 Confessio
2843 2935 3133 3002 antecedit,
3159 2937 3410 2992 remissio

1826 3022 2088 3091 sequitur.
2125 3021 2392 3078 Caeterum
2431 3031 2586 3078 extra
2613 3023 2825 3079 veniam
2861 3032 2969 3091 est,
2998 3027 3090 3096 qui
3121 3033 3412 3096 peceatum

1829 3113 2123 3185 cognoscit,
2162 3129 2262 3169 nec
2299 3115 2570 3186 cognitum
2619 3114 2922 3172 conﬁtetur.
2972 3117 3156 3188 itaque
3192 3134 3412 3176 exomn-

1830 3203 2027 3275 logesis
2057 3207 2434 3274 prosternendi
2465 3205 2549 3260 vel
2594 3205 2796 3262 humile
2837 3206 3064 3264 faciendi
3089 3210 3410 3267 hominibus

1827 3296 2106 3365 disciplina
2156 3304 2257 3362 est,
2309 3296 2498 3353 habitu
2542 3306 2704 3368 atque
2735 3299 2882 3354 victu
2924 3313 3084 3358 sacco
3123 3303 3178 3356 et
3223 3302 3412 3359 cinere

1828 3387 2114 3444 incurvare
2142 3401 2360 3459 corpus,
2394 3387 2643 3445 sordibus
2671 3390 2982 3457 obscurare,
3013 3391 3248 3447 animum
3277 3406 3411 3448 mte-

1829 3480 2042 3537 roribus
2076 3478 2330 3550 dejicere,
2363 3479 2472 3547 illa,
2503 3497 2624 3553 qua:
2668 3490 2893 3552 peccant
2924 3480 3063 3538 tristi
3091 3484 3412 3539 tractatione

1827 3579 2057 3625 mutare.
2100 3569 2330 3627 Litaniaa
2366 3579 2546 3626 autem
2591 3586 2767 3642 grmco
2805 3571 3023 3626 nomine
3050 3570 3409 3641 appellantur,

1829 3675 1950 3732 quae
1982 3657 2174 3716 Latine
2204 3660 2459 3716 dicuntur
2485 3663 2814 3733 rogationes.
2858 3661 3006 3720 inter
3030 3662 3246 3720 litanias
3280 3678 3413 3721 vero

1829 3760 1886 3807 et
1948 3751 2346 3823 exomologesin
2411 3753 2515 3808 hoc
2576 3751 2777 3820 differt,
2831 3751 2974 3823 quod
3018 3753 3412 3824 exomologesis

1829 3857 1930 3913 pro
1979 3841 2092 3898 sola
2150 3842 2488 3898 confessione
2538 3852 2883 3912 peccatorum
2937 3843 3116 3914 agitur
3156 3861 3169 3898 :
3209 3843 3412 3900 litanias

1829 3949 1982 4003 vero,
2022 3948 2142 4002 qua:
2175 3931 2487 3988 indicuntur
2509 3941 2733 4002 propter
2769 3934 3064 4003 rogandum
3098 3932 3408 4002 Dominum,

1829 4034 1885 4080 et
1927 4024 2321 4094 impetrandam
2367 4023 2602 4092 aliquam
2643 4021 2760 4093 ejus
2807 4021 3256 4080 misericordiam.
3302 4022 3411 4078 Sed

1829 4132 1974 4172 nunc
1987 4130 2100 4184 jam
2120 4121 2410 4184 utrumque
2429 4113 2751 4170 vocabulum
2775 4113 2876 4168 sub
2889 4128 2994 4169 una
3021 4113 3413 4185 signiﬁcatione

1831 4208 2060 4263 habetur
2091 4224 2104 4261 :
2137 4221 2238 4261 nec
2277 4205 2442 4260 distat
2469 4205 2659 4275 vulgo,
2688 4212 2870 4261 utrum
2927 4201 3130 4260 litanias
3161 4220 3230 4260 an
3278 4218 3408 4260 exo-

1832 4295 2117 4367 mologcsis
2156 4294 2425 4350 dicantur.
2467 4291 2885 4364 Supplicationis
2917 4309 3111 4350 nomen
3140 4294 3406 4365 quodam-

1831 4387 1991 4441 modo
2039 4399 2182 4440 nunc
2215 4400 2279 4440 ex
2307 4383 2610 4456 gentilitate
2637 4384 2918 4439 retinetur.
2959 4382 3094 4439 Nam
3130 4383 3279 4440 ferite
3315 4393 3419 4462 aut.

1753 4510 1806 4569 Β
1832 4477 2081 4548 legitimae
2099 4486 2255 4531 erant
2276 4477 2415 4547 apud
2436 4491 2548 4542 eos,
2578 4481 2669 4530 aut
2695 4476 2931 4531 indictae.
2960 4474 3179 4531 lndictae
3200 4483 3404 4542 autem,

1829 4569 1954 4639 quia
2001 4575 2290 4638 paupertas
2333 4567 2555 4638 antiqua
2597 4566 2962 4623 Romanorum
3007 4580 3074 4621 ex
3120 4566 3410 4622 collatione

1830 4659 2194 4725 sacrificabat,
2234 4667 2328 4713 aut
2355 4667 2505 4713 certe
2531 4658 2600 4712 de
2634 4657 2790 4712 bonis
2821 4657 3218 4711 damnatorum.
3252 4655 3407 4711 Unde

1830 4759 1883 4804 et
1911 4749 2169 4819 supplicia
2197 4748 2450 4803 dicuntur
2477 4748 2929 4818 supplicationes,
2969 4761 3089 4816 quae
3118 4746 3315 4801 fiebant
3340 4747 3409 4803 de

1830 4841 1985 4895 bonis
2019 4854 2301 4908 passorum
2329 4838 2607 4908 supplicia.
2649 4838 2832 4895 Sacrae
2859 4839 3003 4893 enim
3036 4852 3123 4894 res
3151 4837 3216 4892 de
3243 4835 3407 4892 rebus

1827 4928 2282 4986 exsecrandorum
2299 4927 2519 4982 ﬁebant.

153 5052 3384 5084 _________________________________________________

1375 5162 1670 5239 LIBER
1748 5163 2162 5242 SEXTUS.

652 5423 880 5481 CAPUT
904 5425 1196 5483 PRIMUM.

524 5515 602 5570 De
625 5515 832 5569 homine
857 5524 908 5568 et
935 5518 1169 5584 partibus
1203 5518 1341 5587 ejus.

213 5606 410 5663 Natura
439 5605 585 5660 dicta
614 5607 683 5659 ab
702 5619 768 5659 eo
787 5644 801 5668 ,
839 5604 982 5672 quod
1010 5607 1159 5659 nasci
1188 5608 1386 5675 aliquid
1418 5607 1596 5663 faciat.
1621 5608 1717 5664 Gi-

156 5699 338 5770 gnendi
377 5697 526 5754 enim
567 5703 621 5765 et
652 5694 884 5750 faciendi
916 5703 1105 5765 potens
1161 5705 1262 5752 est.
1312 5699 1462 5757 lianc
1500 5702 1714 5772 quidam

584 5813 856 5874 PATIOL.
895 5812 1058 5875 CXI.

1831 5433 1997 5487 Deum
2039 5445 2160 5486 esse
2207 5432 2478 5498 dixerunt,
2524 5446 2555 5485 a
2595 5446 2704 5501 quo
2739 5432 2918 5488 omnia
2963 5439 3142 5487 creata
3181 5441 3302 5485 sunt
3345 5443 3403 5487 et

1827 5524 2083 5579 existunt.
2129 5521 2313 5578 Genus
2356 5538 2387 5576 a
2419 5522 2686 5594 gignendo
2719 5524 2939 5588 dictum,
2982 5524 3067 5578 cui
3100 5524 3399 5578 derivatum

1827 5628 2071 5667 nomena
2097 5620 2264 5678 terra,
2299 5628 2364 5667 ex
2409 5629 2514 5682 qua
2555 5615 2736 5668 omnia
2776 5615 3095 5684 gignuntur;
3138 5611 3210 5667 Ge
3253 5614 3397 5666 enim

1825 5705 2010 5763 Graece
2027 5713 2226 5760 terram
2257 5704 2459 5760 dicunt.
2479 5703 2600 5760 Vita
2628 5705 2767 5761 dicta
2793 5711 3016 5774 propter
3034 5703 3282 5774 vigorem,
3309 5699 3395 5756 vel

2889 5817 2929 5879 5
