3896 6342
403 317 502 371 15)

1038 318 1097 372 Β.
1139 318 1391 374 RABANI
1431 320 1653 378 MAUBI
1691 323 2013 379 ARCIIIEP.
2058 325 2363 382 MOGUNT.
2406 324 2687 381 OPERUM
2732 326 2910 383 PARS
2945 306 3033 385 II.)

3567 340 3675 397 M0

398 430 551 515 quod
594 428 703 482 vim
752 436 931 520 teneat
971 430 1226 485 nascendi
1278 441 1443 502 atque
1489 437 1787 491 crescendi.
1836 437 1987 493 Unde
2015 446 2063 504 Λ
2091 442 2262 496 minus
2292 455 2310 492 :
2340 442 2464 511 quia
2505 442 2606 496 etsi
2637 443 2865 498 mortale
2906 460 3103 515 corpus
3139 452 3449 520 assumpsit,
3487 462 3673 512 tamen

396 530 451 575 et
475 510 697 574 arbores
726 508 893 573 vitam
922 520 1120 577 habere
1149 522 1424 588 dicuntur,
1457 526 1585 595 quia
1613 528 1907 598 gignuntur
1931 538 1986 585 et

396 616 669 665 crescunt.
698 608 870 664 Homo
898 610 1095 677 dictus,
1117 611 1243 681 quia
1265 628 1333 668 ex
1363 614 1529 670 humo
1554 626 1638 672 est
1663 616 1861 684 factus,
1879 619 1986 674 sie-

398 709 455 754 ut
501 707 557 755 et
600 699 655 753 in
688 697 888 755 Genesi
922 700 1117 755 dicitur
1150 720 1165 755 :
1206 701 1275 755 Et
1304 706 1496 759 creavit
1538 705 1681 762 Deus
1722 708 1984 763 hominem

396 792 459 845 de
504 790 664 844 humo
690 798 843 844 terra:
872 786 1025 858 (Gen.
1054 788 1137 862 ιι).
1169 790 1405 849 Ahusive
1432 794 1575 850 enim
1605 798 1986 867 pronuntiatur

395 896 464 937 ex
498 894 729 951 utraque
775 881 1078 936 substantia
1112 890 1253 938 totus
1276 884 1460 952 homo,
1499 886 1553 942 id
1579 895 1689 953 cst,
1728 903 1795 943 ex
1819 889 1987 944 socie-

396 979 507 1025 tate
536 971 732 1025 animte
757 979 811 1024 et
833 972 1096 1042 corporis.
1126 971 1260 1027 Nam
1283 976 1503 1045 proprie
1531 976 1693 1032 homo
1726 977 1793 1032 ab
1823 978 1986 1034 humo

396 1061 611 1116 dicitur.
655 1059 830 1116 (ἔνωθί
874 1071 1055 1117 autem
1096 1063 1372 1119 hominem
1402 1067 1709 1136 antbropon
1745 1068 1983 1139 appella-

396 1159 610 1216 verunt,
634 1164 701 1205 eo
724 1151 867 1221 quod
884 1166 1098 1207 sursum
1124 1163 1420 1224 exspectet,
1445 1156 1758 1213 sublevatus
1784 1160 1851 1214 ab
1887 1160 1986 1214 hu-

396 1255 483 1294 mo
514 1239 581 1294 ad
622 1233 1133 1310 contemplationem
1177 1244 1404 1299 artilicis
1430 1247 1537 1301 sui.
1568 1245 1724 1315 Quod
1762 1247 1987 1305 Ovidius

392 1340 552 1401 poeta
582 1332 853 1404 designat,
883 1349 1005 1389 cum
1030 1335 1202 1391 dicit:

517 1466 1154 1533 Eronaquecumspectant
1176 1471 1402 1521 anlmalls
1428 1477 1605 1523 cetera
1633 1479 1814 1524 terram
1839 1510 1853 1533 ,

523 1526 585 1596 Os
608 1526 787 1599 homini
812 1526 1027 1580 sublime
1048 1531 1205 1599 dedit,
1239 1533 1521 1599 rmlumque
1546 1536 1717 1599 videre
1745 1526 1923 1597 (tueri)

552 1593 690 1651 uss't,
718 1597 769 1639 et
794 1599 989 1641 erectos
1011 1593 1070 1640 sd
1089 1593 1253 1643 sidera
1288 1593 1465 1646 tollere
1494 1595 1676 1645 vultus.

391 1722 491 1788 Qu.
543 1722 664 1775 ideo
712 1730 925 1776 erectus
954 1720 1154 1776 emtum
1192 1721 1407 1789 aspicit,
1438 1729 1499 1775 ut
1538 1720 1707 1775 Deum
1751 1730 1984 1792 quaerat,

2085 538 2304 600 peccata
2344 545 2450 584 non
2478 531 2685 585 habuit.
2716 530 2897 587 Gloria
2923 550 3053 589 vero
3077 546 3131 591 et
3153 536 3359 595 honore
3379 552 3675 602 coronatus

2085 627 2191 685 est,
2225 636 2347 675 cum
2389 630 2510 691 post
2568 625 3021 681 resurrectionem
3068 627 3231 684 nimis
3270 640 3324 686 et
3365 634 3675 692 mirabilem

2087 710 2249 764 totius
2278 711 2461 764 mundi
2497 712 2891 781 credulitatem,
2929 716 3096 783 Deus,
3141 718 3199 772 in
3234 734 3299 776 eo
3338 726 3481 792 quod
3509 726 3675 783 homo

2085 799 2260 855 factus
2285 809 2395 866 est,
2428 801 2717 867 exaltatus,
2746 804 2975 874 accepit.
3002 804 3176 862 Homo
3204 807 3453 866 Christus
3478 823 3585 879 est,
3617 823 3678 870 ut

2087 890 2141 944 in
2169 891 2305 945 Isaia
2337 909 2350 945 :
2380 890 2641 956 Quiescite
2666 893 2730 947 ab
2758 895 2987 963 homine,
3016 897 3170 968 cujus
3195 900 3412 969 spiritus
3441 904 3494 957 in
3530 907 3678 960 uari-

2086 979 2178 1033 bus
2203 980 2317 1049 ejus
2339 978 2473 1051 (Ish.
2505 979 2588 1053 ιι).
2611 981 2679 1036 Et
2704 982 2757 1036 in
2783 983 2993 1053 psalmo
3019 1004 3032 1042 :
3065 986 3283 1043 Accedet
3309 991 3467 1046 homo
3490 994 3563 1048 ad
3585 1012 3679 1050 cor

2085 1069 2249 1124 altum
2269 1069 2651 1145 (Psal."txm).
2683 1074 2758 1129 De
2778 1075 2883 1131 hoc
2906 1077 3126 1135 homine
3148 1087 3203 1135 et
3227 1096 3329 1152 per
3355 1084 3519 1140 alium
3546 1102 3680 1157 pro-

2080 1161 2302 1231 phetam
2346 1162 2543 1217 dicitur
2572 1182 2587 1217 :
2615 1162 2682 1217 Et
2704 1164 2859 1219 homo
2887 1178 2984 1233 est,
3011 1171 3190 1238 etquis
3215 1185 3487 1243 cognoscet
3518 1178 3681 1233 eum!

2084 1250 2237 1318 Quod
2265 1262 2446 1309 autem
2473 1254 2761 1325 dupliciter
2778 1257 2943 1314 homo
2966 1260 3349 1333 intelligendus
3373 1267 3468 1333 sit,
3487 1279 3676 1323 esten-

2084 1342 2164 1398 dit
2182 1344 2445 1401 Dominus
2462 1349 2529 1401 ad
2551 1347 2884 1405 Ezechielem
2908 1352 3227 1422 prophetam
3247 1356 3437 1412 dicens
3459 1376 3471 1412 :
3498 1359 3679 1415 Homo

2085 1435 2238 1489 homo
2260 1436 2325 1491 de
2348 1437 2505 1491 domo
2525 1436 2809 1511 Israel,qui
2828 1444 3060 1511 posuerit
3076 1445 3440 1503 immunditias
3464 1466 3592 1505 suas
3620 1452 3679 1506 in

2086 1524 2240 1580 corde
2265 1543 2359 1580 suo
2377 1526 2593 1598 (Ezech.
2617 1529 2755 1599 xw),
2780 1540 2836 1585 et
2861 1531 3087 1602 reliqua.
3118 1534 3394 1605 Duplieem
3425 1554 3560 1611 ergo
3578 1555 3681 1596 no-

2085 1615 2173 1672 bis
2189 1615 2343 1685 juxta
2371 1618 2712 1688 Apostolum,
2751 1629 2809 1675 ut
2832 1636 2994 1692 supra
3024 1623 3281 1690 diximus,
3310 1630 3547 1686 ostendit
3571 1632 3678 1687 ho-

2086 1708 2307 1774 minem,
2353 1709 2665 1765 interiorem
2706 1721 2763 1767 et
2800 1713 3153 1773 exteriorem.
3197 1716 3346 1773 Multi
3388 1722 3535 1775 enim
3570 1723 3680 1778 ha—

392 1827 499 1865 ιιυη
526 1819 582 1864 ut
623 1819 824 1864 (cn-am
863 1811 1128 1873 ίηιοηάοι,
1159 1809 1326 1865 vetuit
1364 1825 1584 1881 pecora,
1626 1827 1748 1881 qua,
1790 1820 1984 1867 ηαιυη
2016 1827 2059 1884 Β
2088 1799 2275 1854 bentes
2309 1800 2543 1857 hominis
2572 1801 2764 1857 faciem
2798 1804 3156 1872 corporalem,
3198 1806 3535 1863 diversarum
3572 1812 3679 1866 bc-

389 1916 556 1969 prona
587 1908 643 1954 et
675 1900 851 1955 ventri
884 1900 1192 1956 obedientia
1228 1901 1404 1957 finxit.
1436 1902 1642 1972 Duplex
1674 1910 1758 1959 est
1797 1911 1980 1957 autem

390 1990 573 2054 homo,
599 1989 828 2044 interior
850 1989 1011 2043 homo
1031 1989 1304 2054 anima,et
1321 1989 1559 2045 exterior
1580 1990 1746 2045 homo
1762 2005 1979 2060 corpus.

390 2081 583 2134 Anima
606 2089 787 2134 autem
829 2095 858 2132 a
903 2078 1193 2149 gentilibus
1236 2094 1435 2134 nomen
1469 2080 1704 2149 accepit,
1746 2093 1813 2134 eo
1838 2080 1983 2148 quod

390 2178 581 2224 ventus
620 2168 713 2223 sit.
746 2168 899 2224 Unde
921 2176 975 2223 et
1001 2166 1176 2222 ϐιηυεί
1213 2177 1429 2222 ventum
1461 2168 1673 2223 animos
1708 2166 1983 2242 [anemos]

390 2259 597 2325 dicunt,
632 2257 774 2328 quod
801 2272 896 2312 ore
936 2257 1216 2312 trahentes
1237 2271 1420 2312 aerem
1448 2256 1630 2312 vivere
1658 2257 1939 2313 videamur
1963 2274 1978 2311 ε

387 2352 481 2406 sed
517 2350 859 2421 apertissime
888 2349 1086 2403 falsum
1111 2358 1197 2403 est
1233 2367 1246 2402 :
1284 2348 1410 2418 quia
1440 2348 1610 2404 multo
1634 2349 1786 2421 prius
1809 2342 1983 2421 gigni-

388 2450 476 2495 tur
516 2441 716 2503 anima,
748 2454 910 2511 quam
929 2438 1151 2509 concipi
1182 2453 1277 2493 aer
1300 2452 1398 2494 ore
1423 2439 1616 2508 possit,
1641 2454 1761 2509 quae
1785 2438 1898 2509 jam
1925 2439 1981 2493 in

390 2531 675 2603 genitricis
695 2538 850 2586 utero
872 2530 1023 2583 vivit.
1057 2529 1172 2583 Non
1198 2538 1283 2584 est
1308 2529 1473 2600 igitur
1496 2544 1593 2585 aer
1615 2530 1814 2595 anima,
1836 2529 1983 2599 quod

387 2630 714 2693 putaverunt
741 2617 991 2690 quidam,
1023 2621 1113 2690 qui
1142 2634 1250 2673 non
1280 2626 1573 2689 potuerunt
1601 2618 1980 2688 incorporeum

384 2713 502 2784 ejus
543 2713 783 2783 cogitare
821 2720 1094 2767 naturam.
1147 2710 1321 2766 Homo
1348 2711 1475 2781 quia
1507 2726 1574 2766 ex
1609 2711 1819 2766 duabus
1844 2724 1978 2765 con-

385 2812 497 2857 stat
521 2802 754 2874 naturis,
784 2800 1072 2869 aliquando
1125 2814 1325 2870 corpus
1348 2801 1667 2867 humanum,
1693 2798 1981 2869 aliquando

388 2896 553 2950 etiam
579 2894 819 2947 animam
849 2891 1169 2946 rationalem
1197 2889 1485 2961 signiﬁcat.
1516 2890 1591 2945 De
1625 2888 1980 2959 qquposto—

386 2985 468 3039 Ius
488 2984 567 3039 ait
598 3000 610 3037 :
646 2982 716 3037 Et
741 2983 787 3037 si
808 2982 1036 3037 exterior
1060 2982 1214 3035 homo
1246 2990 1423 3035 noster
1442 2980 1815 3050 corrumpitur,
1848 2981 1981 3033 inte-

387 3078 497 3130 rior
532 3083 812 3129 renovatur
844 3073 907 3126 de
934 3074 1016 3126 die
1051 3073 1105 3127 in
1135 3072 1275 3127 diem
1304 3072 1385 3143 (II
1422 3071 1542 3126 Cor.
1588 3072 1696 3142 tv);
1732 3079 1788 3126 et
1826 3070 1978 3137 alibi,

388 3168 704 3221 interiorem
735 3164 1006 3220 hominem
1032 3162 1282 3218 habitare
1306 3160 1584 3217 Christum
1612 3176 1711 3231 per
1739 3160 1899 3215 ﬁdem
1922 3160 1981 3214 in

388 3257 644 3312 cordibus
666 3254 869 3310 nostris
894 3253 1111 3324 (Ep/tes.
1134 3250 1239 3323 ιιι).
1266 3251 1399 3306 Item
1424 3250 1477 3304 in
1498 3249 1715 3305 Psalmo
1735 3249 1977 3304 diversas

388 3345 601 3418 species
622 3344 902 3399 hominum
928 3343 1164 3397 ostendit
1186 3341 1446 3411 propheta
1473 3340 1549 3394 ita
1572 3338 1756 3394 dicens
1788 3354 1801 3392 :
1835 3337 1976 3403 Quid

386 3444 461 3492 est
497 3437 683 3498 homo,
724 3434 864 3506 quod
892 3448 1091 3486 memor
1122 3447 1177 3486 es
1216 3431 1380 3502 ejus?
1421 3440 1515 3486 aut
1553 3430 1698 3502 ﬁlius
1726 3431 1975 3497 hominis,

387 3530 639 3600 quoniam
667 3526 846 3581 risitas
866 3525 1024 3579 eum?
1043 3521 1217 3594 (Psal.
1248 3522 1391 3596 vni.)
1421 3522 1561 3589 Quid
1576 3532 1650 3577 est
1671 3524 1825 3577 homo
1852 3538 1975 3577 cum

390 3620 646 3688 despectu
694 3615 1151 3684 pronuntiandum
1187 3622 1289 3679 est,
1328 3613 1382 3669 id
1416 3621 1523 3678 est,
1562 3612 1768 3682 fragilis
1793 3619 1848 3666 et
1879 3627 1973 3667 ea-

390 3708 559 3763 ducus
600 3703 729 3759 Adae
756 3718 984 3775 sequax,
1016 3702 1109 3772 qui
1141 3702 1196 3757 in
1227 3701 1398 3756 veteri
1427 3710 1652 3771 peccato
1684 3699 1981 3770 permistns

391 3797 539 3853 socia
570 3797 838 3867 pravitate
871 3795 1160 3854 conclusus
1188 3802 1289 3849 est.
1329 3792 1500 3863 Hujus
1522 3805 1732 3848 memor
1763 3799 1849 3846 est
1872 3791 1977 3846 Do-

386 3889 602 3953 minus,
641 3887 856 3957 quando
894 3888 949 3942 ei
970 3894 1193 3957 peccata
1230 3885 1476 3950 dimittit,
1499 3894 1554 3941 et
1589 3884 1977 3941 misericordiae

387 3994 499 4033 suae
522 3978 661 4034 dona
685 3977 909 4049 largitur
938 3996 951 4031 :
984 3977 1124 4033 sicut
1147 3976 1200 4030 in
1223 3977 1328 4032 alio
1346 3977 1557 4045 psalmo
1585 3977 1829 4031 dicturus
1849 3984 1934 4031 est
1957 3994 1970 4030 :

390 4069 519 4123 Filii
549 4079 724 4122 autent
756 4069 1027 4122 hominum
1070 4068 1126 4121 in
1165 4068 1482 4136 protectione
1516 4065 1724 4119 alarum
1761 4075 1974 4119 tuarum

385 4160 686 4229 sperabunt,
725 4156 1125 4211 inebriabnntur
1159 4155 1223 4209 ab
1263 4156 1496 4211 ubertate
1541 4156 1731 4210 domus
1765 4166 1895 4221 tute,
1925 4164 1972 4208 et

386 4258 614 4304 torrente
636 4246 919 4317 uoluptatis
955 4257 1061 4300 tua:
1089 4246 1291 4316 potabis
1318 4263 1404 4300 eos
1441 4242 1614 4316 (Psal.
1642 4244 1828 4316 xxxv).
1863 4244 1975 4299 IIoc

390 4346 476 4393 est
519 4351 649 4407 ergo
686 4350 807 4390 esse
862 4350 1185 4401 memorem,
1238 4332 1489 4390 conferre
1536 4334 1975 4404 delinquentibus

390 4436 557 4482 tanta:
609 4425 797 4496 gratia:
840 4425 1177 4493 sospitatem.
1224 4426 1328 4477 Aut
1368 4425 1512 4493 ﬁlius
1555 4424 1802 4488 hominis,
1841 4440 1975 4493 quo-

2086 1889 2313 1944 stiarum
2341 1900 2626 1946 assumunt
2646 1893 2927 1963 imagines,
2957 1909 3094 1963 quas
3117 1894 3382 1965 dissipare
3404 1897 3685 1968 Propheta

2085 1981 2476 2051 concupiscens
2514 1982 2836 2052 deprecatur
2872 2000 2890 2037 :
2930 1984 3167 2055 Domine,
3220 1986 3277 2040 in
3322 1988 3531 2043 civitate
3580 1999 3683 2043 tua

2083 2069 2335 2140 imagines
2360 2087 2542 2125 eorum
2568 2072 2849 2142 dissipabis
2882 2072 3054 2144 (Psal.
3087 2074 3279 2147 LXXII).
3315 2076 3432 2142 Illi,
3462 2078 3529 2133 de
3554 2078 3682 2147 qui—

2084 2158 2184 2214 bus
2199 2160 2456 2230 scriptum
2477 2170 2563 2216 est
2580 2178 2596 2215 :
2614 2160 2788 2216 Homo
2806 2179 2923 2217 eum
2943 2165 3001 2217 in
3016 2164 3210 2219 honore
3223 2176 3376 2232 esset,
3393 2184 3495 2221 non
3518 2170 3681 2223 intel-

2082 2248 2590 2320 lexit:comparatus
2607 2261 2681 2306 est
2702 2252 2958 2322 jumentis
2998 2255 3383 2324 insipientibus,
3407 2267 3453 2311 et
3483 2258 3679 2314 similis

2084 2342 2257 2412 factus
2278 2353 2354 2398 est
2377 2343 2487 2399 illis
2510 2342 2682 2416 (Psal.
2714 2342 2924 2416 xum).
2948 2362 3055 2401 non
3080 2355 3205 2401 sunt
3224 2347 3472 2403 homines
3498 2350 3680 2405 homi-

2082 2447 2217 2498 nes,
2267 2434 2362 2489 sed
2406 2433 2655 2490 homines
2702 2446 2827 2490 sunt
2868 2435 3132 2506 jutnenta.
3178 2437 3415 2492 Rursum
3461 2441 3552 2510 qui
3600 2442 3679 2496 de

2082 2522 2374 2593 Evangelio
2388 2523 2623 2579 audivit:
2642 2523 2917 2594 Serpentes
2932 2526 3194 2595 genimina
3211 2528 3527 2596 viperarum,
3552 2530 3681 2600 quis

2082 2613 2305 2669 ostendit
2337 2612 2481 2667 vobis
2506 2613 2684 2684 fugere
2721 2614 2784 2669 ab
2815 2615 2895 2668 ira
2927 2624 3143 2669 ventura
3175 2616 3391 2686 (Matth.
3425 2620 3531 2688 ιιι),
3560 2634 3680 2674 non

2081 2713 2206 2758 sunt
2239 2702 2485 2759 homines
2513 2704 2894 2769 homines,sed
2929 2712 3055 2760 sunt
3089 2706 3336 2771 homines
3366 2718 3676 2778 serpentes.

2080 2794 2147 2849 Et
2179 2792 2247 2849 de
2280 2794 2477 2863 quibus
2521 2794 2782 2863 scriptum
2809 2803 2893 2848 est
2921 2812 2933 2847 :
2977 2792 3161 2865 Vulpes
3192 2796 3373 2865 foveas
3401 2797 3589 2851 habent
3619 2805 3678 2850 et

2081 2884 2314 2939 uolucres
2347 2882 2461 2937 σαειὶ
2497 2883 2643 2937 nidos
2674 2882 2891 2954 (Matth.
2917 2883 3038 2957 vm)
3065 2902 3079 2949 ;
3110 2893 3166 2939 et
3189 2885 3256 2940 de
3286 2884 3497 2941 Ilerode
3529 2904 3543 2940 :
3570 2884 3678 2940 Di-

2080 2974 2180 3027 cite
2210 2971 2352 3043 uulpi
2383 2972 2504 3026 huic
2540 2971 2689 3042 (Luc.
2723 2972 2842 3044 xm)
2880 2989 2893 3026 :
2926 2989 3029 3026 non
3058 2980 3187 3027 sunt
3212 2975 3459 3028 homines
3488 2975 3674 3029 homi-

2081 3079 2208 3131 nes,
2255 3064 2351 3120 sed
2381 3072 2507 3119 sunt
2552 3063 2798 3118 homines
2821 3064 3034 3133 vulpes.
3071 3064 3172 3131 Qui
3209 3080 3339 3120 vero
3376 3074 3677 3135 utrumque

2082 3156 2314 3212 hominis
2355 3155 2676 3210 vocabulum
2724 3155 3000 3224 possident
3026 3196 3043 3221 ,
3079 3156 3125 3211 si
3167 3159 3513 3224 erraverint,
3546 3159 3677 3214 ideo

2082 3262 2179 3318 per
2212 3246 2471 3316 supplicia
2510 3245 2885 3314 corriguntur,
2914 3254 2975 3300 ut
3018 3246 3337 3318 intelligant,
3382 3251 3525 3318 quod
3555 3250 3672 3304 Do-

2081 3337 2259 3390 minus
2310 3335 2425 3405 ipse
2453 3344 2536 3388 est
2575 3334 2738 3389 Deus.
2786 3335 3045 3389 llomines
3081 3338 3433 3393 rationabiles
3462 3341 3676 3408 quique

2081 3422 2455 3493 intelliguntur
2482 3421 2549 3475 de
2587 3422 2782 3490 quibus
2817 3422 2869 3474 in
2903 3421 3107 3490 psalmo
3137 3423 3334 3495 legitur
3366 3444 3379 3479 :
3407 3425 3677 3482 Homines

2079 3523 2128 3569 et
2148 3514 2389 3583 jumentu
2420 3510 2591 3564 salvos
2616 3512 2798 3579 facies,
2827 3510 3051 3567 Domine
3093 3512 3263 3582 (Psal.
3304 3515 3487 3589 xxxv).
3530 3518 3670 3573 Item

2079 3603 2324 3669 homines
2350 3609 2663 3670 peccatores
2685 3642 2698 3664 ,
2736 3609 2793 3654 ut
2822 3601 2876 3655 in
2906 3601 3115 3671 psalmo
3142 3622 3155 3657 :
3198 3602 3300 3658 Vos
3326 3616 3500 3660 autem
3528 3610 3671 3662 sicut

2078 3695 2334 3760 homines,
2389 3693 2683 3748 moriemini
2727 3692 2899 3765 (Psal.
2945 3694 3155 3765 unt).
3190 3696 3499 3766 Aliquando
3534 3716 3675 3756 vero

2081 3785 2244 3840 humo
2275 3792 2613 3855 peccatorem
2656 3784 2951 3855 quemlibet
2978 3794 3033 3839 et
3058 3801 3458 3854 persecutorem
3499 3791 3673 3862 signi-

2079 3874 2225 3941 ﬁcat,
2268 3891 2361 3931 seu
2398 3874 2774 3946 impiissimum
2812 3876 3228 3946 Autichristum,
3276 3880 3342 3934 de
3380 3896 3489 3949 quo
3535 3883 3675 3937 dicit

2077 3966 2362 4022 Psalmista
2393 3984 2406 4020 :
2441 3966 2703 4037 Exsurge,
2743 3965 2995 4033 Domine,
3020 3962 3133 4022 non
3177 3969 3459 4039 prteualeat
3510 3973 3676 4027 homo

2080 4057 2254 4129 (Psal.
2287 4057 2386 4128 tr).
2421 4058 2542 4127 Ipse
2583 4064 2668 4113 est
2696 4057 2839 4111 enim
2866 4057 3027 4113 homo
3056 4059 3350 4127 pessimus,
3376 4076 3535 4130 quem
3563 4062 3669 4117 hu-

2080 4165 2236 4204 mana
2284 4164 2390 4203 non
2436 4157 2613 4218 potest
2657 4149 2923 4203 sustinere
2962 4150 3313 4214 eonditio,‘in
3361 4166 3467 4220 quo
3514 4160 3668 4206 tanta

2078 4241 2183 4295 erit
2224 4239 2459 4295 versutia
2502 4237 2602 4292 vel’
2631 4245 2873 4307 potestas
2898 4278 2913 4302 ,
2961 4246 3021 4291 ut
3060 4238 3173 4292 sola
3223 4238 3434 4295 Domini
3487 4242 3674 4298 virtus

2076 4330 2193 4401 ejus
2225 4331 2395 4400 possit
2430 4344 2687 4400 superare
2731 4330 3045 4399 nequitiam.
3096 4331 3317 4401 Legitur
3342 4341 3397 4388 et
3421 4334 3476 4387 in
3520 4334 3667 4406 Apo-

2077 4421 2213 4476 stolo
2240 4438 2252 4475 :
2290 4418 2446 4474 Vetus
2478 4421 2629 4487 homo
2659 4432 2854 4485 noster,
2879 4420 2983 4475 hoc
3006 4432 3113 4486 est,
3135 4423 3295 4477 homo
3327 4427 3567 4494 peccati,
3590 4428 3665 4481 si-

391 4518 533 4571 niam
563 4517 740 4571 visitas
767 4532 905 4570 eum.
947 4514 1046 4569 Hic
1064 4512 1177 4581 jam
1200 4529 1332 4569 voce
1355 4515 1682 4583 surgendum
1710 4524 1817 4579 est,
1848 4515 1972 4583 quia
2003 4542 2052 4601 Β
2079 4511 2187 4565 mul
2206 4511 2493 4577 cruciﬁxus
2520 4519 2592 4563 est
2621 4526 2736 4562 cum
2757 4508 2987 4575 Christo,
3017 4522 3073 4564 ut
3099 4513 3452 4567 destrueretur
3474 4532 3666 4586 corpus

388 4608 677 4662 Dominum
713 4604 983 4677 signiﬁcat
1024 4603 1383 4669 Salvatorcm,
1422 4604 1511 4674 qni
1545 4618 1675 4668 non,
1706 4612 1765 4658 ut
1791 4604 1977 4659 cmteri
2004 4596 2041 4601 ⁷
2077 4600 2273 4669 peccati
2309 4598 2481 4669 (Rom.
2516 4596 2613 4666 vr).
2649 4596 2801 4651 Unde
2824 4598 2976 4665 jubet
3005 4599 3218 4670 (Ep/tes.
3257 4608 3331 4671 tv)
3366 4620 3466 4657 nos
3498 4605 3664 4675 depo-

394 4699 682 4763 mortales,
714 4714 781 4752 ex
822 4697 1035 4753 duobus
1070 4695 1379 4750 hominibus
1422 4702 1582 4749 natus
1613 4704 1698 4750 est
1728 4712 1740 4748 :
1774 4694 1867 4749 sed
1910 4710 1977 4749 ex

393 4793 597 4863 Spiritu
622 4800 829 4855 sancto,
854 4800 909 4844 et
930 4790 1101 4843 beatte
1121 4787 1300 4841 Mariae
1321 4802 1535 4856 semper
1553 4785 1777 4857 virginis
1798 4794 1974 4863 utero,

396 4893 652 4949 tanquam
685 4895 914 4949 sponsus
939 4879 1004 4933 de
1026 4878 1259 4948 glorioso
1285 4876 1541 4940 thalamo,
1566 4876 1848 4945 processit.
1882 4874 1977 4930 Se-

395 4970 579 5037 quitur
608 4983 622 5021 :
664 4967 902 5021 Minuisti
943 4983 1062 5021 eum
1102 4965 1259 5035 paulo
1285 4966 1459 5019 minus
1483 4966 1546 5025 ab
1574 4964 1771 5035 angelis
1800 4963 1975 5033 (Psal.

390 5059 531 5128 vm).
565 5058 703 5112 IIinc
717 5058 828 5127 jam
854 5056 1064 5110 Domini
1094 5055 1393 5109 Salvatoris
1416 5055 1693 5109 humilitas
1720 5063 1973 5109 narratur

391 5158 445 5203 et
471 5148 660 5219 gloria.
711 5147 1003 5200 Minoratus
1029 5154 1111 5198 est
1142 5144 1285 5198 enim
1316 5160 1421 5197 non
1458 5146 1785 5199 necessitate
1814 5144 1973 5198 mini-

391 5237 668 5299 stratoris,
698 5235 793 5290 sed
828 5234 1043 5304 pietatis
1072 5247 1183 5287 suae
1211 5242 1504 5302 spontanea
1537 5233 1833 5297 voluntate,
1867 5233 1973 5288 sic-

392 5336 452 5381 ut
494 5326 789 5397 Apostolus
841 5326 960 5379 ait:
1000 5324 1342 5392 Semetipsum
1396 5325 1707 5390 exinanivit,
1746 5326 1971 5394 formam

392 5418 524 5469 serri
560 5417 820 5483 accipiens
851 5414 1015 5486 (Phil.
1056 5414 1139 5481 ιι).
1185 5412 1439 5482 Sequitur
1477 5432 1489 5467 :
1532 5413 1873 5469 Paulominus
1904 5415 1969 5467 ab

391 5505 589 5577 angelis
615 5505 786 5577 (Psal.
818 5506 969 5577 VIII),
999 5506 1125 5576 quia
1148 5505 1377 5578 (crucem
1404 5520 1503 5575 pro
1534 5506 1771 5560 omnium
1798 5506 1970 5560 salute

392 5596 646 5664 suscepit.
679 5595 753 5648 Ex
778 5609 840 5648 ea
884 5596 1145 5665 siquidem
1178 5605 1331 5664 parte
1387 5594 1612 5649 Creator
1657 5593 1969 5663 angelorum

392 5686 568 5739 minor
612 5686 783 5743 lactus
831 5694 916 5741 est
957 5686 1176 5743 angelis.
1228 5687 1370 5741 Bene
1399 5694 1581 5741 autem
1624 5685 1779 5751 dixit,
1810 5685 1968 5754 paulo

2080 4704 2207 4743 nere
2244 4697 2481 4742 veterem
2512 4688 2781 4741 hominem
2819 4703 2941 4741 cum
2969 4691 3179 4743 actibus
3208 4693 3321 4746 suis
3350 4702 3405 4747 ct
3434 4694 3667 4750 induere

2080 4794 2272 4833 novum
2297 4778 2387 4847 qui
2418 4776 2711 4831 secundum
2744 4775 2912 4829 Deum
2938 4787 3156 4831 creatus
3176 4786 3258 4831 est
3291 4778 3576 4847 inju‘stitia
3605 4789 3660 4837 et

2080 4868 2366 4923 sanctitate
2396 4866 2659 4922 veritatis.
2693 4865 2883 4920 Omnia
2919 4867 3059 4921 enim
3092 4876 3308 4937 peccata
3343 4879 3397 4923 et
3426 4872 3660 4926 crimina

2080 4958 2238 5014 simul
2270 4973 2466 5026 corpus
2495 4958 2753 5026 appellat,
2789 4956 2934 5026 quod
2959 4958 3163 5012 destrui
3191 4958 3320 5013 dicit
3339 4974 3436 5028 per
3458 4961 3658 5017 bonam

2081 5049 2245 5102 vitam
2280 5057 2336 5103 et
2375 5048 2532 5101 ﬁdem
2563 5048 2916 5103 Catholicam.
2955 5046 3245 5103 Crueilisio
3278 5050 3476 5120 quippe
3523 5051 3661 5108 inte-

2080 5137 2238 5191 rioris
2280 5136 2514 5191 hominis
2556 5137 2887 5205 paenitentia:
2925 5136 3139 5191 dolores
3176 5137 3562 5209 intelliguntur,
3601 5147 3658 5195 et

2078 5227 2219 5283 conti
2228 5226 2420 5281 uenti-ae
2433 5226 2648 5295 quidem
2662 5226 2896 5280 salubris
2911 5226 3208 5291 cruciatus,
3219 5241 3317 5295 per
3330 5243 3492 5295 quam
3509 5243 3658 5284 mor-

2082 5328 2188 5372 tem
2218 5331 2365 5370 mors
2397 5314 2690 5384 impietatis
2717 5315 3019 5382 perimitur.
3050 5314 3308 5386 Spiritum
3340 5315 3481 5370 idem
3510 5330 3655 5383 esse,

2080 5409 2219 5477 quod
2255 5408 2490 5460 animam
2523 5405 2860 5474 Evangelista
2898 5406 3236 5475 pronuntiat,
3267 5405 3452 5461 dicens
3485 5424 3499 5461 :
3539 5404 3655 5462 Po-

2078 5492 2309 5553 testatent
2350 5498 2511 5551 habeo
2541 5496 2765 5567 ponendi
2803 5498 3031 5550 animam
3060 5512 3228 5549 meam
3261 5496 3442 5568 (Joan.
3484 5498 3565 5567 ι),
3596 5508 3653 5554 et

2078 5607 2290 5646 rursum
2334 5609 2345 5643 :
2392 5590 2703 5646 Potestatem
2736 5589 2897 5644 habeo
2934 5588 3173 5641 sumendi
3192 5605 3306 5642 eam
3337 5588 3547 5660 (lbid.).
3576 5589 3655 5645 De

2078 5683 2177 5738 hac
2215 5696 2425 5752 quoque
2456 5681 2569 5749 ipsa
2598 5680 2810 5735 Domini
2845 5676 3043 5743 anima,
3086 5679 3353 5747 passionis
3381 5686 3651 5750 tempore,
