3896 6334
220 348 310 406 Ml

1215 347 1301 402 DE
1340 340 1688 402 UNIVERSO
1725 341 1901 398 LIBRI
1941 341 2104 397 XXII.
2142 373 2211 382 -——
2249 342 2375 399 LIB.
2416 344 2501 398 VI.

3381 349 3486 403 I42

221 464 550 518 memoratus
585 457 934 527 Evangelista
961 457 1204 529 protulit,
1237 459 1310 514 ita
1341 458 1528 514 dicens
1567 475 1580 512 :
1614 456 1685 510 Et
1719 455 1800 508 in-
1828 459 1876 516 Α
1904 461 2009 508 tur.
2041 454 2194 510 Unde
2225 454 2420 508 dicitur
2449 473 2462 508 :
2501 455 2724 510 Recessit
2761 473 2792 509 a
2839 455 2970 511 Saul
3013 458 3226 528 spiritus
3272 459 3485 518 Domini

222 551 407 606 clinato
451 547 626 616 capite
662 548 834 601 emisit
876 549 1114 617 spiritum
1162 544 1344 619 (Ioan.
1393 546 1510 617 xx).
1555 545 1692 612 Quid
1721 552 1803 599 est

225 643 364 699 enim
387 636 641 694 emittere
663 638 1045 709 spiritum,nisi
1067 639 1208 708 quod
1222 638 1455 693 animam
1472 635 1805 708 ponere.Sed

223 733 400 788 anima
412 729 580 794 dicta;
600 737 819 800 propter
839 729 980 799 quod
996 728 1152 782 vivit:
1171 727 1404 800 Spiritus
1415 734 1600 781 autem
1611 725 1695 781 vel
1707 740 1805 794 pro

223 820 452 894 spiritali
495 827 714 887 natura,
753 819 837 875 vel
871 834 970 890 pro
997 833 1082 884 eo,
1125 819 1268 889 quod
1297 818 1526 888 inspiret
1555 832 1801 887 corpora.

221 913 350 968 Item
391 911 639 967 animum
680 911 822 967 idem
854 925 976 966 esse
1009 911 1422 987 quodoanimam
1448 928 1461 965 :
1491 911 1585 966 sed
1627 909 1805 965 anima

221 1004 342 1059 vitae
378 1010 487 1068 est,
535 1001 750 1058 animus
801 1001 1033 1059 consilii.
1077 1001 1232 1059 Unde
1273 1001 1459 1056 dicunt
1501 1000 1804 1070 philosophi

215 1095 382 1150 etiam
413 1093 536 1149 sine
565 1094 747 1148 animo
773 1092 944 1148 vitam
968 1106 1209 1158 manere,
1251 1099 1307 1147 et
1335 1091 1454 1146 sine
1482 1099 1662 1146 mente
1691 1091 1806 1145 ani-

222 1199 365 1238 mam
387 1183 610 1238 durare.
635 1181 792 1238 Unde
812 1189 867 1238 et
893 1189 1156 1237 amentes.
1185 1180 1320 1236 Nam
1341 1189 1578 1236 mentem
1598 1181 1802 1246 vocari,

223 1282 282 1328 ut
310 1272 449 1328 sciat
483 1289 498 1325 :
533 1271 803 1338 animum,
840 1281 899 1326 ut
922 1271 1068 1327 velit.
1101 1272 1252 1328 Mens
1291 1280 1471 1326 autem
1508 1279 1718 1336 vocata,
1746 1279 1806 1325 ut

223 1363 462 1418 emineat
488 1363 545 1417 in
569 1363 771 1428 anima,
791 1361 875 1418 vel
901 1363 1044 1434 quod
1071 1362 1336 1418 meminit.
1362 1361 1515 1417 Unde
1537 1370 1591 1415 et
1612 1362 1804 1416 imme-

223 1467 399 1508 mores
441 1460 712 1508 amentes.
758 1451 1099 1522 Quapropter
1137 1466 1246 1506 non
1283 1449 1486 1515 anima,
1530 1451 1625 1505 sed
1663 1451 1805 1520 quod

223 1544 439 1601 excellit
476 1545 535 1599 in
579 1545 788 1609 anima,
831 1559 985 1599 mens
1028 1553 1289 1609 vocatur,
1339 1551 1597 1612 tanquam
1645 1550 1806 1612 caput

219 1635 354 1706 ejus,
383 1634 473 1690 vel
499 1635 709 1691 oculus.
741 1635 894 1691 Unde
921 1641 976 1690 et
996 1633 1110 1704 ipse
1145 1634 1306 1690 homo
1338 1633 1631 1690 secundum
1656 1649 1807 1689 men-

223 1736 329 1783 tem
378 1728 563 1800 imago
604 1727 699 1782 Dei
746 1727 961 1784 dicitur.
1015 1727 1094 1782 Ita
1138 1736 1314 1783 autem
1347 1727 1464 1782 haec
1502 1727 1679 1782 omnia
1711 1727 1806 1781 adv

1907 544 2089 610 bonus,
2109 554 2155 597 et
2177 544 2364 598 invasit
2388 560 2504 598 eum
2525 548 2739 617 spiritus
2761 565 2981 618 nequam
2995 567 3026 603 a
3042 550 3264 606 Domino
3281 552 3332 624 (I
3352 554 3481 626 Reg.

1904 634 2038 705 xvi).
2089 635 2241 693 Unde
2267 644 2321 691 et
2359 637 2413 690 in
2465 636 2749 710 Evangelio
2788 639 2904 710 ipsa
2948 642 3159 699 Veritas
3184 645 3260 700 ait
3305 664 3316 699 :
3351 646 3486 702 Cum

1906 725 2206 782 immundus
2229 727 2442 797 spiritus
2466 729 2645 783 exierit
2665 732 2729 784 de
2752 731 2982 798 homine,
3009 734 3238 788 ambulat
3261 755 3351 806 per
3371 738 3487 794 loca

1905 816 2178 886 inaquosa,
2227 819 2451 885 requiem
2496 836 2759 889 qucerens,
2803 832 2850 876 et
2898 839 3001 877 non
3049 825 3239 880 invenit
3269 827 3484 897 (Matth.

1907 905 2028 975 xu).
2065 906 2134 960 Et
2160 907 2320 977 paulo
2355 917 2476 976 post
2504 907 2797 982 su‘njungit,
2827 913 3010 968 dicens
3042 933 3054 967 :
3087 915 3231 970 Tunc
3267 921 3488 973 assumit

1907 1007 2097 1066 septem
2127 1000 2342 1069 spiritus
2368 1001 2636 1071 nequiores
2662 1018 2748 1067 se,
2777 1015 2824 1058 et
2851 1005 3107 1060 intrantes
3135 1007 3372 1064 habitant
3415 1011 3491 1065 ibi

1909 1085 2119 1158 (Ibid),
2162 1089 2264 1143 hoc
2288 1097 2389 1154 est,
2416 1106 2538 1144 cum
2571 1091 2902 1161 plenitudine
2943 1097 3183 1152 omnium
3211 1099 3486 1155 vitiorum.

1910 1172 2059 1228 Unde
2088 1175 2219 1244 [iunt
2253 1178 2530 1233 novissima
2554 1181 2778 1236 hominis
2813 1181 2956 1238 illius
2993 1186 3175 1256 pejora
3204 1191 3486 1259 prioribus.

1907 1263 2116 1335 Corpus
2145 1265 2345 1322 dictum
2389 1285 2485 1338 eo,
2518 1273 2659 1342 quod
2686 1283 3001 1345 corruptum
3041 1278 3200 1348 perit.
3251 1279 3492 1338 Soluhile

1906 1357 2052 1411 enim
2096 1365 2259 1428 atque
2289 1362 2517 1418 mortale
2565 1375 2678 1431 est,
2723 1375 2778 1420 et
2815 1366 3107 1437 aliquando
3153 1359 3487 1428 solvendum.

1907 1445 2047 1501 Caro
2064 1457 2243 1503 autem
2266 1464 2296 1503 a
2316 1454 2547 1507 creando
2570 1463 2653 1509 est
2668 1457 2953 1525 appellata.
2974 1457 3324 1525 Crementum
3346 1462 3492 1517 enim

1908 1550 2092 1592 semen
2139 1547 2221 1593 est
2265 1540 2515 1607 masculi,
2558 1543 2698 1597 unde
2739 1523 3055 1603 animalium
3109 1559 3163 1605 et
3211 1551 3492 1607 hominum

1904 1642 2132 1698 corpora
2173 1632 2568 1701 concipiuntur.
2625 1633 2762 1690 Hinc
2807 1645 2864 1691 et
2917 1648 3167 1709 parentes
3219 1651 3494 1699 creatorcs

1907 1727 2187 1774 vocantur.
2235 1719 2375 1776 Caro
2419 1731 2599 1777 autem
2643 1739 2711 1780 ex
2760 1734 2993 1796 quatuor
3020 1728 3299 1787 elementis
3341 1748 3491 1788 com-

214 1819 398 1888 juncta
446 1826 579 1872 sunt
608 1819 822 1884 animae,
863 1825 926 1874 ut
969 1833 1080 1872 una
1113 1833 1200 1873 res
1239 1818 1327 1873 sit.
1365 1816 1470 1872 Pro
1502 1815 1802 1872 eilicientiis
1830 1813 1877 1872 Β
1904 1822 2059 1884 pacta
2089 1823 2192 1870 est.
2223 1813 2359 1870 Nam
2385 1825 2528 1871 terra
2557 1816 2612 1872 in
2640 1832 2804 1875 carne
2833 1829 2939 1886 est,
2962 1837 3059 1877 aer
3085 1823 3137 1877 in
3171 1823 3358 1892 halitu,
3388 1827 3490 1880 hu-

219 1911 362 1965 enim
405 1925 705 1967 causarum
733 1909 946 1965 diversa
985 1909 1205 1965 nomina
1247 1909 1438 1964 sortita
1473 1915 1557 1963 est
1598 1908 1800 1962 anima.
1907 1919 2026 1958 mor
2049 1903 2103 1958 in
2129 1906 2412 1976 sanguine,
2441 1906 2578 1976 ignis
2606 1907 2660 1963 in
2687 1909 2865 1966 calore
2898 1911 3068 1967 vitali.
3095 1912 3309 1970 Habent
3346 1918 3492 1971 enim

221 1999 352 2054 Nam
404 2009 462 2054 et
515 2001 778 2055 memoria
821 2015 977 2055 mens
1023 2008 1128 2054 est.
1179 1999 1332 2056 Unde
1371 2008 1425 2053 et
1462 1999 1806 2054 immemores
1822 2072 1868 2078 Α
1907 1993 1962 2047 in
1992 1995 2147 2049 nobis
2193 1995 2461 2051 elementa
2493 2013 2645 2052 suam
2675 2015 2901 2071 quaeque
2936 2012 3148 2070 partem
3190 2007 3320 2060 :cui
3364 2009 3496 2078 quid

220 2098 484 2145 amentes.
537 2090 673 2144 Dum
714 2105 842 2162 ergo
892 2090 1133 2146 viviﬁcat
1178 2105 1394 2160 corpus,
1428 2089 1607 2144 anima
1663 2096 1745 2144 est
1790 2072 1868 2172 Γ(
1904 2081 2189 2150 debeatur,
2220 2087 2454 2142 ostendit
2485 2103 2744 2160 compago
2767 2091 3024 2147 resoluta.
3058 2092 3196 2150 Caro
3226 2072 3407 2152 autem
3438 2109 3495 2154 et

220 2181 343 2235 dum
393 2180 546 2245 vult,
596 2181 810 2236 animus
853 2188 938 2236 est
968 2199 980 2235 ε
1010 2182 1137 2236 dum
1173 2181 1293 2246 scit,
1329 2194 1481 2236 mens
1523 2188 1606 2235 est
1634 2198 1646 2234 ς
1679 2179 1805 2234 dum
1906 2187 2104 2244 corpus
2131 2175 2342 2231 divertsa
2383 2177 2710 2248 significant.
2761 2178 2879 2235 Non
2918 2197 3134 2255 semper
3169 2185 3224 2239 in
3266 2201 3495 2257 corpore

219 2271 427 2337 recolit,
471 2272 740 2327 memoria
781 2281 869 2327 est
907 2290 920 2326 :
961 2271 1088 2326 dum
1134 2279 1339 2325 rectum
1395 2269 1617 2335 indicat,
1668 2269 1806 2323 ratio
1907 2276 2036 2318 caro
2079 2281 2092 2316 :
2126 2263 2181 2318 in
2218 2279 2384 2320 carne
2423 2280 2641 2336 semper
2685 2283 2882 2339 corpus
2909 2280 3010 2326 est.
3063 2271 3195 2328 Nam
3225 2290 3353 2332 caro
3379 2287 3492 2342 est,

219 2370 302 2416 est
332 2378 346 2414 :
376 2361 512 2415 dum
559 2361 761 2430 spirat,
792 2361 1015 2431 spiritus
1056 2369 1176 2416 est:
1209 2361 1335 2416 dum
1372 2359 1573 2429 aliquid
1620 2359 1804 2424 sentit,
1906 2370 2027 2424 qua:
2056 2355 2214 2419 vivit,
2245 2355 2386 2410 idem
2417 2363 2472 2410 et
2499 2371 2696 2425 corpus
2724 2375 2738 2412 :
2769 2373 2990 2430 corpus,
3021 2363 3164 2431 quod
3189 2380 3297 2419 non
3326 2367 3494 2432 vivit,

222 2466 412 2507 sensus
463 2459 572 2506 est.
633 2450 769 2504 Nam
811 2452 934 2505 inde
973 2451 1185 2505 animus
1226 2464 1415 2504 sensus
1454 2448 1652 2502 dicitur
1709 2461 1807 2517 pro
1908 2441 2050 2497 idem
2097 2457 2205 2498 non
2240 2458 2389 2500 caro.
2440 2443 2574 2499 Nam
2601 2460 2797 2518 corpus
2845 2448 3044 2506 dicitur
3069 2460 3162 2506 aut
3188 2454 3330 2523 quod
3373 2464 3498 2524 post

219 2542 302 2597 bis
355 2557 478 2612 qua:
529 2541 710 2596 sentit.
751 2540 904 2596 Unde
945 2549 1001 2596 et
1036 2540 1300 2595 sententia
1331 2553 1527 2594 nomen
1577 2538 1804 2614 accepit.

219 2632 564 2704 Signiﬁcatio
578 2633 720 2687 enim
738 2631 955 2702 spiritus
971 2631 1249 2701 multiplex
1263 2629 1673 2699 est.Aliquando
1690 2627 1808 2698 Spi-

227 2727 362 2781 ritus
383 2725 611 2780 nomine
635 2725 749 2794 ipse
779 2724 921 2778 Deus
945 2723 1360 2784 demonstratur,
1395 2736 1516 2775 cum
1545 2720 1804 2790 scriptum

228 2826 340 2872 est:
359 2817 510 2871 Deus
535 2816 760 2887 Spiritus
786 2825 861 2869 est
892 2813 1072 2885 (Joan.
1100 2813 1203 2885 tv);
1228 2824 1284 2869 et
1303 2811 1537 2882 Spiritus
1563 2821 1802 2878 sanctus,

224 2909 289 2964 de
337 2923 445 2978 quo
507 2908 564 2962 in
611 2906 900 2976 Evangelio
949 2905 1172 2975 angelus
1223 2904 1292 2958 ad
1332 2903 1560 2958 Mariam
1619 2902 1748 2957 dicit
1787 2921 1802 2956 :

223 2996 454 3066 Spiritus
481 3004 703 3050 sanctus
733 2993 1050 3064 superveniet
1081 2993 1134 3046 in
1159 3001 1239 3057 te,
1285 3001 1333 3046 et
1366 2991 1526 3046 virtus
1552 2989 1807 3044 Altissimi

223 3085 555 3140 obumbrabit
611 3085 704 3138 tibi
755 3083 906 3154 (Luc.
959 3083 1022 3154 l);
1071 3091 1125 3137 et
1166 3081 1496 3153 Apostolus:
1544 3079 1805 3151 Spiritus,

1907 2539 2070 2593 vitam
2119 2548 2204 2595 est
2255 2549 2546 2606 mortuum,
2596 2551 2691 2596 aut
2739 2543 2857 2599 sine
2911 2545 3018 2600 vita
3067 2553 3150 2602 est
3191 2549 3490 2604 conditum.

1905 2627 2178 2685 Interdum
2231 2639 2288 2687 et
2348 2645 2472 2686 cum
2540 2632 2653 2687 vita
2704 2647 2902 2704 corpus
2938 2644 2995 2690 et
3040 2650 3148 2691 non
3200 2653 3371 2704 caro,
3435 2649 3494 2694 ut

1907 2721 2073 2776 herba
2100 2729 2157 2776 et
2204 2721 2426 2793 lignum.
2458 2721 2679 2794 Mystice
2726 2724 2873 2780 enim
2914 2740 3109 2796 corpus
3158 2730 3493 2798 corporalem

1907 2809 2175 2880 signiﬁcat
2225 2820 2574 2878 creaturam,
2621 2811 2706 2866 vel
2758 2814 2993 2870 hominis
3033 2826 3342 2889 corruptam
3393 2837 3492 2873 na-

1909 2910 2105 2956 turam.
2141 2901 2294 2958 Unde
2332 2903 2528 2972 legitur
2554 2903 2608 2958 in
2636 2904 2916 2973 Apostolo,
2947 2921 3175 2976 corpora
3219 2923 3340 2965 esse
3384 2925 3495 2966 cac-

1907 2989 2063 3044 lestia
2110 2999 2165 3045 et
2217 3006 2441 3061 corpora
2484 2992 2780 3048 terrestria.
2828 2993 2893 3048 Et
2931 2995 3089 3062 alibi,
3128 2996 3360 3068 Corpus,
3407 3000 3494 3055 in-

1912 3082 2054 3151 quit,
2105 3081 2244 3152 quod
2288 3084 2659 3152 corrumpitur,
2716 3094 2963 3154 aggravet
3003 3088 3234 3140 animum
3275 3088 3330 3158 (Ι
3364 3089 3490 3143 Cor.

223 3179 414 3248 inquit,
455 3177 640 3231 omnia
666 3141 953 3240 scrutatur,
981 3141 1137 3228 etiam
1165 3141 1430 3244 profunda
1460 3173 1557 3227 Dei
1586 3141 1640 3244 ξι
1681 3173 1801 3227 Cor.
1836 3141 1880 3204 Ο
1911 3141 2018 3236 sv;
2047 3141 2177 3242 Sa'p.
2224 3171 2320 3241 ix).
2355 3141 2644 3228 Nam'caro
2667 3141 2823 3244 juxta
2851 3174 3159 3246 allegoriam
3205 3141 3494 3248 aliquando

222 3272 314 3341 ti),
361 3280 416 3327 et
445 3271 648 3325 iterum
698 3283 714 3323 :
762 3267 865 3322 Ubi
903 3265 1160 3336 Spiritus,
1213 3267 1418 3336 inquit,
1467 3265 1695 3330 Domini,
1734 3264 1805 3318 ibi

223 3363 428 3416 libertas
462 3359 558 3431 (ιι
589 3357 712 3413 Cor.
741 3357 845 3429 in).
875 3357 1175 3427 Aliquando
1197 3359 1358 3412 etiam
1389 3356 1611 3426 Spiritus
1640 3354 1807 3424 signi-

225 3450 346 3504 ﬁcat
389 3447 700 3518 angelicam
733 3455 1002 3500 naturam.
1052 3444 1204 3500 Unde
1239 3444 1520 3498 Psalmista
1547 3443 1623 3496 ait
1659 3460 1671 3496 :
1703 3441 1807 3509 Qui

223 3542 345 3610 facit
393 3537 614 3609 angelos
652 3553 774 3592 suos
802 3537 1016 3607 spiritus
1047 3533 1219 3607 (Psal.
1271 3533 1456 3605 cxxx).
1505 3533 1805 3602 Aliquando

227 3631 458 3684 animam
486 3626 760 3692 hominis,
809 3634 870 3680 ut
904 3641 1069 3695 supra
1107 3625 1457 3680 ostendimus.
1503 3624 1808 3692 Aliquando

227 3731 438 3776 sanctos
465 3719 619 3773 viros
648 3727 702 3773 et
729 3716 990 3771 virtutum
1023 3716 1271 3770 decorem
1316 3723 1474 3782 atque
1514 3715 1808 3783 Spiritalem

227 3812 506 3867 habentes.
544 3806 700 3862 Unde
725 3804 1011 3874 Apostolus
1037 3805 1110 3858 ait
1143 3821 1155 3857 :
1187 3801 1244 3858 Si
1274 3805 1388 3874 quis
1415 3813 1808 3872 prmoccupatus

229 3901 380 3970 fuerit
401 3903 458 3954 in
476 3900 660 3969 aliquo
675 3897 861 3951 delicto
884 3909 902 3948 :
923 3912 1012 3949 vos
1031 3895 1120 3966 qui
1132 3893 1388 3964 spiritales
1405 3893 1547 3957 estis,
1567 3893 1809 3946 instruite

225 3989 529 4059 hujusmodi
549 3989 607 4041 in
625 3989 808 4057 spiritu
823 3985 1051 4040 lenitatis
1071 3983 1210 4058 (Cal.
1227 3984 1322 4055 vi).
1351 3984 1648 4053 Aliquando
1659 3984 1812 4054 spiri-

229 4089 312 4135 tus
330 4089 560 4134 vocatur
577 4077 735 4142 ratio,
753 4092 872 4146 qua:
885 4077 1200 4147 praeeminet
1222 4075 1432 4138 animm,
1459 4083 1518 4128 ut
1537 4074 1589 4128 in
1613 4074 1809 4128 Danie-

228 4167 312 4223 Ie:
344 4167 582 4238 Spiritus
607 4175 654 4221 et
685 4167 875 4220 anima:
892 4165 1181 4234 justorum,
1209 4165 1488 4218 benedicite
1534 4164 1812 4217 Dominum

230 4255 386 4327 (Dan.
419 4257 529 4328 in).
581 4253 884 4324 Aliquando
930 4254 1152 4322 spiritus
1176 4254 1408 4307 animam
1444 4251 1812 4320 iumentorum

230 4347 518 4418 signiﬁcat.
553 4345 709 4401 Unde
751 4344 1003 4400 Salomon
1031 4345 1106 4398 ait
1141 4361 1154 4398 :
1201 4343 1430 4414 Spiritus
1451 4345 1810 4413 jumentorum

229 4438 510 4496 descendat
563 4438 810 4490 deorsum
854 4436 1080 4506 (Eccles.
1123 4439 1226 4508 tu).
1281 4435 1580 4504 Aliquando
1627 4452 1811 4492 vocem

230 4528 460 4585 hominis
489 4525 783 4596 signiﬁcat.
829 4525 978 4580 Unde
1008 4525 1138 4580 dicit
1180 4525 1464 4594 Apostolus
1505 4543 1516 4578 :

229 4619 428 4690 lingua,
476 4617 700 4688 spiritus
745 4632 889 4670 meus
933 4625 1093 4669 orat:
1136 4632 1278 4669 mens
1327 4624 1500 4669 autem
1547 4633 1662 4670 mea
1704 4617 1815 4671 sine

232 4711 402 4780 fructu
443 4719 546 4763 est.
575 4707 750 4762 Orabo
767 4724 888 4777 ergo
911 4707 1116 4776 spiritu,
1141 4708 1299 4761 orabo
1332 4715 1380 4761 et
1410 4717 1575 4761 mente
1617 4707 1668 4780 (I
1691 4709 1813 4763 Cor.

233 4799 362 4869 xiv).
437 4797 750 4867 Aliquando
804 4797 1229 4865 increpationem
1291 4797 1588 4861 cmlestem.
1663 4798 1816 4853 Unde

233 4887 425 4942 dicitur
456 4889 511 4943 in
555 4887 765 4957 psalmo
808 4903 820 4939 :
849 4886 925 4938 Ab
953 4885 1302 4955 increpatione
1336 4895 1448 4950 tua,
1477 4886 1720 4951 Domine,
1750 4887 1814 4940 ab

233 4976 587 5046 increpatione
628 4977 842 5046 spiritus
873 4977 966 5029 ira:
1011 4985 1115 5028 tua:
1145 4973 1316 5046 (Psal.
1366 4975 1519 5046 xvii).
1567 4975 1813 5031 Ostendit

233 5081 358 5136 ergo
383 5067 776 5137 praedicatores
802 5066 974 5131 verbi,
1009 5067 1135 5134 quia
1163 5065 1364 5134 Spiritu
1392 5075 1578 5121 sancto
1604 5066 1813 5122 inﬂam-

234 5159 391 5225 mati,
421 5157 802 5226 delinquentes
826 5157 1049 5227 populos
1080 5157 1440 5226 increpabant,
1486 5171 1751 5226 quatenus
1779 5175 1810 5213 a

235 5251 376 5303 vitiis
398 5249 741 5303 recederent.
769 5247 1068 5316 Aliquando
1096 5257 1334 5312 ventum,
1366 5257 1422 5301 ut
1443 5257 1527 5302 est
1549 5249 1675 5303 illud
1703 5268 1714 5302 :
1742 5250 1810 5304 In

234 5342 416 5409 spiritu
439 5339 725 5394 uehementi
757 5349 986 5392 conteres
1015 5354 1168 5391 naves
1203 5338 1412 5392 Tharsis
1441 5336 1608 5410 (Psal.
1637 5338 1804 5409 xux).

238 5430 302 5484 Et
333 5431 384 5485 in
420 5432 762 5486 contrariam
797 5438 1005 5499 partem
1045 5429 1265 5497 spiritus
1311 5429 1522 5484 nomine
1551 5431 1807 5500 spiritalia

238 5519 360 5573 vitia
411 5520 766 5583 denotamur,
801 5518 949 5573 Unde
991 5517 1188 5571 dicitur
1234 5518 1453 5585 spiritus
1515 5518 1804 5587 superbiae,

237 5610 456 5680 spiritus
487 5611 608 5675 irae,
639 5609 864 5678 spiritus
883 5609 1134 5673 tristitiaa,
1165 5607 1386 5678 spiritus
1417 5606 1803 5662 fornicationis.

238 5697 536 5772 Aliquando
574 5700 792 5759 nomine
819 5699 1038 5771 spiritus
1063 5701 1176 5771 ipse
1205 5698 1450 5758 diabolus
1477 5698 1809 5755 demonstra-

1912 3257 2178 3328 signiﬁcat
2204 3259 2528 3314 exteriorem
2577 3261 2881 3328 hominem,
2929 3264 3216 3332 aliquando
3259 3267 3495 3323 litteram

1910 3344 2044 3416 legis
2068 3354 2121 3400 et
2149 3346 2420 3402 carnalem
2445 3363 2694 3416 sensum,
2725 3349 3014 3421 aliquando
3043 3353 3359 3422 sapientiam
3391 3358 3493 3411 hu-

1910 3454 2157 3504 manam,
2203 3455 2323 3509 qua:
2375 3440 2647 3494 contraria
2693 3441 2858 3496 sentit
2908 3442 3038 3497 Deo.
3076 3442 3210 3497 Nam
3253 3445 3308 3498 in
3352 3446 3496 3517 Apo-

1911 3525 2048 3582 stolo
2074 3526 2334 3597 scriptum
2363 3537 2446 3582 est
2478 3546 2491 3581 :
2528 3528 2818 3582 Prudentia
2842 3531 3018 3583 carnis
3042 3547 3180 3584 mors
3207 3542 3279 3587 est
3311 3550 3330 3588 :
3372 3552 3497 3604 pru-

1910 3620 2088 3674 dentia
2118 3629 2290 3673 autem
2328 3621 2542 3688 spiritus
2570 3621 2672 3674 vita
2716 3629 2765 3674 et
2788 3636 2895 3690 pax
2923 3620 3100 3693 (Rom.
3126 3623 3269 3696 Vill).
3317 3624 3495 3681 Unum

1913 3718 2074 3779 atque
2103 3711 2244 3766 idem
2283 3725 2403 3766 esse
2436 3709 2584 3783 [est],
2639 3711 2782 3780 quod
2813 3711 2944 3766 dicit
2973 3729 2987 3765 :
3016 3714 3294 3783 prudentia
3321 3718 3495 3770 carnis

1912 3820 2052 3857 mors
2083 3819 2101 3856 :
2125 3811 2179 3858 et
2209 3802 2339 3858 illud
2375 3821 2388 3856 :
2418 3802 2616 3857 Littera
2647 3802 2836 3856 occidit
2872 3801 2991 3874 (III
3022 3802 3144 3856 Cor.
3193 3804 3296 3875 ιιι).
3326 3804 3496 3874 Igitur

1911 3893 2196 3963 prudentia
2218 3893 2398 3948 carnis
2413 3909 2560 3948 mors
2581 3901 2682 3949 est.
2710 3892 2809 3948 Cui
2852 3909 2999 3950 mors
3027 3895 3146 3949 est?
3166 3897 3359 3951 anima:
3379 3898 3495 3953 sine

1913 3985 2095 4039 dubio.
2127 3985 2229 4052 Qui
2262 3985 2406 4040 enim
2447 3985 2622 4056 legem
2650 3985 2946 4040 secundum
2991 4001 3244 4052 carnem,
3291 3988 3345 4042 id
3389 3997 3492 4062 est,

1914 4077 2208 4132 secundum
2238 4075 2475 4131 litteram
2518 4075 2786 4146 intelligit,
2817 4090 2924 4131 non
2950 4076 3096 4130 venit
3120 4075 3189 4129 ad
3217 4075 3494 4132 Christum

1915 4167 2117 4237 quiest
2158 4167 2313 4220 vita:
2362 4175 2418 4221 et
2461 4165 2580 4220 ideo
2619 4166 2905 4235 prudentia
2949 4166 3130 4222 carnis
3179 4182 3324 4223 mors
3369 4178 3494 4234 est,

1913 4256 2196 4325 prudentia
2225 4270 2354 4310 vero
2401 4255 2621 4324 spiritus
2646 4256 2757 4310 vita
2787 4264 2843 4310 et
2883 4271 3010 4326 pax.
3042 4257 3219 4312 Vitam
3266 4274 3499 4329 namque

1914 4353 1968 4399 et
1998 4361 2207 4415 pacem,
2238 4360 2359 4414 qua:
2386 4355 2470 4401 est
2494 4345 2760 4410 Christus,
2808 4347 2999 4413 habet,
3032 4347 3124 4417 qui
3181 4349 3498 4419 Spiritaliter

1917 4434 2167 4504 intelligit
2213 4435 2406 4505 legem.
2448 4435 2619 4490 Aliter
2666 4434 2949 4504 prudentia
2995 4437 3176 4491 carnis
3213 4447 3497 4506 peccatum

1572 4526 1632 4581 Si
1672 4543 1812 4580 orem
1843 4497 1891 4556 θ
1916 4534 2018 4589 est,
2051 4497 2193 4593 quod
2216 4497 2438 4593 generat
2459 4497 2706 4588 mortem;
2740 4526 3024 4595 prudentia
3040 4527 3182 4581 enim
3212 4497 3332 4583 ideo
3363 4531 3498 4585 dici-

1917 4621 2026 4678 tur,
2051 4628 2172 4666 cum
2202 4629 2288 4668 res
2312 4614 2475 4668 stulta
2504 4615 2576 4668 sit
2606 4632 2618 4667 ε
2643 4615 2770 4683 quia
2795 4614 3144 4671 smeularibus
3187 4617 3498 4675 hominibus

1916 4719 2131 4759 errores
2174 4704 2474 4759 visibilibus
2508 4705 2774 4776 concepti,
2824 4705 2939 4760 sive
2970 4706 3024 4760 in
3061 4723 3241 4772 sensu,
3280 4709 3392 4764 sive
3440 4711 3497 4764 in

1917 4805 2038 4850 actu
2066 4803 2249 4850 contra
2269 4795 2441 4865 legem
2467 4796 2581 4860 Dei,
2604 4797 2887 4866 prudentia
2910 4797 3180 4852 videntur.
3207 4797 3492 4864 Quoniam,

1919 4885 2089 4954 inquit
2133 4884 2441 4953 Apostolus,
2477 4886 2732 4954 sapientia
2776 4887 2949 4939 carnis
2988 4887 3202 4940 inimica
3230 4897 3304 4942 est
3336 4889 3444 4943 Deo
3475 4903 3494 4942 :

1917 4976 2018 5047 legi
2045 4977 2179 5029 enim
2215 4975 2307 5029 Dei
2331 4993 2434 5030 non
2455 4985 2526 5030 est
2555 4975 2811 5046 subjecta,
2838 4992 2930 5030 nec
2954 4978 3090 5030 enim
3117 4987 3285 5047 potest
3315 4979 3492 5049 (Rom.

1917 5066 2055 5138 vni).
2075 5066 2353 5134 Quomodo
2376 5067 2520 5121 enim
2542 5066 2804 5136 sapientia
2829 5067 3030 5133 carnis,
3051 5067 3153 5122 hoc
3172 5076 3274 5133 est,
3299 5083 3491 5122 carna-

1917 5157 1982 5212 lis
2005 5157 2353 5226 intelligentia
2390 5172 2497 5212 non
2519 5157 2588 5211 sit
2612 5156 2827 5211 inimica
2851 5156 2982 5221 Deo,
3033 5171 3151 5226 quae
3178 5157 3496 5213 adversatur

1915 5248 2163 5304 Christo?
2189 5263 2310 5318 quae
2353 5265 2460 5304 non
2510 5247 2700 5317 recipit
2725 5263 2848 5301 eum
2875 5288 2890 5312 ,
2925 5263 3084 5317 quem
3131 5249 3281 5303 misit
3318 5250 3493 5304 Deus?

1915 5356 2033 5409 qua:
2071 5341 2200 5395 dicit
2229 5359 2242 5393 :
2294 5341 2408 5394 Nos
2435 5340 2593 5411 legem
2635 5341 2903 5407 habemus,
2934 5351 2982 5394 et
3021 5342 3303 5396 secundum
3330 5342 3492 5411 legem

1915 5433 2060 5485 debet
2085 5433 2239 5497 mori,
2275 5435 2523 5502 quoniam
2547 5432 2719 5500 ﬁlium
2753 5433 2852 5487 Dei
2881 5451 2935 5487 se
2961 5434 3081 5502 fecit
3111 5432 3292 5502 (Joan.
3333 5434 3488 5500 xvn).

1917 5522 2218 5577 Notandum
2247 5535 2446 5586 autem,
2475 5523 2614 5591 quod
2640 5539 2746 5579 non
2783 5537 3002 5578 carnem
3030 5523 3167 5578 dixit
3193 5523 3486 5587 inimicam,

1916 5611 2011 5665 sed
2040 5611 2358 5680 sapientiam
2381 5611 2561 5666 carnis
2588 5629 2601 5664 :
2630 5611 2684 5667 id
2712 5620 2818 5678 est,
2846 5625 2955 5667 non
2983 5611 3363 5677 substantiam,
3397 5612 3492 5667 sed

1915 5708 2066 5757 actus
2112 5708 2204 5754 aut
2228 5701 2608 5771 cogitationem
2654 5701 2764 5758 sive
2814 5703 3308 5772 asseverationem,
3370 5715 3492 5756 nua:
