3896 6330
398 335 500 390 165

391 541 448 594 in
481 539 600 596 loco
623 549 894 595 astrorum
938 541 1008 596 ab
1033 541 1345 596 hominibus
1372 543 1592 598 inventa
1637 544 1930 614 disputatio
1957 562 1971 598 :

390 630 587 686 deinde
612 630 901 686 visibilium
931 632 1240 687 oblectatio.
1278 632 1403 688 Haec
1429 634 1646 689 inimica
1689 643 1815 688 sunt
1841 634 1972 702 Deo,

388 723 518 792 quia
541 722 932 778 elementorum
953 723 1266 789 «Dominum,
1292 733 1346 780 et
1370 724 1626 795 Opiﬁcem
1654 726 1860 790 mundi,
1887 726 1976 781 his

387 821 690 883 antequam,
721 827 842 882 qua:
864 812 995 869 fecit
1046 831 1063 865 τ
1104 822 1412 870 astruentes
1468 815 1602 869 nihil
1625 829 1782 883 posse
1823 815 1972 883 ﬁeri,

379 909 750 971 prasterquam
782 902 965 956 mundi
994 903 1236 967 continet
1272 903 1430 957 ratio.
1465 903 1825 970 Quamobrem
1873 918 1972 958 ne-

379 1001 514 1064 gant
533 993 708 1049 Deum
735 993 949 1058 fecisse,
975 1001 1036 1048 ut
1061 995 1213 1065 virgo
1239 1001 1477 1064 pareret,
1511 1003 1604 1048 aut
1631 1002 1971 1050 mortuorum

373 1099 611 1153 corpora
640 1093 987 1156 resurgerem
1015 1103 1030 1137 :
1057 1085 1182 1156 quia
1206 1086 1425 1139 stultum
1468 1094 1564 1150 est,
1597 1085 1869 1154 inquiunt,
1915 1095 1971 1140 ut

381 1173 562 1242 fecerit
607 1174 751 1228 Deus
805 1173 946 1228 ultra
979 1191 1138 1246 quam
1163 1177 1298 1246 sapit
1329 1176 1505 1229 homo.
1557 1175 1693 1230 Hinc
1735 1185 1792 1231 et
1842 1174 1971 1230 alibi

378 1266 641 1335 scriptum
676 1275 757 1321 est
789 1283 803 1319 :
836 1263 973 1320 Caro
1014 1267 1329 1337 concupiscit
1374 1266 1625 1320 adversus
1679 1266 1921 1336 spiritum
1948 1277 1967 1316 :

372 1355 595 1425 spiritus
635 1355 1029 1410 uero-adversus
1057 1370 1270 1410 carnem
1317 1351 1460 1426 (Gal.
1491 1356 1568 1426 v).
1613 1355 1684 1410 Et
1707 1361 1966 1410 rursum:

377 1446 517 1502 Caro
543 1456 595 1501 et
630 1447 844 1518 sanguis
878 1463 1094 1518 regnum
1120 1444 1219 1501 Dei
1246 1463 1350 1501 non
1390 1446 1724 1518 possidebunt
1762 1443 1812 1516 (1
1840 1443 1965 1501 Cor.

377 1539 492 1611 xv),
537 1541 642 1596 hoc
684 1549 800 1604 est,
843 1539 1117 1610 peccatrix
1163 1540 1271 1593 vita
1318 1548 1375 1594 et
1414 1535 1820 1608 sanguinolenta
1856 1553 1964 1592 non

375 1639 618 1686 meretur
664 1631 830 1684 vitam
885 1631 1087 1687 habere
1133 1639 1412 1685 mtemam.
1466 1627 1650 1698 Neque
1690 1630 1968 1700 corruptio

369 1724 799 1794 incorruptelam
835 1724 1131 1795 possidebit
1162 1742 1176 1777 :
1205 1723 1298 1777 sed
1345 1723 1522 1777 sancti
1572 1730 1628 1776 et
1668 1720 1802 1790 justi
1859 1722 1964 1776 viri

1051 335 1111 389 Β.
1154 336 1402 394 RABANI
1443 339 1662 396 MAURI
1700 340 2017 398 ARCHIEP.
2059 340 2366 400 MOGUNT.
2405 339 2688 398 OPERUM
2726 340 2905 396 PARS
2940 342 2997 397 ll.

393 449 638 505 nascitur
657 450 722 504 de
747 465 952 505 errore.
973 449 1248 521 Sapientia
1275 468 1405 524 ergo
1425 455 1605 509 carnis
1631 461 1715 509 est
1737 455 1973 524 primum
2003 466 2049 522 Α
2079 455 2335 510 interiore
2380 471 2501 510 esse
2547 454 2962 510 manilcstantur

3010 474 3024 509 :
3066 453 3201 527 quia
3237 457 3534 530 spiritales
3576 477 3664 520 res

2081 561 2187 601 non
2217 545 2583 616 corporalibus
2605 547 2871 611 sensibus,
2897 548 2990 601 sed
3011 547 3382 616 spiritualibns
3401 551 3664 624 rimandze

2079 643 2220 690 sunt.
2253 635 2404 691 Unde
2430 635 2612 690 divina
2641 651 2745 690 vox
2775 636 2829 689 in
2871 636 3087 691 cantico
3115 634 3517 696 Deuteronomii
3542 643 3618 697 ait
3642 661 3658 698 :

2085 725 2287 792 Videte,
2307 729 2553 797 quoniam
2576 744 2668 797 ego
2691 745 2806 781 sum
2826 728 2990 794 Deus,
3015 738 3065 802 et
3089 747 3195 785 non
3213 742 3289 786 est
3310 731 3448 788 alius
3473 745 3665 804 preter

2075 831 2156 868 me
2186 815 2363 886 (Deut.
2407 817 2625 888 smn).
2667 817 2734 871 Et
2762 819 2814 872 in
2845 818 3061 874 Psalmo
3087 837 3102 873 :
3127 821 3408 888 Attendite,
3439 825 3664 895 populus

2074 919 2236 967 meus,
2271 904 2433 974 legem
2463 922 2653 972 meam,
2672 907 2922 968 inclinate
2950 927 3132 964 aurem
3164 922 3386 966 oestrum
3427 914 3483 968 in
3508 915 3663 971 uerba

2075 993 2180 1048 oris
2211 996 2312 1048 mei
2339 993 2514 1066 (Psal.
2543 996 2770 1069 uxvtt).
2800 998 2866 1051 Et
2895 1000 2948 1054 ln
2980 1000 3269 1069 Evangelia
3303 1002 3417 1072 ipsa
3446 1003 3663 1062 Veritas

2074 1085 2150 1138 ait
2180 1103 2191 1138 :
2227 1084 2328 1150 Qui
2360 1086 2513 1140 habet
2539 1104 2695 1141 aures
2739 1089 3024 1155 audiendi,
3052 1090 3236 1165 audiat
3293 1093 3512 1164 (Matth.
3555 1098 3656 1167 XI).

2073 1176 2141 1231 Et
2169 1176 2223 1230 in
2249 1178 2577 1249 Apocalypsi
2605 1198 2617 1233 :
2651 1180 2755 1245 Qui
2785 1181 2959 1248 habet,
2989 1183 3183 1253 inquit,
3209 1202 3363 1242 aures
3386 1177 3656 1256 audiendi,

2070 1270 2252 1324 audiat
2304 1273 2429 1343 quid
2469 1272 2699 1342 Spiritus
2721 1274 2867 1329 dicat
2886 1275 3137 1332 Ecclesiis
3165 1278 3348 1350 (Apoc.
3382 1281 3466 1352 ιι).
3500 1280 3567 1344 Et
3603 1283 3656 1337 in

2070 1359 2332 1416 Psalterio
2395 1379 2408 1416 :
2464 1359 2684 1417 Custote
2732 1374 2782 1418 et
2832 1366 2996 1421 videte
3021 1408 3037 1433 ,
3082 1371 3330 1439 quoniam
3357 1371 3535 1426 suavis
3579 1383 3658 1427 est

2070 1448 2326 1506 Dominus
2347 1452 2522 1521 (Psal.
2547 1455 2763 1528 χχχιιι).
2792 1457 3161 1526 EtApostolus
3187 1477 3200 1512 :
3226 1456 3439 1526 Christi,
3460 1461 3656 1532 inquit,

2069 1541 2231 1596 bonus
2257 1543 2388 1596 odor
2414 1561 2596 1600 sumus
2625 1557 2674 1600 et
2701 1548 2756 1601 in
2804 1549 2886 1602 his
2921 1550 3013 1619 qui
3034 1559 3272 1618 pereunt,
3301 1560 3352 1604 et
3383 1553 3438 1605 in
3459 1551 3540 1606 his
3566 1553 3657 1622 qui

2067 1629 2197 1684 salui
2223 1631 2354 1698 ﬁunt
2394 1631 2478 1701 (Il
2508 1632 2630 1688 Cor.
2664 1633 2746 1706 ιι).
2773 1635 2841 1690 Et
2868 1637 2920 1690 in
2944 1636 3234 1708 Evangelio
3257 1634 3518 1694 Dominus
3539 1657 3658 1695 mu-

2067 1721 2254 1776 lierem
2288 1724 2720 1779 haemorrnissam
2771 1726 2875 1782 ﬁde
2919 1744 2979 1782 se
3008 1731 3248 1800 tetigisse
3277 1735 3448 1800 magis
3489 1749 3655 1803 quam

369 1817 644 1872 immutati
691 1825 748 1870 et
792 1815 1124 1869 immortales
1158 1812 1335 1869 eﬁecti
1381 1827 1478 1883 per
1507 1814 1963 1869 resurrectionem
1993 1806 2038 1865 Β
2067 1827 2293 1882 corpore
2319 1814 2577 1879 ostendit,
2607 1816 2790 1871 dicens
2824 1834 2838 1870 τ
2875 1815 3061 1888 Tetigit
3090 1837 3173 1873 me
3194 1820 3405 1890 aliquis,
3434 1838 3555 1876 nam
3603 1831 3655 1875 et

370 1907 554 1962 carnis
580 1907 635 1962 in
661 1906 752 1962 die
786 1905 976 1974 iudicii
1016 1906 1084 1960 ad
1114 1920 1338 1976 regnum
1387 1903 1548 1960 simul
1578 1919 1701 1960 cum
1745 1903 1964 1960 Christo

370 1999 680 2055 transibunt
731 2006 1077 2068 perpetuum.
1153 1996 1360 2052 Sensus
1416 1997 1665 2068 corporis
1724 1997 1968 2067 quinque

366 2099 499 2147 sunt
529 2108 543 2145 :
571 2091 740 2153 visus,
773 2090 1007 2154 auditus,
1039 2090 1318 2155 odoratus,
1349 2099 1539 2160 gustus
1568 2099 1623 2144 et
1651 2098 1843 2145 tactus.
1884 2091 1963 2145 Ex

369 2181 567 2251 quibus
619 2181 725 2235 duo
763 2179 1079 2250 aperiuntur
1120 2188 1174 2234 et
1220 2178 1566 2246 clauduntur,
1601 2179 1706 2234 duo
1751 2194 1965 2249 semper

367 2282 618 2345 patentes
639 2283 785 2328 sunt.
816 2273 1021 2329 Sensus
1048 2274 1200 2338 dicti,
1227 2274 1351 2343 quia
1381 2289 1479 2342 per
1508 2287 1602 2329 eos
1623 2274 1802 2328 anima
1835 2274 1963 2329 sub-

366 2367 617 2422 tilissime
647 2375 818 2420 totum
839 2381 1035 2436 corpus
1063 2366 1230 2436 agitat
1260 2366 1455 2437 'vigore
1489 2366 1778 2421 sentiendi.
1808 2365 1963 2422 Unde

364 2463 423 2512 et
455 2457 742 2528 praesentia
785 2466 1187 2526 nuncupantur,
1213 2456 1359 2525 quod
1387 2457 1494 2511 sint
1520 2472 1632 2527 pra:
1662 2457 1912 2512 sensibus
1944 2475 1958 2512 :

367 2547 510 2603 sicut
537 2561 649 2617 prae
677 2545 867 2611 oculis,
899 2559 1020 2615 quae
1059 2554 1259 2617 praesto
1299 2553 1424 2601 sunt
1455 2546 1647 2602 oculis.
1686 2545 1849 2602 Visus
1876 2555 1966 2601 est

365 2637 458 2706 qui
490 2644 527 2690 ο·
561 2628 898 2706 philoSopliis
941 2636 1140 2691 humor
1175 2636 1380 2692 vitreus
1416 2636 1736 2707 appellatur.
1771 2638 1960 2693 Visum

365 2737 545 2782 autem
589 2727 705 2782 ﬁeri
737 2727 955 2797 quidam
990 2735 1303 2782 asseverant
1331 2735 1425 2781 aut
1449 2735 1692 2782 extrema
1719 2718 1958 2784 aetherea

363 2817 482 2872 luce
508 2857 524 2882 ,
574 2826 669 2872 aut
717 2817 932 2873 interno
979 2817 1172 2887 spiritu
1204 2817 1382 2872 lucido
1421 2833 1520 2889 per
1548 2827 1737 2874 tenues
1778 2819 1896 2874 vias
1926 2835 1958 2874 a

360 2915 590 2970 cerebro
627 2914 906 2971 venientes
941 2922 1101 2984 atque
1130 2913 1430 2984 penetratis
1462 2915 1658 2970 tunicis
1685 2915 1739 2969 in
1776 2930 1959 2970 aerem

2065 1919 2157 1974 ego
2184 1905 2320 1958 sensi
2350 1907 2590 1959 virtutem
2617 1906 2681 1959 de
2707 1924 2788 1960 me
2817 1909 3002 1962 exiisse
3028 1908 3181 1980 (Luc.
3206 1910 3346 1983 viti).
3393 1910 3484 1967 Sic
3525 1927 3656 1983 ergo

2066 2009 2187 2048 cum
2207 1996 2354 2050 omni
2379 1997 2588 2051 cautela
2613 1992 3009 2053 observandam
3033 2010 3136 2065 est,
3161 2002 3292 2070 quid
3315 2004 3380 2056 ad
3406 2004 3657 2072 corporis

2065 2102 2285 2153 sensus,
2313 2096 2368 2142 et
2396 2087 2525 2156 quid
2559 2088 2627 2142 ad
2653 2089 2846 2143 anima:
2878 2090 3146 2154 pertineat
3175 2091 3493 2161 dignitatem
3531 2111 3544 2146 :
3583 2107 3656 2149 ne

2064 2175 2203 2230 forte
2226 2176 2481 2235 confusus
2509 2178 2660 2241 ordo,
2707 2189 2761 2232 et
2801 2179 3192 2234 irrationabilis
3218 2181 3505 2235 aestimatio
3549 2181 3653 2236 ali-

2062 2264 2188 2320 cubi
2229 2281 2533 2334 repugnare
2584 2267 2832 2320 videatur
2865 2267 3102 2322 veritati.
3144 2269 3325 2324 Prima
3357 2285 3486 2340 pars
3526 2286 3654 2327 cor-

2061 2354 2209 2423 poris
2256 2365 2439 2423 caput,
2494 2356 2786 2426 datumque
2830 2357 2904 2410 illi
2965 2359 3069 2413 hoc
3119 2375 3313 2414 nomen
3349 2375 3453 2424 eo,
3504 2362 3652 2430 quod

2063 2461 2255 2502 sensus
2281 2461 2470 2501 omnes
2494 2455 2547 2502 et
2568 2450 2718 2503 nervi
2745 2450 2870 2505 inde
2886 2450 3098 2505 initium
3127 2453 3365 2522 capiunt,
3393 2463 3556 2524 atque
3581 2468 3652 2510 ex

2061 2553 2127 2593 eo
2170 2540 2347 2592 omnis
2376 2538 2590 2593 vivendi
2629 2555 2791 2595 causa
2842 2542 3070 2596 oriatur.
3127 2543 3205 2598 lbi
3257 2544 3400 2598 enim
3456 2559 3655 2600 omnes

2060 2643 2252 2685 sensus
2298 2638 2578 2700 apparent.
2613 2631 2764 2687 Unde
2804 2632 2974 2703 ipsius
3001 2635 3218 2701 animae,
3251 2652 3370 2706 qua:
3415 2636 3657 2692 consulit

2059 2720 2312 2791 corpori,
2339 2721 2733 2790 quodammodo
2760 2739 3047 2793 personam
3085 2726 3245 2796 gerit.
3278 2726 3454 2797 Caput
3490 2742 3651 2794 vero,

2059 2813 2202 2882 quod
2221 2814 2394 2884 prima
2411 2815 2653 2882 corporis
2673 2831 2799 2884 pars
2823 2825 2908 2870 est
2930 2815 3011 2888 (ut
3031 2832 3192 2886 supra
3214 2817 3479 2889 diximusl
3493 2816 3652 2888 juxta

2059 2901 2372 2975 allegoriam
2415 2914 2507 2958 aut
2546 2905 2820 2961 Christum
2855 2907 3162 2979 signiﬁcat,
3211 2909 3305 2978 qui
3348 2919 3432 2964 est
3481 2915 3649 2979 caput

359 3015 625 3061 exeuntes
651 3046 666 3070 ,
724 3014 780 3061 et
851 3014 981 3059 tunc
1031 3004 1408 3058 commistione
1467 3003 1662 3060 similis
1715 3004 1957 3058 materiae
2054 2995 2304 3065 corporis
2339 2994 2591 3048 Ecclesia:
2630 2994 2790 3065 (Eph.
2823 2995 2877 3066 v)
2915 3014 2927 3049 :
2960 3005 3055 3050 aut
3085 2998 3421 3052 divinitatem
3456 2997 3651 3053 Salva-

359 3098 536 3154 vismn
567 3098 776 3152 dantes.
810 3095 970 3152 Visus
991 3097 1188 3161 dictus,
1216 3095 1358 3166 quod
1377 3095 1626 3150 vivacior
1653 3092 1956 3150 sitcatter‘is
2005 3164 2013 3166 Α
2059 3088 2212 3141 ῑοτίεο
2251 3085 2404 3142 Unde
2437 3085 2632 3155 legitur
2655 3087 2708 3140 in
2736 3086 2993 3154 Αβοειοιο
3040 3105 3052 3140 ε
3084 3085 3255 3157 Caput
3281 3087 3514 3141 mulieris
3540 3088 3653 3156 vir,

361 3187 642 3253 sensibus,
696 3203 760 3242 ac
779 3187 1127 3256 prtestantior
1153 3164 1267 3241 sive
1311 3184 1573 3251 velocior,
1616 3186 1954 3255 ampliusque

2067 3186 2211 3248 caput
2235 3176 2329 3232 viri
2353 3175 2623 3244 Christus,
2671 3186 2825 3247 caput
2875 3174 3068 3230 Christi
3112 3177 3253 3230 Deus
3297 3176 3347 3248 (I
3373 3175 3496 3232 Cor.
3542 3176 3648 3250 XI).

361 3278 564 3349 vigeat,
595 3286 858 3346 quantum
885 3277 1146 3332 memoria
1177 3276 1320 3331 inter
1351 3277 1549 3333 mentis
1575 3274 1770 3332 ollicia.
1803 3275 1952 3330 Vici-
2059 3273 2289 3328 Ponitur
2336 3276 2480 3329 enim
2531 3272 2820 3344 aliquando
2874 3278 3035 3342 caput
3092 3286 3196 3341 pro
3245 3271 3651 3342 principalitate

361 3369 486 3422 nior
517 3377 602 3424 est
647 3369 894 3434 cerebro,
927 3368 1068 3423 unde
1113 3369 1296 3423 omnia
1324 3377 1564 3422 manant.
1604 3367 1682 3421 Ex
1723 3373 1831 3436 quo
1862 3366 1953 3430 ﬁt,
2057 3369 2274 3422 mentis.
2315 3369 2469 3424 Unde
2505 3369 2764 3437 scriptum
2796 3375 2879 3421 est
2912 3383 2926 3419 :
2966 3365 3123 3420 Omni
3153 3377 3383 3436 tempore
3427 3369 3531 3421 sint
3560 3384 3649 3446 υς-

361 3469 532 3525 utea,
561 3472 680 3529 qua:
699 3460 766 3513 ad
791 3459 926 3516 alios
949 3461 1221 3530 pertinent
1241 3474 1434 3516 sensus
1455 3460 1638 3514 videre
1664 3459 1910 3513 dicamus
1936 3477 1950 3512 :
2054 3458 2296 3512 stimenta
2323 3469 2415 3510 tua
2443 3458 2689 3521 candida,
2707 3467 2754 3510 et
2780 3456 2950 3510 oleum
2975 3457 3040 3510 de
3065 3459 3233 3527 capite
3260 3467 3350 3511 tuo
3381 3473 3482 3512 non
3512 3456 3649 3527 defi-

361 3549 526 3604 veluti
553 3566 676 3605 cum
702 3549 961 3618 dicimus;
990 3550 1124 3616 uide,
1150 3550 1409 3621 quomodo
1440 3558 1594 3603 sonat
1623 3565 1640 3603 :
1668 3548 1801 3612 vide,
1825 3565 1954 3619 quo-
2056 3551 2158 3602 ciat
2203 3547 2402 3618 (Eccle.
2448 3549 2523 3618 ix)
2555 3565 2568 3600 :
2603 3549 2706 3604 hoc
2730 3558 2830 3612 est,
2867 3549 3012 3603 omni
3059 3558 3299 3616 tempore
3330 3549 3437 3603 sint
3474 3563 3647 3619 opera

361 3641 518 3695 modo
546 3643 681 3712 sapit
712 3659 729 3697 :
753 3641 852 3707 sic,
885 3650 989 3697 etc.
1023 3638 1251 3696 Auditus
1271 3640 1594 3712 appellatus,
1621 3639 1765 3708 quod
1794 3653 1955 3693 voces
2056 3644 2146 3691 tua
2177 3645 2233 3692 et
2270 3640 2606 3693 conversatio
2630 3639 2851 3703 munda,
2880 3643 2937 3692 et
2961 3637 3138 3692 oleum
3168 3638 3450 3692 c‘haritatis
3477 3649 3648 3707 atque

365 3732 617 3796 hauriat,
661 3733 764 3787 hoc
809 3739 911 3796 est,
968 3745 1092 3786 aere
1116 3731 1399 3786 verberato
1461 3729 1719 3797 suscipiat
1767 3743 1949 3783 sonos.
2054 3728 2437 3783 misericordiae
2476 3729 2543 3783 de
2582 3737 2763 3783 mente
2804 3739 2893 3783 tua
2938 3744 3045 3783 non
3083 3728 3318 3784 deﬁciat.
3366 3729 3648 3785 Invenitur

363 3821 662 3886 Odoratus,
707 3820 861 3890 quasi
907 3820 1051 3875 aeris
1081 3819 1266 3874 odoris
1308 3827 1560 3877 attactus.
1604 3815 1773 3872 Tacto
1809 3818 1952 3871 enim
2055 3817 2347 3888 aliquando
2393 3827 2556 3888 caput
2594 3834 2693 3888 pro
2728 3818 2884 3873 initio
2925 3819 3085 3890 poni,
3121 3827 3183 3874 ut
3226 3828 3309 3875 est
3347 3821 3475 3875 illud
3509 3837 3523 3876 :
3573 3820 3646 3875 In

365 3925 493 3965 aere
523 3909 776 3964 sentitur.
809 3907 900 3964 Sic
928 3917 984 3963 et
1013 3906 1259 3971 olfactus,
1291 3908 1434 3977 quod
1463 3908 1721 3963 odoribus
1755 3905 1954 3961 elﬁcia-
2053 3911 2218 3980 capite
2250 3906 2368 3963 libri
2396 3910 2646 3980 scriptum
2667 3920 2751 3964 est
2773 3911 2836 3963 de
2857 3927 2938 3964 me
2964 3907 3136 3974 (Psal.
3165 3909 3352 3981 xxxix)
3387 3929 3400 3964 :
3433 3921 3487 3966 et
3512 3912 3643 3980 quia

369 4009 479 4053 tur.
511 3998 714 4052 Gustus
742 4013 772 4050 a
802 4006 1020 4066 gutture
1061 3998 1260 4052 dictus.
1289 3997 1488 4052 Tactus
1528 4011 1613 4061 eo,
1643 3997 1784 4064 quod
1828 4009 1954 4065 per-
2055 3996 2121 4052 In
2148 3999 2402 4069 principio
2435 4000 2554 4068 fecit
2586 3999 2726 4053 Deus
2756 3999 2940 4053 mlum
2968 4008 3017 4052 et
3043 4010 3237 4052 terram
3267 3999 3421 4070 (Gen.
3453 4000 3494 4069 ι)
3521 4017 3536 4065 ;
3585 4008 3644 4056 et

365 4097 564 4145 tractet
615 4099 670 4144 et
715 4096 925 4158 tangat,
975 4096 1030 4143 et
1074 4103 1172 4158 per
1199 4087 1379 4142 omnia
1424 4088 1666 4141 membra
1713 4085 1953 4154 vigorem
2056 4087 2122 4142 In
2171 4092 2423 4159 principio
2472 4099 2582 4144 erat
2650 4089 2866 4144 Verbum
2895 4130 2910 4155 ,
2957 4101 3006 4143 et
3066 4087 3290 4143 Verbum
3341 4100 3452 4144 erat
3495 4089 3642 4157 apud

365 4197 558 4239 sensus
607 4189 880 4251 aspergat.
924 4179 1060 4234 Nam
1119 4186 1264 4234 tactu
1315 4180 1642 4250 probamus,
1694 4176 1954 4247 quidquid
2055 4175 2253 4242 Deum,
2300 4189 2346 4232 et
2385 4180 2529 4242 Deus,
2559 4190 2670 4232 erat
2709 4179 2938 4232 Verbum
2969 4179 3148 4249 (Joan.
3192 4177 3254 4250 ι).
3283 4178 3556 4233 invenitur
3587 4189 3647 4234 et

365 4273 581 4329 ueteris
622 4271 870 4327 sensibus
892 4269 1140 4339 judicare
1168 4284 1271 4323 non
1300 4284 1603 4338 possumus.
1633 4268 1744 4338 Duo
1772 4277 1953 4320 autem
2056 4269 2343 4338 aliquando
2373 4271 2587 4324 nomine
2627 4270 2818 4339 capitis
2858 4271 3122 4338 primatus
3149 4268 3435 4336 cuiuslibet
3477 4270 3641 4325 ollicil

368 4377 569 4434 genera
595 4369 771 4417 taetus
799 4370 945 4416 sunt.
974 4359 1108 4414 Nam
1131 4368 1224 4419 aut
1251 4359 1590 4414 extrinsecus
1612 4357 1780 4422 venit,
1812 4357 1953 4426 quod
2057 4359 2344 4429 designari.
2373 4358 2525 4414 Unde
2550 4359 2803 4414 dicuntur
2828 4357 3055 4429 apostoli
3079 4368 3134 4414 et
3175 4360 3426 4414 doctores
3451 4360 3640 4415 Eccle-

367 4453 529 4508 feriat
557 4467 571 4507 :
600 4461 694 4507 aut
735 4453 882 4506 intus
910 4451 963 4505 in
995 4451 1113 4520 ipso
1151 4465 1375 4520 corpore
1414 4450 1605 4504 oritur.
1653 4448 1953 4517 Unicuique
1978 4499 2031 4558 Β
2056 4449 2149 4504 size
2177 4450 2350 4518 capita
2388 4464 2507 4511 esse
2533 4450 2769 4520 gentium
2789 4490 2804 4515 ,
2835 4452 2960 4520 quia
2991 4452 3263 4521 principes
3296 4459 3349 4504 et
3391 4452 3636 4521 magistri

379 4557 390 4558 κ
444 4549 487 4558 .-
534 4557 541 4558 γ
876 4539 1084 4558 __-___.-
1155 4546 1341 4558 _-.__-
1409 4538 1522 4558 ιι-
1622 4536 1753 4558 ιτ-..
1811 4536 1948 4558 ---Α
2060 4537 2769 4558 “suum”-“DLA”-
3465 4542 3519 4558 ,γ
3585 4555 3593 4558 .

369 4549 553 4596 autem
630 4540 814 4596 sensui
875 4539 1094 4609 prOpria
1155 4546 1347 4592 natura
1403 4538 1549 4592 data.
1622 4536 1759 4590 Nam
1805 4536 2184 4605 quod”sunt
2205 4537 2440 4592 ﬁdelium
2462 4539 2948 4609 populorum.ltem
2980 4539 3433 4609 eaputinehoatio
3463 4542 3636 4596 bono-

368 4632 664 4687 videndum
691 4639 806 4694 est,
829 4629 1000 4685 oculis
1031 4629 1242 4699 capitur
1273 4647 1286 4683 :
1317 4628 1460 4698 quod
1500 4627 1820 4682 audiendum
1844 4635 1948 4692 est,
2056 4643 2178 4682 rum
2198 4644 2441 4699 operum,
2463 4631 2600 4683 sicut
2627 4630 2738 4700 ipsa
2761 4631 3009 4686 voluntas
3048 4633 3298 4695 hominis,
3329 4639 3387 4684 ut
3418 4631 3469 4684 in
3485 4630 3639 4687 Levi.

371 4723 625 4788 auribus;
681 4720 862 4776 mollia
911 4729 967 4775 et
1007 4720 1145 4776 dura
1190 4726 1337 4774 tactu
1379 4719 1732 4772 aestimantur.
1779 4716 1953 4786 Sapor
2059 4719 2200 4773 tico:
2236 4719 2397 4774 Ponet
2420 4735 2630 4772 manum
2649 4735 2804 4788 super
2825 4729 2978 4788 caput
3005 4720 3192 4774 hostire
3216 4737 3325 4773 sua:
3350 4718 3535 4791 (Leuit.
3571 4720 3634 4788 t).

374 4815 708 4886 gustu,odor
731 4813 955 4868 naribus
972 4811 1205 4867 ducitur.
1222 4810 1278 4865 In
1301 4809 1482 4865 multis
1506 4810 1637 4865 locis
1660 4807 1954 4878 Scripturte
2061 4807 2320 4863 Similiter
2362 4809 2496 4862 etin
2530 4808 2846 4874 quibusdam
2888 4807 3021 4861 locis
3063 4810 3227 4863 duces
3266 4817 3319 4863 et
3363 4809 3636 4876 principes

375 4919 544 4962 sacrm
559 4905 612 4960 bi
634 4903 870 4974 quinque
890 4901 1332 4970 sensuscorporis
1346 4902 1650 4970 quinarium
1667 4915 1953 4955 numerum
2062 4897 2366 4965 iniquorum
2393 4894 2584 4963 capitis
2620 4894 2842 4946 nomine
2873 4901 3180 4946 censentur.
3209 4893 3362 4948 Unde
3389 4895 3589 4950 dicitur
3617 4915 3632 4950 :

375 4999 601 5070 mystice
622 4992 1413 5066 exprimuntur;utestillud'in
1431 4991 1684 5061 parabola
1700 4990 1955 5044 Salvato-
2062 4985 2397 5056 Multiplirati
2428 4996 2547 5039 sunt
2578 5000 2730 5054 super
2759 4983 2974 5052 capillos
3012 4983 3197 5053 capitis
3225 4986 3356 5048 mei,
3387 4985 3477 5054 qui
3517 4987 3638 5038 ode-

379 5093 455 5147 ris
500 5090 712 5163 (llatth.
741 5089 888 5157 xxv),
921 5086 1011 5140 ubi
1039 5093 1292 5139 narratur
1315 5097 1505 5138 servus
1535 5099 1564 5137 a
1603 5082 1822 5137 domino
1861 5096 1961 5135 suo
2061 5085 2182 5128 runt
2234 5090 2314 5127 me
2355 5075 2519 5144 gratis
2563 5072 2732 5163 (Paul.
2776 5071 2992 5163 struix).
3039 5070 3110 5126 Ut
3151 5086 3279 5142 ergo
3303 5070 3639 5163 _ostenderet

379 5159 617 5252 quinque
647 5176 843 5231 talenta
869 5175 1316 5244 accepisse,etea
1343 5185 1462 5226 cum
1484 5178 1769 5240 augmento
1785 5168 1959 5224 eidem
2061 5163 2180 5252 plus
2228 5178 2347 5218 esse
2390 5176 2674 5216 numerum
2714 5159 3045 5252 inﬁdelium,
3087 5173 3250 5252 quam
3285 5159 3602 5211 devotorum
3627 5195 3643 5221 ,

380 5245 600 5330 domino
633 5269 922 5324 revertenti
951 5273 1385 5338 representasse.
1413 5263 1676 5318 Similiter
1699 5271 1756 5318 et
1778 5261 1831 5315 in
1859 5277 1964 5315 ca:-

2067 5251 2222 5316 dicit,
2251 5252 2630 5320 multiplicatos
2661 5264 2783 5304 esse
2808 5247 3044 5317 perﬁdos
3081 5245 3296 5301 Iudaeos
3335 5258 3499 5314 super
3536 5259 3638 5299 nu-

383 5365 515 5420 teris
535 5361 690 5425 locis,
715 5359 805 5415 ubi
832 5358 1112 5427 quinarius
1157 5370 1414 5410 numerus
1448 5354 1682 5408 insertus
1719 5360 1826 5416 est,
1867 5358 1962 5404 aut

386 5455 625 5523 quinque
654 5450 820 5504 libros
847 5446 1025 5514 Legis,
1053 5453 1146 5499 aut
1190 5446 1427 5516 quinque
1487 5458 1679 5498 sensus
1719 5441 1962 5511 corporis

387 5544 615 5615 mystica
637 5538 1028 5609 signiﬁcatione
1054 5537 1404 5600 demonstrat.
1433 5534 1735 5589 Notandum
1761 5541 1960 5597 autem,

393 5636 535 5706 quod
551 5632 716 5688 iidem
758 5631 857 5701 ipsi
900 5643 1092 5686 sensus
1127 5627 1217 5698 qui
1247 5628 1296 5682 in
1323 5629 1592 5683 exteriore
1621 5625 1837 5680 homine
1867 5625 1964 5679 de-

350 5717 361 5732 ’
398 5727 704 5784 scribuntur
733 5723 892 5777 simili
937 5722 1093 5776 modo
1120 5719 1413 5775 secundum
1446 5718 1662 5773 modum
1701 5730 1858 5771 suum
1904 5715 1964 5770 in

2066 5361 2270 5400 merum
2297 5344 2607 5414 capillorum
2625 5383 2639 5407 ,
2679 5342 2731 5396 id
2758 5349 2860 5406 est,
2887 5348 3032 5396 recte
3059 5337 3411 5393 credentium.
3441 5333 3639 5392 Verte:

2065 5446 2147 5492 est
2174 5452 2235 5490 ea
2261 5449 2403 5504 pars,
2433 5449 2537 5503 qua
2565 5432 2744 5501 capilli
2779 5431 2971 5500 capitis
2997 5428 3338 5498 colliguntur,
3367 5434 3421 5480 et
3450 5425 3502 5479 in
3529 5437 3638 5494 qua

2039 5527 2316 5584 (caesaries
2335 5525 2579 5588 vertitur,
2608 5523 2749 5576 unde
2773 5529 2826 5575 et
2851 5528 3210 5586 nuncupatur.
3247 5518 3444 5572 Verte:
3491 5515 3639 5570 enim

2067 5619 2280 5690 quando
2308 5617 2360 5672 in
2390 5617 2585 5670 bonam
2610 5622 2820 5685 partem
2857 5612 3140 5681 accipitur,
3181 5608 3452 5679 signiﬁcat
3488 5622 3636 5664 sum-

2072 5714 2309 5768 mitatcm
2327 5709 2547 5782 justitize
2565 5707 2644 5762 vel
2666 5705 3047 5776 perfectionem
3074 5704 3313 5762 omnium
3334 5701 3598 5758 virtutum
3620 5715 3636 5754 :
