3896 6330
214 420 313 481 με

1192 411 1281 466 DE
1321 403 1665 464 UNIVERSO
1700 402 1875 458 LIBRI
1914 399 2077 456 XXll.
2118 429 2186 440 -—
2223 399 2348 452 LlB.
2392 396 2479 451 Vl.

3343 392 3452 450 ιω

211 547 269 594 ut
291 546 372 594 est
410 535 544 591 illud
582 534 637 588 in
667 530 991 588 Salomone:
1022 525 1282 582 Coronam
1323 523 1457 577 enint
1482 521 1770 591 gratiarum
1801 521 1851 581 Α
1877 514 2142 571 Caesaries
2170 528 2200 567 a
2235 499 2704 566 ccedendovocata
2737 528 2750 563 :
2801 509 3027 580 ideoque
3060 516 3267 564 tantum
3306 509 3452 564 viro-

209 629 414 698 accipiet
441 635 616 680 vertex
638 633 762 677 tuus
784 619 966 693 (Prov.
993 619 1090 689 tv).
1113 618 1244 672 item
1269 617 1321 670 in
1351 613 1548 667 malam
1569 618 1776 680 partem

207 697 418 792 ponitur
449 723 670 778 vertex,
712 711 926 780 quando
955 722 1225 764 summam
1253 703 1545 792 nequitiam
1577 697 1779 770 signiﬁ-

208 790 292 867 cat
322 828 335 862 :
367 815 426 862 ut
445 814 536 860 est
561 803 694 858 illud
713 801 1014 858 Psalmistat
1042 815 1055 850 :
1092 794 1462 850 Verumtamen
1485 790 1627 844 Deus
1657 805 1781 843 con-

206 887 464 970 quassabit
504 893 684 963 capita
711 891 1038 945 inimicorum
1067 901 1304 949 suorum,
1339 881 1584 937 verticem.
1604 875 1783 948 capilli

205 985 671 1062 perambulatis»:
690 984 747 1036 in
765 979 969 1034 delictis
989 979 1099 1032 suis
1123 975 1239 1047 (Ps.
1255 973 1445 1045 vatt).
1466 972 1655 1041 Capita
1678 970 1781 1024 ini-

206 1078 461 1134 micorum
483 1082 614 1128 sunt
634 1069 1129 1127 auctoresJudaicae
1141 1066 1447 1132 seditionis;
1476 1064 1570 1118 sed
1597 1070 1653 1117 et
1673 1063 1781 1116 bte-

203 1173 490 1228 reticorum
517 1170 635 1224 sine
649 1166 981 1224 dubitatione
999 1165 1267 1219 doctores.
1290 1160 1369 1215 illi
1389 1160 1531 1215 enim
1553 1158 1606 1212 in
1621 1171 1782 1211 carne

205 1262 470 1319 Christum
486 1259 762 1331 persecuti
779 1267 925 1318 sunt,
947 1255 1049 1326 ipsi
1070 1262 1249 1308 autem
1273 1249 1600 1306 crudeliores
1622 1248 1674 1302 in
1698 1249 1778 1319 ip-

205 1371 322 1412 sam
333 1355 500 1409 etiam
521 1353 816 1408 desaeviunt
836 1348 1182 1421 Deitatem,si
1199 1346 1302 1402 dici
1327 1344 1416 1399 ias
1436 1352 1538 1398 est.
1568 1342 1632 1396 iii
1649 1341 1781 1395 tales

205 1447 303 1503 sibi
325 1445 720 1502 calumniarum
741 1440 1052 1498 inimicitias
1077 1445 1357 1509 quaerunt,
1380 1445 1441 1490 ut
1479 1434 1624 1503 ipsos
1652 1448 1784 1502 quo-

205 1553 306 1609 que
333 1535 652 1607 capiilornm
691 1534 925 1589 vertices
962 1528 1343 1600 perambulare
1369 1541 1433 1581 ac
1454 1523 1783 1595 perscrutari

205 1643 357 1699 posse
379 1627 687 1682 videantur.
720 1623 965 1680 Calvaria
997 1623 1064 1677 ab
1091 1621 1302 1676 ossibus
1328 1618 1496 1673 calvis
1518 1617 1661 1705 dicta
1691 1628 1786 1684 per

205 1717 580 1783 defectionem,
604 1725 660 1770 et
680 1714 996 1770 neutraliter
1018 1711 1423 1781 pronuntiatur.
1441 1709 1498 1763 in
1519 1707 1784 1781 Golgotba

205 1811 418 1880 quippe,
444 1809 594 1879 quod
639 1809 1029 1876 interpretatur
1055 1803 1321 1866 Caivaria,
1361 1817 1426 1856 eo
1455 1800 1596 1871 quod
1630 1808 1782 1854 trun-

1879 624 1998 663 rum
2028 614 2138 671 est;
2170 604 2346 658 virum
2389 603 2535 657 enim
2562 610 2774 658 tensum
2802 615 2919 659 esse
2953 601 3145 666 decet,
3174 598 3453 654 mulierem

1879 713 1986 754 non
2011 698 2186 752 decet.
2218 693 2426 748 Tamen
2456 693 2509 746 in
2533 691 2954 748 Deuteronomio
2974 691 3152 761 (Deut.
3183 689 3300 761 nt)
3326 689 3457 760 legiq-

1880 804 2001 844 mus
2020 787 2292 857 captivam
2329 783 2762 846 mulieremante
2790 790 3014 854 nuptam
3041 780 3232 837 radere
3246 781 3456 849 iussam

1880 877 2175 942 caesariem,
2210 882 2268 933 et
2291 873 2682 928 circumcidere
2713 888 2941 944 ungues,
2968 879 3025 936 et
3063 872 3331 941 depoure
3355 886 3454 926 ve-

1880 976 2040 1032 stem,
2056 966 2109 1020 in
2131 980 2235 1036 qua
2252 971 2409 1034 capta
2424 971 2508 1018 est
2523 980 2538 1016 :
2563 963 2705 1033 quod
2717 962 2984 1034 signiﬁcat
3003 963 3259 1027 animum,
3284 977 3406 1032 quae
3424 977 3458 1016 ιι

1880 1059 1992 1114 Deo
2012 1057 2235 1129 pulchre
2249 1064 2431 1111 creata
2446 1062 2549 1120 est,
2565 1054 2610 1111 si
2633 1056 2686 1109 in
2707 1055 2890 1126 gentili
2912 1055 3324 1110 conversatione
3335 1070 3461 1110 eam

1881 1149 2264 1210 invenerimus,
2297 1154 2353 1200 et
2372 1145 2578 1200 sociare
2622 1144 2951 1200 voluerimus
2986 1145 3200 1214 corpori
3231 1143 3455 1208 Christi,

1881 1249 2095 1312 oportet
2113 1247 2172 1296 ut
2185 1239 2427 1310 deposito
2446 1237 2763 1294 idblolatrite
2782 1238 2936 1294 enim
2951 1237 3460 1308 induatur-lugubri-

1882 1330 1982 1384 bus
1997 1328 2326 1400 pmnitentia:
2346 1327 3338 1400 indumentis,deploretquepatremet
3353 1343 3463 1382 ma-
3520 1366 3524 1367 ν

1886 1434 2045 1486 trem,
2069 1423 2173 1477 hoc
2185 1430 2288 1488 est,
2303 1437 2518 1478 omnem
2534 1422 2850 1478 memoriam
2878 1424 3085 1488 mundi,
3099 1422 3320 1492 eiusque
3343 1438 3463 1479 car—

1884 1515 2039 1571 nales
2054 1515 2350 1570 illecebras.
2365 1513 2569 1571 Deinde
2587 1514 2846 1572 novacuia
2867 1514 3016 1570 verbi
3030 1515 3122 1571 Dei
3143 1525 3198 1571 et
3217 1515 3462 1571 doctrina

1884 1620 2047 1661 omne
2071 1610 2356 1676 peccatum
2388 1605 2723 1662 inﬁdelitatis
2762 1606 2900 1676 eius,
2931 1607 3077 1676 quod
3114 1599 3384 1662 mortuum
3412 1615 3467 1661 et

1887 1695 2048 1749 inane
2077 1703 2180 1760 est,
2210 1694 2502 1749 abradatur
2546 1693 2845 1766 (hocenim
2887 1705 3015 1752 sunt
3041 1692 3218 1767 Capilli
3251 1697 3461 1766 capitis,
3490 1681 3492 1683 ﬁ

1887 1795 1943 1842 et
1971 1785 2182 1859 ungulae
2210 1786 2677 1859 mulieris),atque
2722 1786 2939 1843 demum
2986 1787 3209 1843 salutari
3247 1788 3466 1843 lavacro

206 1875 563 1957 dabantur—eo
589 1875 1210 1970 capitaidamnatorum,
1238 1894 1528 1949 cruciﬁxus
1553 1901 1635 1948 est
1677 1893 1782 1946 Do-

1894 1876 2143 1932 mundata
2165 1886 2224 1932 et
2251 1877 2532 1947 puriﬁcata
2556 1875 2921 1946 coniungatur
2942 1877 3146 1933 sanctis
3183 1877 3310 1943 Dei;
3362 1877 3467 1959 sci—

205 1991 395 2055 minus,
429 1998 493 2046 ut
523 1991 617 2046 ubi
647 1991 797 2060 prius
831 1995 950 2046 erat
972 2003 1099 2042 area
1131 1987 1524 2047 damnatorum,
1562 1984 1631 2039 ibi
1674 1984 1782 2038 eri-

205 2089 453 2153 gerentur
491 2082 691 2135 vexilla
745 2080 989 2150 martyrii
1035 2096 1048 2132 :
1097 2085 1152 2131 et
1180 2076 1451 2145 quomodo
1492 2089 1591 2143 pro
1631 2074 1787 2128 nobis

205 2170 546 2225 maledictum
571 2170 750 2224 crucis
776 2168 950 2224 factus
971 2175 1075 2230 est,
1105 2174 1160 2220 et
1184 2165 1500 2235 ﬁageliatns,
1529 2171 1584 2218 et
1607 2163 1786 2218 cruci-

207 2259 361 2324 ﬁxus,
406 2260 488 2314 sic
525 2274 630 2328 pro
677 2258 921 2313 omnium
986 2255 1160 2311 salute
1207 2253 1362 2326 quasi
1411 2252 1602 2307 noxius
1647 2250 1788 2306 inter

205 2350 393 2404 noxios
433 2348 791 2419 cruciﬁgitur.
815 2346 1010 2417 Capilli
1041 2345 1238 2408 vocati,
1270 2343 1426 2413 quasi
1450 2342 1641 2412 capitis
1669 2340 1784 2412 pili,

208 2437 351 2502 facti,
376 2445 438 2491 ut
459 2446 517 2492 et
551 2438 803 2493 dewrem
828 2442 1112 2505 praestent,
1139 2442 1194 2489 et
1220 2433 1501 2488 cerebrum
1532 2431 1789 2485 adversus

208 2525 372 2598 frigus
421 2528 674 2581 muniant
716 2535 878 2595 atque
909 2542 940 2578 a
971 2524 1085 2580 sole
1128 2524 1434 2578 defendant.
1476 2522 1534 2576 In
1583 2521 1790 2590 capillis

209 2633 332 2671 vero
373 2625 604 2672 ornatus
663 2616 909 2687 justitim,
933 2624 989 2670 et
1035 2616 1200 2670 decor
1250 2614 1509 2668 virtutum
1556 2611 1610 2666 in
1646 2610 1790 2666 ﬁdeli

208 2708 381 2761 anima
404 2709 831 2762 demonstratur.
846 2706 944 2760 Cui
971 2721 1070 2776 pro
1091 2705 1247 2760 bonis
1270 2704 1477 2759 meritis
1500 2711 1554 2756 et
1574 2703 1789 2773 sapien-

212 2797 297 2852 tis:
321 2798 568 2852 doctrina
598 2797 876 2867 multiplex
906 2810 1115 2850 merces
1144 2796 1197 2850 in
1226 2805 1424 2850 acterna
1460 2794 1791 2849 beatitudine

213 2899 535 2942 reservatur.
560 2888 714 2944 Unde
744 2889 856 2956 ipse
880 2888 932 2941 in
958 2887 1248 2956 Evangelio
1266 2887 1341 2940 ait
1367 2904 1378 2938 :
1415 2884 1586 2938 Vestri
1617 2893 1790 2938 autent

217 2986 262 3028 et
284 2977 454 3044 capilli
481 2977 671 3045 capitis
690 2992 865 3031 omnes
891 2978 1154 3030 numerati
1171 2985 1290 3030 sunt
1316 2974 1528 3046 (Matth.
1552 2975 1629 3045 Χ).
1659 2975 1792 3029 Item

215 3064 384 3132 capilli
437 3065 672 3119 virtutes
722 3066 919 3118 animae
966 3065 1248 3134 designant
1297 3083 1309 3118 :
1360 3066 1503 3119 sicut
1547 3066 1602 3118 in
1655 3065 1793 3120 libro

214 3156 451 3212 Judicum
480 3158 552 3213 de
602 3158 830 3212 Samson
876 3157 1069 3228 legitur
1095 3156 1247 3229 (Iud.
1286 3156 1422 3227 va),
1455 3157 1546 3225 qui
1574 3155 1795 3226 capillos

1885 1967 2011 2022 licet
2034 1981 2156 2023 cum
2183 1965 2296 2033 jam
2326 1966 2460 2020 nihil
2489 1965 2544 2020 in
2571 1967 2750 2037 capite
2774 1975 3077 2033 mortuum,
3101 1965 3239 2022 nihil
3264 1966 3315 2020 in
3344 1981 3463 2020 ma-

1884 2057 2044 2110 nibus
2063 2070 2132 2109 ex
2158 2056 2283 2121 illis,
2313 2070 2433 2125 qua:
2460 2071 2557 2125 per
2578 2056 2956 2111 inﬁdelitatem
2974 2056 3168 2112 mortis
3186 2055 3461 2120 dicuntur,

1886 2143 2136 2199 habuerit
2165 2161 2178 2196 :
2207 2151 2266 2198 ut
2289 2157 2465 2213 neque
2489 2144 2760 2208 sensibus,
2791 2158 2967 2213 neque
2992 2130 3204 2199 actibus
3233 2145 3471 2199 immun-

1888 2237 2014 2292 dum
2051 2235 2253 2304 aliquid
2279 2243 2374 2289 aut
2395 2243 2671 2290 mortuum
2687 2244 2858 2307 gerat.
2894 2235 3073 2291 Coma:
3096 2245 3224 2292 sunt
3248 2238 3468 2307 proprie

1885 2342 1994 2381 non
2008 2326 2133 2381 caesi
2147 2325 2349 2397 capilli,
2361 2333 2415 2380 et
2427 2334 2510 2381 est
2523 2325 2742 2381 Grtecus
2752 2341 2951 2382 sermo.
2970 2327 3104 2381 Nam
3121 2343 3305 2384 comas
3319 2327 3469 2383 Cilb-

1887 2416 1938 2472 ci
1978 2415 2183 2471 culmos
2208 2431 2238 2470 a
2273 2417 2509 2472 secando
2535 2417 2838 2472 nominant.
2858 2416 3011 2474 Unde
3033 2429 3090 2473 et
3107 2417 3315 2474 kelrein
3343 2428 3481 2475 ton-

1889 2508 2003 2564 deri
2033 2509 2234 2562 dicunt.
2249 2506 2378 2563 inde
2399 2515 2456 2562 et
2476 2508 2610 2564 cirri
2622 2517 2907 2578 vocantur,
2925 2511 3066 2580 quod
3097 2512 3258 2566 etiam
3291 2511 3470 2574 Graeci

1889 2599 2086 2654 mallon
2100 2608 2314 2658 vocant.
2330 2599 2511 2656 Cumae
2526 2616 2653 2658 vero
2667 2603 2860 2673 capitis
2872 2604 3095 2674 mystice
3107 2612 3337 2660 catervae
3345 2614 3474 2661 sunt

1890 2700 2198 2748 sanctorum
2225 2732 2238 2756 ,
2269 2693 2358 2763 qui
2391 2693 2608 2749 Christo
2632 2695 2796 2765 capiti
2825 2695 2968 2753 ﬁdeli
3001 2697 3261 2752 famulatu
3291 2699 3470 2755 adhae-

1889 2791 2030 2837 rent.
2061 2783 2214 2839 Unde
2235 2783 2288 2838 in
2316 2783 2542 2840 Cantico
2568 2785 2903 2841 canticorum
2927 2786 3133 2861 Sponsa
3165 2789 3232 2844 de
3259 2789 3473 2860 Sponso

1890 2875 2019 2931 dicit
2043 2892 2057 2927 :
2099 2874 2275 2930 C‘omtc
2302 2877 2416 2947 ejus
2443 2878 2576 2931 sicut
2606 2883 2759 2932 elatae
2789 2879 3106 2948 palmarum,
3131 2883 3294 2952 nigrae
3313 2885 3469 2952 quasi

1891 2982 2073 3020 corvus
2106 2965 2281 3038 (Cant.
2308 2967 2383 3038 v).
2413 2967 2506 3022 Hm
2526 2985 2656 3040 ergo
2675 2982 2869 3036 comae,
2897 2970 3048 3026 elatte
3068 2973 3260 3042 palma:
3287 2974 3472 3027 dicun-

1894 3062 1982 3108 tur
1995 3062 2216 3125 propter
2225 3064 2386 3125 caput
2399 3057 2607 3112 Domini
2629 3078 2642 3113 :
2667 3060 2829 3130 nigrae
2842 3071 3062 3131 propter
3074 3063 3473 3133 despectionem

1894 3145 2035 3214 apud
2062 3145 2344 3200 homines:
2375 3145 2526 3200 elattc
2562 3150 2631 3203 ob
2677 3149 2958 3205 victoriam
2985 3167 2999 3205 :
3026 3152 3188 3223 nigra:
3218 3155 3288 3208 ob
3326 3170 3474 3226 pres-

214 3257 489 3317 postquam
530 3249 798 3317 perdidit,
827 3248 1010 3302 statim
1042 3247 1110 3300 ab
1137 3247 1369 3302 inimicis
1395 3256 1584 3316 captus
1613 3246 1791 3300 lumen
1820 3240 1866 3302 C
1896 3251 2070 3291 δυηεο
2114 3235 2303 3292 Crines
2345 3239 2562 3308 proprie
2600 3240 2886 3296 mulierum
2929 3253 3091 3310 sunt;
3114 3245 3256 3299 dicti
3295 3255 3476 3301 autem

216 3338 446 3392 scientiae
471 3337 682 3391 amisit.
728 3335 959 3391 Possunt
987 3343 1042 3389 et
1075 3337 1129 3389 in
1160 3336 1365 3405 capillis
1391 3336 1573 3391 ﬁdeles
1611 3337 1791 3407 populi

216 3429 402 3497 accipi,
424 3429 515 3497 qui
532 3428 833 3482 maximum
858 3428 1021 3481 decus
1041 3441 1137 3480 sua
1156 3427 1539 3481 numerositate
1553 3428 1796 3495 praebent

216 3518 483 3575 Ecclesiae.
519 3519 677 3574 Unde
714 3520 768 3573 in
806 3519 1030 3573 Cantico
1069 3519 1398 3573 canticorum
1449 3517 1686 3588 Sponsus
1726 3521 1794 3575 ad

217 3622 460 3677 sponsam
489 3609 628 3663 dicit
653 3625 667 3661 :
693 3606 882 3678 Capilli
907 3607 984 3660 tui
1005 3609 1138 3660 sicut
1160 3623 1335 3678 greges
1358 3624 1656 3676 caprarum,
1677 3625 1793 3678 qua:

219 3699 562 3751 ascenderunt
589 3698 654 3751 de
674 3708 850 3751 monte
867 3695 1075 3751 Galaad
1103 3694 1277 3766 (Cant.
1302 3695 1400 3768 vt).
1427 3694 1794 3750 Galaad'enim

217 3805 421 3842 acervus
443 3789 732 3842 testimonii
773 3789 1158 3857 interpretatur
1185 3806 1196 3840 :
1227 3788 1369 3857 quod
1392 3786 1528 3842 bene
1547 3788 1799 3842 convenit

221 3877 463 3932 adunatte
493 3873 826 3932 multitudini
852 3885 1182 3932 sanctorum.
1217 3877 1350 3933 item
1379 3877 1556 3946 capilli
1589 3878 1641 3931 in
1664 3893 1796 3932 con-

221 3968 433 4020 trariam
472 3975 686 4036 partem
730 3967 892 4036 positi
936 3968 1279 4038 reperiuntur
1319 3967 1374 4020 in
1424 3966 1666 4032 Psal'mo;
1705 3967 1796 4021 ubi

219 4056 343 4110 vitia
384 4057 748 4126 designantur
796 4075 808 4108 :
854 4055 1192 4124 Multiplicati
1220 4066 1360 4121 sunt,
1409 4056 1612 4125 inquit,
1642 4072 1798 4124 super

221 4145 428 4213 capillos
461 4144 655 4213 capitis
684 4145 805 4208 mei,
832 4153 881 4197 et
909 4161 998 4196 cor
1025 4161 1196 4196 meum
1221 4145 1494 4214 dereliquit
1520 4161 1602 4198 me
1623 4143 1793 4216 (Psal.

219 4238 420 4306 xxxix).
453 4236 569 4291 Nec
603 4235 799 4289 frustm
827 4236 882 4288 in
922 4236 1325 4304 mmparatione
1365 4235 1682 4290 delictorum
1709 4251 1798 4290 ca-

222 4327 328 4394 pilli
368 4336 651 4396 ponuntur
700 4344 716 4378 :
766 4327 892 4398 quia
942 4326 1154 4379 Domini
1206 4334 1477 4394 prmcepto
1527 4326 1580 4379 in
1618 4324 1800 4382 Veteri

221 4415 565 4472 Testamento
586 4419 899 4472 sacerdotes
927 4417 1042 4485 ipsa
1071 4417 1422 4471 similitudine
1448 4418 1795 4471 radebantur.

1895 3326 2074 3382 crines
2106 3341 2191 3392 eo,
2212 3327 2355 3396 quod
2383 3328 2532 3382 vittis
2560 3329 2958 3387 discernantur.
2998 3333 3150 3389 Unde
3198 3343 3254 3388 et
3287 3335 3478 3390 discri-

1895 3420 2117 3475 minalia
2144 3423 2416 3488 dicuntur,
2451 3439 2479 3477 a
2503 3424 2698 3492 quibus
2719 3424 2875 3480 divisi
2904 3425 3218 3497 religantur.
3251 3426 3478 3497 Mystice

1897 3519 2077 3566 autem
2106 3513 2282 3567 crines
2324 3513 2630 3583 signiﬁcant
2657 3515 2798 3570 facta
2830 3516 3089 3572 virtutum
3110 3558 3127 3582 ,
3153 3533 3287 3587 quas
3316 3519 3479 3574 homo

1895 3600 2051 3655 habet
2084 3616 2150 3655 ex
2174 3602 2316 3657 dono
2340 3604 2572 3672 Spiritus
2592 3606 2784 3659 sancti.
2807 3606 2957 3662 Unde
2979 3608 3032 3661 in
3061 3607 3198 3662 libro
3222 3607 3472 3663 iudicum

1896 3689 2112 3760 legitur,
2138 3691 2277 3760 quod
2303 3691 2530 3748 Samson
2569 3695 2804 3764 quandiu
2845 3706 3051 3768 septem
3088 3700 3265 3756 crines
3285 3701 3479 3771 capitis

1898 3781 2138 3852 integros
2185 3783 2396 3849 habuit,
2446 3787 2678 3842 invictus
2725 3788 2856 3855 fuit;
2900 3799 3182 3860 postquam
3215 3807 3345 3848 vero
3380 3808 3479 3863 per

1899 3869 2145 3926 fraudem
2167 3872 2409 3929 mulieris
2438 3882 2622 3930 tonsus
2646 3885 2748 3942 cst,
2773 3880 2999 3934 recessit
3023 3882 3089 3936 ab
3109 3897 3172 3937 eo
3197 3882 3475 3951 fortitudo;

1898 3961 2025 4029 quia
2069 3962 2313 4031 quisquis
2357 3978 2454 4032 per
2486 3967 2716 4033 gratiam
2764 3966 2999 4037 Spiritus
3028 3972 3204 4026 sancti
3250 3974 3479 4029 virtutes

1899 4050 2170 4117 spiritales
2217 4060 2440 4116 servat,
2494 4053 2688 4109 illzesus
2731 4068 2934 4114 manet.
2988 4062 3044 4116 Si
3071 4063 3215 4116 enim
3262 4075 3481 4134 propter

1898 4149 2183 4210 peccatum
2233 4151 2527 4197 evacuatus
2553 4143 2716 4199 fuerit
2753 4148 2926 4218 gratia
2953 4152 3201 4220 spiritali,
3235 4153 3480 4209 inﬁrmus

1901 4231 2081 4288 factus
2111 4243 2259 4304 patet
2288 4235 2628 4291 inimicorum
2670 4241 2925 4309 captioni.
2958 4241 3190 4297 Possunt
3215 4253 3271 4298 et
3301 4246 3482 4308 crines

1901 4322 2365 4394 eleemosynarum
2422 4324 2724 4395 largitatem
2781 4329 3103 4399 signiﬁcare.
3162 4331 3316 4390 Hinc.
3351 4344 3477 4401 est,

1901 4419 2044 4487 quod
2076 4419 2128 4472 in
2155 4419 2444 4489 Evangelio
2478 4421 2626 4490 (Luc.
2673 4422 2768 4494 vn)
2799 4425 2991 4480 mulier
3020 4427 3129 4492 illa,
3155 4443 3275 4499 quae
3315 4429 3482 4498 pedes

219 4503 313 4560 Pili
344 4517 526 4560 autem
575 4507 704 4560 dicti
733 4515 858 4560 sunt
885 4522 915 4559 a
949 4506 1105 4574 pelle,
1135 4521 1241 4574 qua
1269 4507 1551 4574 prodeunt,
1577 4508 1714 4561 sicut
1746 4515 1801 4562 et
1825 4577 1871 4588 ﬁ
1900 4506 2027 4560 Jcsu
2057 4507 2311 4576 lacrymis
2358 4507 2509 4572 lavit,
2559 4510 2801 4566 crinibus
2829 4515 3072 4580 extersit,
3113 4525 3165 4568 et
3207 4529 3482 4588 unguento

217 4599 322 4668 pilo
343 4600 543 4654 dicitur
570 4615 602 4650 a
629 4597 754 4666 pila,
799 4598 890 4651 ubi
917 4598 1186 4667 pigmenta
1230 4598 1551 4653 conduntur.
1585 4598 1800 4668 Signiﬁ-
1824 4577 1877 4635 Ῑ)
1905 4597 2061 4651 unxit
2092 4615 2105 4650 :
2137 4607 2197 4650 ut
2239 4597 2530 4653 instrueret
2558 4615 2658 4654 nos
2693 4601 2930 4659 minimis
2973 4577 3228 4663 membris
3276 4577 3480 4662 Christi

219 4697 337 4743 cant
364 4690 457 4758 pili
505 4689 695 4743 carnis
743 4689 1094 4758 cogitationes
1129 4689 1401 4754 carnales,
1447 4704 1582 4758 quas
1612 4691 1800 4746 radere

220 4788 313 4832 nos
342 4795 372 4832 a
392 4779 654 4832 cordibus
681 4779 878 4831 nostris
898 4779 1178 4846 Scriptura
1209 4790 1392 4834 sancta
1418 4789 1617 4836 monet.
1650 4781 1800 4836 Unde

221 4877 272 4923 et
291 4871 342 4923 in
364 4870 506 4924 libro
531 4868 891 4922 Numerorum
907 4869 1168 4940 jubentur
1189 4868 1387 4924 Levita:
1407 4870 1594 4923 radere
1614 4886 1799 4924 omnes

221 4959 350 5029 pilos
378 4960 567 5014 carnis
599 4973 730 5012 suae.
761 4957 862 5035 Pili
886 4958 1067 5011 carnis
1097 4966 1222 5010 sunt
1254 4959 1503 5027 quaelibet
1531 4961 1798 5027 superﬂua

222 5048 465 5104 humanm
514 5049 901 5119 corruptionis.
936 5048 1036 5102 Pili
1076 5049 1256 5102 carnis
1301 5059 1426 5103 sunt
1448 5050 1574 5105 vita:
1601 5053 1799 5107 veteris

226 5139 579 5208 cogitationes
607 5180 622 5202 ,
675 5154 813 5208 quas
865 5140 944 5198 sic
992 5155 1020 5192 a
1078 5147 1256 5192 tuente
1286 5138 1602 5206 incidimus,
1632 5150 1691 5194 ut
1736 5142 1802 5195 de

227 5230 512 5284 amissione
552 5245 744 5282 earum
793 5230 938 5283 nullo
984 5229 1166 5284 dolore
1197 5230 1566 5299 defatigemur.
1616 5232 1802 5287 Levita

228 5332 474 5392 namque,
525 5329 855 5386 assumptus,
891 5327 1134 5374 vocatur.
1188 5317 1407 5387 Oportet
1431 5335 1560 5389 ergo
1587 5320 1803 5376 chitas

229 5422 410 5464 omnes
437 5410 582 5479 pilos
608 5409 788 5463 carnis
809 5409 998 5463 radere
1035 5425 1050 5463 :
1077 5412 1201 5479 quia
1228 5411 1299 5476 is,
1329 5413 1418 5481 qui
1449 5413 1501 5465 in
1529 5413 1802 5482 obsequiis

233 5496 419 5552 divinis
447 5499 765 5563 assumitur,
805 5497 965 5553 debet
994 5507 1120 5551 ante
1161 5501 1256 5555 Dei
1296 5501 1480 5555 oculos
1513 5518 1542 5555 a
1591 5506 1802 5558 cunctis

235 5592 406 5645 carnis
433 5591 854 5662 cogitationibus
890 5591 1121 5644 mundus
1163 5607 1452 5660 apparere,
1494 5609 1560 5646 ne
1592 5594 1800 5648 illicitas

236 5695 380 5735 mens
402 5683 761 5751 cogitationes
785 5681 1023 5751 proferat
1062 5689 1117 5736 et
1143 5682 1420 5749 pulchram
1448 5684 1638 5738 animm
1681 5699 1802 5756 spe-

242 5771 389 5842 ciem,
417 5777 571 5846 quasi
615 5775 740 5844 pilis
768 5774 1240 5842 fructiﬁcantibns,
1270 5777 1559 5834 deformem
1590 5779 1794 5834 reddat.

1908 4686 2144 4754 compati
2168 4686 2382 4751 debere,
2410 4695 2463 4740 et
2490 4685 2754 4757 superﬂua
2786 4693 3112 4761 pauperibus
3140 4711 3391 4769 erogare,
3426 4709 3482 4753 ct

1908 4777 2074 4831 odore
2095 4777 2355 4830 bonarum
2385 4777 2642 4836 virtutum
2669 4780 2774 4835 illis
2812 4781 2955 4837 ferre
2979 4800 3155 4853 opem.
3184 4787 3258 4842 De
3288 4789 3481 4858 quibus

1907 4866 2021 4934 ipse
2045 4866 2302 4920 Dominus
2324 4867 2377 4920 in
2410 4867 2519 4922 ﬁne
2549 4869 2790 4924 dicturus
2815 4873 2918 4926 erit
2943 4892 2955 4925 :
2993 4874 3147 4939 Quod
3176 4880 3268 4931 uni
3295 4896 3360 4933 ea:
3397 4882 3479 4935 Itis

1907 4957 2134 5010 minimis
2178 4958 2429 5023 fratribus
2451 4961 2578 5013 meis
2616 4961 2831 5029 fecistis,
2858 4965 2984 5020 mihi
3021 4966 3215 5040 fecistis
3255 4969 3472 5039 (Matth.

1910 5048 2058 5116 xxv).
2083 5047 2382 5118 Aliquando
2397 5050 2559 5104 etiam
2581 5051 2634 5104 i'n
2657 5051 2897 5108 crinibus
2910 5057 3286 5129 exprimuntur
3305 5071 3478 5116 cater-

1908 5153 1987 5192 vae
2008 5139 2262 5205 ﬁdelium,
2281 5148 2340 5198 ut
2369 5149 2453 5194 est
2487 5141 2616 5196 illud
2638 5143 2688 5196 in
2712 5141 2936 5199 Cautico
2961 5149 3314 5215 canticorum,
3333 5158 3477 5222 quod

1911 5233 2148 5305 Sponsus
2195 5234 2264 5287 ad
2308 5248 2559 5302 sponsam
2604 5236 2778 5290 dicit:
2831 5236 3128 5294 Vulnerasti
3168 5259 3258 5296 cor
3284 5261 3484 5313 meum,

1907 5341 2057 5378 soror
2080 5341 2194 5377 mea
2217 5340 2428 5396 sponsa,
2459 5325 2738 5380 vulnerasti
2764 5344 2854 5380 cor
2881 5345 3050 5384 meum
3071 5332 3125 5385 in
3154 5350 3257 5388 uno
3294 5337 3475 5390 oculo-

1909 5432 2024 5468 rum
2054 5423 2283 5479 tuorum,
2329 5425 2376 5469 et
2407 5418 2460 5469 in
2489 5433 2592 5476 uno
2619 5419 2760 5471 crine
2782 5419 2902 5472 colli
2933 5422 3010 5474 tui
3052 5421 3227 5492 (Cant.
3265 5426 3358 5495 tv).
3416 5427 3476 5485 In

1909 5506 2276 5561 vulneratione
2300 5507 2478 5561 cordis
2502 5510 2810 5577 magnitudo
2838 5514 3037 5567 amoris
3065 5513 3262 5570 Christi
3294 5518 3346 5572 in
3375 5519 3477 5577 Ec-

1909 5598 2126 5651 clesiam
2159 5598 2490 5668 intelligitur,
2525 5600 2616 5668 qui
2648 5599 2705 5653 ﬁt
2735 5603 2786 5654 in
2814 5603 3018 5658 unitate
3051 5615 3236 5660 sancta
3262 5620 3475 5665 sancto-

1908 5703 2051 5751 rum,
2105 5685 2284 5752 idest,
2333 5688 2644 5752 oculorum,
2687 5690 2822 5742 etin
2867 5693 3071 5748 unitate
3095 5696 3182 5764 pia
3226 5696 3474 5764 subjecta:

1908 5782 2096 5850 plebis,
2129 5782 2179 5836 id
2208 5790 2308 5849 cst,
2336 5782 2586 5835 crinium.
2614 5783 2873 5850 Tempora
2911 5796 3051 5853 sunt,
3083 5805 3199 5858 qua:
3225 5791 3473 5847 calvarire
