3896 6352
385 435 488 488 ιιτ

1024 431 1086 485 Β.
1125 427 1378 483 RABANI
1413 425 1633 482 MAURI
1670 425 1989 482 ARCHIEP.
2032 424 2339 482 MOGUNT.
2381 423 2666 481 OPERUM
2703 423 2882 481 PARS
2921 427 2986 481 Il.

2125 327 2144 353 Ι

3532 427 3632 486 148

381 525 574 578 dextra
593 524 839 590 laevaque
876 519 1197 589 subjacent:
1226 532 1344 586 qua:
1371 516 1492 572 ideo
1532 517 1612 572 sic
1639 531 1956 585 nuncupan-
1986 518 2036 578 Α
2066 514 2261 570 Nullus
2289 529 2517 585 unquam
2546 502 2714 568 Deum
2742 514 3048 585 spiritaliter
3069 514 3217 581 vidit,
3239 522 3286 570 et
3308 531 3504 571 munao
3522 528 3640 573 car'

318 627 321 632 ·
383 613 647 682 tur,.quia
698 618 1004 675 moventur,
1035 611 1256 680 ipsaque
1283 608 1612 674 mobilitate,
1642 607 1794 677 quasi
1826 615 1960 660 tem-

379 716 515 770 pora
540 742 556 768 ,
593 700 917 773 quibusdam
963 697 1259 755 intervallis
1298 705 1598 753 mutantur.
1643 695 1960 767 Signiﬁcant

382 801 564 846 autem
615 791 832 863 vigilias
872 789 1154 860 corporis,
1190 803 1326 859 quas
1351 787 1514 842 homo
1557 787 1716 843 debet
1763 785 1962 841 habere

381 891 754 952 temperanter
778 883 834 937 in
874 889 1017 938 statu
1046 879 1329 951 prmsentis
1369 879 1651 949 temporis,
1677 879 1848 933 donec
1870 891 1963 931 ve-

382 975 498 1030 niat
548 991 771 1030 somnus
824 973 1035 1029 mortis.
1091 972 1226 1028 Hinc
1274 970 1545 1040 Propheta
1603 986 1667 1026 ex
1731 983 1962 1040 persona

381 1063 582 1119 Christi
631 1063 685 1118 in
727 1061 992 1118 Psalterio
1020 1061 1095 1116 ait
1141 1074 1157 1114 :
1190 1059 1253 1115 Si
1292 1058 1482 1113 dedero
1520 1073 1759 1114 somnum
1798 1055 1963 1111 oculis

380 1154 549 1218 meis,
600 1161 692 1206 aut
747 1150 1007 1223 palpebris
1055 1149 1185 1204 meis
1225 1148 1690 1212 dormitationem,
1743 1155 1835 1200 aut
1884 1161 1966 1199 re-

378 1246 552 1316 quiem
623 1242 937 1313 temporibus
992 1243 1123 1296 meis
1150 1281 1166 1307 ,
1232 1241 1396 1296 donec
1456 1240 1717 1296 inveniam
1790 1237 1963 1293 locum

378 1332 630 1398 Domino,
658 1329 1054 1386 tabernaculum
1110 1330 1221 1385 Deo
1278 1329 1446 1384 Iacob
1504 1327 1695 1400 (Psal.
1741 1328 1963 1399 cxxxr).

380 1423 508 1479 Hcce
537 1423 720 1479 omnia
761 1421 1156 1478 rationabiliter
1180 1421 1500 1477 humanitati
1525 1421 1728 1477 Christi
1773 1437 1966 1479 conve-

378 1512 501 1570 nire
552 1520 870 1568 noscuntur.
903 1509 1141 1569 Somnus
1186 1511 1290 1565 iste
1335 1509 1714 1582 intelligendus
1753 1518 1837 1566 est
1880 1523 1967 1564 re-

380 1601 536 1671 quies
558 1600 768 1656 mortis.
792 1599 1182 1669 Palpebrarum
1205 1615 1420 1669 quoque
1442 1608 1497 1654 et
1518 1608 1822 1670 temporum
1845 1613 1969 1653 mea

382 1700 470 1746 tus
495 1689 828 1762 vigilantiam
856 1688 973 1759 ejus
997 1696 1124 1745 ante
1144 1697 1373 1744 mortem
1397 1689 1808 1745 demonstrant:
1832 1705 1967 1760 quo-

379 1782 529 1837 niam
583 1797 772 1838 revera
823 1788 1068 1851 tempora
1117 1781 1312 1852 capitis
1351 1780 1520 1835 nostri
1569 1781 1812 1851 requiem
1868 1781 1968 1836 ha-

2060 606 2249 661 naliter
2276 608 2416 662 vivit.
2451 606 2643 662 Vultus
2682 607 2825 663 enim
2872 607 3159 679 aliquando
3187 625 3288 679 pro
3341 609 3639 679 intellectu,

2060 698 2347 770 aliquando
2369 713 2469 769 pro
2505 698 2779 756 voluntate
2803 707 2858 754 et
2883 698 3078 756 affectu
3121 702 3328 772 positus
3368 710 3473 760 est.
3503 703 3644 761 Nam

2060 789 2202 858 quod
2223 789 2276 843 in
2301 787 2505 857 psalmo
2523 787 2792 858 Propheta
2816 788 2954 844 dixit
2976 807 2990 843 :
3015 787 3291 860 Proiectus
3311 809 3426 848 sum
3447 809 3479 847 α
3498 792 3645 848 vultu

2061 877 2329 944 oculorum
2355 888 2564 933 tuorum
2613 876 2785 951 (Psal.
2815 879 2969 952 xxx),
3033 879 3183 935 Patri
3231 882 3367 937 dicit
3401 882 3573 939 Filius
3611 897 3645 938 ι

2063 965 2164 1039 [in]
2179 966 2349 1022 forma
2363 967 2528 1024 servi.
2545 966 2791 1039 Speravi,
2807 968 2934 1038 quia
2948 981 3036 1024 me
3055 969 3230 1040 gratia
3245 978 3336 1026 tua
3362 987 3471 1028 non
3491 971 3646 1028 dese-

2062 1066 2227 1123 reret,
2258 1072 2381 1113 cum
2425 1057 2692 1128 passionis
2716 1058 2936 1114 tristitia
2985 1059 3321 1130 pmvaleret.
3350 1061 3408 1116 lu
3443 1075 3647 1132 pavore

2062 1149 2249 1219 utique
2292 1148 2486 1204 mortis
2530 1163 2561 1204 a
2611 1147 2762 1203 vultu
2791 1149 3072 1205 oculorum
3125 1159 3343 1206 tuorum
3371 1151 3654 1223 projectus

2064 1253 2203 1303 sum,
2231 1237 2285 1292 id
2308 1245 2411 1304 est,
2435 1236 2490 1292 in
2531 1244 2826 1308 conspectu
2861 1237 3247 1294 misericordiae
3273 1248 3398 1295 tute.
3434 1240 3505 1295 Et
3531 1241 3652 1310 pul-

2065 1329 2196 1384 chre
2231 1327 2435 1384 vultum
2482 1327 2629 1385 dedit
2673 1328 2862 1396 oculis,
2895 1329 3021 1398 quia
3066 1329 3169 1398 ipsi
3212 1345 3376 1401 quam
3414 1331 3652 1385 maxime

2065 1417 2371 1489 signiﬁcant
2391 1417 2692 1474 voluntates
2713 1416 3038 1472 animorum.
3066 1417 3259 1474 Vultus
3280 1418 3428 1474 enim
3449 1419 3654 1474 dicitur

2065 1510 2134 1564 ab
2156 1523 2242 1576 eo,
2267 1509 2411 1579 quod
2452 1507 2634 1564 cordis
2673 1507 2809 1563 velle
2835 1523 2934 1578 per
2961 1522 3055 1565 sua
3098 1507 3251 1579 signa
3279 1509 3649 1565 demonstret:

2066 1600 2208 1654 sicut
2229 1599 2369 1654 oculi
2384 1598 2703 1666 divinitatis,
2722 1614 2846 1655 cum
2872 1598 3187 1670 respiciunt,
3215 1614 3370 1656 suam
3391 1599 3652 1670 gratiam,

2065 1689 2410 1760 pollicentur.
2454 1688 2592 1744 lllud
2637 1697 2838 1756 autem,
2872 1689 3014 1759 quod
3044 1689 3280 1745 dicitur:
3322 1688 3512 1744 Vultus
3540 1689 3652 1742 Do-

2065 1780 2197 1834 mini
2221 1796 2377 1850 super
2421 1779 2670 1848 facientes
2708 1778 2850 1832 mala
2900 1776 3073 1850 (Psal.
3098 1780 3317 1850 xxxm),
3338 1779 3657 1850 pronuntiat

380 1871 510 1927 bere
547 1886 655 1928 non
708 1878 954 1942 possunt,
1009 1871 1225 1942 quando
1279 1870 1420 1926 oculi
1483 1872 1689 1928 crebris
1738 1873 1977 1932 motibus
2001 1860 2050 1922 B
2077 1870 2281 1926 vultum
2312 1870 2545 1936 Domini,
2568 1871 2623 1926 id
2641 1878 2746 1936 est,
2769 1870 3103 1928 intellectum
3124 1887 3245 1928 esse
3267 1887 3431 1941 supra
3457 1872 3651 1938 malos,

381 1963 571 2034 agitati
612 1962 838 2033 vigilare
883 1969 1202 2018 noscuntur.
1250 1960 1409 2018 Prius
1436 1962 1583 2018 enim
1615 1964 1795 2034 posuit
1823 1979 1968 2020 som-

381 2069 536 2119 num,
580 2061 634 2110 et
681 2060 896 2124 postea,
940 2051 1394 2122 quemadmodum
1430 2053 1546 2122 ipse
1599 2067 1823 2110 somnus
1864 2054 1970 2108 im-

379 2143 613 2214 pleatur,
645 2140 915 2212 exposuit.
967 2141 1115 2195 Bene
1139 2153 1270 2211 ergo
1320 2155 1470 2196 mors
1523 2141 1737 2196 Domini
1783 2156 1972 2198 somno

381 2231 657 2288 similatur
679 2250 692 2285 :
715 2231 970 2301 quoniam
999 2229 1249 2285 triduana
1269 2238 1480 2285 tantum
1503 2231 1822 2300 pausatione
1847 2247 1968 2288 sus-

381 2334 570 2393 ceptus
615 2330 724 2389 est,
752 2321 844 2392 qui
878 2320 1083 2376 nullam
1109 2320 1322 2389 corpori
1347 2321 1748 2391 corruptionem
1769 2321 1970 2388 intulit,

379 2413 476 2471 sed
503 2413 759 2482 quietem.
789 2411 981 2467 Facies
1003 2411 1148 2466 dicta
1170 2410 1238 2465 ab
1262 2409 1456 2481 eﬂigie.
1487 2410 1564 2465 ibi
1590 2420 1674 2466 est
1712 2411 1856 2466 enim
1887 2420 1970 2467 to-

383 2512 439 2558 ta
469 2502 643 2572 ﬁgura
664 2501 902 2558 hominis
925 2508 980 2555 et
1001 2499 1425 2570 uniuscujusque
1446 2514 1692 2569 persona:
1711 2501 1966 2571 cognitio.

380 2593 578 2649 Vultus
603 2607 734 2647 vero
772 2590 950 2646 dictus
975 2604 1061 2656 eo,
1092 2588 1235 2660 quod
1263 2604 1360 2660 per
1380 2603 1504 2644 eum
1530 2589 1695 2643 animi
1723 2589 1971 2645 voluntas

381 2683 723 2740 ostenditur:
774 2681 1070 2737 secundum
1123 2680 1456 2735 voluntatem
1494 2679 1639 2735 enim
1689 2681 1741 2733 in
1791 2680 1972 2734 varios

382 2784 566 2832 motus
589 2781 849 2829 mutatur.
892 2770 1031 2826 Nam
1064 2770 1230 2826 facies
1268 2769 1588 2840 simpliciter
1619 2769 1886 2839 accipitur
1903 2770 1972 2825 de

385 2870 810 2941 uniuscujusque
829 2867 1063 2923 naturali
1087 2875 1328 2939 aspectu.
1352 2866 1545 2922 Vultus
1569 2876 1748 2922 autem
1768 2868 1972 2923 animo-

380 2979 501 3018 rum
518 2962 829 3032 qualitatem
851 2959 1140 3032 signiﬁcat.
1159 2959 1349 3014 Facies
1365 2966 1544 3014 autem
1568 2961 1776 3015 duobus
1797 2960 1972 3016 modis

382 3051 723 3123 intelligitur,
754 3051 858 3105 hoc
887 3058 989 3115 est,
1017 3064 1278 3120 corporea
1304 3057 1358 3102 et
1386 3048 1663 3119 spiritalis.
1690 3048 1802 3103 Nisi
1824 3050 1968 3104 enim

380 3153 530 3201 esset
579 3143 857 3199 interioris
906 3141 1142 3197 hominis
1195 3141 1386 3206 facies,
1440 3156 1546 3194 non
1582 3141 1786 3195 diceret
1825 3139 1971 3212 Apo-

2072 1977 2208 2033 quos
2237 1962 2316 2018 sic
2338 1955 2586 2027 intendit,
2607 1969 2668 2016 ut
2694 1977 2799 2016 non
2827 1962 3084 2033 respiciat
3108 1982 3121 2017 :
3155 1964 3234 2019 sic
3270 1979 3380 2019 non
3409 1966 3658 2035 respicit,

2070 2062 2131 2109 ut
2162 2062 2340 2110 tamen
2364 2069 2552 2110 eorum
2579 2052 2720 2108 facta
2749 2063 3056 2126 cognoscat.
3091 2054 3265 2112 Frons
3285 2057 3352 2112 ab
3372 2058 3658 2113 oculorum

2071 2142 2430 2200 foraminibus
2453 2143 2727 2199 nominata
2769 2153 2872 2199 est.
2904 2144 3030 2199 Haec
3055 2145 3234 2216 imago
3260 2148 3506 2217 quaedam
3539 2149 3659 2203 ani-

2069 2233 2166 2298 mi,
2195 2232 2391 2289 mentis
2414 2240 2624 2289 motum
2645 2233 2826 2302 specie
2847 2249 2944 2289 sua
2970 2236 3242 2305 exprimit,
3268 2237 3395 2293 dum
3423 2238 3511 2293 vel
3533 2239 3654 2293 laeta

2069 2323 2155 2378 vel
2184 2323 2354 2379 tristis
2399 2331 2501 2378 est.
2549 2321 2711 2378 Juxta
2738 2323 3047 2394 allegoriam
3093 2312 3242 2380 frons
3269 2327 3658 2382 verecundiam

2069 2412 2266 2467 mentis
2294 2419 2388 2466 aut
2409 2411 2797 2482 impudentiam
2825 2413 3116 2484 signiﬁcat.
3143 2414 3300 2471 Unde
3331 2410 3662 2472 erubescere

2071 2503 2282 2569 dicitur,
2300 2504 2389 2572 qui
2405 2505 2781 2574 compungitur
2801 2519 2900 2573 pro
2919 2503 3130 2559 delictis
3143 2505 3274 2572 suis,
3293 2515 3347 2560 et
3373 2522 3432 2564 se
3466 2507 3660 2562 melio-

2070 2608 2193 2647 rare
2205 2593 2487 2648 studuerit.
2497 2592 2668 2648 Aliter
2679 2593 2744 2648 de
2758 2593 3086 2663 impudentis
3104 2594 3278 2651 fronte
3297 2599 3662 2667 exprobratur

2069 2683 2362 2739 Jerusalem
2384 2698 2481 2755 per
2503 2684 2825 2753 Prophetam
2842 2686 3251 2756 redarguentem
3275 2689 3450 2744 scelus
3474 2706 3658 2754 suum,

2069 2787 2191 2828 cum
2217 2773 2267 2827 ei
2290 2773 2516 2828 dicitur:
2540 2769 2714 2826 Frons
2731 2771 2970 2827 mulieris
2988 2776 3270 2829 meretricis
3297 2775 3438 2844 facta
3465 2785 3540 2831 est
3562 2777 3660 2829 tibi

2072 2863 2287 2936 (Jerem.
2319 2864 2423 2936 ιιι).
2451 2863 2519 2918 Et
2546 2865 2743 2920 iterum
2781 2864 3044 2920 Dominus
3071 2865 3138 2920 ad
3163 2866 3499 2922 Ezechielem
3538 2868 3614 2921 ait
3639 2884 3659 2921 :

2069 2955 2206 3010 Ecce
2230 2955 2351 3008 dedi
2376 2955 2563 3023 facient
2584 2964 2729 3008 tuam
2753 2953 3087 3009 valentiorem
3113 2955 3346 3025 faciebas
3367 2974 3568 3022 eorum,
3603 2969 3654 3012 et

2070 3044 2288 3114 frontem
2303 3055 2447 3098 tuam
2467 3045 2730 3098 duriorem
2746 3044 3003 3114 frontibus
3019 3061 3217 3100 eorum.
3239 3045 3305 3100 Ut
3320 3047 3656 3101 adamantem

2070 3148 2114 3192 et
2139 3147 2193 3190 ut
2217 3137 2434 3202 silicem,
2466 3136 2586 3190 dedi
2613 3135 2802 3205 faciem
2831 3146 2995 3190 tuam.
3025 3136 3225 3191 Domus
3261 3138 3430 3193 Israel
3460 3140 3660 3192 attrita.-

380 3235 590 3291 stolus:
622 3232 735 3287 Nos
758 3243 931 3286 autem
956 3230 1180 3285 revelata
1218 3231 1355 3300 facie
1378 3229 1600 3301 gloriam
1626 3229 1841 3283 Domini
1863 3246 1975 3300 spe-
1999 3214 2043 3277 C
2076 3228 2263 3298 frontis
2289 3237 2383 3294 est,
2415 3237 2463 3282 et
2487 3228 2720 3298 procacis
2752 3227 3010 3292 audaciw,
3051 3236 3098 3282 et
3138 3229 3270 3282 duro
3293 3229 3352 3297 fit
3396 3229 3569 3293 corde,
3603 3239 3655 3281 et

383 3327 616 3381 calantes
640 3323 1084 3394 transformamur
1108 3321 1173 3375 de
1193 3321 1361 3392 gloria
1390 3321 1444 3374 in
1467 3319 1688 3390 gloriam
1717 3329 1968 3390 tanquam

381 3435 413 3471 a
440 3415 652 3470 Domini
673 3415 859 3484 spiritu
891 3410 976 3482 (II
999 3410 1122 3465 Cor.
1145 3410 1252 3481 ιιι).
1299 3410 1364 3464 Et
1411 3410 1646 3464 iterum:
1696 3407 1966 3474 Videmus,

381 3509 578 3578 inquit,
626 3524 764 3562 nunc
792 3523 886 3578 per
909 3502 1177 3575 speculum
1223 3504 1279 3556 in
1326 3502 1625 3571 amigmate,
1673 3509 1795 3553 tunc
1849 3516 1968 3554 vero

383 3601 518 3670 facie
541 3599 609 3653 ad
635 3598 825 3668 faciem
869 3595 923 3667 (I
943 3594 1066 3649 Cor.
1091 3593 1234 3664 xm).
1283 3592 1419 3648 Item
1465 3591 1635 3646 facies
1660 3606 1868 3646 summa
1914 3591 1967 3644 in

381 3697 562 3745 mente
599 3687 916 3752 declaratio,
946 3695 1007 3739 ut
1035 3685 1089 3740 in
1115 3684 1439 3754 Evangelio:
1487 3682 1556 3736 Et
1597 3682 1785 3751 faciem
1822 3690 1967 3735 tuam

379 3783 497 3837 lava
528 3780 742 3854 (Matth.
766 3780 863 3851 γι).
889 3779 1147 3847 Apertum
1176 3784 1259 3831 est
1282 3776 1425 3831 enim
1479 3789 1577 3829 nos
1611 3789 1752 3828 nunc
1781 3772 1969 3840 imagi-

380 3888 479 3928 nes
509 3872 693 3927 videre
716 3886 814 3941 per
842 3868 1039 3925 ﬁdem:
1082 3876 1210 3921 tunc
1257 3881 1345 3919 res
1374 3865 1537 3933 ipsas,
1585 3863 1688 3916 hoc
1716 3869 1816 3924 est,
1849 3869 1970 3930 post

380 3961 836 4016 resurrectionem
854 3959 907 4012 in
922 3965 1121 4011 aeterna
1139 3953 1326 4023 gloria.
1347 3951 1501 4019 Quod
1515 3960 1694 4006 autem
1712 3951 1968 4005 Dominus

381 4054 450 4108 ad
475 4054 688 4122 Moysen
720 4051 883 4106 dixit:
925 4047 1142 4102 Faciem
1177 4061 1347 4100 meam
1385 4043 1559 4099 videre
1592 4059 1696 4097 non
1732 4042 1924 4112 poteris
1947 4057 1966 4094 :

381 4161 486 4197 non
517 4144 654 4197 enim
696 4139 886 4194 videbit
912 4154 993 4192 me
1031 4137 1206 4201 homo,
1238 4144 1286 4188 et
1328 4135 1456 4188 vivet
1505 4132 1701 4203 (Exod.
1725 4131 1919 4202 xxxtn)
1950 4148 1965 4197 ;

378 4234 459 4301 'et,
486 4235 637 4304 juxta
666 4232 890 4288 Joannis
916 4244 1104 4284 vocem
1132 4247 1143 4281 :
1193 4226 1360 4280 Deum
1405 4241 1553 4279 nemo
1583 4223 1710 4278 vidit
1737 4239 1965 4293 unquam

384 4325 566 4397 (Joan.
596 4324 634 4395 ι)
659 4340 673 4377 :
705 4325 778 4376 ita
819 4319 1224 4390 intelligendum
1250 4327 1353 4381 est,
1383 4315 1528 4385 quod
1556 4315 1609 4368 in
1649 4314 1752 4368 hac
1777 4328 1966 4367 corru-

379 4414 556 4485 ptibili
586 4413 693 4466 vita
723 4410 902 4464 nullus
942 4406 1184 4478 perfecte
1223 4403 1725 4472 contemplationem
1755 4401 1849 4455 Dei
1871 4402 1965 4456 ha-

380 4507 512 4560 bere
525 4512 722 4574 potest.
739 4503 998 4558 Viderunt
1013 4500 1156 4555 enim
1179 4506 1359 4568 patres
1381 4494 1709 4550 Testamenti
1733 4491 1962 4558 Veteris,

2073 3317 2430 3387 scorpionibus
2455 3326 2827 3386 comparatur:
2853 3315 2970 3371 ideo
2998 3316 3119 3370 dedi
3142 3318 3237 3371 tibi
3261 3318 3457 3372 vultum
3479 3318 3657 3372 duris-

2071 3410 2282 3473 simum,
2341 3417 2388 3461 et
2454 3409 2700 3477 frontem,
2757 3423 2874 3477 qua:
2923 3407 3066 3462 nullo
3123 3425 3320 3478 pucwe
3381 3420 3658 3480 superetur

2073 3499 2285 3571 (Βία-ἠ.
2310 3498 2416 3570 ιιι).
2461 3499 2538 3552 Ex
2562 3513 2669 3568 quo
2702 3497 2960 3553 discimus
3007 3498 3277 3555 interdum
3307 3501 3492 3569 gratiae
3530 3513 3656 3555 esse

2073 3592 2189 3657 Dei,
2223 3591 2566 3661 impudentiae
2594 3590 2870 3656 resistere,
2891 3598 2945 3644 ct
2973 3605 3096 3646 cum
3140 3589 3295 3646 locus
3318 3593 3650 3662 poposcerit,

2069 3681 2301 3737 frontem
2330 3681 2506 3736 fronte
2549 3691 2847 3736 conterere.
2893 3681 3008 3736 Hoc
3055 3689 3234 3736 autem
3274 3683 3549 3751 tribuitur,
3582 3702 3654 3740 ne

2071 3779 2257 3826 nostra
2278 3769 2602 3827 verecundia
2632 3779 2687 3825 et
2709 3771 2975 3825 humanus
3000 3771 3174 3840 pudor
3199 3772 3548 3840 pertimescat
3567 3773 3651 3827 in-

2070 3865 2233 3920 sidias
2279 3863 2614 3918 aemulorum.
2673 3863 2740 3916 Et
2786 3863 2841 3916 in
2889 3864 3076 3918 eodem
3131 3864 3394 3933 propheta
3450 3863 3649 3934 legitur

2071 3953 2287 4027 (Ezcclt.
2315 3955 2414 4025 ix),
2444 3952 2587 4022 quod
2615 3951 2874 4007 Dominus
2896 3951 3110 4021 juberet
3140 3952 3274 4016 viro,
3315 3952 3407 4021 qui
3432 3952 3654 4008 indutus

2071 4054 2187 4101 erat
2215 4045 2387 4108 lineis,
2421 4051 2476 4098 et
2527 4042 2970 4096 atramentarium
3012 4042 3292 4111 scriptoris
3337 4041 3650 4099 habebatin

2068 4137 2263 4192 lumbis
2293 4135 2423 4201 suis,
2458 4143 2518 4188 ut
2568 4132 2827 4188 transiret
2872 4148 2970 4202 per
3003 4133 3232 4186 mediam
3289 4133 3562 4188 civitatem
3596 4134 3652 4189 in

2069 4230 2244 4284 medio
2272 4227 2589 4291 Jerusalem,
2619 4235 2673 4280 et
2709 4227 2946 4295 signaret
2975 4223 3124 4279 Thau
3151 4239 3312 4294 super
3335 4223 3542 4280 frontes
3573 4226 3655 4280 vi-

2071 4333 2254 4374 rorum
2312 4317 2638 4386 gementium
2672 4323 2727 4369 et
2769 4315 3064 4370 dolentium
3091 4328 3250 4384 super
3278 4315 3488 4370 eunetis
3516 4315 3651 4371 abo-

2069 4408 2474 4472 minationibus,
2531 4421 2649 4476 qua:
2689 4404 2824 4458 fiunt
2857 4405 2910 4459 in
2944 4405 3121 4460 medio
3151 4403 3284 4472 ejus.
3318 4405 3445 4471 Quae
3470 4407 3650 4462 littera

2071 4498 2302 4566 speciem
2326 4496 2500 4552 crucis
2529 4493 2730 4550 Christi
2762 4503 2926 4559 tenet,
2958 4502 3015 4548 et
3041 4493 3280 4563 signatur
3300 4495 3354 4548 in
3382 4494 3652 4550 frontibus

379 4558 689 4659 Dominum,
733 4593 784 4648 in
807 4594 910 4647 hac
932 4593 1044 4645 vita
1072 4558 1253 4659 positi,
1279 4604 1376 4657 per
1405 4587 1660 4656 quasdam
1684 4585 1962 4654 imagines,
1993 4558 2044 4616 Β
2072 4558 2324 4652 tildelium,
2353 4595 2408 4642 et
2428 4585 2778 4641 conﬁrmatur
2799 4585 2852 4638 in
2873 4558 3125 4639 cordibus
3151 4582 3464 4638 electorum.
3501 4582 3651 4638 Unde

383 4686 579 4756 quibus
614 4687 727 4753 ipse
754 4698 811 4737 se
837 4681 1009 4736 voluit
1033 4680 1352 4735 ostendere:
1386 4677 1481 4731 sed
1526 4675 1716 4730 futurae
1745 4674 1966 4728 visionis

381 4780 498 4848 ejus
528 4777 755 4846 gloriam
811 4773 914 4828 illis
971 4771 1291 4834 reservavit,
1347 4769 1438 4838 qui
1478 4783 1600 4822 eum
1654 4768 1707 4820 in
1759 4766 1966 4821 caelesti

379 4867 713 4924 beatitudine
735 4863 1115 4934 perpetualiter
1150 4861 1316 4915 visuri
1343 4867 1488 4914 sunt.
1533 4857 1705 4912 Aliter
1727 4857 1794 4911 ab
1819 4857 1963 4924 ejus-

380 4959 501 5014 dem
527 4958 806 5013 sentcntize
835 4956 1034 5010 virtute
1071 4969 1178 5008 non
1221 4953 1499 5017 abhorret,
1539 4950 1679 5020 quod
1727 4950 1960 5004 dicitur:

386 5048 510 5101 Non
537 5050 673 5100 enim
701 5045 890 5100 videbit
929 5061 1008 5098 me
1037 5046 1210 5108 homo,
1254 5053 1299 5098 et
1346 5044 1471 5097 vivet
1509 5041 1704 5112 (Exod.
1729 5042 1962 5110 xxxni);

383 5137 634 5204 quoniam
680 5133 924 5203 quisquis
972 5130 1311 5202 sapientiam,
1340 5146 1460 5200 quae
1485 5131 1626 5185 Deus
1670 5137 1771 5195 est,
1798 5129 1963 5194 videt,

382 5229 508 5282 huic
531 5229 654 5281 vitae
683 5225 924 5280 funditus
963 5225 1216 5289 moritur,
1265 5238 1332 5278 ne
1362 5221 1477 5291 jam
1519 5221 1636 5290 ejus
1665 5236 1848 5276 amore
1888 5230 1966 5274 ιε.

381 5328 594 5373 neatur.
628 5319 817 5374 Nullus
846 5318 1042 5388 quippe
1069 5332 1188 5371 eam
1228 5316 1389 5378 videt,
1434 5315 1524 5384 qui
1562 5314 1736 5368 adhuc
1776 5327 1966 5367 carna-

380 5418 508 5470 liter
545 5415 712 5467 vivit:
746 5413 870 5481 quia
903 5425 1061 5466 nemo
1105 5416 1281 5478 potest
1311 5407 1561 5476 amplecti
1601 5405 1774 5460 Deum
1803 5404 1960 5459 simul

386 5517 438 5559 et
462 5507 734 5559 sa-culum.
770 5502 871 5567 Qui
913 5502 1056 5554 enim
1089 5501 1258 5554 Deum
1284 5498 1446 5561 videt,
1473 5511 1539 5551 eo
1574 5497 1688 5564 ipso
1713 5496 1960 5558 moritur,

390 5612 493 5665 quo
521 5597 604 5649 vel
631 5595 928 5650 intentione
952 5592 1151 5655 cordis,
1177 5592 1258 5644 vel
1287 5589 1477 5643 ell'eetu
1510 5587 1688 5655 operis
1717 5587 1784 5639 ab
1808 5583 1965 5652 hujus

390 5688 512 5741 vitm
559 5685 1000 5740 delecmtionibus
1049 5691 1160 5737 tota
1210 5688 1387 5734 mente
1442 5685 1740 5748 separatur.
1798 5675 1966 5729 Nemo

396 5791 521 5848 ergo
547 5779 714 5834 Deum
763 5777 914 5843 vidit,
967 5787 1020 5832 ct
1070 5777 1223 5841 vixit,
1272 5789 1333 5829 ac
1375 5773 1417 5828 si
1449 5779 1631 5842 aperte
1662 5769 1961 5824 diceretur:

2069 4680 2198 4735 dicit
2228 4678 2512 4732 Psalmista
2539 4695 2550 4730 :
2580 4675 2854 4746 Signatum
2883 4685 2956 4730 est
2982 4692 3136 4746 super
3162 4692 3254 4729 nos
3281 4675 3454 4728 lumen
3479 4675 3650 4730 vultus

2068 4771 2168 4833 tui,
2200 4767 2417 4821 Domine
2469 4763 2640 4837 (Psal.
2666 4764 2739 4835 tv)
2766 4781 2778 4829 ;
2807 4765 2932 4834 quia
2961 4765 3101 4819 sicut
3125 4781 3374 4820 nummus
3415 4764 3648 4834 Impera-

2070 4859 2200 4913 toris
2225 4866 2404 4925 portat
2427 4855 2735 4926 imaginem,
2759 4854 2834 4908 ita
2865 4864 2920 4908 et
2947 4853 3192 4909 fidelibus
3221 4857 3370 4925 signa
3413 4839 3647 4910 coeles'tis

2067 4948 2326 5020 principis
2383 4947 2782 5016 imprimuntur.
2827 4944 2979 5000 Oculi
3017 4945 3209 5010 vocati,
3246 4945 3357 4998 sive
3400 4944 3526 5013 quia
3553 4959 3646 5000 eos

2073 5041 2317 5095 ciliorum
2370 5039 2607 5110 tegmina
2656 5036 2950 5102 occultum,
2988 5052 3056 5091 ne
3104 5051 3208 5107 qua
3249 5036 3535 5091 incidentis
3564 5037 3646 5091 in-

2067 5128 2221 5198 jurize
2242 5128 2534 5184 offensione
2554 5127 2853 5192 laedantur;
2883 5127 2995 5182 sive
3019 5128 3142 5196 quia
3173 5127 3439 5180 occultum
3462 5125 3642 5181 lumen

2071 5223 2289 5288 habent,
2319 5221 2374 5276 id
2401 5229 2502 5286 est,
2535 5227 2800 5274 secretum
2832 5217 2914 5271 vel
2945 5218 3090 5271 intus
3111 5217 3363 5286 positum.
3408 5214 3474 5269 Hi
3505 5216 3643 5270 inter

2070 5327 2256 5368 omnes
2307 5327 2495 5366 sensus
2539 5309 2826 5364 viciniores
2873 5308 3067 5360 animae
3095 5307 3351 5360 existunt.
3383 5305 3440 5359 In
3472 5305 3642 5359 oculis

2069 5403 2210 5457 enim
2241 5417 2397 5455 omne
2416 5399 2612 5454 mentis
2632 5397 2894 5466 judicium
2922 5402 3025 5450 est.
3076 5393 3227 5449 Unde
3257 5403 3311 5448 et
3335 5394 3500 5448 animi
3524 5409 3641 5464 per-

2067 5493 2298 5548 turbatio
2328 5490 2410 5544 vel
2440 5489 2682 5543 hilaritas
2712 5487 2763 5539 in
2800 5484 2970 5541 oculis
3010 5489 3252 5553 apparet.
3284 5479 3435 5536 Oculi
3461 5490 3637 5535 autem

2068 5584 2207 5637 idem
2234 5590 2286 5636 et
2316 5579 2515 5632 lumina
2544 5597 2554 5630 :
2589 5586 2644 5631 et
2670 5577 2809 5630 dicta
2841 5576 3061 5637 lumina,
3093 5573 3234 5642 quod
3263 5587 3329 5626 ex
3358 5573 3436 5628 eis
3455 5572 3637 5627 lumen

2068 5681 2269 5736 manat,
2299 5671 2380 5724 vel
2402 5668 2542 5738 quod
2569 5683 2635 5722 ex
2661 5666 2813 5720 initio
2837 5665 2919 5720 sui
2942 5664 3175 5718 clausam
3201 5661 3630 5728 teneantlucem,

2071 5773 2162 5818 aut
2190 5762 2523 5818 extrinsecus
2572 5764 2845 5828 acceptam
2893 5754 3027 5812 visui
3066 5755 3421 5825 praponendo
3449 5753 3634 5810 rel‘un-
