3896 6348
413 388 513 446 151
1050 388 1110 442 Β.
1152 386 1407 442 RABANI
1442 385 1662 443 MAURI
1696 384 2014 441 ARCHIEP.
2058 385 2362 445 MOGUNT.
2405 385 2689 440 OPERUM
2724 386 2902 443 PARS
2939 387 3004 442 ll.
3222 403 3242 412 ‘
3555 390 3658 448 l5!

406 506 621 554 vocant.
670 494 821 563 Quid
858 496 1001 552 enim
1050 496 1301 568 lacryma
1355 511 1420 551 ex
1465 504 1788 565 compuncto
1820 495 1982 550 corde
2007 515 2060 574 Α
2087 494 2482 565 simplicitatem
2530 503 2691 564 atque
2734 495 3046 565 patientiam
3088 497 3494 566 pradicantium
3548 516 3659 558 sua

405 588 588 644 ell'usa
632 586 842 642 eﬁicere
884 587 1116 655 possint,
1168 587 1404 642 ostendit
1454 586 1722 656 Propheta
1757 586 1977 640 dicens:

406 679 642 734 Fuerunt
685 677 812 730 mihi
838 675 1083 747 lacryma
1109 693 1235 732 mea:
1259 693 1419 745 panes
1445 677 1529 732 die
1551 695 1613 731 ac
1639 685 1785 730 nocte
1807 674 1980 746 (Psal.

404 767 540 838 xu).
570 764 808 820 Audiam
851 766 972 828 hoc,
1019 765 1112 835 qui
1146 755 1537 820 Dominovllere
1562 780 1669 820 non
1703 771 1982 834 appetunt,

398 857 556 928 juges
583 856 852 928 lacrymas
885 871 994 910 non
1038 854 1296 919 inediam,
1333 853 1427 909 sed
1462 852 1768 908 satietatem
1805 851 1985 922 potius

402 949 666 1005 intulisse.
708 950 818 1004 Nec
860 947 1172 1012 immerito;
1210 945 1337 1015 quia
1388 943 1546 1008 ﬁctus
1590 943 1678 998 ille
1714 943 1867 998 cibus
1902 950 1986 998 est

404 1039 727 1104 animarum,
755 1037 1128 1094 eorroboratio
1175 1050 1455 1099 sensuum,
1498 1033 1766 1089 absolutio
1792 1047 1985 1103 pecca-

403 1140 640 1193 torum:
673 1128 897 1184 refectio
954 1128 1238 1191 mentium,
1279 1125 1494 1180 lavacra
1521 1123 1819 1194 culparum.
1877 1122 1984 1178 Sed

400 1235 502 1290 per
545 1221 668 1276 -bas
716 1221 986 1291 lacrymas
1036 1215 1310 1288 signiﬁcat
1357 1214 1734 1272 aﬁlictionibus
1779 1213 1983 1268 erudiri

399 1327 558 1382 posse
584 1311 855 1381 populum.
900 1310 1052 1365 Diem
1093 1306 1507 1379 prosperitatem
1554 1306 1810 1361 debemus
1835 1303 1977 1359 acci-

397 1414 548 1470 pere,
589 1407 804 1456 noctem
845 1413 976 1454 vero
1038 1396 1335 1452 tristitiam.
1386 1394 1521 1450 Cilia
1570 1401 1698 1448 sunt
1747 1392 1982 1461 tegmina

399 1489 593 1559 quibus
615 1489 998 1559 cooperiuntur
1021 1485 1160 1542 oculi
1185 1503 1199 1538 :
1227 1493 1282 1538 et
1306 1484 1448 1539 dicta
1472 1483 1614 1548 cilia,
1643 1482 1785 1551 quod
1805 1481 1982 1536 celant

398 1579 605 1646 oculos,
632 1587 920 1650 tegantque
974 1584 1089 1632 tuta
1139 1574 1402 1635 custodia.
1455 1573 1756 1644 Supercilia
1811 1572 1976 1639 dicta,

397 1671 524 1741 quia
555 1669 831 1739 supposita
866 1678 996 1723 sunt
1039 1666 1201 1732 ciliis,
1241 1680 1364 1736 qua
1389 1665 1593 1721 idcirco
1637 1664 1760 1734 pilis
1787 1664 1979 1719 vestita

399 1770 547 1826 sunt,
575 1768 638 1815 ut
662 1755 837 1816 oculis
864 1758 1202 1813 munimenta
1246 1754 1602 1827 pratendant,
1631 1760 1686 1809 et
1728 1753 1977 1808 sudorem

2086 597 2276 637 manus
2316 582 2512 636 virtute
2543 591 2751 650 tenens,
2782 598 2812 636 a
2851 584 2996 639 vitiis
3042 587 3154 640 suis
3199 587 3444 642 carnales
3491 587 3660 644 inter-

2085 671 2235 737 fecit,
2287 679 2341 725 et
2387 670 2607 724 maxilla
2659 672 2716 725 in
2774 681 2972 726 terram
3021 672 3260 742 proiecta
3315 677 3660 746 postmodum

2086 775 2253 830 aquas
2279 759 2450 814 fudit:
2484 760 2609 829 quia
2641 760 2764 814 data
2792 761 2954 815 morti
2987 763 3400 832 praedicatorum
3427 781 3662 836 corpora

2087 866 2278 921 magna
2315 850 2527 921 populis
2553 858 2923 906 monstravere
2959 853 3239 908 miracula.
3281 855 3434 921 Quod
3477 867 3660 912 autem

2086 942 2140 996 in
2162 942 2374 996 Psalmo
2402 942 2666 1010 scriptum
2693 950 2777 998 est
2800 960 2818 997 :
2871 943 3049 999 Nolite
3096 946 3216 1015 ﬁeri
3267 948 3400 1001 sicut
3422 965 3586 1018 equus
3609 959 3660 1004 et

2083 1029 2278 1094 mulus,
2307 1030 2362 1082 in
2401 1028 2588 1099 quibus
2616 1046 2719 1084 non
2747 1038 2823 1084 est
2846 1031 3134 1087 intellectus
3155 1046 3174 1086 :
3195 1034 3251 1088 in
3288 1033 3438 1104 freno
3465 1046 3514 1090 et
3534 1037 3662 1090 cha-

2084 1136 2168 1174 mo
2193 1119 2438 1175 maxillas
2465 1136 2645 1174 eorum
2667 1123 2961 1193 constringe
2985 1121 3157 1195 (Psal.
3181 1124 3354 1197 xxxi),
3385 1126 3510 1182 ideo
3529 1142 3660 1198 ergo

2084 1211 2201 1266 ista
2240 1212 2670 1281 comparationes
2722 1220 2849 1268 sunt
2895 1215 3106 1282 posita,
3151 1217 3279 1286 quia
3326 1231 3499 1288 equus
3543 1218 3661 1273 sine

2081 1303 2409 1359 discretione
2449 1304 2675 1358 sessoris
2701 1305 2868 1359 servit
2906 1305 3154 1372 arbitrio,
3200 1317 3257 1362 et
3278 1323 3310 1362 a
3337 1323 3662 1378 quocunque

2080 1392 2243 1448 fuerit
2263 1409 2539 1460 ascensus,
2567 1395 2827 1449 excurrit.
2866 1393 3040 1450 Mulns
3067 1405 3247 1451 autem
3273 1399 3546 1468 patienter
3570 1412 3663 1454 ac-

2079 1482 2211 1552 cipit
2235 1483 2498 1549 sarcinas,
2551 1484 2744 1553 quibus
2791 1483 2955 1538 fuerit
2981 1493 3274 1541 oneratus:
3329 1497 3386 1541 et
3410 1503 3511 1557 pro
3557 1487 3663 1542 hoc

2078 1576 2293 1646 utrique
2319 1575 2647 1630 intellectum
2690 1591 2796 1630 non
2835 1576 3056 1642 habent,
3082 1577 3207 1646 quia
3237 1593 3338 1633 nec
3363 1578 3453 1632 ille
3489 1578 3659 1649 eligit,

2077 1665 2165 1719 cui
2189 1666 2406 1721 obediat
2430 1683 2445 1732 ;
2473 1681 2573 1721 nec
2599 1667 2702 1722 iste
2730 1664 2884 1734 cujus
2921 1668 3178 1723 oneribus
3214 1667 3530 1739 ingravetur
3581 1670 3663 1724 in-

2079 1754 2288 1825 telligit.
2320 1755 2578 1811 Prohibet
2601 1770 2730 1826 ergo
2753 1754 3129 1824 hujuscemodi
3164 1757 3410 1813 homines
3444 1758 3665 1815 diaboli-

398 1871 431 1910 a
457 1854 634 1924 capite
669 1849 991 1907 deﬂuentem
1019 1848 1309 1918 depellant.
1351 1846 1682 1916 lntercilium
1719 1860 1850 1900 vero
1893 1852 1977 1899 est
2004 1854 2051 1914 Β
2080 1844 2158 1900 cis
2185 1843 2464 1899 fraudibus
2499 1845 2745 1911 insideri,
2791 1853 2845 1899 et
2869 1846 3121 1901 vitiorum
3148 1849 3401 1904 oneribus
3424 1865 3664 1921 pragm-

395 1942 633 1998 medium
657 1940 784 1995 illud
812 1939 954 1994 inter
980 1938 1105 1994 cilia
1135 1945 1190 1992 et
1211 1936 1520 2008 supercilia,
1543 1935 1687 2005 quod
1707 1935 1826 1990 sine
1853 1933 1977 2005 pilis

395 2041 500 2089 est.
526 2031 664 2100 Quid
688 2028 973 2101 supercilia
1003 2027 1308 2100 signiﬁcent
1352 2027 1600 2096 superius
1623 2025 1826 2080 dictum
1853 2031 1937 2079 est
1961 2041 1974 2077 :

396 2123 488 2178 ubi
517 2137 616 2191 per
650 2120 1013 2192 legislatorem
1039 2119 1092 2172 in
1122 2117 1472 2173 mundatione
1511 2115 1712 2186 leprosl
1753 2115 1866 2170 radi
1893 2115 1980 2185 ju-

395 2213 590 2267 bentur
640 2209 819 2279 capilli
871 2208 1084 2277 capitis,
1138 2205 1411 2274 barbaque
1457 2213 1515 2260 et
1565 2204 1872 2273 supercilia,
1925 2212 1982 2258 et

394 2299 573 2355 omnis
622 2298 764 2368 pilus
804 2297 897 2367 qui
927 2297 982 2350 in
1011 2310 1237 2365 corpore
1264 2303 1366 2350 est.
1405 2292 1570 2349 Gena
1605 2303 1732 2347 sunt
1759 2291 1978 2346 inferio-

394 2403 485 2443 res
520 2388 796 2444 oculornm
849 2394 1050 2456 partes,
1098 2385 1241 2439 unde
1291 2383 1474 2438 barba
1529 2383 1807 2438 inchoant.
1841 2382 1978 2436 Nam

393 2477 565 2534 Graci
591 2478 817 2549 geneion
838 2478 1018 2532 barba
1040 2491 1055 2529 :
1076 2476 1202 2530 hinc
1224 2490 1395 2545 gena,
1409 2475 1554 2544 quod
1574 2474 1698 2528 inde
1720 2474 1979 2544 incipiant

395 2571 543 2642 gigni
584 2569 783 2624 barba.
815 2568 873 2622 ln
914 2567 1066 2638 genis
1092 2581 1224 2637 ergo
1269 2565 1558 2635 aliquando
1597 2565 1850 2628 virtutes,
1882 2563 1980 2617 ali-

394 2659 611 2729 quando
662 2657 935 2728 spiritales
971 2665 1151 2726 patres
1203 2656 1362 2725 juxta
1411 2654 1726 2726 allegoriam
1775 2652 1980 2722 signiﬁ—

393 2759 608 2806 cantur.
636 2748 770 2803 Nam
816 2748 1022 2818 Sponsa
1062 2749 1130 2802 de
1155 2746 1366 2817 Sponsa
1395 2746 1450 2800 in
1493 2744 1717 2800 Cantico
1742 2744 1978 2800 cantico-

390 2857 514 2897 rum
539 2842 704 2896 dicit:
749 2838 906 2894 Cena
930 2840 1073 2893 illius
1111 2839 1248 2894 sicut
1287 2837 1479 2892 areola
1525 2847 1821 2891 aromatum
1849 2853 1974 2889 con-

391 2932 506 2984 sita
528 2948 560 2984 a
588 2931 948 3000 pigmentariis
975 2927 1152 3000 (Cant.
1174 2928 1252 3000 v).
1293 2929 1352 2982 ln
1378 2927 1529 2999 genis
1552 2927 1849 2986 Salvatoris
1878 2941 1976 2981 no-

393 3021 516 3086 stri,
550 3019 666 3089 ejus
695 3021 975 3085 modestia,
1011 3021 1210 3090 pietas,
1234 3019 1396 3075 simul
1421 3028 1476 3074 et
1505 3019 1766 3074 severitas
1795 3019 1976 3088 expri-

393 3112 580 3166 mitur.
608 3111 818 3166 Areola
855 3119 1178 3175 aromatum,
1208 3109 1438 3164 virtutes
1464 3117 1520 3163 et
1541 3109 1770 3164 dulcedo
1813 3116 1869 3163 et
1893 3107 1974 3162 fa-

2079 1934 2217 2000 vari,
2245 1949 2314 1988 ne
2340 1934 2480 1989 male
2506 1935 2803 1991 obediendo
2821 1937 3088 2006 superbia
3111 1940 3283 2010 magis
3302 1941 3548 2011 partibus
3568 1942 3665 1996 ad-

2079 2027 2349 2082 dicantur.
2381 2025 2516 2081 Nam
2555 2027 2698 2096 quod
2728 2029 2824 2093 ait,
2873 2029 2928 2082 in
2977 2029 3146 2098 freno,
3200 2033 3271 2086 ad
3297 2046 3496 2101 equum
3537 2047 3664 2102 per-

2080 2120 2250 2174 tinet:
2283 2120 2497 2174 frenum
2540 2120 2685 2174 enim
2715 2135 2745 2173 a
2785 2118 2962 2175 ferum
3001 2122 3284 2177 retinendo
3317 2123 3520 2178 dictum
3553 2132 3659 2179 est.

2080 2211 2277 2266 Ferum
2309 2213 2507 2280 quippe
2530 2212 2736 2281 antiqui
2759 2212 3027 2266 caballum
3053 2214 3326 2268 dixerunt.
3355 2214 3423 2268 In
3451 2215 3662 2280 chamo,

2078 2300 2145 2354 ad
2189 2300 2394 2354 mulum
2439 2301 2679 2369 respicit.
2720 2300 2939 2355 Maxilla
2987 2316 3117 2356 vero
3159 2303 3487 2358 adminicula
3534 2313 3668 2359 sunt

2079 2387 2391 2443 animalium
2429 2390 2626 2459 quibus
2678 2404 2803 2445 esca
2834 2391 3127 2456 manditur,
3174 2400 3234 2445 ut
3279 2395 3523 2463 corporis
3547 2396 3665 2451 vita

2076 2486 2417 2549 procuretur.
2471 2479 2619 2547 ipsas
2647 2493 2775 2549 ergo
2804 2479 3052 2534 maxillas
3077 2495 3176 2550 per
3195 2479 3421 2550 ﬁguram
3466 2483 3667 2555 allego-

2079 2569 2246 2624 ricam
2272 2569 2402 2623 dicit
2430 2568 2856 2624 inobedientibus
2886 2569 3083 2625 debere
3119 2570 3440 2641 constringi,
3476 2573 3529 2627 id
3549 2583 3663 2638 est,

2078 2673 2259 2728 copias
2296 2659 2558 2720 victuales
2597 2659 2813 2729 parcius
2841 2659 2976 2724 dari,
3008 2668 3069 2714 ut
3103 2659 3431 2730 jejunlorum
3473 2678 3666 2718 neces-

2077 2750 2234 2804 sitate
2249 2749 2513 2813 conclusi,
2537 2747 2810 2804 Creatoris
2831 2750 3130 2804 subdantur
3151 2750 3398 2820 imperio.
3429 2753 3664 2810 Barbam

2075 2847 2284 2894 veteres
2305 2846 2655 2904 vocavemnt,
2679 2839 2819 2908 quod
2845 2839 3080 2894 virorum
3103 2839 3194 2903 sit,
3216 2856 3323 2895 non
3349 2841 3661 2898 mulierum.

2075 2930 2250 2986 Barba
2277 2939 2456 2987 autem
2487 2930 2756 3002 significat
2799 2931 3070 3000 apostolos
3106 2931 3190 2986 vel
3233 2933 3556 3002 apostolicos
3577 2936 3667 2990 vi-

2077 3037 2187 3077 ros.
2219 3022 2373 3078 Unde
2399 3030 2481 3075 est
2512 3022 2676 3076 illud:
2703 3020 2848 3076 Sicut
2879 3032 3199 3091 unguentum
3227 3025 3282 3076 in
3307 3026 3489 3094 capite,
3515 3026 3663 3096 quod

2077 3111 2340 3166 descendit
2368 3111 2421 3163 in
2449 3110 2662 3164 barbam
2712 3110 2912 3175 Aaron,
2961 3112 3100 3180 quod
3139 3112 3401 3168 descendit
3426 3113 3480 3168 in
3507 3130 3663 3168 oram

394 3217 486 3257 ma
528 3201 710 3272 gloria
749 3201 867 3272 ejus
925 3200 1255 3271 designatur.
1286 3199 1640 3270 Pigmentarii
1672 3214 1802 3254 vero
1847 3214 1972 3269 pro-
2000 3186 2045 3249 C
2075 3202 2361 3256 vestimenti
2385 3201 2498 3269 eius
2526 3198 2696 3271 (Psal.
2721 3199 2949 3271 cxxxn).
2977 3200 3206 3254 Barbam
3228 3201 3491 3270 siquidem
3517 3202 3659 3258 bene

387 3295 566 3364 pheta
593 3303 719 3348 sunt
759 3300 814 3347 et
859 3291 1116 3361 apostoli,
1158 3299 1214 3346 et
1240 3290 1332 3360 qui
1375 3289 1555 3344 futura
1587 3289 1977 3345 incarnationis

391 3382 508 3451 ejus
539 3397 736 3435 arcana
784 3379 1175 3450 patefecerunt.
1220 3377 1356 3432 ltem
1402 3377 1648 3448 Sponsus
1675 3377 1742 3432 de
1767 3376 1976 3446 Sponsa

394 3473 561 3528 dicit:
609 3471 802 3525 Cortex
849 3470 978 3524 ntali
1024 3468 1221 3538 punici,
1270 3483 1416 3538 gena:
1446 3476 1552 3521 tua
1586 3467 1777 3537 absque
1807 3464 1975 3520 oculis

392 3567 495 3617 tuis
519 3560 695 3634 (Cant.
720 3561 817 3632 vr).
845 3559 1010 3615 Gena
1053 3567 1256 3613 sancta
1301 3557 1570 3626 spiritales
1613 3565 1738 3611 sunt
1761 3555 1970 3621 Patres,

393 3654 484 3723 qui
504 3653 793 3707 virtutibus
823 3660 949 3705 sunt
966 3649 1260 3715 mirabiles,
1279 3655 1334 3704 et
1358 3649 1597 3704 moribus
1618 3647 1972 3711 venerabiles,

392 3743 530 3799 etin
569 3757 730 3797 cruce
781 3741 984 3796 Christi
1023 3739 1241 3811 gloriari
1292 3754 1399 3794 non
1459 3739 1866 3792 erubescentes.
1910 3736 1977 3790 Et

391 3833 510 3887 hac
537 3847 732 3901 magna
785 3837 914 3886 sunt
956 3830 1136 3894 valde,
1166 3845 1287 3898 qua
1333 3829 1622 3894 videntur;
1677 3828 1775 3883 sed
1808 3827 1976 3882 multo

391 3919 620 3987 majora,
645 3935 764 3988 qua
787 3935 896 3974 non
933 3919 1205 3985 videntur,
1242 3928 1298 3973 et
1345 3919 1398 3972 in
1426 3917 1665 3972 futurum
1693 3932 1976 3972 reservan-

394 4019 522 4065 tur:
546 4025 664 4080 qua
693 4008 873 4063 oculus
897 4025 1000 4063 non
1023 4009 1169 4074 vidit,
1195 4025 1288 4063 nec
1324 4010 1470 4063 auris
1506 4007 1728 4074 audivit,
1779 4025 1870 4062 nec
1917 4009 1975 4062 in

393 4122 486 4160 eor
509 4104 732 4158 hominis
761 4103 1012 4169 ascendit,
1058 4119 1178 4173 quae
1210 4103 1523 4172 praparasit
1576 4101 1716 4154 Deus
1763 4101 1842 4154 his
1885 4101 1974 4170 qui

392 4194 620 4264 diligunt
649 4209 767 4246 eum
800 4193 848 4264 (Ι
882 4190 1005 4245 Cor.
1036 4190 1120 4261 ιι).
1165 4190 1299 4244 item
1343 4189 1583 4259 Sponsus
1611 4189 1679 4244 ad
1709 4188 1973 4258 Sponsam

394 4283 559 4338 dicit:
603 4280 846 4334 Pulchra
873 4287 993 4338 sunt
1021 4295 1164 4349 gente
1193 4288 1318 4343 tua,
1344 4277 1476 4331 sicut
1501 4277 1663 4330 turris
1692 4275 1867 4347 (Cant.
1891 4276 1931 4348 ι)
1956 4298 1968 4330 :

393 4373 500 4427 hoc
535 4379 639 4436 est,
670 4377 820 4424 tanta
848 4378 904 4423 te
931 4368 1265 4423 verecundia
1294 4367 1548 4422 salutaris
1578 4367 1778 4422 virtute
1815 4369 1973 4422 deco-

392 4461 532 4526 ravi,
565 4468 626 4514 ut
662 4460 965 4514 castitatem
1007 4457 1288 4527 promissa
1317 4456 1450 4510 mihi
1497 4456 1622 4511 ﬁdei
1666 4457 1812 4512 nulla
1847 4473 1972 4527 pra-

391 4568 588 4607 vorum
618 4552 898 4608 doctorum
928 4550 1243 4604 seductione
1285 4563 1618 4618 corrumpas.
1665 4548 1814 4604 Mala
1844 4559 1969 4605 sunt

393 4642 695 4697 eminentes
719 4640 820 4693 sub
844 4638 1014 4693 oculis
1041 4646 1224 4707 partes
1252 4637 1319 4691 ad
1358 4637 1752 4707 protectionem
1782 4653 1969 4692 eorum

390 4731 712 4800 supposita;
737 4735 941 4784 vocata
967 4728 1142 4792 mala,
1173 4727 1286 4782 sive
1308 4727 1450 4795 quod
1477 4726 1615 4780 infra
1638 4727 1822 4782 oculos
1844 4743 1970 4797 pro-

391 4823 599 4876 minent
629 4821 682 4874 in
710 4819 1120 4884 rotunditatem,
1169 4833 1333 4887 quam
1383 4817 1556 4872 Graci
1605 4818 1744 4872 mela
1793 4820 1972 4888 appel-

393 4911 541 4965 lant:
579 4910 692 4963 sive
742 4909 883 4980 quod
934 4909 1041 4962 sint
1089 4922 1252 4976 supra
1305 4907 1572 4961 maxillas.
1614 4907 1841 4961 Maxilla
1877 4924 1972 4976 per

395 4994 803 5060 diminutionem
830 5015 861 5054 a
895 5001 1068 5064 malis,
1103 5002 1244 5055 sicut
1266 5000 1496 5070 paxillus
1527 5016 1555 5054 a
1586 5001 1729 5070 palo,
1757 5001 1972 5056 taxillus

393 5110 425 5148 a
449 5093 577 5148 talo.
608 5092 818 5145 Maxilla
849 5106 979 5161 ergo
1009 5098 1102 5144 aut
1147 5091 1396 5145 doctores
1441 5091 1727 5160 signiﬁcat,
1765 5099 1859 5145 aut
1884 5092 1967 5146 di-

395 5183 678 5251 sciplinam
704 5181 1062 5250 corporalem,
1096 5195 1193 5250 per
1211 5195 1373 5249 quam
1402 5180 1545 5234 bruti
1583 5188 1637 5234 et
1661 5180 1971 5236 inobedien-

390 5285 477 5330 tes
498 5273 959 5342 constringuntur.
990 5271 1124 5325 Nam
1153 5271 1295 5340 quod
1321 5271 1375 5324 in
1405 5270 1543 5324 libro
1570 5269 1817 5326 Judicum
1841 5271 1972 5325 scri-

391 5372 541 5434 ptum
585 5371 671 5418 est
719 5362 921 5433 (Judic.
951 5361 1043 5433 xv)
1097 5380 1110 5415 :
1162 5360 1395 5416 Samson
1441 5363 1661 5416 maxilla
1709 5363 1843 5416 asini
1881 5361 1969 5414 vel

392 5453 704 5508 mandibula
746 5453 877 5524 pulli
907 5453 1185 5507 asinarum
1233 5452 1494 5508 delevisse
1531 5463 1586 5508 et
1632 5454 1968 5524 percussisse

391 5542 540 5597 mille
566 5543 732 5608 viros,
758 5544 934 5614 typice
973 5543 1228 5612 exprimit
1254 5551 1432 5613 gestas
1456 5542 1752 5599 Salvatoris
1775 5543 1965 5597 nostri.

393 5631 532 5697 Quid
557 5630 645 5684 hic
670 5646 766 5700 per
793 5631 1065 5686 maxillam
1099 5631 1261 5696 asini,
1292 5631 1394 5685 nisi
1432 5631 1845 5700 pradicatorum
1862 5631 1965 5686 Ec-

392 5721 570 5780 clesia
595 5738 840 5794 persona
875 5722 1201 5795 signantur?
1236 5721 1561 5792 Redemptor
1586 5721 1730 5780 enim
1758 5731 1965 5795 noster,

1997 4518 2047 4576 D

2078 3295 2305 3350 dicimus
2343 3293 2610 3362 apostolos
2633 3311 2646 3346 :
2694 3293 2948 3362 quoniam
2973 3294 3088 3348 hac
3116 3295 3500 3350 robustissima
3522 3297 3660 3350 viri-

2076 3383 2240 3438 litatis
2267 3384 2524 3439 indicium
2573 3391 2676 3448 cst,
2722 3391 2778 3436 et
2822 3381 2927 3436 lixa
2956 3384 3055 3438 sub
3095 3399 3192 3438 suo
3229 3385 3427 3454 capite,
3461 3386 3513 3440 id
3545 3395 3657 3452 est,

2075 3476 2313 3539 Christo,
2339 3482 2669 3545 perseverat.
2695 3474 2875 3528 Multis
2918 3475 3062 3528 enim
3107 3477 3448 3545 passionibus
3473 3479 3660 3534 divino

2075 3582 2302 3622 munere
2322 3565 2611 3634 superatis,
2648 3565 2874 3634 apostoli
2914 3565 3058 3621 viros
3089 3581 3146 3620 se
3185 3569 3657 3624 constantissimos

2074 3673 2172 3729 per
2210 3656 2304 3711 Dei
2346 3656 2573 3727 gratiam
2616 3655 3014 3724 probaverunt:
3049 3665 3328 3714 servantes
3367 3658 3528 3712 etiam
3568 3673 3658 3712 re-

2076 3746 2243 3819 gulas,
2273 3760 2407 3815 quas
2431 3760 2460 3798 a
2497 3745 2724 3800 Domino
2753 3753 3094 3813 acceperunt,
3128 3747 3227 3801 sub
3263 3763 3361 3803 suo
3387 3751 3657 3806 mansisse

2075 3837 2251 3906 capite
2281 3842 2733 3889 monstraverunt.
2782 3834 2888 3889 Sed
2929 3851 2996 3889 ne
3026 3836 3167 3890 hanc
3206 3836 3431 3891 barbam
3460 3839 3653 3909 cujus«

2075 3941 2286 3996 cunque
2319 3927 2551 3981 hominis
2573 3923 2819 3981 fortassis
2855 3926 3182 3992 adverteres,
3215 3926 3418 3982 addidit
3445 3928 3650 4001 Aaron,

2073 4017 2164 4087 qui
2192 4017 2391 4071 Christi
2423 4015 2657 4086 speciem
2683 4014 2984 4084 proferens,
3015 4014 3128 4082 jam
3155 4015 3328 4084 ipsum
3370 4017 3423 4069 in
3463 4032 3652 4071 sacer-

2074 4110 2218 4164 dotio
2247 4124 2342 4163 suo
2380 4109 2478 4166 sub
2508 4108 2738 4177 quadam
2785 4107 3017 4177 imagine
3053 4107 3315 4178 gestabat.
3366 4105 3520 4172 Quod
3556 4109 3655 4162 de-

2074 4197 2268 4250 scendit
2298 4198 2353 4249 in
2387 4212 2532 4248 oram
2568 4196 2854 4250 vestimenti
2879 4196 3014 4264 ejus.
3062 4195 3168 4251 Ora
3204 4197 3511 4252 vestimenti
3542 4198 3650 4252 Do-

2075 4285 2206 4339 mini
2236 4283 2529 4339 Salvatoris
2576 4283 2909 4353 significatur
2934 4284 3196 4350 Ecclesia,
3226 4287 3351 4358 quia
3377 4303 3549 4358 usque
3575 4289 3645 4343 ad

2073 4376 2438 4430 extremitates
2465 4373 2580 4442 ejus
2603 4374 2880 4428 descendit
2911 4373 3142 4443 Spiritus
3167 4385 3405 4442 sanctus,
3431 4380 3652 4447 quando

2072 4464 2372 4532 baptizatos
2415 4478 2584 4531 usque
2613 4464 2665 4517 in
2709 4465 2868 4517 ﬁnem
2898 4464 3076 4519 saculi
3121 4466 3506 4522 misericordia
3534 4485 3650 4524 sua

2073 4553 2378 4622 dignatione
2415 4552 2736 4607 sanctificat.
2764 4554 2999 4608 Auribus
3033 4556 3260 4610 inditum
3281 4573 3476 4613 nomen
3499 4576 3529 4613 a
3556 4576 3653 4616 vo-

2072 4643 2224 4696 cibus
2263 4643 2591 4697 hauriendis.
2635 4643 2786 4698 Unde
2824 4652 2878 4698 et
2905 4643 3198 4714 Virgilius:
3238 4645 3525 4722 Vocemque
3564 4653 3649 4706 Iu‘s

2073 4731 2287 4784 auribus
2332 4733 2505 4785 hausi.
2537 4732 2645 4785 Aut
2687 4733 2812 4801 quia
2858 4747 3044 4787 vocem
3102 4736 3274 4804 ipsam
3314 4737 3490 4792 Graci
3544 4755 3645 4793 au-

2073 4821 2176 4874 den
2226 4830 2444 4886 vocant,
2481 4823 2548 4875 ab
2599 4822 2783 4875 auditu
2825 4837 2922 4891 per
2970 4823 3398 4881 immutationem
3426 4826 3646 4896 littera,

2074 4925 2253 4976 aures,
2281 4911 2436 4979 quasi
2462 4911 2645 4975 audes,
2675 4919 2994 4980 nuncupata
3042 4921 3184 4967 sunt.
3230 4915 3345 4968 Vox
3383 4915 3527 4969 enim
3554 4931 3644 4972 re—

2071 5016 2324 5070 percussa
2347 5014 2444 5070 per
2471 5001 2744 5055 anfractus
2769 5015 2954 5055 eorum
2984 5017 3173 5058 sonum
3199 5002 3346 5068 facit,
3386 5019 3494 5072 quo
3522 5019 3647 5060 sen-

2073 5106 2190 5145 sum
2218 5092 2489 5161 excipiant
2515 5090 2782 5146 audiendi.
2815 5091 2920 5146 Per
2946 5107 3105 5146 aures
3140 5093 3282 5146 enim
3310 5097 3391 5162 (ut
3423 5093 3538 5161 jam
3570 5095 3647 5150 di-

2071 5179 2270 5250 ximus)
2296 5181 2520 5249 mystice
2541 5181 2756 5236 auditus
2781 5181 3028 5235 internus
3055 5182 3247 5236 anima
3284 5183 3640 5253 signiﬁcatur,

2073 5269 2186 5324 sive
2209 5271 2507 5324 obedientia
2551 5271 2606 5324 in
2651 5271 2934 5338 praceptis
2985 5271 3101 5334 Dei,
3134 5287 3229 5326 seu
3258 5273 3476 5327 auditus
3515 5274 3642 5328 ﬁdei

2071 5361 2155 5416 vel
2184 5362 2502 5416 intellectus.
2553 5361 2704 5417 Unde
2734 5363 2989 5431 scriptum
3024 5371 3107 5417 est
3149 5363 3361 5434 (Matth.
3385 5363 3503 5435 XI):
3537 5364 3642 5430 Qui

2072 5453 2221 5506 habet
2245 5469 2398 5507 aures
2423 5453 2690 5516 audiendi,
2715 5453 2914 5515 audiat,
2942 5454 3044 5508 hoc
3071 5462 3152 5508 est
3179 5453 3340 5508 corde
3359 5453 3639 5525 intelligat.

2072 5539 2137 5594 Et
2165 5541 2358 5596 iterum
2390 5542 2442 5594 in
2467 5542 2662 5595 malam
2685 5551 2894 5610 partem
2921 5561 2932 5595 :
2976 5543 3140 5595 Aures
3168 5559 3347 5596 eorum
3389 5560 3637 5614 aggraoa,

2072 5647 2134 5684 ne
2183 5632 2314 5701 forte
2359 5633 2575 5686 audiant
2621 5631 2756 5702 (Isa.
2791 5633 2889 5703 vr).
2939 5633 3209 5701 Rogamus
3254 5634 3419 5687 etiam
3470 5633 3640 5687 Deum

2072 5725 2326 5782 exaudire
2353 5739 2540 5794 preces
2566 5735 2798 5783 nostras.
2850 5723 3003 5781 Unde
3029 5732 3107 5780 est
3141 5723 3269 5779 illud
3296 5720 3633 5779 Psaluiista:
