3896 6334
217 418 314 476 153

1195 404 1286 461 DE
1326 400 1672 463 UNIVEIISO
1706 399 1885 455 LIBRI
1923 399 2086 456 XXII.
2123 428 2191 439 -—
2227 398 2356 453 LIB.
2398 395 2486 451 VI.

3348 387 3455 445 εει

207 527 440 592 Exaudi,
466 524 707 590 Domine,
731 520 992 592 justitiam
1021 532 1220 579 meam,
1271 513 1478 567 intende
1522 513 1772 580 depreca-
1802 517 1853 573 Α
1879 526 1997 568 sum
2047 509 2345 574 Christum,
2374 508 2466 576 qui
2522 504 2677 561 nobis
2729 517 2882 559 suam
2922 501 3201 571 patrisque
3243 516 3456 556 annun—

213 617 334 670 tioni
355 630 478 668 mea
501 611 673 682 (Psal.
702 609 811 681 xvn)
837 626 865 674 ;~
892 608 995 661 hoc
1043 613 1145 668 est,
1174 603 1424 658 clementi
1454 615 1640 670 preces
1679 615 1777 652 no-

213 712 346 758 atras
369 701 582 769 suscipe
606 697 819 754 aﬂectu.
865 694 999 749 Nam
1039 691 1318 746 intendere
1351 688 1629 744 oculorum
1669 693 1775 752 est,

214 806 396 864 preces
432 790 720 846 admittere
767 785 1002 841 aurium.
1051 781 1158 836 Sed
1204 781 1324 834 ideo
1368 778 1661 833 istaverba
1692 791 1780 830 so-

215 885 347 939 ciata
371 890 538 948 sunt,
583 889 645 936 ut
687 879 966 934 ambarum
997 888 1177 929 rerum
1205 886 1346 926 unus
1393 867 1780 937 intelligeretur

213 972 447 1028 eﬂectus.
476 970 744 1040 Quidquid
772 967 916 1022 enim
943 964 1029 1029 vel
1058 963 1206 1017 auris
1239 961 1390 1016 audit
1416 1000 1432 1025 ,
1481 958 1566 1012 vel
1593 957 1780 1012 oculus

212 1062 376 1126 videt,
399 1060 485 1115 vel
512 1074 704 1116 manus
749 1055 931 1127 palpat
955 1095 971 1121 ,
1039 1053 1124 1108 vel
1159 1067 1279 1121 qua:
1322 1048 1534 1120 palatus
1579 1055 1777 1117 gustat,

209 1150 290 1205 vel
319 1161 485 1205 nasus
521 1150 809 1210 odoratur,
847 1146 958 1201 Deo
997 1143 1110 1198 sola
1155 1138 1624 1208 contemplationis
1665 1137 1778 1190 vir-

210 1246 317 1294 tute
337 1239 614 1294 notissima
642 1245 788 1292 sunt.
817 1236 989 1290 Nares
1025 1234 1227 1289 idcirco
1255 1231 1626 1293 nominantur,
1654 1227 1778 1296 quia

208 1343 413 1400 pereas
433 1330 518 1385 vel
545 1330 701 1394 odor,
731 1327 817 1383 vel
861 1327 1082 1398 spiritus
1119 1338 1345 1379 manare
1394 1335 1501 1375 non
1539 1318 1777 1373 desinit:

210 1419 319 1473 sive
337 1419 461 1487 Quia
483 1433 586 1473 nos
605 1417 770 1473 odore
799 1416 1108 1478 admonent,
1123 1421 1182 1467 ut
1201 1411 1445 1467 norimus
1466 1407 1692 1475 aliquid,
1717 1421 1780 1460 ac

206 1507 450 1562 sciamus.
479 1506 634 1563 Unde
669 1513 856 1560 contra
881 1503 1034 1557 inscii
1078 1501 1142 1556 ac
1193 1501 1355 1554 rudes
1396 1496 1567 1568 ignari
1596 1496 1783 1550 dicun-

209 1607 310 1651 tur.
337 1595 597 1651 Olfecisse
631 1596 775 1651 enim
812 1594 981 1648 scisse
1007 1598 1217 1644 veteres
1256 1587 1527 1643 dicebant.
1568 1585 1626 1638 lu
1653 1581 1783 1639 odo-

207 1695 321 1742 ratu
343 1688 488 1742 enim
509 1687 766 1742 discretio
790 1685 917 1740 boni
946 1699 1010 1739 ac
1029 1682 1156 1738 mali
1184 1681 1514 1751 designatur.
1542 1677 1599 1732 In
1631 1676 1783 1731 Scri-

204 1791 355 1852 ptura
368 1793 498 1837 vero
523 1796 680 1836 sacra
701 1779 963 1835 vocabulo
984 1777 1196 1833 narium
1220 1774 1508 1844 aliquando
1537 1771 1778 1835 fatuitas,

1879 603 1979 658 tiat
2025 602 2376 664 voluntatem,
2426 597 2716 668 aliquando
2774 594 3037 664 Spiritum
3076 601 3339 654 sanctum.
3398 602 3460 649 ut

1877 702 1960 748 cst
1992 692 2120 746 illud
2147 710 2158 743 :
2192 689 2264 744 Os
2306 689 2515 742 Domini
2545 686 2776 745 locutum
2801 693 2876 739 est
2909 683 3065 755 (Isai.
3099 683 3162 753 l).
3195 682 3458 751 Loquitur

1877 786 2062 854 utique
2090 784 2225 852 ipse,
2263 781 2354 850 qui
2385 781 2528 848 loqui
2552 779 2700 834 facit.
2726 776 2862 832 Nam
2884 775 3132 845 quamvis
3165 773 3338 829 alieno
3360 773 3459 827 mi-

1879 876 2103 931 nisterio
2129 888 2306 928 sermo
2340 872 2721 941 depromatnr,
2760 854 2998 936 Spiritus
3023 871 3248 920 sanctus
3277 869 3460 916 tamen

1879 968 2132 1037 loquitur,
2157 963 2309 1031 cujus
2345 968 2611 1031 praecepta
2647 958 2968 1028 vulgantur,
2989 955 3129 1010 sicut
3176 951 3307 1007 dicit
3332 949 3460 1004 bea-

1879 1066 1966 1110 tus
1992 1052 2264 1123 apostolus
2293 1050 2524 1104 Petrus:
2557 1046 2682 1100 Non
2737 1045 2873 1098 enim
2928 1056 3160 1111 unquam
3195 1037 3462 1094 voluntate

1879 1147 2110 1200 humana
2139 1141 2302 1196 allata
2321 1149 2395 1194 est
2431 1135 2701 1209 prophetia
2725 1150 2742 1188 :
2772 1132 2862 1187 sed
2891 1130 3092 1201 Spiritu
3117 1137 3298 1183 sancto
3318 1135 3460 1181 atta-

1880 1236 1949 1289 cti
1991 1234 2150 1287 locuti
2195 1239 2315 1285 sunt
2353 1227 2524 1284 sancti
2550 1221 2909 1280 hominesDei
2932 1218 3018 1291 (II
3058 1217 3204 1272 Petr.
3253 1215 3316 1288 ι).
3352 1214 3466 1268 Ali-

1881 1323 2095 1395 quando
2131 1324 2398 1378 interuam
2431 1316 2811 1388 cogitationem
2832 1310 3065 1366 hominis
3101 1306 3365 1375 ostendit,
3405 1310 3468 1359 ut

1881 1392 1965 1468 est
2017 1411 2187 1466 illud:
2223 1410 2294 1464 0s
2345 1409 2478 1478 justi
2533 1402 2871 1460 meditabitur
2921 1398 3228 1469 sapientiam
3271 1392 3464 1466 (Psal.

1882 1499 2088 1571 xxxvi).
2115 1498 2234 1553 Non
2271 1499 2416 1552 enim
2441 1496 2594 1560 dicit,
2625 1492 2907 1548 meditatur
2927 1528 2944 1554 ,
2988 1487 3084 1543 sed
3110 1484 3465 1552 meditabitur,

1881 1593 1949 1648 de
1989 1593 2186 1647 futuro.
2219 1590 2292 1646 Os
2320 1590 2408 1644 hic
2459 1572 2838 1657 cogitationem
2868 1582 3128 1637 debemus
3178 1579 3463 1647 accipere:

1884 1686 2009 1755 quia
2037 1685 2102 1739 de
2138 1684 2319 1752 lingua
2347 1679 2614 1749 sequitur,
2643 1675 2774 1745 quid
2820 1675 3090 1743 loquatur.
3125 1670 3472 1728 Meditabitur

1883 1791 2010 1846 ergo
2035 1773 2375 1844 sapientiam,
2400 1784 2505 1824 non
2529 1765 2937 1835 Scripturarum
2957 1762 3208 1825 lectione,
3233 1760 3328 1815 sed
3347 1773 3470 1814 cor-

205 1872 483 1942 aliquando
538 1872 749 1940 antiqui
795 1869 968 1924 hostis
1014 1866 1311 1937 instigatio,
1343 1861 1629 1932 aliquando
1654 1874 1784 1915 vero
1811 1859 1859 1917 Β
1887 1870 1969 1924 dis
1997 1869 2282 1939 purissima
2309 1865 2534 1920 visione.
2574 1861 2646 1917 lbi
2675 1862 2821 1916 enim
2847 1874 2954 1914 non
2986 1856 3180 1912 litteris
3207 1853 3472 1925 sapientia

203 1962 536 2032 prascientia
565 1961 702 2016 solet
728 1959 971 2030 intelligi.
1013 1955 1244 2010 Naribus
1275 1968 1508 2022 namque
1563 1951 1784 2004 fatuitas

204 2051 508 2122 designatur
533 2050 792 2112 scientia),
823 2056 883 2102 ut
919 2045 1167 2114 superius
1187 2042 1476 2097 Salomone
1496 2045 1784 2094 attestantc

204 2141 495 2206 docuimus,
524 2139 617 2210 qui
666 2139 781 2192 ait:
822 2135 1065 2191 Circulus
1100 2148 1292 2187 aureus
1324 2132 1381 2183 in
1414 2129 1627 2182 naribus
1651 2126 1781 2190 suis,

204 2231 384 2284 mulier
414 2229 640 2300 pulchra
661 2237 709 2283 et
753 2229 901 2298 fatua
930 2224 1110 2297 (Prov.
1151 2223 1252 2293 xu).
1301 2221 1522 2276 Narium
1569 2219 1785 2274 nomine

202 2321 512 2376 exhalantes
538 2319 747 2374 insidiae
776 2326 936 2387 atque
965 2313 1238 2384 instigatio
1262 2311 1470 2381 antiqui
1494 2309 1664 2365 hostis
1686 2324 1782 2363 ac-

203 2412 415 2480 cipitur,
440 2411 590 2480 quod
618 2411 671 2463 in
693 2409 833 2464 libro
856 2406 957 2462 Job
982 2404 1168 2461 de'illo
1195 2403 1454 2457 Dominus
1475 2408 1784 2464 attestatur,

205 2502 381 2557 dicens
407 2520 420 2554 :
454 2501 536 2554 De
560 2499 777 2554 naribus
829 2497 942 2567 ejus
993 2494 1226 2566 procedit
1258 2493 1435 2561 fumus
1466 2490 1608 2561 (Job.
1635 2490 1783 2559 xu);

207 2609 265 2648 ac
290 2595 334 2648 si
385 2595 574 2649 dicat:
612 2592 685 2646 De
735 2606 975 2661 perversa
1013 2587 1408 2657 investigatione
1444 2584 1588 2638 illius
1614 2584 1670 2636 in
1691 2585 1789 2638 hu-

206 2683 368 2736 manis
396 2681 647 2735 cordibus
668 2679 836 2747 caligo
873 2677 1202 2748 nequissime
1246 2675 1573 2745 cogitationis
1596 2673 1784 2742 surgit,

205 2791 291 2845 per
305 2791 461 2845 quam
477 2773 765 2827 videntium
788 2769 925 2824 oculi
949 2767 1321 2822 tenebrescant.
1345 2765 1402 2819 In
1421 2763 1641 2818 naribus
1656 2777 1789 2832 quo-

206 2881 306 2936 que
334 2863 678 2935 praescientia
705 2861 1038 2930 designatur,
1060 2858 1198 2912 sicut
1227 2871 1325 2927 per
1355 2854 1677 2923 Prophetam
1709 2852 1789 2906 di-

207 2955 378 3010 citur:
408 2952 676 3017 Quiescite
722 2954 786 3003 ab
822 2949 1048 3012 homine,
1084 2949 1236 3016 cujus
1265 2946 1482 3015 spiritus
1510 2952 1583 2996 est
1613 2944 1669 2996 in
1691 2959 1788 2994 na-

208 3046 344 3100 ribus
364 3053 476 3114 ejus
500 3061 518 3097 :
556 3045 682 3114 quia
709 3040 938 3095 excelsus
991 3047 1259 3108 reputatus
1299 3045 1373 3089 est
1397 3037 1506 3105 ipse
1538 3033 1671 3104 (Isa.
1701 3032 1784 3103 II).

210 3134 582 3203 Redemptoris
607 3146 737 3200 ergo
759 3130 930 3184 nostri
954 3128 1176 3198 spiritus
1199 3141 1318 3182 esse
1345 3126 1399 3180 in
1429 3123 1646 3178 naribus
1672 3122 1788 3192 ejus

1884 1961 2174 2029 colligitur,
2206 1959 2299 2013 sed
2331 1951 2538 2011 caelesti
2585 1952 2834 2022 largitate
2873 1947 3207 2004 inelaborata
3247 1952 3473 2026 praesta-

1881 2061 1988 2106 tur.
2009 2021 2288 2104 vSimiliter
2321 2061 2383 2101 os
2412 2046 2464 2098 in
2490 2042 2818 2100 contrariam
2860 2046 3068 2107 partem
3112 2021 3350 2104 ponitur,
3373 2030 3466 2084 ubi

1884 2143 1950 2198 ad
1984 2152 2326 2213 peccatorem
2358 2136 2590 2192 dicitur:
2625 2131 2698 2187 0s
2724 2141 2872 2184 tuum
2895 2125 3180 2212 abundavit
3210 2121 3469 2192 nequitia,

1883 2241 1929 2286 et
1955 2209 2134 2298 lingua
2155 2238 2246 2282 tua
2268 2225 2596 2281 concinnavit
2640 2220 2822 2277 dolum
2841 2216 3016 2291 (Psal.
3049 2210 3221 2285 XLIX).
3252 2209 3326 2268 Os
3372 2225 3473 2280 pro

1885 2321 2068 2375 dolosa
2097 2317 2420 2388 cogitatione
2452 2313 2688 2383 positum
2721 2317 2842 2373 est,
2889 2315 2944 2362 et
2988 2305 3173 2375 lingua
3214 2317 3314 2373 pro
3337 2299 3474 2355 falsa

1883 2411 2208 2469 laudatione,
2235 2407 2318 2460 vel
2348 2397 2572 2460 consilio
2595 2401 2852 2471 maligno.
2874 2397 2950 2452 Os
2991 2395 3191 2450 locutio
3213 2393 3353 2448 bona
3380 2391 3471 2445 vel

1884 2500 2046 2563 mala,
2078 2510 2138 2553 ut
2165 2498 2217 2551 in
2257 2494 2548 2566 Evangelia
2578 2512 2590 2546 :
2621 2492 2706 2546 Ea:
2743 2489 2908 2545 verbis
2935 2489 3039 2541 tuis
3070 2473 3470 2556 justiﬁcaberis,

1885 2604 1933 2645 et
1961 2606 2025 2644 ex
2054 2589 2215 2643 verbis
2265 2588 2368 2640 tuis
2410 2582 2836 2639 condemnaberis
2885 2577 3100 2650 (Matth.
3131 2573 3303 2646 ms).
3357 2571 3474 2628 Ali-

1887 2681 2101 2753 quando
2126 2694 2254 2733 vero
2289 2693 2351 2732 os
2379 2677 2597 2747 ponitur
2633 2689 2732 2743 pro
2752 2671 2883 2742 ipsis
2905 2668 3105 2733 verbis,
3133 2674 3193 2720 ut
3229 2674 3314 2720 est
3337 2663 3467 2718 illud

1888 2772 1942 2826 in
1979 2767 2331 2842 Apocalypsi:
2359 2760 2434 2819 Et
2458 2767 2514 2820 in
2540 2782 2630 2819 ore
2671 2765 2926 2834 ipsorum,
2951 2759 3056 2814 hoc
3086 2768 3189 2823 est,
3217 2757 3272 2811 in
3293 2754 3477 2809 verbis

1888 2879 2095 2928 eorum,
2120 2878 2222 2914 non
2241 2867 2314 2913 est
2337 2857 2575 2912 auditum
2603 2853 2932 2921 mendacium
2957 2849 3138 2921 (Apoc.
3170 2845 3304 2915 11v).
3335 2844 3402 2898 Et
3421 2844 3476 2898 in

1887 2952 2094 3024 psalmo
2121 2969 2134 3005 :
2162 2948 2232 3004 0s
2272 2963 2443 3001 meum
2471 2945 2712 3015 loquetur
2742 2941 3053 3010 sapientiam
3082 2979 3097 3002 ,
3135 2945 3180 2991 et
3210 2932 3476 2989 meditatio

1889 3042 2060 3096 cordis
2085 3041 2186 3093 mei
2216 3037 2544 3108 prudentiam
2584 3031 2754 3106 (Psal.
2780 3030 2991 3100 xum).
3039 3027 3314 3098 Sapientia
3349 3039 3478 3094 per-

1892 3133 2028 3186 tinet
2075 3131 2142 3184 ad
2192 3139 2303 3182 tres
2349 3127 2559 3182 divinas
2612 3125 2713 3178 edo
2747 3123 2942 3186 endas,
2973 3119 3263 3190 prudentia
3296 3116 3361 3170 ad
3391 3121 3480 3170 res

212 3225 436 3279 dicitur:
472 3232 533 3277 ut
559 3221 811 3275 videlicet
835 3218 1058 3273 scientia
1099 3215 1243 3270 illius
1272 3229 1395 3269 esse
1417 3213 1470 3266 in
1498 3206 1788 3282 praescien-
1817 3204 1862 3265 C
1894 3222 2198 3294 probabiles
2246 3218 2621 3274 instituendas,
2674 3214 2767 3268 Sic
2812 3213 2989 3268 omnis
3025 3225 3220 3265 sermo
3264 3207 3478 3263 divinus

211 3315 278 3367 tia
309 3313 643 3383 designetur.
686 3309 788 3363 Per
839 3322 998 3362 nares
1028 3303 1314 3373 aliquando
1348 3301 1556 3357 insidiae
1582 3299 1786 3368 antiqui

211 3403 389 3458 hostis.
413 3401 552 3454 Nam
585 3401 638 3454 in
661 3397 884 3453 Cantico
909 3397 1244 3450 canticorum
1273 3392 1514 3460 Sponsus
1533 3388 1599 3442 ad
1625 3387 1792 3456 Spon-

212 3509 318 3547 sam
350 3491 482 3546 dicit
509 3505 525 3544 :
567 3489 742 3543 Nasus
773 3497 895 3541 tuus
919 3487 1052 3540 sicut
1080 3485 1241 3538 turris
1257 3482 1444 3536 Libani
1474 3478 1652 3552 (Cant.
1671 3478 1788 3549 vn).

212 3583 264 3636 In
296 3599 426 3637 naso
451 3581 609 3634 verbi
655 3580 750 3634 Dei
782 3577 1399 3648 dispensatores,'causa
1427 3570 1806 3634 discretionis,

211 3673 588 3743 designantur;
614 3669 801 3734 turris,
845 3669 970 3738 quia
997 3664 1483 3721 eminentissimum
1512 3662 1687 3716 locum
1710 3669 1791 3715 te-

213 3778 336 3818 ncut
371 3766 426 3818 in
456 3761 725 3818 Ecclesia.
770 3762 902 3816 Item
945 3760 1000 3816 in
1028 3760 1249 3814 naribus
1297 3757 1625 3828 spiraculum
1669 3756 1792 3810 ﬁdei

211 3855 582 3923 bonarumque
629 3854 889 3906 virtutum
923 3851 1273 3925 exprimitur,
1323 3859 1382 3918 ut
1431 3856 1517 3902 est
1562 3847 1693 3901 illud
1742 3847 1796 3900 in

213 3941 343 3997 Job:
376 3943 615 4014 Spiritus
635 3942 841 3995 divinus
865 3941 922 3994 in
946 3940 1156 3993 naribus
1184 3940 1309 3992 meis
1337 3937 1478 4008 (Job.
1508 3937 1639 4006 xu).
1663 3936 1797 3991 Item

213 4035 264 4088 in
309 4037 510 4090 malam
541 4045 749 4104 partem
795 4032 1008 4086 narium
1059 4031 1291 4084 trahitur
1333 4027 1678 4098 signiﬁcatio,
1706 4025 1797 4080 ubi

215 4123 469 4180 Dominus
518 4125 584 4178 de
613 4124 909 4179 Leviathau
937 4121 1003 4174 ad
1021 4119 1121 4175 Job
1163 4119 1375 4173 locutus
1413 4118 1525 4171 ait:
1555 4117 1629 4170 De
1659 4117 1802 4169 nari-

217 4217 303 4270 bus
327 4215 441 4284 ejus
475 4211 716 4279 procedit
746 4210 920 4279 fumus
952 4207 1095 4280 (Job.
1145 4206 1235 4275 tu.)
1260 4246 1275 4270 ,
1331 4205 1384 4259 id
1431 4213 1536 4269 est,
1561 4203 1756 4258 diaboli
1782 4220 1794 4256 :

217 4305 334 4373 quia
362 4303 428 4356 de
469 4300 861 4355 miraculorum
910 4297 1118 4352 insidiis
1162 4297 1229 4351 ad
1275 4302 1605 4350 momentum
1635 4294 1801 4347 etiam

219 4394 508 4464 caliginosa
539 4391 786 4446 dubietas
834 4396 1140 4459 generatur.
1183 4386 1320 4441 Hinc
1349 4401 1565 4441 rursum
1592 4385 1658 4439 de
1699 4384 1801 4437 Be-

1892 3293 2096 3368 duabus
2130 3311 2213 3364 bis
2241 3308 2532 3364 virtutibus
2566 3304 2854 3359 indicatur.
2899 3299 3064 3354 Labia
3115 3309 3147 3353 a
3194 3293 3480 3353 lambendo

1891 3403 2190 3458 nominata.
2250 3398 2401 3465 Quod
2425 3405 2604 3452 autem
2648 3393 2897 3463 superius
2943 3397 3058 3454 est,
3103 3387 3302 3441 labium
3347 3383 3484 3438 dici-

1891 3508 2010 3547 mus
2043 3511 2055 3545 :
2104 3490 2247 3561 quod
2285 3487 2531 3552 inferius,
2564 3502 2628 3540 eo
2671 3485 2812 3554 quod
2842 3469 3080 3553 gros'sius
3126 3477 3216 3542 sit,
3252 3476 3479 3529 labrum.

1890 3583 1995 3637 Alii
2026 3583 2262 3636 virorum
2316 3579 2498 3642 labra,
2547 3576 2836 3630 mulierum
2876 3572 3016 3625 labia
3058 3569 3263 3623 dicunt.
3314 3564 3483 3619 Labia

1895 3673 2180 3742 aliquando
2208 3685 2307 3740 pro
2349 3668 2563 3723 occulto
2589 3666 2769 3728 verbo,
2801 3660 3090 3732 aliquando
3130 3672 3232 3728 pro
3259 3653 3484 3742 manile-

1895 3740 2289 3833 sto—ponuntur.
2331 3759 2437 3813 Pro
2458 3757 2689 3821 occulto,
2722 3763 2782 3808 ut
2824 3763 2909 3807 est
2956 3750 3084 3804 illud
3131 3740 3480 3803 Salomonis:

1897 3854 2061 3908 Labia
2102 3851 2238 3922 justi
2267 3848 2598 3903 considerant
2641 3843 2858 3914 placita,
2884 3849 2930 3896 et
2960 3856 3013 3894 os
3041 3838 3319 3907 impiorum
3362 3849 3480 3902 per-

1895 3959 2043 3996 versa
2073 3921 2253 4010 (Prov.
2293 3937 2369 4006 x).
2399 3936 2504 3988 Pro
2537 3931 2823 4010 manifesto
2849 3938 3051 3988 autem,
3073 3936 3134 3978 ut
3153 3931 3238 3979 est
3263 3922 3392 3976 illud
3425 3921 3479 3974 iu

1897 4008 2110 4086 Psalmo
2141 4043 2156 4082 :
2184 4027 2347 4080 Labia
2372 4040 2486 4077 mea
2510 4008 2801 4076 laudabunt
2830 4028 2877 4071 te
2907 4014 3080 4087 (Psal.
3129 4012 3298 4082 un).
3347 4009 3484 4063 Item
3545 4020 3550 4024 ·

1899 4123 1954 4176 in
1980 4119 2205 4177 Cantico
2254 4115 2586 4170 canticorum
2617 4110 2866 4178 Sponsus
2899 4106 2968 4160 ad
3013 4104 3278 4174 Sponsam
3307 4101 3438 4156 dicit
3467 4117 3480 4151 :

1902 4210 2048 4264 Sicut
2104 4209 2230 4261 vitta
2277 4204 2514 4259 coccinea
2540 4241 2556 4265 ,
2607 4199 2746 4252 labia
2790 4208 2922 4251 tua:
2966 4205 3012 4249 et
3041 4194 3302 4264 eloquium
3335 4200 3482 4244 tuum

1901 4299 2060 4355 dulce,
2076 4297 2251 4371 (Cant.
2283 4296 2378 4367 iv).
2404 4294 2548 4348 Vitta
2574 4291 2824 4347 coccinea
2855 4287 3101 4342 doctrina
3132 4283 3377 4339 veritatis
3402 4282 3486 4335 in-

1902 4390 2178 4460 telligitur.
2237 4385 2402 4440 Labia
2430 4397 2638 4452 sponsae
2691 4394 2855 4434 cocco
2898 4375 3305 4438 assimilantur,
3358 4371 3485 4440 quia

219 4463 430 4537 hemoth
450 4484 569 4536 ait:
590 4480 656 4533 In
684 4479 899 4532 sudibus
923 4477 1209 4547 perforabts
1234 4493 1385 4530 nares
1407 4476 1538 4545 ejus.
1557 4475 1693 4540 Quid
1707 4490 1804 4543 per
1843 4546 1850 4547 ί
1903 4479 2115 4534 Domini
2146 4475 2443 4546 sanguinis,
2471 4486 2578 4540 quo
2625 4468 2900 4534 redempta
2935 4473 3038 4528 est,
3081 4463 3312 4533 pretium
3345 4476 3486 4530 prze-
3526 4479 3530 4483 -

219 4571 392 4637 sudes,
421 4570 538 4624 nisi
569 4577 724 4623 acuta
754 4546 978 4622 consilia
1007 4573 1339 4630 sanctorum,
1369 4580 1489 4634 qua:
1517 4563 1675 4633 hujus
1704 4565 1791 4618 Be-

1907 4573 2088 4626 dieare
2117 4583 2223 4625 non
2252 4572 2428 4619 cessat
2451 4561 2713 4624 Ecclesia,
2741 4558 2824 4612 vel
2856 4557 2982 4626 quia
3023 4554 3335 4624 praedicatio
3363 4567 3489 4606 sau-

219 4664 431 4718 hemoth
460 4676 629 4717 nares
656 4659 955 4729 perforant,
987 4658 1114 4712 dum
1140 4657 1517 4727 sagacissimas
1538 4654 1651 4722 ejus
1679 4656 1808 4709 insi-

224 4756 331 4810 dias
358 4765 412 4810 et
445 4751 725 4824 vigilando
757 4749 1196 4818 circumspiciunt
1221 4755 1278 4802 et
1305 4748 1605 4817 superando
1627 4754 1805 4800 trans-

223 4848 415 4919 ﬁgunt?
454 4848 591 4902 Sive
621 4844 787 4915 ipsius
822 4841 986 4896 verba
1031 4840 1243 4894 Domini
1289 4840 1451 4893 sudes
1489 4845 1645 4903 sunt,
1689 4836 1808 4905 qui-

224 4940 317 4994 bus
350 4938 655 4994 Bchemoth
702 4949 861 4989 nares
909 4929 1288 5002 perforantur?
1314 4929 1416 4994 Qui
1472 4943 1592 4982 cum
1634 4927 1803 4980 Deum

226 5031 565 5084 incarnatum
589 5039 708 5081 esse
749 5023 1040 5086 dubitaret,
1065 5021 1168 5075 hoc
1198 5035 1263 5074 ex
1306 5018 1490 5088 petitis
1532 5015 1806 5070 miraculis

228 5119 476 5172 tentando
511 5127 835 5186 cognoscere
858 5111 1047 5176 voluit,
1065 5110 1286 5163 dicens:
1321 5106 1382 5162 Si
1405 5105 1579 5159 Filius
1613 5105 1706 5158 Dei
1727 5121 1803 5168 es,

227 5210 304 5261 dic
332 5219 385 5261 ut
408 5207 616 5278 lapides
643 5207 730 5258 isti
779 5219 936 5274 panes
959 5202 1088 5270 ﬁant
1122 5199 1335 5271 (Matth.
1381 5197 1476 5268 ιν).
1513 5197 1617 5251 Sed
1646 5212 1676 5248 a
1703 5196 1808 5249 Do—

228 5298 366 5351 mino
381 5295 592 5351 audivit
610 5295 792 5348 haec...
810 5300 865 5347 et
888 5292 974 5346 his
995 5288 1384 5345 sententiarum
1403 5288 1520 5356 ejus
1548 5285 1810 5340 acumini-

225 5385 325 5444 bus
348 5388 625 5460 indagatio
655 5385 861 5454 antiqui
883 5383 1051 5437 hostis
1072 5380 1316 5452 perculsa
1355 5390 1457 5434 est.
1483 5379 1556 5434 Os
1581 5379 1804 5442 dictum,

231 5477 368 5545 quod
391 5493 492 5548 per
520 5478 730 5548 ipsum,
783 5474 934 5542 quasi
963 5487 1059 5541 per
1079 5472 1298 5533 ostium,
1331 5479 1384 5522 et
1429 5469 1576 5522 cibos
1630 5467 1805 5519 intro-

233 5566 507 5632 tuittimus,
529 5578 586 5621 et
611 5575 827 5635 sputum
849 5563 992 5616 foras
1022 5559 1334 5630 projicimus
1359 5578 1370 5611 :
1401 5559 1482 5613 vel
1509 5558 1634 5626 quia
1666 5555 1807 5609 unde

236 5655 602 5724 ingrediuntur
656 5654 794 5717 cibi,
854 5652 978 5706 inde
1014 5651 1361 5722 egrediuntur
1405 5661 1699 5704 sermones.
1736 5646 1808 5701 Os

237 5743 509 5815 aliquando
571 5744 840 5816 signiﬁcat
882 5743 1056 5813 ipsum
1100 5741 1372 5807 Verbum,
1417 5742 1518 5796 hoc
1563 5746 1666 5804 est,
1716 5737 1805 5793 Jc-

1907 4666 1992 4714 cta
2032 4655 2308 4712 charitatis
2358 4653 2549 4705 ardore
2583 4646 2920 4702 ﬂammescit.
2968 4643 3100 4696 Item
3142 4641 3384 4710 Sponsus
3421 4639 3488 4692 de

1907 4763 2098 4818 sponsa
2127 4746 2256 4799 dicit
2283 4762 2296 4797 :
2326 4742 2490 4795 Labia
2517 4738 2661 4793 illius
2711 4735 2824 4789 lilia
2875 4733 3187 4787 distillantia
3222 4730 3489 4799 myrrham

1905 4839 2125 4908 primani
2154 4833 2326 4901 (Cant.
2351 4831 2426 4900 v).
2468 4829 2631 4882 Labia
2654 4826 2818 4889 illius,
2848 4825 3010 4877 verba
3042 4830 3166 4875 sunt
3195 4819 3480 4881 doctrinae;

1906 4906 2039 4987 lilia,
2072 4924 2194 4993 quia
2226 4921 2523 4975 claritatem
2555 4915 2706 4984 regni
2742 4912 2978 4967 cmlestis
3006 4909 3329 4980 promittunt
3355 4923 3369 4959 :
3397 4906 3484 4958 di-

1905 5014 2160 5070 stillantia
2207 5011 2468 5081 myrrham
2518 5007 2744 5077 primam
2769 5020 2787 5057 :
2825 5003 2950 5070 quia
2997 5016 3095 5069 per
3120 5005 3484 5065 contemptuu.

1906 5107 2236 5162 voluntatum
2265 5098 2612 5170 praesentium
2638 5096 2704 5148 ad
2732 5095 2872 5147 hanc
2917 5090 3336 5161 perveniendum
3365 5101 3485 5141 esse

1905 5196 2216 5268 praedicant.
2249 5192 2470 5260 Linguae
2498 5204 2528 5241 a
2559 5185 2775 5256 ligando
2827 5184 2948 5237 cibo
2993 5188 3143 5251 putat
3185 5180 3351 5233 Varro
3391 5191 3486 5229 uo-

1907 5303 2031 5342 mcn
2080 5285 2422 5353 impositum:
2455 5279 2567 5343 alii,
2592 5277 2736 5346 quod
2791 5274 3140 5344 particulatos
3177 5285 3337 5324 sonos
3365 5282 3487 5321 ver-

1907 5377 2097 5430 borum
2125 5374 2270 5443 ligat.
2305 5371 2455 5424 Sicut
2477 5368 2620 5422 enim
2646 5365 2909 5434 plectrum
2937 5361 3173 5423 chordis,
3204 5360 3276 5412 ita
3306 5357 3487 5424 lingua

1912 5468 2132 5520 illiditur
2182 5464 2430 5518 dentibus
2465 5468 2521 5514 et
2563 5457 2806 5513 vocalem
2859 5469 3050 5509 sonum
3095 5449 3275 5504 edicit.
3313 5445 3404 5500 Sic
3432 5453 3486 5500 et

1910 5558 2111 5627 lingua,
2140 5571 2203 5608 eo
2231 5552 2373 5623 quod
2402 5551 2671 5620 eloquium
2719 5547 2930 5607 format,
2961 5557 3058 5611 pro
3089 5539 3296 5610 loquela
3330 5538 3486 5607 poni-

1912 5655 2018 5698 tur.
2050 5643 2200 5698 Unde
2227 5643 2477 5695 dicuntur
2510 5652 2708 5705 genera
2740 5635 3042 5704 linguarum
3068 5648 3080 5683 :
3113 5629 3238 5699 quia
3286 5624 3488 5680 diversi

1912 5744 2037 5794 sunt
2062 5735 2176 5790 soni
2195 5732 2500 5786 verborum.
2529 5726 2911 5798 Loquebantur
2938 5721 3082 5778 enim
3108 5719 3269 5774 variis
3294 5713 3489 5786 linguis
