3896 6348
360 446 365 451 ,
405 386 511 444 £53

1049 384 1111 439 Β.
1151 381 1407 438 RABANI
1445 379 1664 437 MAURI
1699 379 2018 436 ARCIIlEP.
2060 379 2370 438 MOGUNT.
2412 380 2698 439 OPERUM
2738 382 2918 440 PARS
2956 384 3018 441 ll.

3574 393 3676 449 Ιῗῖίῖ

400 494 631 569 apostoli
662 494 928 565 magnalia
958 493 1058 549 Dei
1101 493 1240 567 (Act.
1274 494 1336 566 ιι)
1388 494 1514 563 quia
1550 492 1783 568 Spiritus
1821 492 1991 548 sancti
2021 498 2072 559 Α
2098 495 2239 563 quod
2262 486 2648 551 Joab‘Amasa
2687 504 2928 551 mentum
2951 498 3139 553 dextra
3170 516 3330 556 manu
3360 490 3554 572 tenuit,
3588 510 3682 563 sed

400 585 634 658 gratiam
670 592 995 657 acceperunt
1014 584 1161 655 loqui
1188 598 1349 656 posse
1376 585 1627 641 omnibus
1656 584 1853 655 linguis
1872 583 1989 639 lau—

400 677 525 732 dem
553 676 671 732 Dei.
699 675 833 732 Item
863 674 1043 747 lingua
1074 674 1319 731 doctrina
1348 683 1497 730 recta
1516 675 1613 749 _vel
1640 689 1829 753 prava,
1852 684 1914 730 ut
1936 675 1993 730 in

406 766 737 823 Salomone:
770 764 945 821 Labia,
988 764 1303 837 sapientium
1342 762 1751 820 disseminabunt
1779 764 1991 834 sapien-

426 858 573 925 iam,
622 856 805 929 lingua
847 871 1127 928 pravorum
1172 854 1360 926 peribit
1387 853 1573 923 (Prov.
1623 855 1736 927 xv).
1795 854 1993 911 Dentes

458 952 586 1029 raci
605 951 820 1007 odontes
842 957 1041 1006 vocant
1067 957 1123 1005 et
1159 949 1283 1006 inde
1310 949 1366 1004 in
1395 949 1621 1007 latinum
1653 950 1868 1006 trahere
1896 964 1994 1005 no-

380 1044 387 1049 ’
418 1057 527 1099 nea
559 1041 831 1097 videntur.
855 1038 1177 1113 Signiﬁcant
1215 1040 1407 1095 dentes
1429 1038 1716 1113 aliquando
1742 1038 1993 1097 doctores

396 1131 674 1199 Ecclesia,
698 1138 760 1187 ut
778 1134 872 1188 est
897 1130 1029 1187 illud
1068 1132 1125 1187 in
1174 1129 1401 1187 Cantico
1450 1130 1806 1187 canticorum:
1855 1130 1994 1187 Den-

397 1232 473 1277 tes
502 1223 580 1277 tui
613 1222 747 1277 sicut
771 1238 950 1294 greges
989 1230 1263 1276 tonsuram
1290 1220 1473 1291 (Cant.
1504 1219 1602 1293 IV).
1655 1220 1713 1275 In
1743 1220 1992 1277 dentibus

402 1326 537 1368 vero
560 1312 914 1383 perfectiores
943 1312 1161 1383 quique,
1196 1320 1253 1367 et
1279 1312 1348 1367 ad
1380 1312 1669 1384 regendam
1694 1312 1992 1370 Ecclesiam

400 1400 496 1456 Dei
524 1400 762 1470 aptiores
780 1401 1152 1472 designantur.
1182 1400 1261 1456 illi
1291 1401 1435 1457 enim
1465 1401 1839 1456 comminuunt
1863 1416 1991 1457 sen-

397 1491 598 1545 tentias
622 1505 904 1546 sacrarum
949 1490 1374 1561 Scripturarum,
1402 1498 1460 1546 et
1507 1491 1562 1545 in
1597 1503 1813 1561 pastum
1851 1492 1994 1546 rcdi—

396 1587 532 1651 gunt
581 1579 818 1635 ﬁdelium
860 1581 1184 1636 animarum.
1218 1580 1352 1636 ltem
1398 1580 1451 1633 in
1481 1578 1695 1635 Psalmo
1720 1579 1992 1649 Propheta

400 1671 469 1725 ad
520 1671 804 1727 Dominum
854 1672 1022 1728 dicit:
1072 1671 1265 1726 Dentes
1326 1680 1657 1743 peccatorum
1705 1671 1992 1726 contrivisti

396 1762 570 1837 (Psal.
590 1764 695 1837 Ill),
727 1765 781 1821 id
820 1776 923 1834 est,
949 1766 1345 1822 detrahentium
1374 1763 1537 1819 verba
1566 1754 1869 1830 mordacia,
1899 1763 1991 1834 qui

2096 584 2317 641 sinistra
2343 584 2578 653 gladium
2603 584 2835 642 latenter
2860 588 3080 645 mittens
3106 590 3220 659 ejus
3246 594 3457 649 viscera
3483 597 3679 653 ‘eﬂ'udi:

2096 678 2184 751 (II
2204 677 2331 748 Reg.
2362 675 2479 749 xx).
2528 679 2764 734 Dextera
2810 696 3046 751 namque
3099 695 3339 741 mentum
3386 696 3572 746 tenere
3603 705 3688 746 est

2093 769 2247 840 quasi
2275 784 2343 823 ex
2383 768 2807 841 benignitatibus
2851 771 3084 829 blandiri
3113 790 3129 829 :
3163 776 3259 830 sed
3310 778 3586 836 sinistram
3618 783 3687 837 ad

2092 858 2327 929 gladium
2360 857 2546 924 mittit,
2577 860 2671 930 qui
2698 861 2934 918 latenter
2958 879 3027 919 ex
3052 865 3256 921 malitia
3284 872 3537 938 percutit.
3562 871 3685 928 Col-

2092 948 2205 1003 lum
2227 947 2450 1013 dictum,
2473 951 2616 1020 quod
2645 950 2717 1006 sit
2760 951 3015 1022 rigidum,
3054 962 3109 1010 et
3143 956 3314 1012 haret
3342 966 3401 1013 ut
3433 960 3683 1016 columna

2091 1037 2340 1107 bajulans
2361 1049 2527 1110 caput
2556 1051 2612 1096 et
2642 1050 2973 1111 sustentans,
2996 1047 3151 1117 quasi
3170 1050 3494 1120 capitolium.
3518 1053 3685 1121 Cujus

2092 1129 2332 1186 anterior
2358 1146 2484 1201 pars
2506 1131 2630 1205 gula
2660 1141 2909 1201 vocatur,
2930 1137 3202 1205 posterior
3240 1141 3444 1196 cervix.
3485 1142 3682 1199 Cervix

2093 1228 2273 1274 autem
2302 1229 2514 1289 vocata,
2537 1221 2678 1292 quod
2709 1237 2808 1292 per
2858 1238 2978 1279 eam
3015 1233 3225 1295 partem
3277 1230 3564 1285 cerebrum
3616 1233 3683 1287 ad

2091 1310 2381 1367 medullam
2414 1313 2580 1382 spina
2603 1314 3059 1385 dirigatur,quasi
3086 1320 3295 1374 cerebri
3319 1321 3425 1375 via.
3463 1327 3684 1378 Veteres

2092 1414 2273 1459 autem
2302 1404 2494 1473 plurali
2523 1413 2733 1461 tantum
2763 1422 2991 1463 numero
3016 1411 3236 1466 cervices
3265 1413 3536 1469 dicebant.
3563 1414 3681 1469 Pri-

2091 1509 2214 1550 mus
2237 1494 2523 1551 Ostensius
2547 1497 2795 1551 cervicem
2817 1499 3167 1571 singulariter
3191 1503 3345 1557 dixit.
3370 1503 3567 1561 Cervix
3590 1522 3685 1561 au-

2095 1594 2202 1641 tem
2239 1601 2466 1642 numero
2499 1588 2757 1660 singulari
2809 1593 3112 1647 membrum
3163 1593 3337 1664 ipsum
3390 1596 3678 1667 significat.

2091 1677 2228 1734 Nam
2248 1680 2529 1757 pluraliter
2548 1683 2946 1738 contumaciam
2967 1700 3108 1756 saepe
3120 1685 3474 1742 demonstrat.
3490 1688 3682 1744 Cicero

2092 1768 2147 1823 in
2163 1769 2408 1826 Verrinis
2431 1788 2443 1824 :
2472 1768 2762 1825 Praetorem
2784 1781 2843 1828 tu
2865 1790 3099 1840 accuses,
3119 1776 3302 1846 frange
3325 1778 3594 1831 cervicem.
3624 1778 3679 1831 In

394 1855 649 1924 potestati
678 1855 873 1910 divina
926 1854 1176 1911 nefandis
1216 1854 1554 1925 dogmatibus
1603 1853 1988 1925 obloquuntur.
2019 1854 2066 1913 B
2094 1860 2233 1916 collo
2265 1860 2631 1932 intelligentia
2656 1862 2819 1919 decor
2839 1864 2921 1919 vel
2960 1868 3358 1935 praedicationis
3400 1867 3679 1932 fortitudo,

397 1948 602 2004 Dentes
643 1949 789 2005 enim
824 1948 953 2005 dicti
993 1956 1119 2005 sunt
1143 1964 1174 2003 a
1204 1948 1502 2003 demendo:
1531 1955 1586 2002 et
1616 1947 1737 2002 ideo
1767 1945 1988 2017 pulchre

399 2039 562 2095 nimis
610 2040 806 2112 lingua
849 2040 1251 2097 detrahentium
1296 2040 1484 2096 dentes
1529 2049 1832 2096 vocantur:
1863 2039 1990 2113 quia

396 2130 538 2187 sicut
573 2132 648 2187 illi
676 2133 917 2189 ciborum
968 2141 1152 2202 partes
1196 2134 1440 2198 demunt,
1470 2130 1544 2185 ita
1579 2141 1634 2186 et
1659 2131 1749 2187 isti
1783 2131 1990 2201 opinio-

397 2237 496 2278 nes
539 2224 818 2278 hominum
843 2224 1082 2279 adhibita
1116 2223 1453 2279 detractione
1494 2222 1806 2277 corrodunt.
1848 2221 1991 2275 Den-

394 2320 477 2368 tes
500 2310 806 2368 intelleetus
828 2312 942 2369 sive
968 2312 1169 2369 locutio
1198 2314 1339 2368 bona
1368 2313 1451 2368 vel
1496 2312 1660 2378 mala,
1684 2320 1744 2367 ut
1770 2313 1823 2367 in
1847 2312 1991 2367 Exo-

393 2406 504 2461 do:
548 2404 770 2460 Oculum
818 2422 912 2476 pro
961 2405 1133 2473 oculo,
1180 2406 1386 2460 dentem
1440 2422 1534 2477 pro
1586 2405 1740 2460 dente
1789 2404 1985 2477 (Exod.

396 2496 534 2568 ιιιιι).
575 2497 820 2553 Palatum
852 2505 1117 2562 nostrum,
1142 2497 1282 2552 sicut
1309 2496 1504 2550 coelum
1533 2505 1618 2551 est
1645 2497 1910 2566 positum;
1936 2506 1992 2551 et

396 2590 523 2644 inde
550 2589 789 2659 palatum
814 2606 844 2644 a
871 2588 994 2669 polo
1035 2603 1134 2659 per
1162 2587 1571 2644 derivationem.
1603 2587 1712 2641 Sed
1733 2595 1788 2640 et
1816 2586 1990 2642 Graeci

394 2678 647 2732 similiter
679 2678 976 2749 appellant,
1006 2692 1072 2732 eo
1103 2676 1247 2746 quod
1276 2691 1375 2745 pro
1399 2676 1481 2729 sui
1502 2674 1841 2729 concavitate
1866 2673 1989 2728 cali

394 2772 801 2827 similitudinem
831 2772 1050 2827 habeat.
1106 2768 1259 2825 Sicut
1282 2769 1519 2839 palatum
1545 2784 1708 2839 super
1753 2767 1989 2839 linguam

401 2871 602 2928 exstat,
629 2873 685 2919 et
705 2864 807 2919 sub
832 2878 898 2917 eo
923 2861 1089 2917 verba
1121 2860 1426 2916 formantur
1463 2876 1477 2926 ;
1511 2860 1592 2913 sic
1636 2866 1821 2914 nostra
1844 2858 1992 2912 locu-

397 2956 473 3009 tio
496 2952 702 3009 calesti
737 2952 1014 3023 sapientia
1041 2959 1097 3006 et
1125 2950 1354 3020 spiritali
1383 2950 1645 3004 doctrina
1668 2948 1991 3019 subjungere

395 3033 457 3101 se
488 3045 665 3111 debet,
689 3054 748 3099 ut
780 3044 965 3098 utilem
994 3042 1299 3098 doctrinam
1325 3048 1380 3095 et
1407 3038 1705 3109 proﬁcuam
1731 3037 1989 3092 auditori-

397 3139 501 3193 bus
529 3136 641 3191 suis
680 3134 925 3206 proferre
964 3133 1153 3204 possit.
1206 3131 1415 3187 Fauces
1451 3146 1482 3183 a
1528 3127 1815 3183 fundendis
1844 3127 1991 3181 voci-

2091 1948 2206 2002 sive
2236 1948 2398 2004 etiam
2420 1948 2668 2005 doctores
2689 1952 2864 2006 sancti
2893 1953 3271 2023 exprimuntur
3299 1974 3310 2008 :
3344 1963 3403 2009 ut
3432 1965 3519 2011 est
3554 1956 3681 2011 illud

2091 2037 2146 2093 in
2175 2036 2401 2093 Cantico
2425 2038 2760 2095 canticorum
2791 2058 2804 2093 :
2836 2040 3038 2096 Collum
3068 2052 3238 2109 tuum,
3286 2045 3422 2099 sicut
3452 2045 3675 2099 monilia

2092 2128 2270 2200 (Cant.
2299 2129 2371 2203 ι);
2411 2139 2467 2186 et
2499 2130 2733 2186 iterum:
2767 2132 2904 2186 sicut
2928 2133 3110 2199 turris,
3148 2134 3342 2203 inquit,
3369 2134 3538 2190 David
3570 2136 3681 2189 col-

2091 2223 2201 2276 lum
2226 2233 2375 2276 tuum
2407 2222 2583 2292 (Cant.
2612 2222 2708 2294 tv).
2741 2223 2928 2279 Turris
2966 2224 3136 2280 David
3175 2226 3419 2281 Ecclesia
3447 2234 3533 2281 est
3578 2225 3682 2281 Ca—

2092 2311 2291 2366 tholica
2321 2326 2335 2365 :
2370 2311 2591 2379 collum,
2613 2313 3001 2383 pradieatores
3020 2314 3213 2368 sancti.
3235 2314 3389 2370 Unde
3411 2316 3465 2368 in
3488 2316 3680 2371 eadem

2092 2402 2313 2459 civitate
2335 2405 2640 2459 constantia
2687 2403 2843 2459 ﬁrma
2868 2413 2970 2471 est,
2999 2413 3053 2461 ct
3077 2406 3314 2475 undique
3365 2408 3682 2477 inexplana-

2091 2494 2217 2550 bilis
2248 2495 2745 2569 [inexpugnabilis].
2776 2497 2907 2553 Item
2938 2498 3134 2554 collum
3161 2499 3247 2553 vel
3272 2500 3455 2554 cervis
3482 2501 3537 2555 in
3566 2515 3701 2553 ma-.

2092 2586 2197 2641 iam
2225 2596 2432 2658 partem
2464 2589 2755 2659 accipitur;
2782 2596 2842 2643 ut
2870 2598 2954 2645 est
2986 2590 3116 2645 illud
3147 2592 3213 2646 de
3238 2591 3502 2661 sapientia
3528 2594 3685 2648 testi-

2092 2680 2332 2734 monium
2357 2697 2371 2735 :
2402 2678 2757 2750 Superborum
2793 2690 2840 2734 et
2865 2680 3167 2735 sublimium
3188 2681 3323 2736 colla
3342 2684 3555 2752 propria
3578 2684 3683 2737 vir-

2093 2780 2202 2824 tute
2228 2769 2467 2824 calcavit.
2501 2770 2569 2824 Et
2594 2770 2647 2824 in
2672 2769 2890 2826 Psalmo
2915 2788 2928 2824 :
2956 2769 3237 2837 Dominus,
3264 2772 3459 2840 inquit,
3496 2773 3682 2842 justus

2092 2860 2327 2914 concidet
2350 2861 2568 2913 cervices
2596 2869 2928 2929 peccatorum
2951 2858 3124 2933 (Psal.
3158 2863 3403 2932 cxxvut).
3427 2862 3697 2919 Cervices.

2092 2957 2275 3003 autem
2304 2964 2401 3019 pro
2441 2950 2690 3020 superbia
2735 2952 2938 3021 positas
2993 2951 3269 3022 Scriptura
3318 2961 3569 3021 testatur,
3599 2955 3684 3010 di-

2093 3052 2258 3092 cens:
2324 3036 2491 3093 Cerno
2543 3039 2683 3111 quod
2735 3039 2957 3109 populus
3013 3041 3110 3096 iste
3157 3042 3306 3096 dune
3345 3043 3561 3097 cervicis
3608 3044 3681 3098 sit

2094 3125 2291 3198 (Exod.
2334 3128 2533 3200 χχχιι).
2568 3128 2638 3182 Et
2662 3128 2852 3184 beatus
2888 3129 3193 3200 Stephanus
3224 3131 3277 3185 in
3306 3133 3559 3202 passione
3578 3148 3676 3187 sua

394 3228 497 3282 bus
532 3226 840 3291 nominata,
865 3240 932 3279 eo
963 3222 1106 3293 quod
1139 3236 1238 3293 per
1273 3235 1369 3275 eas
1414 3218 1594 3273 famur
1620 3233 1799 3273 voces.
1828 3217 1990 3271 Arte-
2019 3222 2062 3282 C
2094 3218 2305 3274 Judaos
2328 3235 2560 3291 arguens
2581 3220 2749 3275 dicit:
2782 3220 2929 3275 Dura
2971 3224 3167 3276 cervice
3204 3232 3251 3276 et
3299 3224 3680 3278 incircumcisis

397 3319 493 3374 ria
516 3326 742 3385 vocata,
768 3320 882 3372 sive
907 3315 1049 3387 quod
1075 3329 1174 3386 per
1209 3329 1303 3369 eas
1355 3329 1385 3367 a
1436 3311 1690 3381 pulmone
1743 3327 1853 3374 aer,
1889 3311 1991 3363 hoc

396 3416 486 3464 est
512 3407 755 3477 spiritus,
787 3406 979 3473 fertur,
1012 3422 1107 3461 seu
1137 3405 1279 3474 quod
1306 3403 1471 3458 arctis
1497 3410 1551 3456 et
1577 3402 1820 3471 angustis
1847 3415 1991 3453 mea-

400 3499 548 3553 tibus
602 3497 851 3567 spiritum
886 3497 1102 3552 vitalem
1147 3502 1383 3548 teneant.
1418 3492 1573 3548 Unde
1627 3492 1776 3546 vocis
1831 3506 1991 3546 sonos

396 3587 777 3657 emittunt,qui
798 3587 916 3642 soni
939 3601 1045 3641 uno
1063 3585 1220 3640 modo
1242 3592 1518 3647 sonarent,
1547 3582 1648 3637 nisi
1669 3582 1863 3652 lingua
1884 3597 1993 3635 mo-

394 3688 486 3734 tus
512 3679 795 3734 distantias
825 3678 973 3733 vocis
1000 3675 1253 3732 ediceret.
1303 3674 1510 3729 Fauces
1544 3673 1807 3742 judicium
1834 3674 1992 3729 intel-

402 3769 577 3824 lectus
605 3766 910 3838 signiﬁcare
949 3767 1164 3832 valent,
1194 3774 1254 3819 ut
1281 3774 1364 3820 est
1394 3763 1523 3819 illud
1552 3782 1563 3817 :
1594 3762 1691 3817 Ubi
1720 3773 1838 3817 sunt
1867 3765 1989 3831 fau-

397 3877 481 3914 ces
528 3861 694 3915 metu?
751 3876 920 3915 nonne
956 3860 1267 3929 sapientia»:
1304 3856 1667 3910 meditantur?
1707 3854 1847 3926 (Job.
1891 3855 1990 3926 vi.)

396 3950 533 4006 Item
566 3950 749 4006 fauces
780 3950 1157 4004 mandatorum
1186 3948 1283 4002 Dei
1315 3946 1615 4001 custodiam
1651 3945 1987 4016 signiﬁcant:

400 4040 526 4108 quia
554 4040 692 4094 sicut
716 4038 921 4111 [homo]
952 4052 1051 4108 per
1077 4051 1238 4092 sonos
1280 4035 1518 4090 faucium
1552 4034 1715 4089 verba
1746 4034 1992 4103 proferre

400 4128 594 4194 debet,
627 4129 706 4184 sic
760 4129 949 4184 doctor
987 4126 1297 4182 Catliolicus
1328 4141 1428 4197 per
1461 4126 1837 4180 mandatorum
1892 4126 1989 4179 Dei

398 4214 721 4284 custodiam,
764 4218 1161 4290 pnedicationis
1205 4234 1316 4273 sua
1354 4216 1657 4286 profectum
1708 4217 1993 4271 ostendere

400 4314 578 4369 debet.
608 4312 744 4368 llinc
790 4314 843 4368 iu
892 4312 1106 4368 Psalmo
1151 4312 1413 4381 scriptum
1469 4319 1553 4365 cst
1582 4327 1595 4363 ε
1627 4308 1832 4379 Lingua
1876 4325 1991 4362 mea

406 4405 624 4458 adlia'sit
656 4404 897 4473 faucibus
924 4404 1051 4456 meis
1092 4399 1265 4473 (Paul.
1308 4399 1433 4470 xu).
1485 4399 1617 4453 Nam
1660 4414 1783 4454 cum
1814 4398 1991 4453 omnis

400 4502 590 4565 gustus
617 4494 792 4562 sapiat
820 4493 873 4546 in
900 4492 1080 4561 palato
1102 4530 1117 4555 ,
1177 4489 1630 4546 considerandum
1682 4489 1790 4553 hic,
1820 4503 1990 4559 quare

344 4654 347 4659 _
401 4557 556 4665 dixit,
586 4557 827 4653 faucibus
855 4557 1021 4635 meis?
1049 4579 1255 4635 Fauces
1284 4582 1432 4634 enlm
1464 4587 1587 4633 sunt
1616 4557 1855 4650 gutturis
1889 4593 1984 4631 no-
2018 4557 2065 4616 Ῑ)

400 4681 501 4735 stri
532 4678 637 4743 via,
657 4678 745 4732 ubi
766 4676 877 4745 jam
900 4675 1159 4745 deglutita
1180 4674 1408 4727 dulcedo
1435 4672 1577 4725 nulla
1598 4673 1845 4725 sentitur.
1877 4671 1983 4726 Sed

403 4769 549 4840 quod
581 4769 645 4823 de
669 4766 882 4835 eloquio
920 4763 1132 4818 Domini
1159 4772 1280 4817 erat
1323 4760 1571 4816 absolute
1606 4762 1844 4815 dicturus
1880 4761 1983 4814 mi-

404 4860 649 4916 rabiliter
676 4859 822 4913 illam
849 4866 1058 4927 partem
1092 4854 1289 4924 posuit,
1324 4860 1385 4909 ut
1420 4854 1529 4908 cito
1576 4853 1643 4907 ad
1687 4852 1865 4907 cordis
1892 4866 1987 4906 no-

403 4954 501 5008 stri
528 4949 881 5022 penetrabilia
908 4947 1233 5019 perveniret.
1281 4944 1518 4999 Rursum
1569 4943 1826 5012 scriptum
1855 4952 1939 5000 est
1970 4960 1983 4996 :

407 5042 659 5098 Laboravi
709 5040 984 5096 clamans:
1030 5055 1202 5093 raucw
1253 5038 1411 5107 facta:
1459 5046 1580 5091 sunt
1636 5035 1813 5104 fauces
1860 5051 1987 5089 mea:

407 5130 577 5205 (Psal.
627 5132 838 5203 vam).
894 5131 1200 5185 Laborabat
1253 5144 1385 5199 ergo
1435 5126 1682 5183 Christus
1726 5128 1985 5191 clamans,

406 5225 620 5294 quando
644 5240 747 5279 non
770 5224 1089 5280 audiebatur
1110 5240 1141 5277 a
1171 5223 1430 5293 perﬁdis;
1480 5237 1656 5276 rauca
1685 5220 1838 5277 facta
1864 5229 1990 5276 sunt

407 5316 591 5371 fauces
619 5316 759 5386 ejus,
792 5316 919 5385 quia
968 5316 1111 5371 dicta
1150 5314 1268 5383 ejus
1320 5330 1665 5383 nequaquam
1693 5314 1987 5385 sacrilegus

407 5408 633 5477 populus
683 5408 953 5465 audiebat.
987 5406 1225 5462 Mentum
1253 5407 1479 5471 dictum,
1508 5408 1646 5476 quod
1676 5406 1798 5461 inde
1834 5420 1987 5460 man-

409 5498 603 5553 dibula
622 5498 901 5555 oriantur:
934 5498 1017 5554 vel
1055 5498 1199 5567 quod
1248 5497 1323 5550 ibi
1348 5496 1661 5565 junguntur.
1696 5496 1750 5549 In
1803 5504 1985 5549 mento

410 5590 555 5645 enim
585 5590 674 5644 ubi
716 5590 880 5645 barba
920 5589 1153 5645 maxime
1203 5586 1544 5657 protenditur
1570 5625 1583 5647 ,
1636 5586 1868 5639 ostendit
1897 5584 1987 5637 ad-

411 5695 532 5735 esse
563 5678 762 5735 debere
784 5680 1245 5735 mansuetudinem
1278 5693 1422 5733 verse
1450 5677 1728 5739 doctrina,
1758 5691 1857 5729 nec
1884 5674 1985 5728 ali-

415 5770 541 5839 quid
569 5770 640 5826 ibi
662 5770 996 5827 commisceri
1024 5770 1227 5826 fraudis
1254 5780 1311 5825 et
1360 5768 1593 5824 malitia.
1650 5767 1787 5825 llinc
1817 5767 1982 5832 enim,

2095 3310 2341 3364 cordibus
2364 3320 2411 3365 et
2446 3311 2683 3378 auribus,
2714 3328 2798 3366 vos
2832 3328 3033 3381 semper
3072 3310 3297 3382 Spiritui
3323 3324 3505 3368 sancto
3530 3316 3681 3368 resti-

2094 3402 2246 3465 tistis,
2272 3404 2407 3456 sicut
2446 3414 2618 3472 patres
2647 3405 2803 3458 vestri
2833 3404 2967 3476 (Act.
3006 3404 3116 3475 vu).
3152 3404 3273 3458 Istis
3301 3418 3430 3474 ergo
3451 3406 3565 3459 hac
3592 3406 3679 3459 vi-

2093 3492 2351 3547 cissitudo
2403 3493 2662 3556 redditur,
2692 3502 2751 3547 ut
2789 3493 3045 3554 cervices,
3075 3508 3211 3562 quas
3253 3504 3443 3549 contra
3495 3495 3678 3549 Domi-

2093 3598 2222 3636 num
2249 3582 2518 3638 Ietbaliter
2552 3583 2893 3648 extulerunt,
2926 3582 3056 3654 jugo
3079 3584 3249 3654 ipsius
3271 3584 3423 3638 suavi
3451 3585 3693 3641 salutari

2093 3674 2397 3729 humilitate
2428 3674 2746 3729 subdantur.
2772 3674 2924 3742 Quod
2956 3689 3097 3743 sape
3126 3676 3192 3729 de
3236 3658 3680 3744 persecutoribus

2092 3763 2294 3819 factum
2320 3779 2440 3820 esse
2460 3766 2827 3831 meminimus,
2849 3774 2909 3820 ut
2939 3766 3127 3837 ﬁerent
3149 3767 3531 3835 pradicalorcs
3552 3784 3680 3821 san-

2092 3859 2348 3914 ctissima
2384 3859 2695 3928 religionis,
2746 3860 2847 3929 qui.
2885 3860 3035 3929 prius
3091 3860 3229 3915 idola
3279 3858 3680 3915 nefandissimis

2091 3949 2530 4019 persuasionibus
2558 3949 2922 4004 vindicabant.
2977 3949 3233 4019 Gurgulio
3259 3965 3287 4002 a
3317 3958 3533 4020 gutture
3579 3966 3681 4004 no-

2093 4053 2215 4093 men
2245 4040 2468 4109 accepit,
2503 4039 2656 4109 cujus
2678 4049 2886 4094 meatus
2906 4039 2974 4093 ad
2999 4054 3060 4094 os
3099 4047 3152 4092 et
3192 4054 3352 4094 nares
3382 4040 3689 4108 pertendit,

2092 4129 2299 4185 habens
2320 4131 2480 4195 viam,
2505 4145 2612 4199 qua
2656 4146 2754 4183 vox
2794 4130 2863 4184 ad
2902 4121 3136 4200 linguam
3171 4130 3585 4195 transmittitur,
3616 4140 3683 4185 ut

2092 4223 2264 4291 possit
2314 4223 2477 4277 verba
2523 4222 2777 4277 collidere
2818 4223 3007 4277 :unde
3056 4230 3113 4277 et
3160 4223 3365 4291 garrire
3421 4222 3673 4277 dicimus.

2092 4312 2290 4369 Guttur
2344 4312 2629 4381 aliquando
2680 4312 2949 4382 signiﬁcat
3001 4312 3339 4366 dulcedinem
3385 4311 3515 4381 legis
3552 4311 3677 4374 Dei,

2092 4415 2152 4459 ut
2180 4412 2263 4459 est
2290 4403 2418 4459 illud
2446 4418 2656 4472 sponsa
2685 4404 2750 4458 de
2772 4402 2981 4471 Sponso
3008 4422 3020 4456 :
3053 4402 3248 4455 Guttur
3293 4402 3435 4455 illius
3473 4404 3676 4456 suavis-

2095 4496 2305 4560 simum,
2340 4505 2387 4550 et
2417 4504 2555 4548 totus
2600 4492 2959 4547 desiderabilis
2989 4490 3163 4563 (Cant.
3216 4490 3318 4561 ιιι).
3352 4492 3411 4545 In
3455 4499 3681 4562 gutture

2092 4585 2303 4640 interna
2331 4585 2555 4640 dulcedo
2579 4585 2862 4641 verborum
2886 4583 3027 4639 illius
3052 4592 3400 4649 memoratur,
3424 4598 3528 4651 qua
3552 4582 3676 4651 quis

2092 4676 2249 4743 sapit,
2273 4690 2377 4729 non
2409 4674 2600 4729 esurit.
2629 4673 2795 4727 Totus
2841 4672 3211 4727 desiderabilis
3237 4680 3349 4733 est,
3377 4671 3503 4741 quia
3531 4680 3689 4725 totus.

2092 4764 2264 4829 Deus;
2293 4773 2347 4818 ct
2394 4771 2536 4819 totus
2563 4764 2742 4827 homo,
2775 4761 2828 4817 in
2857 4777 3017 4832 quem
3067 4763 3371 4817 desiderant
3398 4771 3453 4817 et
3496 4763 3674 4832 angeli

2092 4854 2399 4923 prospicere
2430 4852 2480 4925 (I
2517 4850 2664 4907 Petr.
2695 4851 2757 4921 ι).
2788 4853 2930 4907 Deus
2964 4853 3017 4906 in
3055 4853 3332 4922 majestate
3364 4851 3554 4920 patris,
3582 4852 3683 4903 ho‘

2095 4956 2184 4995 mo
2209 4942 2262 4995 in
2294 4943 2601 5013 virginitate
2630 4942 2818 4996 matris
2842 4958 2856 5007 ;
2888 4942 2940 4995 in
2971 4942 3061 4996 illa
3086 4942 3331 5005 Crcator,
3357 4941 3409 4993 in
3437 4942 3538 4993 bac
3553 4938 3672 4992 Sal-

2091 5038 2265 5085 vator.
2294 5030 2421 5084 [tem
2447 5032 2499 5086 in
2520 5032 2847 5088 contrariam
2869 5040 3077 5101 partem
3101 5038 3287 5100 guttur
3310 5029 3592 5098 accipitur,
3613 5038 3677 5082 ut

2091 5120 2220 5176 illud
2246 5136 2259 5174 :
2292 5122 2600 5191 Sepulcrum
2627 5133 2811 5193 patens
2827 5132 2901 5176 est
2923 5130 3102 5191 guttur
3126 5119 3536 5189 eorum,linguis
3561 5120 3673 5172 suis

2090 5212 2268 5265 dolose
2293 5213 2506 5281 agebant
2530 5212 2702 5283 (Psal.
2732 5210 2875 5279 xui).
2901 5209 3005 5264 Per
3040 5210 3267 5279 figuram
3295 5208 3567 5279 parabolae
3592 5208 3674 5260 ni-

2089 5303 2192 5356 mis
2234 5309 2541 5371 competens
2582 5302 2725 5357 facta
2769 5300 3032 5371 probatur
3082 5299 3291 5354 allusio.
3349 5297 3680 5368 Sepulcrum

2089 5396 2234 5450 enim
2261 5396 2454 5449 mortui
2478 5402 2660 5464 guttur
2685 5402 2769 5448 est
2810 5392 3140 5457 mentientis,
3171 5391 3386 5461 quando
3424 5388 3672 5444 exitiabi.

2092 5491 2199 5544 leui
2232 5488 2336 5542 sibi
2359 5489 2646 5541 vanitatem
2674 5486 2727 5539 in
2761 5486 3002 5541 faucibus
3044 5484 3291 5547 revolvit,
3321 5497 3441 5552 qua
3467 5479 3668 5534 malum

2092 5580 2281 5636 mortis
2317 5579 2525 5648 inﬂigit.
2558 5577 2746 5631 Merito
2789 5591 2918 5646 ergo
2974 5574 3279 5645 sepulcrum
3336 5570 3537 5625 dictum
3589 5579 3670 5624 est

2091 5681 2275 5744 guttur
2297 5685 2506 5734 eorum,
2530 5670 2620 5738 qui
2648 5668 2925 5724 mortifera
2955 5662 3330 5736 loquebantur.
3366 5660 3502 5716 Nam
3530 5660 3668 5715 sicut

2094 5763 2182 5818 illa
2231 5779 2349 5819 cum
2422 5770 2649 5831 patent,
2697 5759 2890 5816 fctidos
2937 5760 3130 5814 odores
3175 5755 3429 5811 exhalant
3494 5752 3569 5807 ita
3618 5757 3680 5805 et
