3896 6332
181 427 272 487 I57

1151 417 1239 473 DE
1280 416 1624 474 UNIVERSO
1661 416 1839 473 LIBRI
1877 417 2042 476 XXII.
2077 452 2152 464 —
2184 422 2313 481 LIB.
2358 424 2448 483 VI.

3304 430 3405 487 I38

182 546 388 602 istorum
412 540 592 609 guttur
611 531 900 604 pestiferos
932 545 1210 589 sermones
1236 533 1565 603 proferebat.
1596 531 1733 589 Gula
1760 534 1811 594 A
1838 548 2001 604 quam
2029 534 2205 606 ipsum
2228 536 2507 594 Christum
2538 540 2895 610 amplectitur.
2924 540 3038 597 Ala:
3092 542 3418 598 suonrachia

176 640 363 693 autem,
389 640 503 697 qua
528 640 557 680 a
582 623 928 696 dcglutiendo
972 630 1279 692 nuncupata
1314 630 1421 688 est,
1447 623 1736 692 aliquando

180 738 271 796 pro
295 718 597 789 acceptione
616 716 725 773 cibi
744 716 829 771 vel
850 722 1010 787 potus
1033 715 1289 785 ponitur;
1331 716 1620 786 aliquando
1639 732 1739 788 pro

179 819 476 882 voracitate,
523 818 578 873 id
619 824 725 882 est,
756 813 1152 871 eomessatione
1184 820 1241 869 et
1276 810 1537 867 ebrietate
1559 851 1575 875 ,
1621 825 1741 879 qua:

180 902 533 976 gastrimargla
562 901 781 966 dicitur,
807 906 865 955 et
886 913 1054 953 unum
1084 906 1169 953 est
1187 898 1253 953 de
1278 904 1402 952 dcto
1431 894 1745 966 principali-

179 994 452 1051 busvitiis.
481 991 685 1049 Contra
714 1005 874 1061 quam
917 990 1033 1065 ipsa
1076 988 1293 1044 Veritas
1339 988 1407 1042 ad
1452 986 1741 1057 discipulos

182 1085 287 1140 ait:
327 1083 584 1138 Attendite
618 1082 781 1146 vobis,
806 1097 868 1135 ne
895 1080 1031 1149 forte
1078 1088 1360 1148 graventur
1388 1077 1550 1131 corda
1573 1085 1743 1131 vestra

178 1179 229 1233 in
258 1174 463 1247 crapula
481 1184 532 1230 et
553 1174 797 1229 ebrietate
825 1170 976 1243 (Luc.
999 1169 1139 1239 ιιι).
1170 1169 1239 1223 Et
1264 1166 1552 1237 Apostolus
1577 1185 1590 1221 :
1624 1166 1745 1222 Non

179 1268 229 1324 in
270 1265 752 1330 comessationibus,
820 1261 1034 1334 inquit,
1091 1268 1140 1314 et
1191 1257 1562 1322 ebrietatibus,
1619 1257 1743 1327 quia

177 1358 351 1414 ebriosi
396 1372 611 1427 regnum
664 1354 762 1409 Dei
823 1369 929 1407 non
989 1350 1326 1422 possidebunt
1366 1346 1563 1420 (Rom.
1610 1362 1742 1413 xm;

178 1451 208 1507 1
227 1450 339 1505 Cor.
364 1450 461 1522 γι).
477 1447 699 1504 Humeri
730 1445 883 1512 dicti,
905 1443 1064 1515 quasi
1090 1442 1229 1497 armi
1253 1440 1319 1496 ad
1348 1439 1747 1495 distinctionem

180 1542 397 1598 hominis
422 1558 452 1595 a
498 1540 794 1611 pecudibus
834 1537 1018 1601 mutis,
1046 1544 1108 1590 ut
1147 1535 1205 1590 hi
1253 1535 1530 1598 humeros,
1562 1532 1633 1587 illi
1664 1546 1751 1585 ar-

181 1646 288 1686 mos
321 1630 519 1685 habere
547 1628 815 1684 dicantur.
850 1624 985 1681 Nam
1012 1624 1228 1695 proprie
1274 1623 1411 1679 armi
1450 1622 1753 1693 quadrupe—

182 1721 296 1777 dum
318 1728 458 1775 sunt.
486 1718 708 1774 Humeri
734 1716 977 1787 operatio
1004 1714 1088 1770 vel
1112 1714 1323 1784 pondus
1356 1711 1595 1781 ejusdem
1623 1726 1752 1781 ope-

182 1812 266 1875 ris,
292 1811 429 1866 sicut
464 1810 519 1865 in
548 1808 736 1865 Exodo
762 1808 815 1862 in
851 1813 1171 1864 ornamento
1221 1802 1521 1860 sacerdotis
1570 1816 1755 1871 super-

1840 633 1967 679 sunt
1993 626 2271 696 appellata:
2296 668 2312 694 ,
2357 644 2424 684 eo
2467 630 2611 699 quod
2658 630 2713 685 in
2755 630 2835 687 eis
2878 632 2933 686 in
2960 631 3179 687 modum
3210 633 3419 688 alarum

1839 725 2020 773 motus
2068 716 2410 773 brachiorum
2468 720 2703 776 inchoat.
2751 720 2895 787 Quas
2922 721 3141 792 quidam
3192 722 3419 779 ascellas

1840 816 2058 874 vocant,
2079 808 2223 878 quod
2247 824 2315 864 ex
2344 810 2422 865 eis
2446 811 2713 877 cillentur,
2738 812 2790 867 id
2811 820 2914 879 est,
2935 821 3240 868 moventur.
3271 813 3422 870 Unde

1843 908 1898 956 et
1927 900 2110 955 ascilla
2130 900 2275 955 dicta
2303 900 2372 955 ab
2395 915 2482 966 eo,
2508 903 2650 971 quod
2680 902 2964 967 cillantur,
3021 904 3125 959 hoc
3158 911 3261 971 est,
3303 918 3422 959 mo-

1842 1001 2074 1049 veantur
2091 994 2290 1050 omnia.
2318 994 2453 1049 Nam
2478 994 2659 1050 cillere
2693 1006 2777 1051 est
2809 1010 3046 1051 movere.
3081 993 3291 1050 Ascella
3320 994 3422 1049 ali-

1846 1090 2059 1171 quando
2084 1105 2183 1160 pro
2208 1089 2473 1145 desideria
2513 1090 2689 1160 posita
2711 1090 2981 1159 reperitur
3009 1105 3076 1145 ex
3110 1087 3383 1144 otiositate
3407 1104 3422 1140 :

1847 1175 2000 1233 Unde
2026 1186 2111 1233 est
2141 1177 2266 1232 illud
2300 1178 2351 1231 in
2389 1178 2693 1235 Proverbiis
2721 1177 2974 1233 Salomon
3006 1197 3019 1232 :
3050 1176 3118 1232 In
3155 1175 3428 1231 desideriis

1847 1277 1922 1323 est
1951 1270 2123 1323 omnis.
2145 1269 2341 1322 otiosus
2369 1267 2550 1339 (Prov.
2575 1267 2745 1338 xxvr).
2785 1268 2853 1322 Et
2881 1268 3073 1322 iterum
3098 1284 3111 1319 :
3146 1263 3430 1319 Abscondit

1848 1360 1994 1429 piger
2022 1376 2235 1414 manum
2270 1374 2419 1413 suam
2461 1358 2555 1412 sub
2583 1357 2796 1422 ascella,
2836 1368 2883 1411 et
2923 1358 3126 1411 laborat
3182 1356 3228 1409 si
3265 1354 3335 1409 ad
3370 1370 3428 1409 os

1851 1464 2005 1503 suum
2030 1447 2363 1518 applicaverit
2384 1463 2499 1500 eam
2530 1445 2739 1519 (IbiJ.).
2767 1446 2902 1512 Quia
2929 1446 3082 1515 piger
3111 1453 3166 1500 et
3194 1444 3430 1499 desidio-

1852 1556 1946 1597 sus
1966 1541 2140 1610 magis
2167 1540 2368 1609 appetit
2395 1540 2652 1593 desidiam
2667 1538 2955 1604 carnalem,
2986 1554 3147 1608 quam
3174 1538 3432 1591 virtutum

1853 1629 2254 1698 operationem;
2289 1628 2566 1683 abscondit
2611 1643 2828 1681 manum
2860 1642 3012 1681 suam
3066 1627 3167 1681 sub
3215 1625 3430 1689 ascella,

1856 1734 1958 1775 nec
1992 1719 2107 1774 vult
2129 1720 2496 1788 operationem
2529 1733 2677 1771 suam
2725 1716 3044 1786 professioni
3073 1731 3183 1770 sua:
3206 1730 3432 1770 concor-

1857 1811 1978 1865 dem
2002 1809 2204 1874 facere,
2232 1809 2466 1863 maxime
2488 1823 2609 1863 cum
2640 1806 2899 1875 scriptum
2920 1807 2991 1861 sit
3017 1825 3030 1859 :
3064 1805 3232 1860 Corde
3258 1805 3432 1859 credi-

182 1902 439 1973 bumerale
461 1901 793 1973 praecipitur.
817 1898 1048 1954 Brachia
1065 1913 1095 1952 a
1118 1895 1432 1952 fortitudine
1447 1893 1745 1949 nominata.

1861 1912 1938 1957 tur
1965 1903 2034 1956 ad
2062 1902 2329 1972 justitiam
2354 1941 2369 1966 ,
2421 1918 2509 1955 ore
2545 1910 2720 1954 autem
2749 1899 3001 1968 confessio
3026 1898 3086 1968 fit
3118 1897 3186 1951 ad
3215 1896 3434 1951 salutem

182 1964 309 2065 Βίης
346 1964 485 2049 enim
512 1964 700 2049 Cra-ce
728 2005 890 2062 grave
916 1998 972 2045 et
1000 1988 1138 2044 forte
1168 1986 1516 2059 signiﬁcatur.
1541 1984 1598 2038 In
1625 1983 1749 2038 bra-

183 2085 310 2141 chiis
341 2084 481 2138 enim
511 2083 654 2138 thori
677 2082 1005 2137 lacertorum
1020 2086 1168 2143 sunt,
1192 2085 1246 2132 et
1261 2077 1469 2146 insigne
1485 2072 1753 2129 musculo-

182 2191 292 2229 rum
324 2173 485 2228 robur
509 2171 716 2227 existit.
765 2168 829 2224 Hi
868 2176 997 2224 sunt
1024 2167 1187 2232 thori,
1213 2166 1267 2221 id
1294 2173 1378 2219 est
1398 2160 1624 2217 musculi
1655 2178 1667 2213 :
1700 2166 1755 2213 et

185 2266 301 2321 dicti
321 2265 484 2330 thori,
498 2264 643 2334 quod
663 2262 773 2317 illic
783 2262 992 2317 viscera
1011 2268 1149 2314 torta
1161 2257 1462 2313 videantur.
1486 2252 1753 2307 Humerus

185 2364 349 2411 autem
363 2370 459 2424 pro
470 2367 640 2408 onere
650 2350 941 2423 aliquando
952 2350 1159 2419 positus
1174 2341 1752 2418 reperitur,aliquando

184 2460 275 2517 pro
295 2444 624 2501 fortitudine.
641 2443 851 2497 Dicitur
868 2440 1012 2496 enim
1032 2439 1085 2493 in
1111 2437 1480 2493 benedictione
1504 2431 1755 2488 Issachar

186 2538 325 2609 (Ceu.
354 2534 525 2605 xux),
549 2534 693 2603 quod
721 2533 837 2602 ipse
879 2530 1045 2589 fuerit
1067 2530 1250 2583 asinus
1279 2527 1455 2592 fortis,
1482 2535 1537 2580 et
1562 2540 1756 2595 suppo-

187 2630 343 2686 suerit
369 2629 654 2682 humerum
678 2639 834 2679 suum
857 2624 923 2678 ad
939 2622 1280 2693 portandum.
1299 2619 1359 2673 In
1381 2633 1486 2688 quo
1514 2617 1759 2688 intelligi-

188 2728 266 2773 tur
277 2716 493 2787 simplex
512 2714 932 2787 gentilitas,quze
945 2727 1003 2766 se
1016 2710 1215 2765 idcirco
1228 2710 1294 2763 ad
1312 2708 1474 2763 robur
1485 2707 1610 2762 boni
1633 2722 1758 2777 ope-

186 2813 255 2866 ris
268 2810 453 2880 erigit:
486 2807 617 2878 quia
635 2806 702 2859 ad
732 2801 1369 2872 mternamvitaapatriam
1397 2800 1583 2854 tendit.
1606 2798 1759 2855 Unde

187 2904 337 2957 etiam
357 2909 410 2956 et
431 2900 590 2971 ponit
618 2900 901 2954 humerum
927 2896 993 2950 ad
1020 2893 1359 2964 portandum,
1390 2892 1515 2961 quia
1537 2891 1662 2945 dum
1690 2889 1757 2943 ad

186 2991 491 3060 promissam
516 2987 759 3056 requiem
782 2983 1064 3054 pervenire
1088 2982 1379 3047 desiderat,
1400 2988 1592 3035 cuncta
1608 2994 1759 3033 man-

188 3080 419 3135 datorum
442 3093 611 3149 opera
640 3078 868 3131 libenter
899 3081 1097 3145 portat.
1123 3073 1340 3144 Legitur
1361 3078 1416 3127 et
1446 3071 1500 3126 in
1523 3071 1657 3126 Isaia
1694 3070 1762 3125 de

187 3171 399 3226 Domino
432 3171 736 3230 Salvatore,
766 3168 908 3237 quod
931 3164 1104 3221 factus
1135 3165 1207 3219 sit
1245 3163 1575 3233 principatus
1602 3176 1765 3233 super

1853 1992 2032 2065 (Rom.
2061 1993 2140 2065 x).
2170 1992 2321 2047 Unde
2349 1998 2404 2046 ct
2427 1991 2691 2061 sapientia
2724 1990 2848 2044 alibi
2882 1989 3015 2044 dicit
3041 2008 3053 2043 :
3085 1988 3188 2053 Qui
3218 2004 3438 2059 aperan-

1853 2092 1941 2136 tur
1964 2084 2020 2136 in
2054 2099 2156 2148 me,
2187 2098 2291 2136 non
2315 2082 2597 2150 peccabunt
2639 2080 2827 2151 (Eccli.
2854 2080 3026 2151 xxiv).
3058 2080 3194 2133 Hinc
3221 2087 3276 2133 et
3321 2079 3435 2148 ipsa

1854 2170 2067 2228 Veritas
2094 2174 2171 2228 ait
2195 2190 2209 2227 :
2248 2172 2373 2227 Non
2399 2172 2588 2238 omnis,
2617 2173 2706 2243 qui
2731 2172 2857 2226 dicit
2882 2173 3033 2238 mihi,
3065 2171 3307 2237 Domine,
3332 2167 3438 2225 Do;

1854 2263 2012 2327 mine,
2043 2261 2257 2316 intrabit
2290 2262 2343 2315 in
2382 2278 2595 2331 regnum
2629 2260 2874 2315 caelorum
2896 2276 2916 2313 .'
2943 2262 3033 2315 sed
3061 2262 3152 2333 qui
3192 2262 3320 2330 facit
3342 2278 3437 2316 vo-

1855 2352 2108 2407 luntatem
2130 2352 2329 2418 Patris,
2350 2352 2440 2423 qui
2467 2354 2520 2405 in
2567 2351 2705 2406 cmlis
2739 2362 2835 2419 est,
2863 2352 2969 2423 ipse
2994 2352 3208 2406 intrabit
3251 2353 3308 2405 in
3351 2369 3435 2405 re-

1857 2459 2016 2513 gnum
2038 2442 2283 2496 caelorum
2306 2440 2519 2512 (Matth.
2545 2442 2665 2512 vn).
2689 2442 2877 2497 Manus
2900 2443 3061 2508 dicta,
3092 2443 3233 2512 quod
3259 2442 3328 2497 sit
3354 2453 3437 2495 to-

1858 2532 1966 2586 tius
1987 2531 2230 2602 corporis
2255 2546 2470 2586 munus.
2504 2530 2623 2601 Ipsa
2653 2532 2794 2585 enim
2822 2534 2998 2586 cibum
3020 2534 3099 2587 ori
3129 2533 3430 2587 ministrat:

1860 2622 1975 2691 ipsa
1999 2630 2257 2692 operatur
2280 2622 2460 2676 omnia
2496 2631 2657 2691 atque
2684 2621 2961 2691 dispensat
2987 2641 2999 2676 :
3027 2637 3125 2691 per
3150 2636 3269 2676 eam
3294 2622 3437 2675 acci-

1860 2713 2037 2782 pimus
2064 2721 2120 2767 et
2142 2714 2350 2768 damus.
2371 2712 2605 2767 Abusive
2646 2728 2837 2768 manus
2864 2715 3028 2768 etiam
3058 2730 3147 2768 ars
3176 2714 3258 2768 vel
3304 2716 3441 2767 arti—

1859 2803 1990 2859 fex:
2024 2804 2167 2859 unde
2192 2812 2249 2858 et
2290 2818 2483 2858 manus
2534 2804 2767 2874 pretium
2813 2804 3060 2859 dicimus.
3109 2803 3297 2859 Manus
3342 2803 3442 2857 ali-

1859 2896 2074 2967 quando
2096 2903 2417 2965 potestatem
2444 2894 2728 2966 significat,
2757 2903 2816 2949 ut
2844 2903 2929 2949 est
2964 2894 3092 2949 illud
3118 2876 3449 2955 Psalmistaz,

1863 3001 1971 3055 quo
2015 2986 2085 3040 ad
2128 2985 2413 3040 Dominum
2442 2985 2517 3039 ait
2543 3004 2555 3039 :
2587 2983 2652 3038 In
2680 2986 2919 3039 manibus
2946 2986 3049 3038 tuis
3100 2992 3351 3054 tempera.
3381 2984 3446 3038 Et

1863 3075 2031 3131 Iacob
2053 3074 2457 3145 patriarcha-ad
2478 3073 2667 3129 Judam
2695 3074 2861 3128 ﬁlium
2893 3090 3068 3138 suum,
3099 3073 3292 3127 Manus
3312 3114 3327 3137 ,
3358 3074 3442 3127 ἰη-

1866 3169 2021 3238 quit,
2062 3177 2156 3222 tua
2213 3168 2269 3221 in
2315 3168 2594 3222 cervicibus
2645 3168 2976 3221 inimicorum
3007 3178 3217 3220 tuorum
3269 3164 3439 3237 (Gen.

190 3263 454 3318 humerum
479 3263 603 3332 ejus
628 3261 783 3331 (lsai.
807 3258 943 3330 LIII),
977 3273 1041 3313 co
1064 3257 1205 3326 quod
1225 3270 1441 3311 crucem
1465 3269 1617 3309 suam
1643 3254 1759 3321 ipse
1790 3247 1833 3308 C
1867 3257 2037 3328 χιιι).
2064 3258 2370 3326 Aliquando
2410 3257 2788 3312 discretionem
2811 3255 3021 3324 judicii,
3051 3263 3109 3308 ut
3149 3264 3231 3309 est
3270 3255 3396 3308 illud
3426 3273 3437 3309 :

189 3352 487 3423 portaverit,
519 3351 607 3406 vel
642 3366 738 3420 per
780 3350 1064 3403 humerum
1085 3346 1375 3401 ostendens
1404 3344 1608 3399 brachii
1655 3342 1763 3397 for-

194 3444 479 3507 titudinem,
513 3440 707 3497 eodem
756 3439 892 3494 Isaia
923 3439 1171 3493 dicente:
1216 3434 1476 3489 Revelavit
1509 3433 1763 3487 Dominus

191 3536 444 3590 brachium
472 3542 719 3587 sanctum
748 3546 900 3585 suum
924 3528 1161 3583 omnibus
1198 3525 1430 3597 gentibus
1461 3524 1614 3595 (lsai.
1643 3522 1761 3592 ιιι).

189 3626 250 3681 Et
272 3640 481 3679 rursum
509 3641 522 3676 :
557 3622 801 3685 Domine,
824 3620 941 3691 quis
966 3617 1185 3672 credidit
1218 3616 1425 3670 auditui
1456 3623 1630 3668 nostro
1655 3654 1669 3677 ,
1713 3622 1761 3666 et

190 3719 443 3771 brachium
470 3714 690 3769 Domini
711 3712 795 3766 cui
820 3710 1099 3765 revelatum
1134 3718 1207 3763 est
1236 3707 1390 3779 (Isai.
1430 3706 1569 3777 LIII).
1606 3704 1767 3760 Cubi-

192 3816 294 3861 tum
322 3807 546 3873 dictum,
572 3802 718 3872 quod
740 3801 807 3855 ad
857 3801 1006 3855 cibos
1047 3798 1337 3853 sumendos
1366 3796 1420 3850 in
1456 3797 1571 3865 ipso
1606 3794 1769 3849 cuba-

189 3912 318 3952 mus.
343 3896 399 3950 In
421 3894 614 3949 cubito
640 3904 818 3946 autem
850 3888 1133 3958 aliquando
1156 3896 1345 3942 auctor
1375 3894 1435 3941 et
1466 3886 1772 3954 redemptor

190 3987 397 4042 humani
426 3984 651 4057 generis
680 3982 1008 4051 designatur,
1052 3987 1112 4032 ut
1146 3986 1229 4034 est
1262 3977 1391 4032 illud
1444 3976 1498 4029 in
1525 3983 1772 4029 constru-

190 4080 355 4132 ctione
380 4090 525 4130 arcze
555 4071 671 4127 Noe
696 4090 707 4126 :
744 4071 809 4125 Et
836 4071 891 4125 in
918 4068 1087 4124 cubito
1110 4110 1125 4135 ,
1166 4068 1363 4139 inquit,
1387 4064 1769 4120 consummabis

194 4170 533 4223 summitatem
582 4166 699 4232 eius
730 4162 882 4236 (Cen.
914 4160 1012 4233 vi).
1044 4160 1102 4215 In
1132 4176 1239 4215 uno
1272 4174 1401 4229 ergo
1430 4158 1612 4213 cubito
1636 4171 1768 4211 con-

192 4267 483 4314 summatur
522 4271 655 4310 arca
683 4275 696 4310 :
739 4256 866 4326 quia
889 4268 1029 4309 unus
1050 4261 1133 4308 est
1164 4260 1353 4307 auctor
1375 4257 1429 4305 et
1466 4248 1773 4317 redemptor

193 4358 381 4403 sancta:
402 4346 669 4401 Ecclesiae
694 4344 809 4399 sine
845 4352 1092 4413 peccato,
1118 4342 1185 4396 ad
1212 4356 1369 4410 quem
1400 4350 1449 4395 et
1473 4354 1571 4409 per
1610 4351 1772 4407 quem

192 4454 368 4494 omnes
395 4438 726 4508 proﬁciunt,
773 4436 865 4505 qui
910 4450 969 4489 se
1002 4449 1120 4489 esse
1142 4442 1454 4503 peccatores
1482 4435 1767 4485 noverunt.

192 4529 311 4584 Item
341 4529 513 4584 cubiti
561 4528 669 4583 duo
702 4534 968 4597 praecepta
1014 4524 1312 4579 charitatis.
1351 4522 1502 4578 Unde
1546 4531 1600 4575 et
1640 4535 1767 4574 arca

195 4620 541 4683 Testamenti,
575 4633 698 4686 qua:
722 4625 904 4685 typum
935 4614 1186 4669 Ecclesia:
1215 4612 1422 4677 habuit,
1453 4611 1586 4665 duos
1613 4610 1766 4665 cubi-

197 4710 531 4763 toshabuisse
547 4708 602 4760 in
628 4704 957 4774 longitudine
970 4702 1302 4773 perhibetur.
1321 4699 1455 4755 Ulna
1471 4697 1766 4753 secundum

195 4797 442 4865 quosdam
496 4795 782 4861 utriusque
828 4807 1016 4845 manus
1042 4790 1287 4844 extensio
1317 4798 1440 4843 est:
1474 4787 1765 4843 secundum

195 4887 319 4941 alios
346 4886 587 4948 cubitus,
622 4883 763 4952 quod
802 4881 971 4951 magis
1015 4894 1200 4933 verum
1244 4887 1356 4943 est;
1410 4878 1533 4947 quia
1584 4875 1769 4929 Graece

195 4976 337 5031 olene
362 4976 585 5032 cubitus
630 4974 845 5029 dicitur.
890 4971 1025 5026 Ulna
1051 4968 1321 5039 signiﬁcat
1349 4968 1542 5022 bonam
1582 4980 1771 5034 opera-

200 5066 409 5119 tionem.
449 5064 612 5120 Unde
643 5062 862 5117 Simeon
887 5061 1086 5115 dicitur
1106 5058 1376 5113 Christum
1401 5058 1454 5111 in
1483 5056 1622 5110 ulnis
1650 5071 1768 5109 sus-

198 5155 391 5223 cepisse
414 5165 471 5210 et
522 5154 811 5209 Dominum
852 5150 1190 5206 henedixisse
1213 5148 1362 5219 (Luc.
1410 5148 1492 5216 ιι).
1525 5146 1663 5212 Quid
1685 5154 1767 5201 est

198 5246 329 5299 enim
357 5246 643 5300 Christum
694 5244 746 5296 in
796 5242 939 5296 ulnis
989 5240 1281 5308 suscipere,
1325 5238 1429 5292 nisi
1481 5237 1584 5307 piis
1623 5238 1767 5291 hunc

200 5335 438 5403 operibus
466 5332 626 5387 velut
659 5332 916 5384 membris
946 5329 1143 5385 nostris
1165 5327 1523 5398 amplectere?
1551 5326 1653 5380 Per
1681 5325 1765 5379 ul—

203 5438 291 5478 nas
313 5424 453 5478 enim
476 5423 745 5475 virtutum
784 5422 1028 5490 Operatio
1080 5420 1417 5489 exprimitur.
1449 5416 1579 5471 Cum
1628 5418 1769 5471 enim

205 5516 316 5582 quis
362 5517 415 5569 in
450 5515 563 5569 alio
591 5512 920 5569 esurientem
945 5512 1219 5567 Christum
1252 5511 1428 5571 satiat,
1454 5511 1506 5563 in
1546 5509 1651 5563 alio
1698 5509 1777 5562 si-

208 5606 415 5659 tientem
442 5612 617 5674 potat,
654 5604 707 5657 in
730 5602 836 5656 alio
874 5602 1136 5671 hospitem
1170 5602 1412 5671 suscipit,
1442 5600 1495 5653 in
1543 5599 1650 5653 alio
1676 5615 1779 5652 nu-

211 5693 325 5747 dum
346 5695 525 5764 operit
546 5734 560 5759 ,
592 5695 647 5748 in
669 5693 775 5749 alio
798 5692 1069 5747 inﬁrmum
1105 5691 1187 5746 vel
1215 5693 1269 5746 in
1306 5700 1521 5747 carcere
1548 5690 1779 5760 positum

213 5782 418 5841 visitat:
481 5784 569 5840 his
621 5784 810 5855 procul
855 5783 1015 5840 dubio
1065 5783 1270 5839 devotis
1321 5782 1617 5839 actionibus
1660 5790 1779 5837 tan-

1866 3347 2117 3402 Exlendit
2142 3363 2356 3400 manum
2382 3363 2533 3400 suam
2559 3348 2612 3399 in
2640 3345 2965 3399 retribuendo
2986 3344 3091 3399 illis
3115 3342 3285 3416 (Psal.
3312 3346 3443 3413 uv).

1842 3439 2055 3495 IManus
2074 3439 2159 3494 his
2180 3438 2433 3493 virtutem
2456 3438 2641 3507 judicii
2674 3438 2940 3508 signiﬁcat
2959 3453 3078 3507 qua:
3102 3446 3227 3493 tunc
3256 3446 3446 3492 osten-

1867 3531 2041 3594 ditur,
2092 3530 2308 3600 quando
2358 3528 2501 3583 illam
2534 3529 2913 3583 discretionem
2961 3528 3222 3581 honorum
3275 3526 3447 3580 malo-

1868 3638 2095 3691 rumque
2120 3622 2325 3677 fecerit.
2356 3620 2543 3674 Mauus
2572 3634 2667 3688 pro
2704 3618 2843 3671 bona
2866 3617 3179 3686 operatione
3204 3615 3448 3685 aliquan-

1868 3714 1937 3769 do
1962 3714 2202 3784 ponitur,
2225 3720 2285 3766 ut
2330 3712 2383 3765 in
2420 3710 2631 3765 Psalmo
2657 3728 2669 3762 :
2702 3707 2894 3761 Manus
2924 3717 3028 3761 tua:
3074 3707 3305 3776 fecerunt
3333 3723 3444 3772 me,

1869 3814 1915 3858 et
1953 3802 2339 3873 plasmaverunt
2364 3818 2443 3855 me
2486 3799 2657 3871 (Psal.
2708 3798 2916 3865 cxvm).
2950 3797 3016 3851 Et
3062 3796 3225 3851 alibi:
3257 3795 3445 3861 Deum,

1871 3895 2068 3965 inquit,
2095 3892 2345 3964 exquisivi
2395 3892 2633 3944 manibus
2684 3890 2812 3942 meis
2855 3886 3026 3959 (Psal.
3063 3884 3265 3957 Lxxvi).
3315 3884 3449 3940 Item

1870 4001 2063 4040 manus
2091 3985 2263 4037 virtus
2279 3983 2472 4035 anima:
2501 3982 2613 4034 sive
2640 3994 2775 4048 opus
2792 3978 3087 4041 bonum,ut
3110 3976 3162 4029 in
3188 3975 3402 4030 Psalmo
3427 3990 3444 4029 :

1870 4072 2097 4127 Labores
2118 4086 2366 4124 manuum
2408 4078 2617 4121 tuarum
2650 4066 2989 4121 manducabis
3019 4062 3189 4135 (Psal.
3213 4061 3442 4133 cxxvu).

1869 4164 1927 4218 In
1950 4161 2275 4218 contrariam
2299 4173 2425 4213 vero
2445 4165 2655 4227 partem
2684 4171 2874 4211 manus
2895 4153 3254 4223 accipiuntur,
3284 4160 3343 4205 ut
3366 4159 3451 4206 est

1873 4254 2034 4309 illud:
2069 4251 2363 4307 Secundum
2391 4248 2741 4319 Operationem
2770 4262 3018 4300 manuum
3039 4258 3257 4298 suarum
3292 4240 3445 4295 retri-

1874 4346 1970 4400 bue
2002 4344 2107 4398 illis
2138 4340 2319 4415 (Prov.
2354 4341 2477 4409 xu).
2504 4339 2734 4392 Dextera
2758 4345 2982 4389 vocatur
3018 4351 3047 4387 a
3083 4330 3278 4387 dando.
3328 4330 3447 4400 Ipsa

1871 4434 2014 4489 enim
2036 4432 2229 4502 pignus
2256 4428 2402 4499 pacis
2428 4427 2602 4488 datur,
2631 4426 2744 4493 ipsa
2772 4424 2896 4477 ﬁdel
2928 4422 3079 4477 testis
3110 4427 3269 4489 atque
3304 4418 3447 4473 salu-

1875 4526 1940 4575 tis
1971 4519 2285 4583 adhibetur;
2336 4526 2392 4570 et
2422 4518 2523 4571 hoc
2562 4525 2647 4569 est
2672 4510 2797 4567 illud
2828 4512 2968 4582 apud
2996 4510 3262 4565 Tullium:
3294 4527 3313 4560 ‹
3355 4508 3445 4562 Fi-

1870 4611 1989 4665 dem
2013 4608 2281 4679 publicam
2322 4604 2474 4675 jussu
2505 4601 2878 4665 senatusdedi,
2903 4619 2920 4649 ι
2947 4598 2998 4652 id
3031 4599 3441 4661 est,dexteram.

1870 4698 2021 4754 Unde
2058 4705 2113 4749 et
2164 4695 2469 4765 Apostolus,
2501 4692 2774 4755 Dexteras,
2800 4690 3002 4758 inquit,
3043 4688 3294 4741 dederunt
3320 4687 3444 4741 mihi

1868 4801 1915 4846 et
1952 4789 2210 4843 Barnabas
2248 4786 2507 4841 societatis
2551 4780 2692 4855 (Gal.
2731 4782 2813 4853 ιι).
2867 4780 3095 4835 Sinistra
3137 4789 3316 4833 autem
3347 4793 3444 4833 vo-

1867 4891 2007 4945 cata,
2048 4880 2200 4951 quasi
2240 4878 2354 4932 sine
2390 4877 2631 4939 dextera,
2673 4874 2785 4928 sive
2818 4873 2959 4941 quod
2994 4886 3105 4925 rem
3134 4871 3249 4924 ﬁeri
3276 4870 3440 4923 sinat.

1870 4973 1915 5027 A
1942 4971 2165 5026 sinendo
2194 4979 2369 5023 autem
2399 4967 2614 5021 sinistra
2640 4972 2723 5017 est
2752 4969 3077 5031 nuncupata.
3132 4960 3234 5015 Per
3261 4958 3447 5014 dexte-

1877 5078 1989 5117 ram
2017 5061 2160 5115 enim
2189 5056 2472 5127 aliquando
2502 5054 2811 5124 designatur
2854 5050 3098 5106 Christus
3132 5049 3298 5104 Filius
3326 5048 3443 5112 Dei,

1876 5159 2095 5223 propter
2122 5148 2418 5203 effectivam
2445 5145 2738 5216 potentiam
2756 5184 2770 5208 ,
2797 5142 2863 5196 de
2895 5158 3003 5212 quo
3027 5140 3284 5209 scriptum
3320 5148 3403 5194 est
3428 5157 3441 5191 :

1878 5246 2103 5299 Dextera
2132 5241 2340 5295 Domini
2367 5240 2485 5309 fecit
2511 5239 2767 5301 virtutem,
2797 5236 3020 5289 Dextera
3060 5233 3269 5289 Domini
3308 5232 3446 5287 exal-

1880 5335 2003 5387 tavit
2034 5349 2114 5385 me
2141 5330 2312 5403 (Psal.
2341 5328 2527 5398 cxvu).
2566 5326 2865 5395 Aliquando
2900 5334 3097 5379 mterna
3135 5322 3442 5377 beatitudo:

1878 5424 2017 5477 unde
2042 5423 2155 5491 ipse
2177 5420 2418 5475 Christus
2446 5417 2639 5471 dicitur
2671 5416 2721 5469 in
2752 5414 2969 5469 dextera
2994 5410 3086 5466 Dei
3108 5408 3316 5475 sedere,
3344 5411 3447 5465 hoc

1874 5521 1973 5574 est,
2016 5511 2069 5563 in
2112 5517 2309 5562 a:tcrna
2348 5505 2673 5559 beatitudine
2713 5517 2955 5573 regnare.
2997 5499 3295 5570 Aliquando
3331 5499 3443 5553 ele-

1875 5602 1984 5655 ctio
2032 5608 2372 5661 sanctorum,
2441 5596 2608 5667 unde.
2648 5595 2900 5647 dicuntur
2957 5590 3088 5661 justi
3155 5598 3297 5643 stare
3374 5588 3442 5641 ad

1876 5692 2152 5745 dexteram
2183 5687 2384 5741 Judicis
2418 5683 2629 5754 (Matth.
2672 5680 2814 5751 xxv),
2844 5681 2946 5735 hoc
2972 5687 3073 5742 est,
3096 5686 3294 5732 aeterna
3318 5676 3443 5729 bea-

1877 5778 2107 5834 titudine
2142 5776 2304 5849 digni,
2346 5782 2399 5831 et
2436 5780 2743 5843 peccatores
2781 5770 2847 5827 ad
2884 5770 3173 5835 sinistram,
3202 5767 3303 5823 hoc
3337 5776 3438 5830 est,
