3896 6350
403 403 508 461 159

1041 401 1114 457 Βι
1145 401 1402 457 RABANI
1440 401 1662 459 MAURI
1694 402 2017 460 ARCHIEP.
2058 402 2368 462 MOGUNT.
2410 402 2694 466 Or‘LRUM
2731 409 2911 467 PARS
2948 411 3013 467 ll.

3568 415 3674 472 £60

399 517 456 573 in
483 523 690 586 partem
718 515 1026 585 reprobam,
1063 515 1160 586 qui
1186 515 1446 586 supplicio
1474 515 1660 570 traditi
1688 522 1836 571 sunt.
1887 513 1989 568 Hic
2014 515 2066 575 Α
2092 520 2392 587 prtescntize
2420 536 2503 590 git
2521 522 2646 575 tiam
2677 533 2954 592 respuunt.
2985 518 3120 579 ltem
3150 525 3394 596 colaphis
3421 542 3546 583 eum
3578 546 3686 585 caa-

399 606 657 677 itnpletur
696 606 838 674 quod
878 605 1008 662 alibi
1053 607 1316 676 scriptum
1339 609 1443 661 'est
1476 625 1489 661 :
1521 605 1590 660 In
1635 606 1849 660 dextera
1892 605 1992 661 Dei

397 699 551 769 ignea
577 698 662 754 lea:
700 698 877 770 (Deut.
910 697 1133 768 xxxiii),
1177 714 1207 752 a
1252 697 1473 752 sinislra
1519 710 1700 754 autem
1724 697 1856 768 ejus
1899 714 1990 753 re-

400 788 579 859 probi.
630 787 688 841 ιιι
723 787 940 842 sinistra
973 787 1349 858 ergo’Domini
1376 789 1592 858 reprobi
1620 788 1787 859 positi
1809 795 1989 853 erunt,

400 878 495 948 qui
551 886 606 932 et
635 878 872 944 sinislra,
902 879 1005 935 hoc
1064 885 1166 943 est,
1197 869 1516 947 praesentia,
1551 879 1791 948 quandin
1836 878 1990 934 vixe-

395 977 545 1034 runt,
572 969 779 1027 ardenti
808 969 1102 1042 cupiditate
1129 977 1446 1023 amaverunt
1471 987 1484 1024 :
1508 984 1610 1024 nec
1638 976 1988 1034 aeternorum,

397 1075 518 1131 qua:
545 1046 642 1131 per
669 1061 944 1116 dexteram
984 1060 1380 1131 signiﬁcantur,
1422 1061 1751 1116 desiderium
1785 1059 1991 1115 habue-

394 1159 542 1204 runt.
585 1149 738 1215 Item,
768 1149 989 1209 dextera
1014 1149 1285 1220 signiﬁcat
1306 1163 1545 1205 amorem
1574 1157 1792 1205 aaternae
1817 1148 1944 1202 vita:
1971 1166 1986 1202 :

393 1249 451 1295 et
497 1241 715 1295 sinistra
767 1241 1176 1296 delectationem
1231 1241 1405 1296 laudis
1462 1240 1742 1311 praesentis
1784 1239 1988 1296 smculi.

395 1329 550 1385 Unde
579 1331 772 1384 dicitur
805 1349 817 1383 :
852 1329 921 1383 Te
968 1339 1141 1384 autem
1173 1330 1406 1399 faciente
1449 1329 1848 1398 elemosynam,
1901 1344 1991 1382 ne-

391 1421 525 1477 sciat
574 1420 789 1474 sinistra
827 1430 953 1485 tua,
1007 1422 1135 1491 quid
1179 1407 1341 1490 faciat
1395 1420 1612 1473 dextera
1655 1428 1790 1478 tua:
1819 1427 1877 1472 ut
1921 1418 1990 1472 sit

390 1509 715 1580 elcemosyna
744 1515 835 1564 tua
861 1512 917 1564 in
947 1509 1201 1566 absconso
1222 1527 1241 1565 :
1265 1520 1314 1564 et
1353 1509 1516 1563 Pater
1543 1518 1687 1573 tuus,
1721 1508 1811 1585 qui
1840 1498 1990 1562 'videt

389 1599 448 1654 in
489 1599 775 1664 absconso,
818 1599 996 1654 reddet
1051 1599 1143 1663 tibi
1193 1599 1409 1670 (Matth.
1457 1598 1555 1669 vi).
1611 1597 1751 1665 Quid
1796 1605 1883 1653 est
1933 1599 1990 1652 in

390 1687 730 1754 abscondito,
759 1689 864 1744 nisi
892 1688 947 1742 in
985 1688 1098 1759 ipsa
1129 1689 1270 1744 bona
1315 1687 1669 1757 conscientia,
1715 1699 1835 1755 qua:
1878 1686 1986 1749 hue

390 1778 569 1832 manis
596 1778 770 1833 oculis
794 1779 1158 1843 demonstrari
1186 1794 1292 1833 non
1314 1787 1514 1848 potest,
1537 1792 1638 1832 nec
1657 1769 1987 1846 verbis’ape-

2092 611 2245 678 dunt,
2277 610 2368 680 qui
2398 616 2454 666 ei
2474 613 2706 669 honores
2733 631 2860 670 suos
2884 616 3196 686 praeferunt.
3247 618 3464 675 Palmas
3503 621 3559 675 in
3597 621 3683 675 fa-

2090 701 2227 756 ciem
2249 703 2300 756 ei
2322 702 2472 767 dant,
2503 703 2594 771 qui
2629 705 2854 772 perﬁdia
2897 707 3105 771 ctecati,
3147 721 3270 762 eum
3315 725 3424 764 non
3465 711 3684 768 venisse

2089 793 2378 859 aiiirmant,
2401 796 2739 863 przesentiam
2760 797 2881 868 ejus
2901 799 3325 856 exterminantes
3343 811 3400 856 et
3415 801 3688 872 repellen-

2091 891 2191 936 tes.
2249 882 2417 936 Error
2445 883 2819 938 haereticorum
2855 886 2923 942 de
2946 885 3164 942 Christo
3193 890 3363 945 tribus
3390 891 3686 961 generibus

2093 974 2429 1029 terminatur.
2474 974 2583 1028 Aut
2609 976 2754 1029 enim
2781 975 2848 1029 de
2875 977 3175 1044 divinitate,
3211 987 3307 1034 aut
3333 981 3398 1035 de
3429 983 3684 1036 humani-

2091 1073 2220 1131 tate,
2245 1074 2339 1119 aut
2364 1065 2431 1119 de
2459 1074 2689 1136 utroque
2711 1066 2984 1123 falluntur.
3017 1070 3178 1140 Digiti
3204 1074 3518 1142 nuncupati,
3551 1075 3680 1143 quia

2090 1151 2274 1206 decem
2303 1162 2429 1208 sunt
2457 1172 2470 1207 :
2503 1154 2587 1209 vel
2611 1156 2738 1225 quia
2765 1157 3018 1214 decenter
3040 1159 3214 1229 juncti
3241 1162 3500 1218 existunt.
3541 1162 3680 1218 Nam

2090 1242 2291 1297 habent
2319 1244 2374 1296 in
2409 1259 2470 1300 se
2505 1252 2561 1299 et
2595 1262 2878 1302 numerum
2928 1248 3407 1318 perfectissimum,
3442 1261 3500 1309 et
3537 1255 3684 1309 ordi-

2090 1348 2214 1387 nem
2251 1333 2710 1390 decentissimum.
2749 1337 2910 1408 Digiti
2944 1346 3138 1395 autem-
3161 1359 3260 1412 pro
3296 1345 3688 1402 distributione

2089 1423 2351 1478 donorum
2378 1423 2610 1495 Spiritus
2639 1429 2810 1484 sancti
2838 1431 2895 1485 in
2915 1432 3202 1502 scripturis
3229 1436 3515 1507 allegorice
3536 1441 3681 1495 acci-

2087 1513 2328 1584 piuntur.
2379 1513 2515 1569 Nam
2539 1517 2799 1586 scriptum
2823 1529 2904 1574 est
2927 1521 2982 1575 in
3009 1522 3317 1594 Evangelio,
3343 1526 3574 1583 Domino
3600 1531 3682 1585 di-

2089 1610 2244 1658 cente
2269 1619 2282 1656 :
2308 1601 2370 1658 Si
2399 1604 2453 1658 in
2486 1604 2648 1675 digito
2678 1607 2776 1660 Dei
2799 1608 3242 1678 ejiciadtemonia
3264 1613 3414 1685 (Luc.
3439 1617 3543 1688 xi),
3574 1620 3684 1676 hoc

2089 1700 2190 1759 est,
2241 1694 2297 1749 in
2341 1694 2542 1752 virtute
2580 1696 2814 1766 Spiritus
2852 1701 3048 1766 sancti,
3077 1703 3311 1771 profecto
3335 1710 3594 1775 perveniet
3623 1707 3685 1764 in

2087 1801 2179 1839 vos
2209 1781 2424 1855 riguum
2449 1786 2554 1840 Dei
2575 1786 2787 1861 (Ibid-.).
2827 1790 2897 1844 Et
2935 1791 2991 1844 in
3019 1791 3206 1849 Exodo
3244 1795 3462 1866 legitur,
3505 1797 3680 1868 Digito

391 1866 533 1920 riri?
571 1867 806 1922 Rursum
836 1883 936 1938 per
965 1868 1245 1925 dexteram
1276 1868 1610 1938 signiﬁcatur
1639 1866 1823 1921 futura
1847 1867 1981 1932 vita,
2010 1863 2060 1922 B
2088 1871 2302 1928 Domini
2323 1874 2482 1945 legem
2510 1875 2673 1945 fuisse
2704 1880 3046 1950 conscriptam
3078 1881 3278 1952 (Exod.
3301 1863 3483 1957 xxxi),
3516 1863 3682 1956 quem

388 1966 444 2013 et
471 1973 568 2027 per
591 1959 867 2014 sinistram
893 1974 1150 2028 praesens.
1208 1957 1357 2014 Unde
1383 1958 1448 2013 de
1470 1957 1696 2013 Domino
1717 1958 1980 2029 scriptum

386 2054 472 2101 est
500 2065 513 2100 :
545 2045 612 2099 In
640 2046 852 2105 dextera
881 2049 998 2118 ejus
1023 2047 1296 2118 longitudo
1325 2047 1549 2111 dierum,
1587 2056 1635 2102 et
1674 2048 1730 2102 in
1763 2048 1982 2103 sinistra

386 2138 522 2207 ejus,
553 2139 748 2191 divitiae
773 2149 822 2192 et
850 2137 1032 2208 gloria:
1070 2137 1251 2210 (Prov.
1276 2137 1393 2211 ni);
1426 2139 1556 2208 quia
1576 2138 1668 2204 hic
1695 2139 1870 2194 sancti
1902 2139 1984 2208 di-

387 2227 548 2281 vitias
575 2227 834 2280 virtutum
865 2226 1142 2298 colligunt,
1180 2236 1236 2282 et
1271 2228 1326 2282 in
1363 2227 1546 2282 futuro
1575 2227 1984 2296 contemplatio-

386 2330 510 2369 nem
546 2313 727 2369 vultus
762 2314 854 2369 Dei
890 2315 1208 2384 percipient.
1262 2315 1395 2368 Nam
1444 2323 1498 2368 et
1543 2314 1671 2370 alibi
1709 2315 1984 2369 invenitur

387 2402 610 2458 dextera
651 2418 750 2471 pro
787 2402 1148 2473 prcsperitate
1180 2403 1374 2472 posita,
1420 2405 1534 2459 sive
1582 2403 1860 2458 hominum
1902 2403 1982 2458 fa-

382 2507 517 2548 vore
543 2511 556 2546 :
584 2501 639 2546 et
675 2493 896 2547 sinistra
933 2508 1032 2563 pro
1074 2493 1400 2548 adversitate
1431 2492 1590 2562 hujus
1617 2494 1757 2557 vitae,
1789 2494 1873 2548 vel
1902 2495 1984 2548 vi-

385 2581 748 2651 tuperatione,
787 2589 846 2634 nt
885 2582 937 2634 in
968 2581 1104 2636 lsaia
1139 2600 1152 2635 :
1187 2581 1317 2635 ΙΙατ
1355 2584 1570 2647 est‘via,
1617 2583 1882 2638 ambulate
1926 2585 1982 2641 in

387 2686 473 2736 ea,
498 2688 660 2741 neque
683 2671 751 2724 ad
768 2671 1056 2737 dexteram,
1081 2689 1242 2742 neque
1267 2672 1334 2724 ad
1357 2667 1621 2726 sinistram
1647 2672 1782 2744 (Isa.
1811 2674 1977 2747 xxx);

385 2760 526 2815 sicut
561 2761 675 2815 dies
713 2761 1004 2831 aliquando
1041 2763 1452 2830 prosperitatem
1477 2764 1764 2836 signiﬁcat,
1793 2775 1849 2820 et
1875 2782 1981 2821 nox

384 2851 788 2906 adversitatem.
834 2851 1139 2922 Aliquando
1169 2853 1390 2909 dextera
1419 2856 1560 2909 bona
1607 2870 1772 2925 opera
1799 2856 1982 2926 expri-

384 2941 502 3006 mit,
534 2955 654 3010 quze
683 2940 910 2996 Domino
934 2941 1176 3011 placent;
1217 2952 1272 2996 et
1308 2941 1526 2998 sinistra
1567 2944 1730 3010 mala,
1770 2960 1892 3014 quae
1931 2946 1980 2999 ei

379 3030 690 3100 displicent.
737 3031 968 3086 Dextera
1005 3033 1231 3096 amicus,
1270 3034 1383 3087 sive
1423 3048 1581 3098 uxor,
1622 3034 1707 3088 vel
1743 3034 1862 3099 ﬁlii,
1896 3034 1981 3088 vel

383 3121 610 3189 quilibet
633 3122 939 3192 propinqui,
974 3122 1114 3176 sicut
1149 3123 1366 3192 quidam
1400 3125 1586 3178 volunt
1627 3124 1876 3196 intelligi,
1921 3134 1983 3180 ut

2087 1961 2244 2017 multi
2276 1962 2537 2032 Spiritum
2575 1975 2824 2022 sanctum
2862 1971 3112 2040 accipere
3151 1973 3456 2031 voluerunt.
3515 1978 3594 2032 Et.
3625 1979 3678 2033 in

2086 2053 2295 2122 psalmo
2332 2054 2560 2125 legitur:
2587 2056 2848 2122 Quoniam
2882 2060 3063 2115 videbo
3098 2062 3252 2117 calas
3290 2080 3447 2134 opera
3483 2067 3680 2136 digito-

2088 2160 2203 2197 rum
2244 2154 2457 2198 tuorum
2495 2146 2665 2218 (Psal.
2698 2149 2838 2220 γιιι).
2875 2150 3064 2207 Merito
3103 2153 3245 2210 istud
3273 2156 3338 2210 de
3364 2155 3547 2211 futuro
3567 2157 3681 2228 διο.

2087 2239 2232 2293 riosa
2266 2240 2398 2295 dicit
2420 2241 2679 2308 Ecclesia,
2712 2261 2832 2314 qua:
2858 2255 2983 2302 ante
3004 2249 3291 2305 adventum
3317 2251 3531 2307 Domini
3561 2264 3684 2310 erat

2085 2331 2262 2386 adhuc
2287 2334 2343 2386 in
2369 2335 2692 2404 patriarchis
2715 2347 2773 2393 et
2794 2341 2998 2395 sanctis
3022 2343 3336 2401 hominibus
3358 2348 3683 2403 constituta.

2083 2420 2177 2475 Ait
2205 2423 2351 2476 cnim
2378 2441 2394 2477 :
2425 2425 2602 2481 videbo
2639 2427 2814 2495 caelos,
2859 2430 2912 2484 id
2955 2440 3057 2496 est,
3089 2425 3267 2488 libros
3299 2435 3676 2507 Evangellcos,

2085 2513 2177 2582 qui
2204 2514 2328 2568 εωιὶ
2355 2517 2548 2572 merito
2576 2519 2829 2575 dicuntur
2860 2536 2875 2575 :
2903 2524 3159 2592 quoniam
3188 2528 3466 2582 continent
3488 2530 3678 2585 Domi-

2086 2617 2213 2654 num
2254 2601 2606 2667 Salvatorem.
2637 2609 2729 2676 qui
2766 2609 2899 2664 dixit
2931 2630 2944 2665 :
2980 2611 3179 2667 Caelum
3222 2616 3352 2668 mihi
3389 2617 3537 2672 sedes
3579 2629 3675 2685 est,

2086 2697 2226 2743 terra
2271 2701 2444 2746 autem
2482 2697 2765 2751 scabellum
2811 2701 2999 2768 pedum
3043 2719 3276 2757 meorum
3324 2705 3458 2776 (Isti.
3506 2712 3674 2781 Lm).

2083 2776 2208 2832 ldeo
2234 2779 2322 2833 hic
2348 2783 2580 2849 positam
2611 2789 2980 2854 operationem
3008 2791 3298 2862 digitorum
3342 2797 3572 2864 :estimo,
3616 2776 3676 2854 ut

2084 2866 2252 2924 libros
2278 2869 2485 2928 divinos
2509 2879 2889 2945 cooperatione
2929 2889 3128 2937 sanctae
3173 2882 3455 2941 Trinitatis
3499 2888 3678 2958 perfe-

2084 2969 2202 3015 ctos
2231 2962 2510 3019 evidenter
2541 2969 2868 3035 ostenderet,
2897 2971 3034 3025 sicut
3056 2980 3112 3026 et
3135 2973 3259 3028 alibi
3296 2975 3494 3046 legitur
3524 2997 3536 3031 :
3568 2980 3678 3053 Αρ-

2082 3051 2258 3120 pendit
2284 3054 2449 3107 tribus
2474 3056 2650 3126 digitis
2674 3059 2859 3113 molem
2892 3069 3044 3115 terra:
3077 3063 3213 3134 (lsa.
3255 3066 3366 3142 ιι).
3413 3072 3565 3138 Quod
3597 3051 3681 3129 εἱ-

2086 3143 2199 3197 mili
2240 3157 2579 3202 sacramento
2615 3151 2981 3220 recipiendum
3021 3168 3125 3211 est.
3180 3159 3388 3230 Digitus
3413 3163 3556 3216 enim
3583 3163 3680 3219 di-

383 3209 439 3318 ίιξ
471 3210 760 3318 Εγξιηεοιίο
789 3229 801 3264 ε
838 3210 900 3264 δέ
936 3211 1152 3318 άξπτετίξ
1189 3230 1375 3318 ηιαηιίξ
1413 3225 1502 3318 “in
1539 3215 1867 3318 διξαηξξαξίιαε
1909 3225 1977 3284 τεν
2008 3236 2052 3300 C
2084 3235 2225 3290 citur
2253 3237 2444 3294 divinae
2471 3209 2800 3310 Operationis
2834 3209 3681 3318 eﬁ‘ectus,qdod

383 3301 591 3354 abscide
615 3319 749 3377 eam,
777 3312 836 3372 et.
863 3304 1057 3374 projice
1098 3306 1190 3358 abs
1217 3316 1265 3361 te
1303 3306 1514 3380 (Matth.
1553 3308 1627 3381 v).
1666 3309 1852 3364 Palma
1894 3322 1978 3366 est

386 3406 579 3450 manus
607 3393 859 3465 expansis
886 3395 1070 3468 digitis
1096 3399 1236 3452 sicut
1260 3399 1554 3453 contractis
1588 3414 1816 3470 pugnus.
1871 3390 1977 3453 Pu-

385 3506 522 3560 gnus
548 3501 728 3545 autem
751 3507 782 3544 a
804 3491 1000 3562 pugillo
1022 3493 1197 3546 dictus
1226 3510 1238 3546 :
1269 3493 1406 3552 sicut
1425 3492 1603 3562 palma
1630 3493 1697 3546 ab
1720 3493 1978 3562 expansis

381 3582 576 3652 palma:
618 3583 806 3636 ramis.
850 3583 910 3636 In
950 3582 1127 3653 palma
1182 3583 1474 3653 amplitudo
1518 3582 1839 3652 eloquentia:
1880 3583 1978 3637 ali-

385 3671 603 3740 quando
624 3672 872 3742 signatnr
903 3691 916 3726 :
950 3674 1088 3728 sicut
1127 3673 1181 3727 in
1213 3689 1393 3744 pugno
1417 3681 1678 3744 angustus
1711 3680 1977 3728 tractatus

385 3771 829 3831 argumentorum
883 3771 938 3817 et
983 3762 1256 3817 conclusio
1304 3762 1757 3834 syllogismorum.
1821 3762 1977 3816 Unde

384 3850 602 3919 quidam
629 3852 948 3920 sapientium
979 3852 1046 3908 de
1076 3852 1366 3908 Dialectica
1389 3861 1444 3906 et
1475 3853 1768 3907 Rhetorica
1792 3853 1976 3922 dispu-

384 3950 506 3994 tans
535 3940 612 3994 ait
641 3959 654 3994 :
682 3940 973 3996 Dialectica
998 3951 1054 3996 et
1079 3942 1366 3998 Rhetorica
1395 3951 1508 4008 est,
1540 3944 1684 4014 quod
1715 3941 1771 3997 in
1810 3959 1974 3998 manu

385 4032 620 4086 hominis
663 4047 874 4103 pugnus
916 4033 1189 4100 astrictus,
1239 4041 1293 4092 et
1336 4033 1514 4102 palma
1561 4035 1818 4090 distensa.
1879 4036 1973 4091 illa

382 4119 532 4175 brevi
571 4121 815 4174 oratione
858 4130 1175 4191 argumenta
1221 4122 1511 4188 concludit,
1562 4121 1665 4178 ista
1711 4123 1976 4179 facundia:

385 4228 607 4283 campos
635 4212 852 4282 copioso
895 4227 1144 4268 sermone
1181 4215 1452 4269 discurrit.
1507 4215 1602 4269 Illa
1642 4217 1805 4272 verba
1842 4233 1974 4272 con-

383 4304 586 4369 trahit,
612 4304 715 4358 ista
745 4302 1015 4357 distendit.
1057 4303 1347 4358 Dialectica
1376 4305 1591 4374 quidem
1613 4306 1679 4362 ad
1700 4307 1975 4361 invenien-

383 4395 482 4451 das
519 4409 609 4449 res
641 4395 870 4459 acutior,
911 4394 1200 4450 Rhetorica
1236 4396 1303 4450 ad
1339 4396 1586 4452 inventas
1615 4398 1870 4453 dicendas
1898 4398 1974 4453 fa-

382 4485 630 4540 cundior.
683 4484 774 4538 illa
814 4500 968 4539 raros
1012 4494 1066 4538 et
1104 4488 1370 4542 studiosos
1409 4489 1636 4559 requirit
1668 4509 1682 4544 :
1714 4491 1829 4546 haec
1865 4492 1970 4547 fre-

2080 3333 2137 3380 et
2169 3326 2305 3380 Filio
2333 3336 2388 3382 et
2416 3327 2638 3397 Spiritui
2667 3341 2874 3398 sancto,
2911 3336 2963 3390 id
2989 3345 3092 3402 est,
3122 3339 3214 3392 uni
3243 3340 3352 3395 Deo
3390 3343 3684 3411 aptissime

2079 3419 2388 3471 convenire.
2433 3419 2564 3474 item
2594 3436 2691 3490 per
2715 3423 2909 3494 digitos
2933 3426 3190 3482 discretio
3215 3430 3329 3484 sive
3351 3433 3678 3490 exercitium

2078 3508 2202 3562 boni
2229 3509 2408 3577 operis
2436 3513 2774 3581 exprimitur.
2828 3515 2979 3572 Unde
3013 3519 3080 3572 de
3115 3520 3204 3574 illa
3247 3523 3470 3578 muliere
3519 3525 3683 3592 forti,

2079 3614 2242 3668 quam
2273 3598 2526 3655 Salomon
2554 3602 2606 3656 in
2640 3604 2746 3657 ﬁne
2778 3607 3182 3674 proverbiorum
3219 3625 3438 3665 suorum
3465 3614 3678 3670 descri-

2077 3688 2156 3742 bit
2185 3690 2256 3743 ita
2293 3690 2507 3760 legitur.
2560 3692 2780 3748 Manum
2817 3713 2967 3750 suam
3003 3699 3146 3752 misit
3182 3702 3250 3755 ad
3287 3702 3468 3770 fortia,
3505 3716 3553 3758 et
3586 3707 3680 3759 di-

2076 3781 2170 3850 giti
2207 3781 2290 3835 sui
2319 3782 2764 3851 appreltenderunt
2802 3788 2976 3855 fusum
3022 3787 3205 3860 (Prov.
3251 3793 3423 3864 xxxi).
3467 3794 3678 3852 Manus

2077 3871 2220 3925 enim
2251 3872 2396 3926 misit
2419 3874 2483 3927 ad
2511 3874 2692 3940 fortia,
2724 3876 2774 3931 id
2801 3886 2905 3942 est,
2928 3879 3165 3934 studium
3190 3897 3348 3937 suum
3383 3886 3451 3940 ad
3486 3887 3676 3955 perfe-

2076 3970 2162 4016 cta
2186 3961 2387 4017 Christi
2418 3964 2700 4020 charitatis
2723 3982 2906 4036 Opera,
2928 3979 2982 4023 et
3010 3971 3161 4041 digiti
3189 3974 3270 4026 sui
3297 3976 3673 4042 apprehende-

2077 4060 2204 4106 runt
2245 4052 2443 4118 fusum,
2498 4070 2619 4108 cum
2678 4056 3018 4112 discretionis
3063 4062 3316 4128 aequitate
3373 4065 3679 4120 textrinaux

2075 4142 2227 4197 stolae
2254 4143 2492 4198 cmlestis
2537 4160 2633 4213 per
2675 4162 2835 4216 opera
2881 4149 3163 4204 charitatis
3206 4151 3386 4206 ellicit.
3436 4154 3538 4209 Ubi
3583 4156 3672 4209 di-

2074 4234 2341 4288 scretione
2373 4250 2581 4288 summa
2607 4251 2741 4304 opus
2769 4251 2874 4304 est,
2911 4246 2969 4292 ut
3013 4256 3112 4310 pro
3145 4250 3344 4296 aeterna
3387 4245 3678 4310 mercede,

2074 4331 2130 4376 et
2162 4338 2267 4376 non
2301 4338 2399 4391 pro
2442 4327 2722 4392 temporali
2765 4327 2921 4383 laude
2953 4330 3092 4384 bona
3129 4346 3372 4400 agamus.
3426 4333 3674 4404 Ungulas

2073 4428 2136 4467 ex
2165 4412 2355 4468 Grzcco
2380 4429 2669 4480 vocamus;
2713 4417 2789 4469 illi
2837 4419 2978 4471 enim
3013 4420 3256 4489 onychen
3287 4421 3538 4492 ungulam
3580 4425 3670 4479 di-

2072 4509 2218 4555 cunt.
2273 4502 2378 4558 Per
2402 4505 2653 4575 ungulam
2685 4507 2878 4575 quippe
2910 4511 3226 4564 extremitas
3264 4511 3348 4564 vel
3391 4512 3516 4568 ﬁnis
3565 4530 3672 4568 cu-

381 4585 613 4646 quenter
661 4575 901 4645 procedit
940 4575 994 4628 in
1042 4577 1244 4630 turbas.
1296 4578 1426 4631 Item
1470 4579 1651 4646 palma
1697 4577 2045 4651 signiﬁcatD
2066 4590 2286 4659 juslibet
2320 4594 2397 4647 rei
2438 4593 2857 4649 demonstratur.
2909 4597 3042 4651 Nam
3075 4600 3335 4669 scriptum
3366 4611 3448 4657 est
3480 4604 3530 4656 in
3558 4603 3665 4658 Ge-

381 4667 1088 4737 largitatemeleemosynae,
1120 4675 1175 4720 et
1200 4683 1409 4736 pugnus
1436 4671 1774 4740 parcitatem.
1815 4673 1967 4728 Unde

383 4759 643 4827 scriptum
686 4767 769 4811 est
826 4757 880 4811 in
929 4758 1229 4825 proverbiis
1279 4758 1583 4816 Salomonis
1636 4763 1701 4816 de
1743 4764 1969 4819 muliere

381 4849 634 4918 prudenti
659 4867 672 4902 :
697 4849 912 4903 Palmas
942 4868 1067 4904 suas
1112 4853 1338 4906 extendit
1382 4855 1450 4907 ad
1478 4859 1755 4926 pauperem
1783 4856 1965 4928 (Prov.

381 4939 554 5011 xxxr).
598 4940 665 4994 Et
690 4941 814 4996 alibi
847 4943 1106 5011 scriptum
1135 4953 1260 4999 est:
1293 4946 1372 4999 Sit
1404 4963 1590 5000 manus
1614 4958 1706 5002 tua
1741 4951 1809 5003 ad
1835 4951 1968 5004 dan-

383 5033 508 5086 dum
535 5044 792 5103 porrecta,
813 5045 861 5089 et
887 5036 955 5089 ad
977 5036 1320 5107 colligendum
1346 5049 1612 5093 contracta
1628 5039 1818 5111 (Eccli.
1841 5044 1961 5112 νιι).

381 5125 515 5179 Item
545 5124 612 5177 de
637 5125 815 5193 palmo
846 5135 900 5180 et
925 5127 1120 5196 pugillo
1148 5128 1412 5197 Propheta
1445 5131 1596 5196 dicit,
1636 5133 1845 5186 Domini
1871 5150 1967 5203 po-

382 5214 608 5270 tentiam
637 5215 1053 5272 demonstrans:
1079 5217 1297 5285 Caelum,
1335 5221 1524 5289 inquit,
1554 5221 1730 5292 palma
1754 5226 1967 5278 metitur

381 5313 430 5357 et
448 5315 640 5358 terram
660 5304 857 5375 pugillo
882 5307 1138 5360 concludit
1166 5309 1300 5377 (lsa.
1329 5310 1440 5381 XL).
1481 5311 1612 5365 Item
1639 5313 1689 5366 in
1717 5318 1968 5382 passione

387 5393 598 5447 Domini
628 5395 885 5462 scriptum
912 5404 994 5449 est
1012 5415 1024 5449 :
1044 5396 1186 5453 Tunc
1207 5410 1518 5468 exspiret-unt
1536 5402 1591 5453 in
1609 5402 1796 5469 faciem
1820 5405 1960 5473 ejus,

384 5492 433 5536 et
454 5483 684 5553 colaphis
711 5501 827 5539 eum
856 5486 1152 5540 ceciderunt
1179 5502 1196 5538 .‘
1223 5489 1315 5541 alii
1353 5501 1525 5542 autem
1568 5491 1769 5560 palmas
1797 5497 1849 5547 in
1879 5496 1966 5563 fa-

385 5573 515 5625 ciem
539 5573 584 5626 ei
606 5573 879 5640 dederunt,
906 5576 1161 5632 dicentes:
1179 5573 1492 5646 Prop/tetiza
1521 5579 1688 5646 nobis,
1725 5579 1958 5649 Christe,

385 5665 498 5736 quis
527 5673 600 5718 est
628 5665 719 5737 qui
753 5675 802 5718 te
827 5670 1077 5735 percussit
1097 5670 1349 5740 ?(Matth.
1383 5671 1555 5743 xxvx.)
1585 5672 1736 5740 Quod
1758 5675 1960 5732 dictum

387 5765 470 5812 est
499 5775 510 5810 :
536 5768 846 5829 exspueruut
869 5760 920 5812 in
942 5758 1127 5828 faciem
1153 5763 1286 5830 eius,
1319 5763 1586 5836 signiﬁcat
1605 5782 1716 5834 cos,
1732 5768 1823 5837 qui
1845 5766 1962 5838 ejus

2071 4681 2205 4744 nesi,
2263 4682 2354 4735 ubi
2402 4681 2568 4736 Iacob
2615 4684 2888 4738 benedixit
2933 4687 3041 4741 ﬁlio
3083 4704 3182 4742 suo
3237 4690 3375 4756 Dan,
3421 4692 3604 4746 dicens
3643 4715 3659 4750 :

2071 4768 2196 4822 Fiat
2223 4769 2341 4823 Dan
2383 4770 2591 4824 coluber
2621 4773 2674 4824 in
2709 4774 2813 4838 via,
2850 4786 3070 4830 cerastes
3096 4779 3150 4831 in
3179 4781 3382 4845 semita,
3414 4782 3667 4835 mordens

2071 4859 2296 4930 ungulas
2320 4862 2456 4930 equi,
2485 4872 2538 4914 ut
2566 4863 2719 4915 cadat
2745 4880 2988 4918 ascensor
3005 4866 3119 4936 ejus
3149 4877 3283 4920 retro
3307 4865 3655 4939 (Gen.'xux).

2072 4952 2299 5017 Quidam
2324 4967 2454 5006 vero
2477 4952 2615 5006 hanc
2636 4954 2969 5022 prophetiam
2993 4957 3059 5015 ad
3076 4956 3453 5010 antichristum
3478 4966 3662 5010 trans-

2069 5041 2270 5105 ferunt,
2307 5040 2630 5096 arbitrantes
2658 5057 2780 5096 eum
2810 5045 2873 5098 de
2903 5045 3041 5099 tribu
3085 5046 3199 5098 Dan
3242 5055 3526 5100 venturum
3553 5065 3566 5099 :
3599 5047 3658 5100 in

2071 5133 2173 5188 hoc
2206 5131 2324 5186 loco
2347 5149 2533 5201 equum
2562 5134 2732 5202 accipi
2757 5131 3002 5199 judicant
3033 5136 3195 5199 hunc,
3223 5135 3314 5202 qui
3341 5150 3438 5204 per
3462 5135 3664 5189 elatio—_

2069 5239 2190 5302 ncm
2227 5239 2378 5277 suam
2410 5223 2462 5275 in
2490 5239 2648 5278 cursu
2676 5224 2968 5279 labentium
2991 5235 3287 5294 temporum
3317 5237 3566 5295 spumat;
3596 5236 3665 5284 ct

2068 5315 2192 5382 quia
2223 5312 2572 5368 antichristus
2604 5321 2843 5368 extrema
2873 5315 3056 5369 mundi
3086 5316 3491 5384 apprehendere
3520 5318 3650 5370 niti-

2071 5413 2179 5468 tur,
2201 5412 2437 5457 cerastes
2466 5404 2567 5458 iste
2596 5405 2719 5473 cqui
2755 5405 2982 5474 ungulas
3012 5407 3260 5461 mordere
3291 5406 3607 5475 perhibetur
3630 5422 3660 5464 ε..

2063 5493 2316 5563 ungulam
2353 5494 2548 5562 quippe
2576 5495 2696 5562 equi
2739 5495 3001 5561 mordere,
3050 5505 3136 5550 est
3169 5506 3410 5551 extrema
3463 5497 3647 5551 saeculi

2062 5586 2304 5640 feriendo
2346 5586 2677 5655 contingere.
2729 5583 2794 5639 Ut
2831 5587 2984 5641 cadat
3031 5602 3276 5641 ascensor
3323 5587 3438 5656 ejus
3484 5598 3644 5640 retro.

2063 5677 2332 5731 Ascensor
2355 5676 2477 5745 equi
2508 5683 2611 5738 est,
2640 5675 2881 5744 quisquis
2907 5675 3185 5731 extollitur
3210 5676 3263 5733 in
3293 5675 3649 5744 dignitatibus

2065 5769 2267 5825 mundi.
2287 5768 2384 5835 Qui
2406 5775 2549 5836 retro
2563 5767 2754 5824 cadere
2771 5767 2986 5836 dicitur,
3001 5775 3173 5825 etnon
3191 5767 3243 5825 in
3259 5767 3450 5827 iacicm
3469 5783 3483 5822 :
3503 5769 3648 5825 sicut
