3896 6330
199 369 279 427 ΙϐΙ
1139 353 1225 408 DE
1264 344 1612 407 UNIYERSO
1649 343 1828 399 LIBRI
1864 341 2032 397 XXI].
2072 372 2142 382 —
2176 342 2302 396 LIB.
2344 341 2432 396 VI.

3299 344 3402 400 l6!

193 481 365 538 Saulus
389 472 639 531 cecidisse
674 479 1019 527 memoratur.
1069 466 1127 522 lu
1164 463 1298 518 faeie
1332 460 1474 514 enim
1510 457 1721 520 cadere,
1755 458 1799 516 Β
1825 469 1924 508 nas
1950 451 2176 538 injurias
2209 451 2451 522 corporis
2493 451 2716 521 tegendo
2764 452 2945 523 pellat,
2993 454 3304 526 pluviasque
3345 467 3400 512 et

188 579 262 627 est
301 569 348 621 in
383 567 477 618 hac
507 563 615 616 vita
665 577 789 616 suas
829 568 1261 626 unumquemque
1307 550 1490 617 culpas
1533 561 1729 616 cogno-

189 672 340 716 scere,
385 668 575 723 easque
623 652 933 721 paenitendo
980 645 1194 702 deﬂere.
1237 642 1404 696 Retro
1438 653 1582 702 vero,
1624 649 1729 705 quo

187 761 285 800 non
309 743 520 802 videtur,
548 741 743 794 cadere
766 746 849 793 est
869 751 935 790 ex
958 736 1057 788 hac
1081 734 1187 786 vita
1208 735 1427 798 repente
1451 725 1727 789 decedere,

188 836 246 888 ad
275 849 383 903 qua:
405 830 660 899 supplicia
686 829 914 882 ducatur
947 827 1208 895 ignorare.
1251 819 1385 873 Item
1414 818 1479 871 de
1511 827 1650 885 equo
1676 815 1730 868 in

188 925 275 981 Job
339 922 588 989 scriptum
644 927 727 974 est
773 932 790 970 :
855 916 1066 970 Terram
1129 910 1327 982 ungula
1378 908 1509 978 fodit
1564 906 1727 977 (Job.

187 1013 376 1081 χχιιι).
434 1009 581 1063 Solet
605 1009 657 1061 in
687 1006 812 1076 equi
856 1005 1050 1075 ungula
1093 1001 1294 1056 laboris
1335 998 1594 1054 fortitudo
1635 1011 1728 1050 co-

186 1101 369 1172 gnosci.
421 1097 555 1162 Quid
580 1110 713 1163 ergo
734 1109 832 1163 per
860 1091 1133 1162 ungulam,
1163 1088 1267 1143 nisi
1301 1087 1356 1140 in
1383 1086 1732 1155 praedicatore

186 1198 356 1244 sancto
383 1187 638 1240 virtutum
671 1181 947 1254 perfectio,
985 1175 1420 1232 demonstratur?
1459 1173 1558 1238 Qui
1586 1172 1732 1224 vide«

184 1278 296 1332 licet
324 1286 513 1330 terram
543 1273 677 1327 fedit
696 1271 910 1340 ungula,
941 1268 1067 1322 dum
1101 1268 1168 1323 de
1201 1265 1366 1320 corde
1400 1262 1730 1316 audientium

182 1367 406 1435 exemplo
433 1378 649 1419 suorum
676 1375 898 1431 operum
925 1368 1167 1412 terrenas
1187 1354 1539 1424 cogitationes
1564 1350 1728 1418 ejicit.

183 1459 410 1510 Truncus
451 1453 624 1508 media
670 1467 796 1521 pars
840 1448 1082 1517 corporis
1119 1461 1150 1499 a
1187 1444 1410 1500 colload
1439 1442 1729 1512 inguinen.

182 1547 249 1600 De
279 1559 378 1614 quo
408 1542 680 1613 Virgilius.
727 1540 897 1608 Caput
927 1537 1062 1592 collo
1092 1536 1322 1590 vehitur.
1373 1534 1618 1587 Truncus
1639 1547 1732 1586 su-

181 1638 391 1691 stinetur
415 1633 564 1688 coxis
587 1641 641 1686 et
673 1631 895 1701 genibus
917 1629 1294 1696 cruribusque.
1344 1625 1610 1689 Truncus,
1642 1623 1735 1694 qui

180 1727 281 1781 sine
303 1724 470 1793 capite
497 1730 552 1776 et
592 1720 841 1775 manibus
873 1727 979 1784 est,
1014 1717 1278 1789 signiﬁcat
1313 1715 1644 1771 debilitatem
1680 1723 1737 1769 et

1829 551 2018 599 ventos
2044 535 2278 610 Solisque
2317 542 2539 595 ardores
2583 541 2836 609 perferat.
2885 543 3044 597 Pellis
3087 545 3230 598 enim
3275 563 3398 600 mox

1829 633 2069 686 detracta
2090 646 2121 684 a
2143 644 2366 698 corpore
2388 629 2498 698 jam
2527 631 2731 684 corium
2762 632 2976 686 dicitur.
3024 634 3080 686 ln
3105 644 3227 688 cute
3259 636 3400 688 enim

1827 720 1913 776 vel
1945 720 2104 790 pelle,
2135 734 2241 788 qua
2271 718 2465 772 animal
2499 717 2800 773 forinsecus
2856 721 3240 786 circumdatur,
3289 737 3404 791 my-

1829 813 1964 867 stice
2010 811 2095 866 vel
2137 825 2334 879 corpus
2373 812 2666 864 humanum
2708 813 3060 877 demonstrat,
3103 829 3210 881 quo
3250 823 3405 867 natu-

1829 917 1942 955 ram
1986 902 2179 955 animae
2227 902 2368 954 intra
2411 915 2470 955 se
2510 901 2772 972 vigentem
2820 903 2997 972 tegit:
3034 904 3113 957 vel
3155 914 3403 958 sanctam

1829 991 2126 1045 Ecclesiam
2139 988 2432 1059 signiﬁcat,
2461 1004 2622 1059 quam
2655 989 2921 1057 Christus,
2949 993 3042 1062 qui
3069 1000 3152 1047 est
3177 993 3282 1058 eia,
3321 1009 3408 1046 ve-

1829 1080 1959 1132 ritas
1987 1087 2035 1131 et
2053 1079 2160 1132 vita
2185 1078 2365 1148 (Joan.
2396 1080 2526 1148 xiv),
2561 1079 2798 1134 viviﬁcat
2836 1089 2890 1135 et
2927 1083 3099 1151 regit:
3121 1097 3241 1152 qua:
3265 1082 3406 1137 aﬁli-

1831 1167 2100 1222 ctionibus
2126 1166 2257 1221 foris
2282 1168 2548 1232 atteritur,
2591 1178 2646 1222 et
2679 1169 2823 1223 intus
2863 1170 3150 1225 virtutibus
3180 1172 3404 1225 robora-

1832 1265 1937 1308 tur.
1974 1255 2128 1310 Unde
2158 1262 2213 1309 et
2241 1255 2295 1307 in
2323 1253 2423 1308 Job
2461 1256 2718 1325 scriptum
2750 1265 2833 1311 est
2862 1276 2874 1310 :
2903 1257 3052 1311 Cutis
3092 1269 3205 1312 mea
3243 1261 3406 1322 aruit,

1831 1351 1880 1396 et
1917 1353 2182 1398 contracta
2213 1352 2288 1398 est
2318 1342 2459 1413 (Job.
2485 1345 2603 1414 vn).
2637 1345 2704 1399 Et
2733 1347 2926 1400 iterum
2955 1363 2968 1400 :
2999 1347 3181 1417 Rugte,
3213 1349 3404 1416 inquit,

1831 1435 2325 1488 metetestimonium
2352 1435 2532 1487 dicunt
2560 1446 2741 1489 contra
2763 1453 2845 1490 rue
2866 1437 3016 1508 (Job.
3039 1437 3172 1508 xvr).
3199 1438 3267 1491 Et
3291 1453 3409 1490 rur-

1831 1541 1954 1580 sum
1986 1543 2000 1579 :
2031 1523 2167 1578 Pelli
2213 1539 2361 1589 ntere,
2414 1527 2727 1594 consumptis
2777 1527 3022 1580 carnibus
3077 1528 3297 1582 adhaesit
3353 1543 3409 1580 os

1831 1631 2004 1668 meum
2043 1614 2182 1686 (Job.
2217 1614 2355 1684 xix).
2406 1616 2540 1684 Quia
2589 1616 2750 1686 igitur
2790 1617 3036 1672 Christus
3079 1626 3135 1671 et
3170 1617 3409 1672 Ecclesia

1833 1723 1937 1761 una
1968 1723 2198 1778 persona
2231 1718 2354 1764 est:
2381 1710 2508 1780 quid
2551 1724 2646 1777 per
2681 1722 2762 1771 os,
2809 1707 2912 1760 nisi
2952 1708 3065 1778 ipse
3113 1707 3412 1763 Dominus?

179 1813 408 1868 inertiam
452 1810 757 1878 cujuslibet.
808 1809 958 1863 Unde
1000 1809 1066 1862 de
1109 1806 1294 1862 Judith
1346 1806 1604 1874 scriptum
1652 1812 1736 1859 est
1763 1818 1808 1876 Β
1837 1798 1964 1867 quid
1997 1813 2096 1867 per
2121 1814 2359 1864 carnem,
2388 1800 2490 1853 nisi
2516 1797 2758 1866 discipuli
2781 1797 3149 1868 designantur,
3174 1797 3265 1865 qui
3290 1813 3412 1866 pas-

177 1901 367 1972 (ludith
398 1900 539 1969 xm),
571 1898 737 1967 quod,
769 1911 892 1951 cum
911 1893 1729 1964 eaputabscideretﬂolofernis,

172 2007 356 2060 corpus
384 1989 498 2057 ejus
526 1999 777 2043 truncum
809 1987 1098 2040 evolveret.
1136 1985 1306 2039 Porro
1331 1986 1456 2054 quia
1489 1983 1735 2038 Holofer-

171 2083 254 2138 nis
280 2091 452 2152 typum
487 2089 636 2134 tenet
660 2078 878 2142 diaboli,
905 2086 1152 2132 truncum
1187 2091 1382 2145 corpus
1414 2075 1530 2142 ejus
1551 2082 1732 2129 osten-

175 2174 263 2237 dit,
291 2174 339 2226 id
358 2181 459 2236 est,
487 2172 700 2226 abscisa
726 2177 992 2238 potestate
1013 2167 1146 2235 ejus,
1176 2168 1348 2235 ipsum
1375 2166 1649 2220 inimicum
1671 2179 1732 2217 ex

171 2261 307 2316 omni
348 2270 500 2329 parte
542 2260 818 2314 inﬁrmum
850 2266 907 2312 et
929 2257 1155 2311 debilem
1178 2270 1319 2320 esse,
1350 2264 1406 2308 ut
1435 2269 1500 2308 eo
1525 2253 1737 2307 facilius

170 2348 440 2403 bellatores
471 2347 679 2403 Christi
701 2346 990 2408 conﬁdant,
1009 2345 1243 2414 judicent
1270 2343 1655 2413 nequissimum
1677 2355 1737 2396 se

173 2439 375 2492 vincere
406 2451 588 2506 posse,
621 2451 730 2505 quo
766 2450 888 2489 eum
935 2434 1165 2502 pleniter
1202 2434 1445 2489 ediscunt
1492 2431 1739 2501 fragilem

172 2537 222 2584 et
246 2528 600 2599 superabilem
629 2527 764 2582 fore.
803 2527 997 2581 Pectus
1037 2535 1311 2592 vocatum,
1355 2527 1495 2596 quod
1537 2526 1607 2580 sit
1643 2539 1739 2595 pe-

173 2631 289 2670 xum
317 2618 454 2671 inter
486 2617 790 2672 eminentes
834 2615 1192 2669 mamillarum
1236 2624 1434 2684 partes.
1494 2613 1646 2670 Unde
1687 2621 1741 2668 et

172 2708 420 2778 pectinem
450 2707 578 2770 dici,
609 2707 751 2776 quod
779 2721 944 2776 pexos
971 2705 1193 2774 capillos
1221 2704 1370 2759 facit.
1415 2705 1610 2760 Pectus
1638 2719 1736 2758 au-

173 2807 270 2851 tem
291 2797 552 2868 signiﬁcat
575 2805 867 2851 tractatum
890 2796 1169 2865 internum;
1195 2805 1249 2850 et
1278 2796 1554 2864 sapientiae
1577 2796 1742 2850 ratio«

172 2901 301 2941 netu.
354 2886 509 2941 Unde
539 2885 777 2940 Joannes
803 2885 998 2955 legitur
1018 2899 1183 2954 super
1209 2893 1398 2954 pectus
1429 2884 1741 2939 recubuisse

176 2976 456 3031 Salvatoris
479 2976 672 3048 (Joan.
702 2976 844 3046 xttt),
875 2991 938 3030 ex
987 2991 1092 3044 quo
1127 2976 1425 3030 doctrinam
1462 2975 1742 3046 sapientia:

175 3067 336 3122 hausit
361 3069 623 3123 caelestis.
675 3068 734 3122 lu
765 3067 1093 3122 contrariam
1134 3082 1263 3122 vero
1303 3075 1509 3136 partem
1553 3074 1742 3136 pectus

1834 1888 2006 1942 sionis
2047 1886 2164 1955 ejus
2205 1897 2442 1958 tempore
2486 1889 2696 1942 inﬁrma
2745 1898 3055 1958 sapuerunt.
3107 1888 3248 1954 Quid
3286 1902 3414 1942 vero

1834 1992 1931 2046 per
1971 1978 2187 2046 pellem,
2230 1994 2350 2048 quae
2394 1981 2630 2032 exterior
2662 1994 2826 2032 carne
2855 1987 3039 2033 manet
3073 1979 3127 2031 in
3165 1975 3410 2047 corpore,

1835 2066 1937 2118 nisi
1964 2066 2066 2120 illa:
2091 2075 2288 2121 sanctae
2317 2067 2568 2121 mulieres
2594 2067 2910 2137 ﬁgurantur,
2945 2083 3066 2137 qua:
3109 2068 3176 2121 ad
3204 2083 3412 2137 prmpa-

1837 2156 2007 2210 randa
2045 2158 2280 2216 subsidia
2317 2158 2541 2211 Domino
2575 2158 2896 2212 servierunt.
2943 2157 3038 2210 Ait
3078 2171 3204 2225 ergo
3234 2176 3247 2210 :
3278 2155 3416 2209 Pelli

1835 2263 1984 2312 mete,
2009 2249 2325 2318 consumptis
2353 2251 2614 2313 carnibus,
2639 2249 2856 2302 adltmsit
2883 2265 2940 2301 os
2963 2264 3166 2302 meum:
3189 2249 3292 2304 hoc
3311 2257 3412 2310 est,

1837 2338 1892 2391 hi
1921 2339 2011 2406 qui
2035 2335 2175 2392 inea:
2203 2339 2498 2392 fortitudini
2526 2340 2875 2409 propinquius
2903 2340 3175 2394 adhaerere
3218 2341 3414 2394 debue-

1839 2438 1983 2494 runt,
2009 2429 2274 2497 passionis
2301 2443 2433 2482 mea:
2459 2437 2698 2498 tempore
2724 2430 2914 2484 timore
2934 2430 3234 2499 consumpti
3254 2438 3410 2484 sunt:

1837 2527 1893 2572 et
1917 2534 2029 2583 eas,
2066 2530 2200 2588 quas
2229 2520 2296 2573 ad
2325 2520 2595 2576 exteriora
2639 2520 2935 2574 ministeria
2980 2521 3152 2590 posui,
3202 2521 3255 2573 in
3295 2536 3418 2590 pas-

1804 2674 1808 2681 ,
1841 2609 1992 2664 sione
2027 2625 2146 2664 mea
2179 2611 2441 2666 inhaerere
2467 2612 2595 2666 mihi
2624 2611 2850 2666 ﬁdeliter
2875 2612 3074 2667 iuveni.
3120 2612 3271 2668 Unde
3295 2613 3419 2668 sub-

1841 2698 1988 2754 ditur
2019 2718 2034 2754 :
2066 2700 2134 2754 Et
2160 2701 2409 2755 derelicta
2436 2713 2555 2755 sunt
2577 2704 2935 2757 tantummodo
2960 2703 3103 2757 labia
3129 2706 3271 2757 circa
3292 2705 3420 2757 den-

1839 2799 1916 2842 tes
1959 2806 2101 2844 meos
2146 2791 2289 2862 (Job.
2332 2790 2466 2863 xix).
2515 2791 2651 2858 Quid
2689 2808 2784 2862 per
2820 2792 2981 2857 labia,
3031 2794 3134 2847 nisi
3179 2793 3420 2847 locutio?

1841 2879 1971 2948 quid
2003 2895 2099 2949 per
2127 2880 2337 2946 dentes,
2368 2881 2472 2935 nisi
2511 2880 2735 2950 apostoli
2764 2881 3153 2952 designantur?
3192 2882 3292 2946 Qui
3325 2882 3421 2935 ad-

1842 2973 1950 3026 huc
1991 2973 2173 3027 statim
2212 2981 2338 3041 post
2382 2972 2687 3042 passionem
2735 2973 3067 3027 confabulari
3105 2973 3172 3027 de
3198 2973 3422 3027 Domino

1844 3071 2109 3118 noverant
2140 3080 2154 3117 :
2187 3064 2280 3118 sed
2311 3064 2602 3133 praedicare
2633 3063 2746 3134 jam
2781 3079 2923 3128 eum,
2958 3064 3318 3118 aut’morderc
3340 3064 3424 3117 in-

174 3157 325 3210 trabit
356 3157 829 3226 signiﬁcationem,
855 3158 1068 3226 quando
1101 3158 1369 3225 signiﬁcat
1398 3157 1504 3212 doli
1538 3172 1602 3212 ac
1623 3171 1739 3211 ma-
1767 3154 1812 3217 C
1837 3154 2081 3208 ﬁdelium
2121 3154 2251 3208 vitia
2296 3152 2673 3208 formidabant.
2726 3153 2950 3219 Arvina,
2996 3153 3261 3223 pinguedo
3309 3152 3422 3207 cuti

174 3242 290 3300 lilia:
317 3246 684 3302 calliditatem.
734 3245 888 3301 Unde
912 3247 1108 3300 dicitur
1141 3247 1390 3318 Serpeuti
1413 3264 1428 3301 ε
1453 3245 1626 3316 Super
1653 3263 1743 3316 pe-

174 3346 274 3409 ctus
295 3347 444 3390 tuum
472 3337 758 3407 gradieris,
789 3347 838 3391 et
861 3347 1053 3390 terram
1075 3339 1308 3391 comedet
1337 3338 1537 3391 cunctis
1563 3338 1743 3392 diebus

177 3426 315 3497 (Gen.
344 3429 484 3498 xtu).
539 3427 721 3498 Super
748 3437 936 3498 pectus
969 3429 1166 3497 quippe
1197 3429 1440 3498 graditur
1476 3443 1738 3496 serpens:

175 3518 287 3584 quia
307 3532 492 3571 omnes
519 3532 743 3587 gressus
775 3517 970 3572 diaboli
1000 3518 1250 3585 nequitia:
1285 3525 1409 3571 sunt
1431 3524 1484 3572 et
1505 3517 1738 3572 fraudes.

175 3604 296 3659 Nam
318 3609 366 3660 in
395 3617 688 3676 peccatore
707 3607 1056 3661 calliditatem
1087 3616 1144 3662 et
1167 3609 1430 3664 versutias
1457 3609 1766 3678 cogitatio-~

175 3709 290 3749 num
313 3695 425 3764 ejus
451 3697 677 3763 indicat,
706 3697 900 3766 quibus
924 3698 991 3750 ad
1021 3712 1132 3762 eos,
1175 3713 1311 3768 quos
1335 3698 1452 3752 vult
1471 3699 1739 3768 decipere,

177 3787 348 3854 serpit.
383 3787 614 3840 Terram
657 3796 839 3842 autem
873 3787 1127 3852 comedit,
1150 3801 1272 3842 cum
1302 3801 1487 3843 errore
1513 3803 1743 3858 peccan-

177 3875 298 3930 tium
323 3877 565 3946 pascitur
584 3891 650 3932 ac
674 3877 990 3941 delectatur,
1021 3891 1220 3946 eosque
1237 3877 1500 3931 seducens
1521 3878 1588 3930 ad
1608 3878 1746 3930 inte-

177 3967 325 4021 ritum
369 3969 529 4036 rapit.
584 3968 839 4023 lamina:
880 3977 1099 4034 vocatae,
1145 3969 1269 4037 quia
1312 3969 1555 4023 rotundae
1595 3976 1740 4033 sunt,

175 4056 314 4125 quasi
349 4056 522 4119 malae,
548 4071 655 4125 per
683 4058 1091 4112 diminutionem
1119 4059 1340 4114 scilicet.
1376 4058 1552 4114 Ubera
1579 4059 1742 4123 dicta,

176 4146 287 4212 quia
318 4145 453 4200 lacte
481 4148 678 4201 uberta
702 4164 716 4200 :
737 4147 821 4202 vel
846 4148 973 4216 quia
1009 4147 1234 4204 humore
1265 4149 1503 4214 humida,
1543 4149 1748 4203 scilicet

175 4229 316 4288 lactis
342 4236 393 4289 in
415 4251 634 4292 morem
658 4252 884 4292 uvarum
914 4237 1090 4307 plena.
1139 4239 1196 4293 In
1230 4240 1478 4295 mamillis
1501 4254 1630 4296 vero
1658 4249 1743 4294 at-

176 4334 270 4389 que
295 4323 554 4380 uberibus
591 4325 841 4388 doctores
874 4328 1045 4382 sancti
1087 4330 1311 4400 mystice
1351 4330 1742 4401 exprimuntur,

177 4410 257 4477 qui
286 4410 419 4468 lacte
458 4414 724 4469 doctrina:
759 4430 928 4470 sacrae
959 4418 1203 4471 nutriunt
1230 4419 1429 4484 ﬁdeles,
1460 4422 1577 4479 sive
1609 4419 1745 4478 duos

1843 3246 2146 3301 adhaerens.
2207 3246 2374 3314 Pulpa
2416 3253 2500 3300 est
2539 3261 2668 3301 caro
2708 3247 2825 3302 sine
2865 3248 3223 3318 pinguedine;
3254 3249 3420 3313 dicta,

1817 3333 1987 3403 .quod
2014 3334 2242 3405 palpitet
2272 3351 2285 3387 :
2323 3334 2494 3390 resilit
2527 3335 2671 3388 enim
2707 3350 2868 3406 saepe.
2909 3335 3060 3390 Hanc
3098 3337 3341 3406 plerique
3369 3345 3425 3391 et

1843 3424 2052 3479 viscum
2076 3431 2292 3490 vocant,
2315 3431 2600 3494 propterea
2627 3425 2769 3493 quod
2792 3425 3055 3495 glutinosa
3085 3428 3173 3480 sit.
3218 3427 3421 3480 Arvina

1845 3515 2133 3585 aliquando
2163 3515 2542 3585 pinguedinem
2574 3515 2872 3571 dilectionis
2900 3518 3167 3588 signiﬁcat
3193 3537 3205 3572 :
3249 3529 3307 3573 ut
3340 3529 3423 3574 est

1845 3605 1974 3659 illud
2000 3606 2056 3658 in
2089 3604 2329 3660 Levitico
2362 3621 2375 3657 :
2406 3605 2565 3674 adeps
2601 3613 2657 3660 et
2689 3607 2908 3671 arvina;
2939 3609 2990 3661 in
3020 3609 3209 3663 hostiis
3231 3610 3422 3678 paciﬁ-

1845 3694 1924 3748 cis
1963 3692 2225 3762 jubentur
2264 3693 2373 3748 Deo
2403 3693 2606 3748 oﬁ'erri.
2652 3695 2784 3750 ltem
2816 3697 3002 3751 arvina
3037 3699 3420 3755 abundantiam

1847 3791 2185 3839 terrenarum
2212 3799 2392 3838 rerum
2425 3783 2708 3856 signiﬁcat,
2743 3795 2802 3839 ut
2827 3797 2911 3840 est
2929 3786 3057 3840 illud
3088 3788 3141 3840 in
3168 3787 3268 3842 Job
3289 3830 3304 3854 ,
3331 3790 3422 3846 ubi

1845 3873 1913 3927 de
1959 3875 2196 3941 superbo
2249 3873 2466 3927 homine
2517 3876 2773 3928 scribitur
2813 3891 2826 3928 :
2865 3865 3106 3930 Cucurrit
3142 3878 3420 3934 adversum

1843 3960 2013 4015 Deum
2032 3959 2198 4016 erecto
2225 3962 2380 4028 collo,
2407 3971 2455 4016 et
2484 3963 2669 4033 pingui
2693 3965 2889 4036 cervice
2916 3975 3151 4021 armatus
3170 3977 3245 4021 est
3274 3967 3417 4039 (Job.

1846 4050 1958 4120 xv).
2007 4050 2208 4105 Contra
2234 4052 2400 4107 Deum
2425 4059 2608 4106 erecto
2641 4053 2776 4106 collo
2797 4068 3019 4109 currere
3049 4067 3152 4121 est,
3181 4071 3268 4121 ea,
3302 4073 3420 4126 qua

1846 4136 2090 4193 Creatori
2127 4140 2444 4208 displicent,
2497 4157 2619 4194 cum
2665 4142 2886 4197 audacia
2932 4153 3262 4214 perpetrare.
3315 4148 3422 4203 lni—

1846 4240 1984 4294 quus
2018 4227 2162 4280 enim
2191 4228 2244 4282 in
2272 4227 2452 4297 pingui
2479 4229 2687 4284 cervice
2713 4239 2898 4285 contra
2926 4233 3092 4286 Deum
3127 4244 3372 4292 armatur
3396 4254 3416 4293 :

1845 4318 1971 4387 quia
1995 4319 2157 4374 rebus
2185 4320 2568 4390 temporalibus
2598 4334 2810 4380 tumens
2833 4326 3306 4398 contra‘prmcepta
3329 4345 3422 4395 ve-

1846 4409 2044 4476 ritatis,
2092 4411 2246 4480 quasi
2289 4413 2355 4466 de
2399 4413 2761 4482 magnitudine
2803 4417 3006 4483 carnis,
3049 4419 3296 4489 erigitur.
3343 4420 3422 4476 De

177 4501 384 4568 populos
429 4503 713 4556 venientes
754 4517 822 4556 ex
857 4503 1267 4561 circumcisione
1320 4518 1376 4563 et
1424 4515 1744 4582 geminum.
1771 4501 1824 4560 D
1849 4513 1955 4566 quo
1996 4500 2248 4554 additur:
2276 4499 2488 4571 Operuit
2525 4502 2714 4571 faciem
2749 4504 2860 4574 ejus
2888 4509 3178 4562 crassitudo
3208 4510 3416 4582 (Ibid)

181 4585 316 4644 Unde
341 4592 394 4644 in
421 4591 650 4646 Cantica
686 4592 1037 4659 canticorum,
1082 4594 1322 4666 Sponsus
1353 4600 1420 4654 ad
1448 4617 1699 4672 sponsam
1729 4624 1742 4660 :

179 4676 283 4730 Duo
300 4681 454 4734 ubera
475 4691 574 4734 tua
597 4681 732 4736 sicut
757 4683 863 4736 duo
880 4685 1088 4738 hinnuli
1115 4703 1315 4757 caprea:
1336 4693 1540 4759 gemelli
1562 4695 1745 4765 (Cant.

182 4768 264 4836 tv).
302 4767 414 4826 Duo
447 4771 623 4826 ubera
652 4772 735 4844 (ut
761 4774 1014 4845 diximus)
1049 4775 1298 4832 doctores
1321 4789 1446 4835 sunt
1470 4785 1748 4855 utriusque

180 4856 498 4915 Testamenti
533 4861 661 4916 :vel
704 4863 809 4917 duo
847 4863 1045 4933 populi,
1095 4880 1162 4920 ex
1207 4867 1615 4926 circumcisione
1656 4889 1747 4928 ve-

182 4948 394 5018 pientes,
429 4962 489 5008 et
515 4953 858 5025 gentilitate:
889 4955 982 5024 qui
1019 4969 1115 5025 per
1149 4957 1502 5014 humilitatem
1530 4963 1744 5031 quidem

182 5055 355 5108 parvos
376 5059 433 5098 se
461 5059 590 5100 esse
611 5045 931 5117 intelligunt,
958 5055 1013 5101 et
1032 5057 1338 5117 peccatores
1361 5068 1374 5103 :
1398 5052 1603 5106 scilicet
1622 5056 1748 5108 eba—

184 5130 325 5186 ritate
367 5145 658 5191 currentes
704 5139 885 5194 omnia
922 5138 1195 5194 obstacula
1235 5142 1417 5195 mundi
1447 5151 1743 5199 transeunt.

185 5219 346 5276 Ubera
383 5241 585 5280 sensus
624 5229 823 5294 cordis,
862 5237 921 5283 ut
957 5230 1009 5284 in
1048 5229 1184 5286 Isaia
1211 5248 1224 5283 :
1255 5231 1519 5302 Accingite
1547 5233 1746 5288 lumbos

185 5322 358 5366 uestros
400 5331 563 5386 super
605 5317 769 5371 ubera
807 5318 940 5388 (lsa.
981 5320 1174 5390 xxx"),
1207 5321 1306 5376 hoc
1333 5331 1435 5386 est,
1462 5325 1745 5380 continen-

185 5399 302 5455 tiam
336 5405 535 5462 habete
563 5414 756 5463 contra
795 5424 982 5464 sensus
1019 5411 1280 5466 carnales.
1323 5411 1471 5466 Cutis
1499 5423 1599 5478 est,
1633 5430 1753 5484 quae

187 5487 234 5540 in
255 5505 471 5560 corpore
499 5496 676 5565 prima
698 5504 782 5549 est
801 5497 1082 5565 appellata,
1113 5499 1252 5566 quod
1283 5499 1398 5568 ipsa
1418 5503 1629 5568 corpori
1661 5519 1751 5556 su-

186 5584 438 5651 perposita
493 5588 814 5642 incisionem
863 5588 1032 5656 prima
1086 5589 1342 5656 patiatur.
1404 5589 1554 5645 Cutis
1605 5594 1749 5646 enim

188 5664 561 5732 Gramineisio
588 5676 808 5734 dicitur.
845 5678 986 5732 idem
1013 5687 1094 5733 est
1117 5687 1170 5734 et
1202 5680 1374 5752 pellis,
1400 5682 1537 5751 quod
1568 5694 1746 5740 exter-

1849 4587 2064 4643 Faciem
2088 4591 2207 4661 ejus
2236 4592 2533 4646 crassitudo
2567 4595 2810 4662 operuit:
2833 4597 2956 4665 quia
2987 4597 3288 4653 desiderata
3313 4610 3422 4654 ter-

1847 4696 2100 4736 uenarum
2121 4696 2301 4736 rerum
2331 4681 2619 4736 abundatia
2648 4684 2833 4740 oculos
2869 4688 3064 4742 mentis
3089 4689 3300 4756 premit.
3351 4689 3421 4743 Et

1846 4772 1911 4825 de
1933 4772 2200 4836 lateribus,
2228 4773 2418 4841 inquit,
2447 4773 2560 4841 ejus
2589 4775 2768 4827 arvina
2792 4775 3030 4844 dependit
3058 4776 3277 4848 (Ibid);
3317 4779 3422 4836 hoc

1845 4870 1948 4926 est,
1981 4863 2224 4932 quisquis
2249 4863 2449 4931 potenti
2479 4873 2534 4917 et
2556 4863 2738 4933 iniquo
2779 4866 3050 4932 adbteret,
3078 4868 3191 4939 ipse
3210 4885 3422 4940 quoque

1851 4952 1916 5005 de
1950 4952 2067 5020 ejus
2105 4952 2361 5020 potentia,
2392 4952 2537 5006 velut
2563 4966 2628 5005 ex
2659 4954 2979 5023 pinguedine
3001 4971 3198 5022 rerum,
3229 4967 3416 5013 tumet.

1850 5040 1983 5094 item
2029 5041 2293 5111 pinguedo
2337 5043 2563 5113 gratiam
2604 5044 2835 5097 divinam
2882 5046 3195 5114 signiﬁcat:
3229 5055 3288 5100 ut
3337 5055 3421 5103 est

1851 5132 1980 5187 illud
2006 5133 2057 5186 in
2083 5133 2290 5202 psalmo
2319 5151 2332 5187 :
2363 5133 2508 5188 Sicut
2549 5135 2700 5204 adipe
2729 5145 2775 5188 et
2812 5137 3125 5206 pinguedine
3162 5139 3422 5210 repleatur

1850 5229 2030 5294 anima
2059 5243 2174 5281 mea
2199 5225 2369 5297 (Psal.
2400 5225 2553 5296 ult).
2587 5225 2716 5281 Item
2741 5228 2793 5281 in
2815 5229 3004 5283 malam
3027 5232 3422 5302 partem‘adeps

1849 5317 2089 5384 ponitur,
2120 5332 2240 5371 cum
2267 5317 2676 5371 crassitudinem
2705 5318 2922 5372 malitiae
2958 5319 3241 5387 signiﬁcat,
3261 5318 3422 5388 juxta

1847 5405 1975 5460 illud
2014 5405 2305 5461 Psalmistte
2329 5422 2342 5459 :
2367 5405 2584 5476 Adipem
2610 5424 2782 5472 suum,
2821 5404 3011 5476 inquit,
3052 5409 3420 5463 concluserunt

1848 5494 2021 5566 (-Psal.
2070 5489 2202 5566 xvi).
2255 5491 2488 5549 Membra
2537 5503 2662 5549 sunt
2697 5504 2878 5564 partes
2917 5496 3176 5564 corporis.
3217 5495 3413 5561 Artus,

1846 5590 2041 5658 quibus
2068 5589 2387 5656 colligantur
2413 5589 2675 5651 membra,
2705 5588 2772 5641 ab
2811 5589 3068 5642 arctando
3095 5586 3244 5650 dicti,
3274 5602 3414 5657 quoo
3503 5622 3509 5629 -

1848 5696 1966 5734 rum
2001 5680 2315 5735 diminutiva
2356 5688 2479 5734 sunt
2505 5678 2735 5733 articuli.
2773 5679 2904 5734 Nam
2934 5680 3070 5737 sicut
3098 5685 3248 5734 artus
3283 5678 3415 5735 dici-
