3896 6362
423 353 526 411 165

1097 349 1157 404 Β.
1199 346 1450 402 RABANl
1489 345 1708 403 MAURI
1744 344 2066 403 ARCHIEP.
2109 344 2720 403 MOGUNT.OPERUM
2756 346 2937 402 PARS
2975 346 3038 401 ll.

3585 346 3693 404 164

423 478 542 520 mus
576 461 817 518 membra
846 457 1072 528 majora,
1123 467 1182 513 ut
1218 457 1440 512 brachia
1469 475 1481 510 :
1507 458 1576 512 ita
1619 457 1874 512 articulos
1901 457 2004 511 mi—
2028 461 2082 522 Α
2106 469 2322 510 sensum
2346 455 2484 509 bene
2519 454 2733 510 vivendi
2778 471 2884 510 non
2925 456 3147 510 habent.
3187 456 3460 527 Compago
3510 457 3698 527 capita

422 572 553 611 nora
585 555 846 619 membra,
883 562 942 608 ut
972 551 1142 622 digiti.
1191 551 1429 606 Membra
1460 550 1674 620 quando
1711 550 1766 604 in
1805 549 2002 604 bonam

420 656 627 716 partem
655 646 1008 714 accipiuntur,
1034 649 1248 697 sanctos
1269 648 1323 695 et
1347 640 1546 695 electos
1574 640 1688 706 Dei,
1720 639 1809 708 qui
1832 654 2003 694 mem—

423 742 518 794 hra
560 747 683 794 sunt
719 736 962 806 corporis
999 733 1218 798 Christi,
1263 730 1600 802 significant:
1626 731 1750 800 quia
1791 728 1880 785 ille
1918 737 2004 784 est

420 838 610 898 caput,
649 828 890 883 Ecclesia
925 841 1056 879 vero
1092 839 1286 892 corpus
1323 823 1489 893 ipsius
1513 863 1529 888 ,
1568 831 1621 878 et
1656 823 1896 877 membra
1938 822 2002 877 de

420 921 684 975 membro.
745 918 897 985 Quod
945 917 1099 986 longa
1151 916 1358 970 ratione
1403 915 1682 983 disputans
1714 913 2002 983 Apostolus

419 1012 514 1065 ita-
543 1011 814 1076 ostendit,
863 1009 918 1062 in
965 1008 1161 1077 quibus
1205 1007 1310 1061 alia
1358 1014 1485 1060 sunt
1533 1006 1764 1077 gloriosa
1802 1013 1858 1059 et
1892 1004 2003 1059 for-

420 1101 578 1166 tiora,
620 1100 725 1154 alia
764 1097 1081 1169 ignobiliora
1115 1104 1170 1150 et
1208 1095 1503 1150 infirmiora
1539 1095 1779 1151 membra
1811 1109 1826 1147 :
1859 1094 2004 1162 quod

420 1193 550 1248 facit
572 1192 873 1248 differentia
896 1191 1172 1253 virtutum,
1201 1195 1254 1242 et
1288 1187 1602 1242 discutiendi
1649 1185 1734 1241 vel
1777 1185 2001 1241 docendi

418 1285 672 1339 studium.
729 1282 861 1336 Nam
891 1281 1029 1336 oculi
1057 1281 1109 1334 in
1146 1294 1369 1349 corpore
1397 1276 1594 1333 Christi
1621 1283 1846 1345 possunt
1873 1274 2002 1341 dici,

418 1378 507 1446 qui
550 1376 877 1431 meditantur
906 1375 957 1427 in
989 1374 1106 1442 lege
1134 1371 1339 1426 Domini
1373 1371 1457 1425 die
1496 1384 1559 1423 ac
1590 1377 1747 1422 nocte
1777 1383 1792 1420 :
1820 1383 2002 1434 aures,

417 1470 508 1539 qui
540 1469 823 1538 diligenter
851 1466 1075 1519 audiunt
1099 1463 1321 1517 verbum
1352 1462 1444 1515 Dei
1476 1468 1530 1515 et
1567 1460 1824 1514 obediunt
1852 1475 2005 1513 man-

417 1562 556 1616 datis
575 1559 690 1628 ejus
715 1577 728 1613 :
753 1575 814 1613 os
835 1567 891 1613 et
916 1557 1093 1626 lingua
1132 1555 1514 1624 praedicatores
1547 1552 1718 1606 sancti
1747 1569 1759 1604 :
1788 1567 2002 1615 manus,

415 1653 507 1723 qui
534 1653 670 1706 bene
699 1657 993 1719 operantur
1015 1647 1099 1702 vel
1117 1647 1481 1714 eleemosynas
1505 1643 1745 1696 tribuunt
1769 1658 1782 1693 :
1818 1641 2000 1709 pedes,

416 1744 508 1813 qui
551 1732 692 1797 viam
733 1741 1110 1796 mandatorum
1149 1736 1245 1790 Dei
1278 1735 1549 1796 incedunt,
1582 1741 1636 1787 et
1666 1740 1863 1786 caetera
1901 1732 2004 1786 hu-

2105 545 2448 600 suntossium
2475 546 2615 600 dicta
2646 560 2731 611 eo,
2768 547 2911 616 quod
2941 546 3014 601 ibi
3060 557 3339 618 compacta
3385 550 3568 605 nervis
3607 549 3700 607 vel

2104 637 2308 708 glutino
2335 638 2564 708 quodam
2593 638 2919 694 adhaereant.
2970 637 3108 694 Ossa
3136 649 3260 695 sunt
3288 641 3533 711 corporis
3563 642 3701 697 soli-

2105 728 2375 782 damenta.
2422 726 2479 781 ln
2509 727 2593 783 his
2619 729 2763 782 enim
2791 730 2965 785 omnis
2995 730 3192 800 positio
3225 733 3497 802 roburque
3519 733 3704 789 subsi-

2105 817 2216 871 stit.
2267 817 2402 872 Ossa
2437 831 2650 886 quoque
2676 834 2772 888 per
2794 817 3104 889 allegoriam
3131 819 3503 875 fortitudinem
3534 838 3698 877 men—

2105 911 2174 965 tis
2197 910 2454 966 debemus
2484 911 2786 966 advertere.
2824 910 2953 978 Quaa
2999 927 3123 967 cum
3166 913 3366 978 deficit,
3394 914 3549 984 vigor
3577 914 3704 984 ejus

2103 999 2373 1056 elabitur:
2407 1001 2548 1057 sicut
2585 1011 2638 1058 et
2671 1003 2884 1058 ossibus
2920 1004 3192 1072 quassatis
3231 1020 3428 1075 corpus
3468 1005 3704 1060 minime

2105 1094 2424 1148 continetur.
2477 1093 2631 1149 Unde
2666 1093 2934 1163 Propheta
2970 1094 3022 1148 in
3051 1095 3255 1165 psalmo
3283 1096 3397 1150 ait:
3423 1093 3568 1149 Sana
3593 1111 3725 1162 me,_

2103 1183 2345 1246 Domine,
2384 1183 2629 1252 quoniam
2674 1183 2981 1237 conturbata
3028 1194 3148 1238 sunt
3188 1185 3363 1239 omnia
3408 1201 3528 1239 ossa
3580 1202 3705 1240 mea

2106 1270 2277 1343 (Psal.
2317 1271 2416 1342 v1).
2462 1273 2529 1326 Et
2566 1272 2734 1337 alibi,
2788 1275 3000 1335 omnia,
3042 1273 3258 1342 inquit,
3301 1290 3420 1327 ossa
3458 1289 3575 1327 mea
3613 1273 3704 1326 di-

2105 1375 2216 1418 cent
2243 1379 2260 1416 :
2287 1364 2526 1430 Domine,
2553 1366 2671 1436 quis
2701 1366 2887 1419 similis
2927 1365 3066 1419 tibi?
3101 1365 3272 1437 (Psal.
3309 1364 3521 1436 xxxnv.)
3559 1364 3702 1420 Ossa

2105 1473 2205 1513 nec
2233 1474 2450 1514 sensum
2481 1473 2580 1513 nec
2613 1473 2798 1512 vocem
2829 1459 3030 1513 habere
3066 1457 3412 1513 manifestum
3436 1466 3520 1512 est
3548 1475 3561 1510 :
3601 1455 3704 1512 sed

2106 1549 2269 1622 (sicut
2295 1549 2603 1619 frequenter
2646 1548 2902 1620 diximus)
2953 1548 3211 1603 fortitudo
3252 1548 3417 1602 animi
3466 1556 3523 1602 et
3563 1562 3698 1602 con-

2106 1641 2303 1696 stantia
2331 1641 2527 1696 mentis
2552 1640 2750 1695 debent
2786 1639 3030 1710 intelligi.
3085 1638 3216 1706 Qum
3248 1639 3441 1694 merito
3479 1638 3703 1694 ossibus

2106 1739 2488 1802 comparantur
2514 1749 2526 1783 :
2551 1731 2674 1800 quia
2702 1730 2842 1784 sicut
2870 1730 2957 1783 illa
2983 1745 3180 1799 corpus
3207 1730 3511 1794 continent,
3541 1729 3616 1783 ita
3642 1737 3704 1784 et

407 1833 645 1903 jusmodi
685 1848 698 1884 :
728 1830 870 1900 quod
901 1829 1116 1898 longum
1137 1835 1219 1879 est
1245 1836 1582 1878 enumerare.
1639 1821 1817 1876 Aliam
1867 1837 1998 1876 vero
2027 1815 2075 1875 B
2104 1821 2219 1876 haec
2246 1827 2461 1875 sanctas
2494 1819 2849 1874 corroborant
2874 1818 3196 1874 voluntates.
3233 1818 3575 1888 Dicantergo
3595 1818 3703 1874 hoc

413 1921 860 1990 significationem
899 1916 1096 1970 habent
1137 1912 1399 1978 membra,
1439 1911 1654 1980 quando
1691 1910 1759 1965 ad
1803 1910 2003 1967 diaboli

414 2021 624 2082 partem
654 2024 874 2064 sensum
899 2008 1121 2061 trahunt
1151 2023 1164 2058 :
1195 2004 1319 2072 quia
1347 2003 1485 2057 sicut
1515 2018 1701 2058 omnes
1734 2004 1906 2058 sancti
1935 2004 2011 2059 ad

414 2101 614 2155 Christi
643 2114 837 2168 corpus
865 2098 1153 2167 pertinent,
1185 2096 1259 2149 ita
1307 2108 1495 2147 omnes
1526 2093 1692 2162 iniqui
1715 2094 1783 2148 ad
1807 2110 2004 2164 corpus

413 2191 742 2246 antichristi.
791 2189 942 2244 Unde
977 2190 1235 2256 scriptum
1264 2193 1346 2241 est
1374 2186 1426 2238 in
1458 2186 1558 2241 Job
1580 2184 1645 2237 de
1665 2184 1960 2240 Leviathan
1985 2202 1998 2237 :

416 2280 655 2334 Membra
716 2280 954 2334 carnium
1001 2279 1116 2349 ejus
1154 2280 1468 2333 cohaerentia
1521 2278 1621 2332 sibi
1668 2275 1812 2348 (Job.
1862 2274 1995 2347 xu).

411 2370 616 2427 Carnes
645 2369 801 2424 istius
827 2376 954 2423 sunt
981 2384 1169 2424 omnes
1191 2369 1424 2438 reprobi,
1457 2369 1548 2438 qui
1577 2366 1644 2422 ad
1670 2366 1999 2422 intellectum

412 2459 673 2530 spiritalis
724 2459 915 2528 patriae
963 2472 1064 2526 per
1127 2457 1451 2512 desiderium
1516 2471 1624 2512 non
1686 2466 1998 2526 assurgunt.

413 2552 654 2609 Membra
695 2560 874 2606 autem
918 2558 1046 2605 sunt
1086 2548 1328 2604 carnium
1368 2548 1448 2614 hi,
1490 2548 1582 2619 qui
1620 2547 1824 2603 eisdem
1881 2561 2006 2616 per-

411 2659 570 2700 verse
604 2627 958 2712 agentibus'et
980 2656 1097 2696 sese
1117 2641 1182 2694 ad
1211 2640 1544 2708 iniquitatem
1573 2639 2002 2710 praecedentibus

413 2735 766 2803 conjungunt.
821 2729 927 2785 Sed
958 2738 1041 2784 est
1067 2729 1210 2784 aliud
1237 2728 1536 2783 membrum
1561 2728 1823 2797 corporis,
1858 2727 2004 2782 aliud

414 2823 716 2878 membrum
765 2820 1012 2876 membri.
1063 2819 1215 2874 Sicut
1258 2827 1438 2873 autem
1492 2817 1855 2888 perniciosum
1895 2825 2001 2882 est,

411 2913 459 2970 si
479 2914 658 2968 unitas
679 2913 816 2968 desit
836 2912 1092 2966 membris
1116 2911 1272 2966 bonis
1297 2928 1311 2965 :
1337 2911 1408 2965 ita
1433 2911 1797 2980 perniciosum
1828 2918 1930 2974 est,
1957 2910 2004 2964 si

414 3021 520 3060 non
551 3004 692 3059 desit
729 3003 1074 3057 maliszdum
1120 3003 1174 3056 in
1223 3002 1354 3056 duas
1383 3011 1566 3071 partes
1616 3001 1786 3056 Rubri
1835 3001 2002 3057 maris

412 3095 555 3149 unda
587 3093 864 3158 dividitur,
892 3103 951 3146 ut
977 3093 1043 3147 ab
1072 3092 1242 3146 electo
1267 3092 1460 3160 populo
1487 3092 1552 3145 ad
1582 3099 1782 3146 terram
1813 3107 2002 3162 repro-

2106 1918 2500 1967 sacramentum
2541 1924 2686 1974 ossa,
2733 1924 2840 1963 non
2890 1922 3041 1974 caro,
3084 1908 3138 1962 id
3173 1917 3278 1974 est,
3304 1907 3554 1973 firmitas,
3587 1924 3700 1962 non

2106 2002 2388 2058 remissio:
2413 2001 2539 2071 quia
2573 1999 2734 2055 talem
2766 2001 3027 2070 hymnum
3067 2015 3176 2055 non
3215 2006 3391 2070 potest
3433 1998 3542 2053 nisi
3582 1998 3700 2054 sola

2104 2093 2302 2148 mentis
2329 2092 2510 2148 dicere
2551 2092 2828 2147 fortitudo.
2873 2090 3026 2156 Quis,
3068 2091 3372 2162 negativum
3416 2099 3500 2146 est
3531 2092 3702 2160 :qnia

2103 2199 2264 2240 nemo
2288 2191 2466 2254 potest
2491 2198 2611 2239 esse
2634 2183 2843 2248 similis,
2875 2199 2996 2239 cum
3026 2184 3098 2238 "sit
3116 2192 3304 2238 sancta
3327 2183 3568 2238 Trinitas
3587 2184 3704 2238 sin-

2104 2275 2327 2346 gularis.
2395 2274 2620 2329 Multum
2669 2275 2864 2345 quippe
2914 2283 2997 2330 est
3045 2288 3296 2333 creatura
3344 2291 3375 2330 a
3435 2275 3701 2332 Creatore

2105 2367 2397 2424 dissimilis.
2451 2366 2547 2421 llla
2593 2368 2822 2438 denique
2864 2368 3053 2434 servit,
3104 2367 3205 2423 iste
3251 2369 3584 2424 dominatur.
3631 2371 3704 2426 Et

2105 2461 2302 2516 iterum
2340 2459 2612 2530 paenitens
2645 2459 2776 2514 dicit
2808 2457 2982 2513 :Ossa
3027 2474 3144 2513 mea
3192 2459 3326 2514 sicut
3367 2461 3421 2513 in
3469 2461 3699 2530 frixorio

2103 2550 2346 2619 confrixa
2390 2558 2512 2603 sunt
2542 2547 2726 2620 (Psal.
2773 2547 2918 2620 xu).
2968 2547 3121 2604 Sicut
3152 2550 3402 2616 opinione
3433 2566 3696 2620 prospera

2103 2641 2241 2697 bene
2281 2640 2598 2695 meritorum
2629 2655 2772 2706 ossa,
2817 2640 2870 2694 id
2902 2651 3007 2705 est,
3052 2642 3217 2695 animi
3271 2641 3532 2698 fortitudo
3566 2645 3696 2713 pin—

2105 2732 2330 2804 guescit,
2374 2730 2591 2802 quando
2633 2745 2820 2786 eorum
2858 2731 3191 2787 conscientia
3239 2731 3381 2788 felici
3427 2735 3690 2790 recorda-

2108 2825 2250 2880 tione
2286 2824 2520 2889 lzetatur,
2567 2822 2709 2877 sicut
2745 2822 2946 2878 dicitur
2994 2821 3248 2878 Salomon
3280 2841 3292 2878 :
3327 2822 3500 2877 Fama
3551 2824 3692 2879 bona

2106 2915 2393 2985 impinguat
2430 2929 2548 2968 ossa
2582 2911 2773 2984 (Prov.
2800 2912 2933 2981 xv);
2965 2912 3039 2968 ita
3079 2915 3452 2971 recordatione
3473 2925 3697 2973 contra—

2109 3005 2187 3060 ria
2216 3012 2567 3074 peccatorum
2594 2993 2792 3068 virtus,
2824 3010 3082 3073 tanquam
3123 3001 3286 3068 frixa,
3321 3007 3694 3073 contrahitur,

2107 3094 2234 3150 dum
2261 3094 2632 3150 oblocutiones
2659 3094 2938 3149 hominum
2963 3102 3016 3149 ct
3043 3095 3383 3151 conscientia:
3408 3111 3517 3151 sua:
3537 3095 3693 3166 judi-

411 3184 686 3240 missionis
726 3182 984 3237 tenditur.
1037 3181 1197 3236 Nervi
1227 3159 1412 3236 Graeca
1451 3181 1782 3236 derivatione
1814 3159 1998 3252 appel-
2029 3159 2074 3222 C
2105 3185 2189 3241 cia
2214 3184 2451 3255 graviter
2480 3183 2807 3253 expavescit.
2862 3181 2987 3238 Sive
3015 3184 3103 3238 hic
3133 3184 3346 3255 frigitur
3383 3159 3643 3256 peccator
3676 3206 3691 3242 :

412 3279 526 3342 lati,
553 3293 688 3347 quos
717 3275 790 3330 illi
819 3290 987 3330 neura
1028 3283 1242 3329 vocant.
1275 3274 1379 3327 Alii
1415 3273 1605 3328 Latine
1630 3282 1853 3328 vocatos
1878 3289 2002 3328 ner-

409 3385 508 3423 vos
537 3374 750 3438 putant,
780 3381 845 3420 co
879 3366 1021 3434 quod
1058 3374 1270 3418 artuum
1306 3361 1739 3432 coniunctionem
1769 3364 2000 3419 invicem

409 3460 494 3514 his
546 3459 863 3513 inhaereant.
894 3455 1180 3510 Maximam
1212 3463 1389 3509 autem
1415 3455 1609 3508 virium
1639 3455 2000 3510 substantiam

409 3565 605 3604 nervos
639 3548 816 3602 facere
847 3546 1204 3602 certissimum
1243 3556 1344 3599 est.
1396 3543 1530 3598 Nam
1565 3553 1766 3614 quanto
1800 3544 2001 3600 fuerint

415 3641 720 3704 densiores,
766 3645 916 3692 tanto
965 3636 1282 3707 propensius
1329 3648 1619 3704 augescere
1660 3633 1996 3689 firmitatem.

411 3732 469 3786 ln
497 3731 677 3786 nervis
702 3729 1005 3798 complexio
1029 3728 1288 3782 virtutum
1319 3725 1633 3796 designatur
1657 3743 1671 3779 :
1704 3725 1830 3793 quia
1858 3725 1999 3781 sicut

413 3830 565 3875 artus
596 3827 650 3874 et
670 3834 792 3874 ossa
831 3819 1014 3872 nervis
1063 3817 1496 3886 compinguntur,
1551 3814 1626 3869 ita
1671 3815 1901 3869 virtutes
1945 3823 1999 3870 et

413 3911 553 3966 bona
587 3923 751 3978 opera
781 3907 983 3961 amoris
1009 3906 1212 3976 glutino
1239 3905 1576 3974 copulantur.
1634 3903 1788 3959 Unde
1817 3905 1871 3958 in
1897 3906 1998 3960 Job

411 4003 672 4072 scriptum
701 4008 783 4056 est
810 4018 822 4053 :
858 3997 1072 4053 Ossibus
1098 4007 1144 4050 et
1167 3997 1334 4050 nervis
1358 3994 1652 4065 compegisti
1673 3993 1773 4049 me.
1821 3995 1995 4052 Vitam

412 4104 460 4148 et
481 4089 889 4146 misericordiam
914 4087 1139 4140 tribuisti
1162 4086 1310 4150 milii,
1335 4095 1382 4138 et
1409 4086 1631 4139 visitatio
1653 4094 1745 4138 tua
1767 4088 1998 4140 custodi-

412 4185 480 4239 vit
522 4183 759 4252 spiritum
796 4193 965 4232 meum
997 4176 1138 4248 (Job.
1183 4175 1257 4245 χ).
1310 4175 1612 4230 Humanum
1644 4175 1846 4247 quippe
1882 4178 1998 4232 ani-

413 4291 560 4332 mum
582 4274 818 4329 visitatio
847 4285 1078 4340 superna
1106 4269 1360 4336 custodit,
1385 4285 1504 4324 cum
1536 4271 1677 4325 hunc
1706 4271 1997 4327 virtutibus

413 4370 641 4425 ditatum
670 4364 752 4420 vel
782 4362 990 4433 ﬂagello
1032 4369 1311 4430 percutere
1355 4360 1438 4415 vel
1482 4376 1844 4431 compungere
1886 4378 1995 4418 non

414 4461 632 4518 desinit.
667 4459 800 4512 ltem
836 4456 890 4510 in
919 4455 1079 4508 aliam
1104 4462 1312 4523 partem
1346 4454 1630 4507 verborum
1669 4453 1993 4524 significatio

414 4552 646 4606 trahitur
672 4567 685 4602 :
711 4562 833 4603 cum
855 4546 910 4600 in
937 4545 1122 4599 eodem
1151 4544 1289 4598 libro
1318 4544 1384 4597 de
1409 4543 1702 4598 Behemoth
1731 4544 1992 4614 scriptum

414 4645 523 4699 sit:
554 4641 716 4696 Nervi
746 4636 1102 4692 testiculorum
1129 4635 1244 4704 ejus
1277 4633 1505 4704 perplexi
1539 4643 1678 4688 sunt.
1717 4633 1851 4689 Ossa
1881 4637 1994 4704 ejus

414 4732 546 4790 velut
570 4729 747 4799 ﬁstula
774 4728 892 4782 ceris
923 4725 1064 4798 (Job.
1093 4725 1202 4794 χι).
1258 4723 1361 4778 Tot
1393 4739 1519 4792 ergo
1559 4724 1661 4778 iste
1697 4723 1994 4779 Behemoth

413 4832 582 4879 testes
613 4819 791 4882 habet,
820 4825 951 4886 quot
980 4815 1276 4884 iniquitatis
1304 4829 1412 4869 suae
1441 4813 1712 4884 adjutores
1735 4814 1992 4883 possidet.

414 4915 515 4982 Qui
559 4913 758 4968 idcirco
795 4907 1030 4980 perplexi
1072 4915 1231 4971 sunt,
1272 4907 1395 4975 quia
1438 4904 1683 4960 videlicet
1730 4905 1991 4973 praedica-

415 5012 594 5059 torum
639 5001 781 5072 illius
824 5006 1138 5068 argumenta
1181 4996 1379 5051 dolosis
1424 4995 1812 5050 assertionibus
1841 4995 1995 5050 inno-

414 5094 647 5148 dantur:
673 5101 731 5145 ut
768 5099 913 5146 recta
959 5104 1078 5144 esse
1119 5088 1387 5151 simulent,
1428 5102 1546 5156 qua:
1583 5101 1832 5156 perversa
1865 5103 1993 5156 per-

416 5182 664 5238 suadent.
715 5178 868 5242 Ossa,
899 5179 1088 5246 inquit,
1127 5179 1238 5246 ejus
1272 5179 1404 5230 velut
1442 5175 1622 5243 ﬁstula
1659 5178 1798 5230 (eris.
1855 5177 1992 5244 Quid

419 5275 562 5329 aliud
595 5286 717 5327 ossa
753 5268 1090 5332 Antichristi,
1122 5283 1282 5337 quam
1310 5267 1578 5336 quoslibet
1617 5266 1669 5320 in
1711 5267 1824 5336 ejus
1874 5283 1994 5322 cor-

414 5377 547 5435 pore
576 5358 902 5415 valentiores
937 5355 1268 5424 accipimus?
1311 5355 1368 5408 ln
1416 5369 1643 5424 quorum
1684 5357 1844 5410 corde
1885 5356 1986 5410 ini-

418 5453 596 5522 quitas
621 5452 746 5506 dum
770 5449 1117 5504 vehementer
1141 5445 1425 5511 induravit,
1462 5461 1557 5515 per
1590 5459 1682 5499 eos
1723 5453 1830 5500 tota
1871 5446 1988 5515 ejus

419 5541 658 5611 corporis
687 5556 943 5610 compago
969 5539 1230 5595 subsistit.
1282 5539 1442 5592 Recte
1479 5548 1658 5592 autem
1700 5553 1822 5593 ossa
1871 5539 1989 5607 ejus

420 5635 544 5688 acris
570 5633 757 5687 fistula:
786 5643 1161 5701 comparantur
1188 5648 1200 5685 :
1233 5633 1357 5701 quia
1391 5633 1664 5694 nimirum,
1694 5647 1842 5686 more
1872 5648 1989 5685 mc-

425 5724 536 5777 talli
568 5723 907 5791 insensibilis,
949 5738 1138 5779 sonum
1183 5722 1319 5781 bene
1367 5723 1577 5781 vivendi
1619 5723 1859 5784 habent:
1893 5723 1990 5783 sed

2104 3277 2359 3348 quoniam
2402 3275 2614 3330 futuros
2651 3276 2800 3346 ignes
2837 3274 3195 3344 incendiaque
3235 3273 3506 3330 formidat.
3549 3276 3692 3332 Nam

2103 3368 2195 3439 qui
2223 3382 2280 3422 se
2308 3367 2549 3437 pavescit
2578 3381 2848 3431 arsurum,
2880 3366 3049 3434 ipsius
3078 3366 3310 3421 incendii
3342 3374 3550 3421 terrore
3570 3365 3695 3434 jam

2101 3457 2346 3526 frigetur.
2387 3456 2519 3511 Item
2566 3471 2688 3510 ossa
2729 3456 2959 3510 virtutes
3000 3456 3303 3524 significant
3348 3465 3690 3525 sanctorum,

2099 3559 2161 3605 ut
2186 3550 2239 3604 in
2270 3549 2484 3604 Psalmo
2517 3565 2529 3601 :
2565 3547 2802 3601 Custodit
2831 3548 3005 3601 omnia
3043 3564 3162 3602 ossa
3192 3565 3395 3614 eorum,
3431 3566 3594 3603 unum
3624 3567 3696 3606 ex

2100 3643 2180 3696 Itis
2233 3658 2336 3695 non
2375 3649 2670 3694 conteretur
2709 3637 2892 3711 (Psal.
2936 3639 3168 3710 χχχιιι).
3211 3639 3452 3695 Medulla
3496 3641 3691 3711 appel—

2101 3732 2245 3795 latae,
2277 3731 2420 3802 quod
2461 3729 2826 3784 madefaciant
2862 3744 3005 3785 ossa.
3043 3729 3274 3799 lrrigant
3302 3730 3445 3785 enim
3477 3739 3532 3784 et
3559 3745 3692 3786 oon-

2099 3822 2322 3878 fortant.
2375 3820 2605 3876 Medulla
2646 3819 2914 3890 significat
2971 3819 3238 3875 internam
3293 3822 3689 3895 cogitationem

2099 3912 2313 3967 mentis.
2345 3910 2497 3966 Unde
2536 3917 2620 3965 est
2668 3910 2796 3965 illud
2836 3910 3172 3966 Psalmistas:
3202 3910 3524 3969 Holocausta
3573 3930 3691 3970 me-

2098 4003 2302 4057 dullata
2338 4003 2555 4071 o/Teram
2591 4002 2683 4055 tibi
2713 4000 2896 4073 (Psal;
2925 4018 3029 4057 va
3051 4001 3091 4074 ).
3123 4001 3443 4060 Holocausta
3476 4006 3692 4062 medul-

2097 4093 2205 4147 lata
2250 4101 2374 4148 sunt
2427 4092 2719 4158 sacriﬁcia,
2757 4109 2876 4162 quae
2907 4109 3044 4164 puro
3087 4104 3248 4166 atque
3289 4098 3479 4155 intimo
3520 4102 3691 4158 corde

2098 4183 2295 4236 divinis
2333 4183 2709 4250 conspectibus
2755 4183 2962 4238 damus.
3013 4183 3148 4239 Nam
3187 4188 3402 4255 quando
3450 4188 3688 4246 invicem

2098 4273 2396 4328 holocausti
2446 4273 2824 4328 contritioncm
2865 4276 3044 4331 cordis
3081 4277 3358 4334 oll‘erimus
3399 4291 3687 4351 :oportet,

2097 4373 2157 4420 ut
2208 4366 2349 4420 intus
2403 4364 2598 4419 habeat
2647 4365 2992 4435 purissimam
3045 4367 3205 4423 fidem
3239 4386 3254 4423 :
3286 4370 3432 4426 intus
3487 4373 3691 4432 habeat

2097 4469 2290 4524 operas
2338 4455 2545 4520 fideles,
2580 4470 2700 4525 quae
2737 4457 2805 4511 ad
2840 4456 3016 4512 vicem
3065 4459 3311 4514 medullae
3353 4461 3685 4522 oblationem

2097 4547 2439 4616 purissimam
2489 4547 2719 4601 reddant
2763 4563 2831 4602 ne
2867 4549 2938 4604 sit
2979 4551 3189 4605 aridum
3236 4561 3398 4622 atque
3425 4570 3682 4622 vacuum,

2098 4635 2241 4703 quod
2276 4633 2474 4687 divinis
2498 4637 2804 4703 aspectibus
2832 4638 3194 4694 immolamus.
3234 4640 3515 4697 Vertibula
3551 4655 3685 4702 sunt

2098 4740 2320 4779 summa:
2364 4725 2567 4780 ossium
2609 4736 2791 4796 partes
2841 4728 2996 4782 nodis
3045 4731 3405 4799 grossioribus
3459 4735 3684 4806 conglo-

2099 4818 2258 4880 batzc,
2299 4818 2370 4872 ita
2415 4819 2556 4872 dicta
2591 4833 2674 4884 eo,
2721 4821 2863 4889 quod
2901 4821 2970 4876 ad
3017 4821 3356 4879 inﬂexionem
3403 4828 3685 4884 membro-

2099 4924 2221 4962 rum
2261 4908 2346 4962 illa
2375 4917 2668 4962 vertantur.
2700 4909 3054 4981 Cartilagines
3080 4928 3204 4968 ossa
3238 4915 3438 4980 mollia,
3469 4925 3523 4971 et
3553 4918 3679 4973 sine

2097 5001 2325 5056 medulla
2359 5020 2371 5054 :
2404 5002 2546 5071 quod
2593 5018 2761 5073 genus
2815 5004 3070 5060 auriculas
3120 5015 3174 5060 et
3217 5008 3430 5061 narium
3481 5007 3681 5066 discri-

2096 5110 2218 5149 mcn
2246 5103 2298 5149 et
2320 5102 2593 5148 costarum
2616 5096 2986 5150 extremitates
3023 5095 3241 5161 habent,
3275 5098 3388 5152 sive
3416 5101 3677 5168 opercula

2095 5185 2316 5248 ossimn,
2351 5199 2469 5252 quae
2505 5193 2825 5239 moventur:
2849 5195 2905 5240 et
2936 5186 3100 5240 dicta!
3121 5185 3485 5257 cartilagines.
3526 5191 3674 5258 quod

2096 5277 2198 5330 levi
2235 5275 2420 5329 attritu
2451 5284 2632 5330 carent
2659 5277 2860 5341 dolore,
2891 5278 3015 5331 dum
3039 5277 3368 5346 plectuntur.
3398 5278 3674 5353 Cartilago

2099 5364 2383 5434 aliquando
2430 5363 2696 5434 significat
2736 5365 3129 5421 simulationem
3178 5367 3456 5422 virtutum.
3516 5368 3674 5427 Unde

2101 5455 2356 5524 scriptum
2405 5463 2487 5509 est
2531 5455 2584 5508 in
2627 5452 2727 5509 Job
2772 5456 2835 5510 de
2871 5455 3168 5511 Leviathan
3202 5474 3214 5510 :
3246 5456 3514 5527 Cartilago
3555 5461 3674 5529 ejus

2100 5548 2250 5613 quasi
2306 5546 2516 5598 lamina:
2563 5546 2744 5613 ferrea:
2793 5545 2954 5617 (Job.
3006 5545 3158 5618 xu).
3196 5546 3466 5616 Cartilago
3512 5563 3670 5603 nam-

2101 5651 2201 5704 que
2221 5637 2357 5690 ossis
2377 5635 2592 5704 quidem
2629 5636 2859 5705 speciem
2889 5639 3075 5703 habet,
3101 5637 3194 5691 Sed
3218 5637 3356 5692 ossis
3395 5637 3674 5694 fortitudi-

2099 5741 2219 5782 nem
2251 5742 2356 5782 nou
2395 5727 2575 5782 habet.
2614 5725 2748 5793 Quid
2785 5735 2868 5783 est
2905 5741 3056 5795 ergo,
3083 5726 3223 5794 quod
3252 5726 3519 5799 cartilago
3556 5725 3677 5798 ejus
