3896 6340
203 368 291 426 165

1153 356 1240 411 DE
1282 353 1629 412 UNIVERSO
1666 353 1847 410 LIBRI
1881 352 2043 406 XXII.
2077 382 2146 394 -—-
2182 352 2310 406 LIB.
2354 350 2441 406 Vl.

3313 347 3414 401 166

195 480 388 540 laminis
426 473 615 529 [νηοῖς
663 471 1041 542 comparatur?
1092 471 1217 536 nisi,
1258 471 1384 539 quia
1433 469 1511 534 hi,
1559 469 1650 539 qui
1689 469 1742 522 in
1773 472 1816 532 Α
1844 469 2005 538 pheta
2029 467 2159 522 dicit
2187 466 2241 519 iu
2265 465 2478 519 Psalmo
2507 482 2520 516 ε
2549 462 2780 516 Posuisti
2803 461 3241 535 tribulationesgin
3262 465 3420 520 dorso

195 572 276 626 illo
301 567 572 624 debiliores
611 573 756 628 sunt,
797 564 864 616 ad
890 561 1245 632 perpetranda
1279 559 1418 614 mala
1459 560 1747 628 nequiores

193 661 426 714 existunt.
469 655 610 724 Ergo
649 653 908 723 cartilago
938 651 1053 719 ejus
1087 651 1236 705 ferro
1282 649 1474 706 similis
1502 650 1698 705 dicitur
1731 669 1742 704 :

195 748 307 819 quia
347 746 420 809 bi,
448 746 536 814 qui
569 746 623 800 in
656 745 772 815 ejus
804 758 1028 812 corpore
1077 742 1144 796 ad
1183 742 1544 797 ostensionem
1579 742 1749 795 virtu-

195 848 296 891 tum
333 851 432 890 non
475 833 768 897 sr'liciunt,
820 843 1006 891 contra
1053 847 1241 887 necem
1286 831 1521 886 ﬁdelium
1571 831 1750 885 acrius

197 927 537 981 accenduntur
587 925 779 979 Costas
814 923 1068 993 appellari
1105 922 1320 992 quidam
1358 932 1568 993 putant,
1606 925 1747 993 quod

197 1021 256 1072 ab
301 1017 421 1086 ipsis
473 1016 735 1071 interiora
781 1016 1180 1077 custodiantur,
1229 1025 1285 1068 et
1344 1022 1454 1068 tota
1500 1014 1751 1069 mollities

198 1107 384 1160 ventris
413 1105 610 1158 vallata
653 1103 907 1158 salvetur.
939 1103 1124 1169 Latus,
1175 1103 1296 1172 quia
1325 1103 1628 1172 jacentibus
1652 1118 1749 1156 no-

196 1196 270 1250 bis
296 1196 418 1248 latet
445 1213 456 1246 :
483 1204 573 1248 est
611 1195 754 1248 enim
798 1193 928 1248 Izeva
957 1207 1082 1262 pars
1125 1194 1384 1262 corporis.
1427 1193 1625 1248 Dextro
1653 1206 1752 1246 att-

197 1297 295 1341 tem
324 1284 470 1339 lateri
501 1285 737 1339 habilior
765 1293 941 1338 motus
973 1292 1050 1338 est
1072 1324 1087 1346 ,
1128 1283 1261 1337 laevo
1289 1281 1492 1344 fortior,
1525 1291 1578 1335 et
1604 1281 1754 1335 oneri

197 1375 402 1430 ferendo
446 1373 919 1428 accommodatior.
969 1372 1120 1427 Unde
1159 1380 1212 1424 et
1263 1372 1388 1424 laeva
1427 1381 1753 1440 nuncupata,

199 1466 325 1534 quod
356 1464 532 1532 aptior
570 1463 640 1517 sit
681 1463 746 1515 ad
785 1460 1068 1516 levandum
1103 1459 1303 1529 aliquid
1333 1469 1385 1514 et
1413 1459 1754 1529 portandum.

199 1553 304 1622 Ipsa
325 1552 463 1605 enim
498 1560 677 1621 gestat
696 1550 964 1620 clypeum,
1010 1563 1215 1612 ensem,
1257 1547 1565 1616 pharetram
1591 1555 1644 1600 et
1678 1562 1760 1600 re-

199 1643 326 1710 liqua
353 1656 511 1696 onera
549 1658 564 1693 :
595 1649 654 1694 ut
677 1641 921 1708 expedita
953 1640 1022 1694 sit
1052 1639 1240 1693 dextra
1271 1638 1336 1692 ad
1366 1637 1655 1708 agendum.
1692 1637 1758 1690 Et

199 1731 497 1793 notandum,
541 1730 688 1798 quod
729 1729 911 1783 lateris
937 1743 1129 1781 nomen
1162 1741 1518 1796 synonymum
1557 1733 1661 1788 est,
1707 1733 1761 1779 et

1848 566 2024 611 nostro
2057 555 2181 626 (Ps.
2216 554 2349 622 va)
2380 570 2393 607 :
2426 552 2674 607 videlicet
2716 549 2963 615 verbera,
2991 567 3111 621 qua:
3139 560 3194 606 et
3224 551 3422 608 Paulus

1847 645 2086 715 pertulit,
2115 651 2169 698 et
2196 643 2398 710 reliqua
2443 641 2677 696 ﬁdelium
2719 641 2872 709 turba
2914 643 3184 706 sustinuit,
3219 645 3286 698 ad
3318 643 3424 702 hoc

1847 734 2163 788 verberibus
2203 731 2488 795 humiliati,
2518 738 2576 784 ut
2606 729 2927 785 diabolicam
2967 733 3271 800 superbiam
3299 750 3422 787 eum

1850 822 2035 876 mundi
2079 821 2246 888 ipsius
2285 820 2634 874 delectatione
2674 828 3007 889 respuerent.
3038 820 3270 876 Rursum
3317 832 3425 877 ter-
3469 819 3473 823 ’

1851 902 1977 984 gum
1998 911 2317 966 oblivionem
2348 909 2742 979 praeteritorum
2785 910 3070 980 signiﬁcat.
3109 911 3260 966 Unde
3288 913 3424 981 peti-

1851 1019 1977 1058 mus
2012 1004 2178 1056 Deum
2219 1002 2272 1054 in
2298 1001 2561 1065 oratione,
2592 1008 2654 1054 ut
2687 1007 2907 1068 peccata
2931 1009 3112 1054 nostra
3153 1005 3428 1071 prasterita

1852 1085 1973 1163 post
1999 1080 2208 1162 tergum
2235 1091 2430 1154 mittat,
2464 1091 2566 1144 hoc
2599 1096 2702 1153 est,
2734 1097 3010 1158 perpetua:
3036 1089 3290 1144 oblivioni
3323 1100 3435 1145 tra-

1853 1185 1962 1237 dat.
2009 1182 2140 1235 Nam
2165 1181 2306 1249 quod
2329 1180 2546 1234 dorsum
2575 1187 2628 1234 et
2653 1188 2864 1248 tergum
2895 1177 3293 1248 despectionem
3334 1179 3430 1233 Dci

1856 1272 2175 1342 signiﬁcent,
2235 1270 2468 1324 ostendit
2505 1269 2673 1323 Isaias
2720 1268 2906 1322 dicens
2955 1267 3022 1322 ad
3076 1267 3426 1323 Israeliticam

1856 1362 2062 1431 plebem
2102 1378 2115 1412 :
2151 1359 2216 1413 Et
2271 1368 2422 1413 erunt
2476 1357 2615 1412 oculi
2659 1359 2736 1411 tui
2786 1359 3012 1412 videntes
3067 1371 3434 1429 praereptorem

1858 1461 2029 1512 tuum,
2063 1459 2108 1502 et
2149 1465 2301 1501 aures
2330 1457 2431 1500 tua:
2474 1447 2685 1500 audient
2714 1463 2887 1499 vocem
2929 1456 3042 1515 ροδε
3085 1455 3282 1516 tergum
3329 1465 3439 1501 m0—

1860 1542 2026 1595 nentis
2055 1540 2198 1611 (lsa.
2251 1538 2422 1609 xxx).
2460 1537 2623 1604 Quasi
2663 1539 2712 1591 in
2757 1537 2946 1592 faciem
2993 1539 3152 1592 homo
3201 1541 3441 1594 monitus

1859 1641 1962 1697 est,
1993 1632 2208 1700 quando
2239 1630 2304 1683 ad
2326 1628 2592 1697 justitiam
2637 1628 2882 1681 conditus
2921 1639 3186 1698 praecepta
3220 1632 3440 1684 rectitu-

1861 1723 2000 1777 dinis
2027 1721 2273 1789 accepit:
2307 1721 2400 1774 sed
2434 1734 2552 1773 cum
2582 1717 2770 1773 eadem
2798 1728 3065 1787 praecepta
3099 1722 3442 1789 contempsit,

199 1823 256 1874 nd
284 1821 428 1890 plura
456 1819 808 1890 signiﬁcanda
842 1818 1036 1872 habile.
1085 1818 1289 1871 Dicitur
1313 1817 1456 1871 enim
1493 1817 1633 1869 latus
1661 1817 1756 1870 bo-
1789 1808 1832 1864 B
1862 1813 2016 1881 quasi
2047 1811 2310 1866 conditori
2345 1825 2443 1864 suo
2474 1809 2694 1863 dorsum
2731 1801 3012 1863 mentis'in
3044 1808 3233 1864 faciem
3273 1812 3438 1866 dedit.

200 1911 363 1974 minis,
400 1918 453 1963 et
489 1910 633 1964 latus
675 1909 914 1979 pecudis,
959 1908 1096 1962 latus
1139 1907 1368 1972 :ediﬁeii,
1416 1916 1469 1962 et
1497 1907 1643 1961 latus
1684 1908 1760 1962 di-

200 2001 474 2054 mensionis
515 2010 676 2053 terra:
703 2017 716 2052 :
741 2016 857 2068 qua:
893 2000 1070 2052 omnia
1113 1999 1243 2052 locis
1283 1998 1394 2052 suis
1430 1999 1642 2068 pr0pria
1683 1999 1760 2051 si-

199 2091 526 2161 gniﬁcatione
559 2092 902 2160 interpretari
930 2090 1145 2144 debent.
1179 2089 1382 2142 Tamen
1419 2089 1650 2142 hominis
1685 2089 1762 2141 la-

201 2194 296 2247 tus,
326 2183 463 2252 quod
508 2199 635 2236 cum
675 2184 839 2236 costis
871 2182 1126 2236 intestina
1170 2182 1421 2250 protegit,
1459 2181 1763 2250 signiﬁcare

200 2281 364 2341 potest
391 2272 782 2326 occultationes
825 2271 1157 2353 internormn
1202 2269 1569 2324 consiliorum.
1612 2267 1765 2322 Unde

200 2373 276 2417 est
314 2364 459 2427 illud,
507 2365 656 2431 quod
691 2363 947 2418 Conditor
984 2372 1167 2416 noster
1209 2361 1493 2416 dormienti
1539 2361 1667 2414 Adae
1702 2361 1766 2414 de

204 2456 360 2508 latere
387 2466 601 2523 sumpta
628 2470 732 2507 una
755 2463 903 2508 costa
927 2454 1165 2507 condidit
1183 2452 1461 2505 mulierem
1492 2448 1654 2521 (Gen.
1683 2451 1765 2520 ιι),

202 2560 312 2598 cum
339 2546 566 2620 mystice
593 2542 971 2613 praeﬁgurabat
1007 2541 1300 2596 Ecclesiam
1327 2541 1393 2595 de
1423 2539 1590 2594 latere
1615 2539 1769 2593 Chri-

205 2634 266 2686 sti
300 2633 348 2686 in
390 2648 550 2687 cruce
601 2648 698 2702 per
729 2641 954 2685 mortem
997 2630 1152 2700 SOpiti
1201 2636 1538 2684 sacramenta
1582 2628 1768 2682 salutis

204 2739 315 2778 esse
339 2725 573 2788 exitum,
604 2722 854 2777 videlicet
888 2721 1201 2791 sanguinem
1228 2727 1282 2773 et
1307 2733 1521 2788 aquam,
1553 2717 1618 2771 de
1645 2717 1767 2785 qui-

205 2812 297 2865 bus
352 2825 552 2880 sponsa
609 2809 684 2864 illi
733 2809 1055 2864 conderetur
1101 2807 1361 2862 Ecclesia.
1423 2803 1770 2873 Tropologiee

207 2918 324 2958 vero
349 2903 631 2957 sciendum
654 2910 756 2964 est,
783 2902 908 2971 quia
931 2916 1268 2972 nequaquam
1295 2899 1504 2954 culmen
1533 2907 1771 2953 contem-

204 2993 445 3060 plationis
479 2993 819 3062 attingimus,
862 2992 906 3045 si
945 3007 1048 3045 non
1077 2992 1143 3044 ab
1177 2990 1462 3044 exterioris
1503 3004 1646 3042 cura:
1673 3003 1770 3056 op-

206 3083 468 3150 pressione
511 3096 812 3144 cessamus,
841 3094 1176 3149 nequaquam
1214 3077 1571 3146 nosmetipsos
1600 3076 1770 3130 intue-

209 3186 341 3234 mur,
375 3181 432 3224 ut
469 3172 710 3224 sciamus
735 3171 876 3224 aliud
909 3170 959 3223 in
990 3169 1144 3223 nobis
1172 3183 1291 3222 esse
1322 3166 1599 3232 rationale,
1630 3168 1770 3236 quod
1801 3141 1845 3203 Ο

209 3262 354 3329 regit,
385 3261 528 3315 aliud
556 3261 808 3324 animale,
836 3261 976 3328 quod
1007 3260 1212 3328 regitur
1242 3275 1256 3311 z
1286 3258 1387 3312 nisi
1415 3257 1482 3312 ad
1507 3265 1772 3311 secretum

205 3350 393 3403 silentii
433 3359 782 3403 recurrentes
813 3349 880 3401 ab
910 3347 1056 3402 omni
1095 3348 1332 3401 exterius
1373 3348 1775 3416 perturbatione

209 3440 491 3507 sopiamur.
525 3437 682 3505 Quod
712 3436 983 3492 silentium
1011 3445 1253 3490 nostrum
1295 3437 1429 3491 bene
1455 3436 1624 3491 Adam
1648 3439 1774 3490 dor-

211 3528 371 3580 miens
400 3525 676 3596 ﬁguravit,
712 3526 774 3580 de
816 3524 969 3593 cujus
994 3540 1116 3578 mox
1146 3524 1314 3578 latere
1345 3525 1534 3580 mulier
1564 3540 1778 3594 proces-

211 3618 311 3680 sit;
339 3617 460 3685 quia
485 3616 736 3685 quisquis
771 3615 836 3668 ad
878 3615 1132 3668 interiora
1169 3614 1508 3684 intelligenda
1547 3615 1774 3684 rapitur,

209 3723 238 3758 a
271 3707 426 3760 rebus
473 3706 778 3760 visibilibus
816 3704 1014 3759 mentis
1058 3705 1243 3760 oculos
1279 3705 1475 3760 claudit
1506 3725 1517 3758 :
1557 3715 1609 3760 et
1655 3715 1781 3760 tunc

213 3795 260 3848 in
281 3811 335 3849 se
369 3796 484 3865 ipso
525 3795 615 3850 vel
643 3811 762 3864 qua:
788 3809 1016 3864 praeesse
1044 3796 1270 3848 viriliter
1302 3796 1530 3850 debeant
1551 3796 1634 3851 vel
1663 3813 1782 3866 qua:

213 3886 420 3940 subesse
444 3887 681 3955 possint,
716 3885 927 3939 inﬁrma
966 3886 1262 3956 distinguit,
1307 3893 1365 3938 ut
1405 3885 1548 3938 aliud
1585 3886 1635 3939 in
1666 3887 1780 3955 ipso

213 3975 315 4040 sit,
354 3977 494 4044 quod
546 3990 740 4046 regere
779 3975 952 4029 valeat
995 3985 1245 4043 tanquam
1287 3975 1370 4028 vir
1405 3993 1417 4027 :
1452 3974 1619 4040 aliud,
1665 3985 1782 4029 tan-

212 4081 364 4134 quam
398 4065 630 4130 femina,
661 4065 802 4133 quod
851 4074 1084 4134 regatur.
1122 4065 1344 4118 Dorsum
1388 4072 1473 4119 est
1501 4079 1530 4117 a
1573 4067 1782 4119 cervice

214 4170 372 4222 usque
402 4157 468 4209 ad
503 4168 686 4209 renes.
717 4155 924 4208 Dictum
957 4165 1134 4208 autem
1159 4155 1396 4218 dorsum,
1426 4155 1567 4223 quod
1597 4155 1668 4209 sit
1691 4171 1782 4208 su-

214 4245 451 4311 perﬁcies
478 4244 674 4298 durior
703 4258 928 4311 corpore
960 4244 1014 4300 in
1051 4244 1268 4298 modum
1295 4244 1408 4298 saxi
1443 4243 1596 4298 fortis
1633 4255 1687 4299 et
1717 4245 1783 4300 ad

214 4334 526 4400 portandum
560 4341 620 4386 et
655 4333 721 4386 ad
757 4333 1182 4402 perpetiendum.
1233 4331 1404 4402 Terga
1451 4334 1574 4401 quia
1625 4334 1676 4387 in
1719 4349 1784 4388 ea

215 4423 379 4493 supini
417 4426 674 4495 jaeemus
716 4425 768 4478 in
819 4433 960 4478 terra
996 4424 1176 4492 :quod
1218 4423 1364 4478 solus
1399 4425 1558 4480 homo
1588 4432 1779 4494 potest.

215 4512 339 4566 Nam
388 4522 537 4567 muta
592 4511 797 4583 [bruta]
844 4513 1091 4566 animalia
1131 4521 1336 4567 tantum
1376 4522 1467 4567 aut
1507 4515 1562 4569 in
1598 4523 1784 4570 ventre

217 4611 300 4654 aut
327 4604 377 4655 in
408 4603 584 4655 latere
624 4601 824 4668 jacent.
861 4601 1010 4657 Unde
1043 4603 1098 4656 in
1125 4604 1447 4659 animalibus
1474 4615 1620 4676 terga
1648 4606 1781 4660 abu-

218 4692 320 4744 sive
362 4692 624 4745 dicuntur
657 4690 904 4760 scapulae.
949 4693 1173 4745 Dorsum
1217 4693 1432 4760 quidem
1478 4702 1638 4763 atque
1681 4704 1784 4748 ter-

219 4796 350 4849 gum,
397 4797 465 4836 eo
492 4781 642 4851 quod
671 4789 795 4834 sunt
823 4783 1151 4849 posteriores
1177 4792 1359 4850 partes
1386 4786 1644 4853 corporis,
1693 4792 1786 4837 aut

222 4868 387 4938 fugam
427 4868 762 4938 signiﬁcant,
808 4877 863 4922 ut
895 4877 977 4923 est
1003 4868 1130 4922 illud
1173 4869 1491 4936 Psalmistte,
1523 4888 1630 4941 quo
1660 4875 1735 4927 ait
1769 4893 1780 4928 :

222 4956 283 5008 Et
321 4949 658 5013 inimicorum
699 4977 928 5014 meorum
964 4961 1152 5014 dedisti
1197 4965 1322 5016 mihi
1365 4965 1575 5018 dorsum
1610 4965 1785 5034 (Psal.

223 5050 380 5120 xm);
409 5062 466 5104 et
513 5051 648 5104 alibi
696 5051 952 5120 scriptum
987 5061 1280 5122 estzterga
1329 5065 1589 5108 verterunt
1635 5056 1786 5126 (Jer.

226 5158 336 5196 xux
354 5143 394 5212 ).
419 5142 580 5209 Quod
608 5143 910 5212 signiﬁcare
935 5151 1111 5212 potest
1145 5145 1476 5200 aversiouem
1500 5163 1788 5216 pravorum

227 5247 252 5284 a
278 5231 414 5286 cultu
443 5231 656 5294 divino,
678 5238 734 5284 et
765 5232 1155 5299 despectionem
1183 5248 1319 5287 verae
1351 5233 1621 5303 religionis
1648 5254 1660 5288 :
1688 5237 1792 5290 sic-

227 5330 280 5374 ut
320 5324 370 5376 in
411 5321 720 5376 Ezechielis
748 5321 950 5374 visione
985 5323 1205 5392 (Ezecli.
1240 5323 1365 5394 vin)
1403 5325 1658 5393 scriptum
1685 5335 1789 5391 est,

228 5412 359 5479 quod
390 5413 493 5467 viri
535 5419 775 5473 stantes,
813 5417 1000 5463 contra
1034 5412 1286 5479 templum
1312 5413 1467 5467 dorsa
1500 5429 1653 5468 versa
1694 5415 1791 5468 ha-

230 5497 431 5563 berent,
468 5511 525 5554 et
552 5500 694 5554 facie
724 5497 1050 5566 respicerent
1085 5501 1151 5553 ad
1183 5501 1311 5554 solis
1345 5510 1540 5556 ortum.
1574 5502 1705 5556 Item
1736 5504 1789 5558 in

234 5588 381 5644 dorso
405 5591 489 5647 vel
525 5600 680 5660 tergo
705 5589 1075 5660 signiﬁcantur
1107 5591 1350 5658 corporei
1389 5590 1619 5656 dolores,
1657 5609 1791 5662 quos

237 5679 386 5736 illatis
414 5681 735 5737 verberibus
763 5679 933 5736 sancti
963 5680 1063 5736 viri
1094 5680 1447 5735 sustinebunt.
1482 5683 1632 5740 Unde
1664 5701 1788 5753 pro-

1811 4476 1861 4536 D

1863 1903 1971 1958 Sed
2017 1918 2141 1956 ecce
2190 1902 2364 1954 adhuc
2409 1907 2532 1968 post
2581 1907 2786 1968 tergum
2836 1899 3080 1967 sequitur
3116 1909 3167 1955 et
3209 1911 3439 1956 monet:

1861 1995 1986 2063 quia
2026 1991 2136 2058 jam
2168 2001 2221 2045 et
2251 2007 2280 2043 a
2320 1990 2473 2042 nobis
2506 1996 2845 2057 contemptus
2889 1997 2992 2052 est,
3033 1997 3086 2042 et
3134 1999 3312 2044 tamen
3346 2007 3444 2045 nos

1865 2083 2040 2136 adhuc
2067 2096 2262 2134 vocare
2291 2094 2394 2133 non
2425 2085 2622 2133 cessat.
2655 2077 2819 2144 Quasi
2843 2078 3061 2133 dorsum
3089 2079 3138 2134 ei
3165 2080 3219 2134 in
3248 2080 3440 2135 faciem

1864 2173 2126 2235 dedimus,
2174 2169 2329 2238 cujus
2364 2169 2527 2223 verba
2569 2167 2922 2237 despicimus,
2955 2169 3113 2240 cujus
3140 2159 3302 2225 verba
3333 2174 3445 2226 cal-

1864 2278 2050 2318 camus
2076 2279 2088 2316 :
2118 2263 2211 2316 sed
2238 2278 2335 2317 nos
2371 2270 2490 2332 post
2535 2272 2746 2334 tergum
2771 2273 2922 2318 stans
2955 2280 3176 2322 aversos
3203 2278 3441 2333 revocat,

1865 2355 1954 2422 qui
1981 2363 2036 2409 et
2057 2353 2218 2416 videt,
2251 2354 2393 2422 quod
2423 2354 2733 2422 despicitur,
2758 2363 2812 2409 et
2838 2364 3016 2410 tamen
3048 2372 3144 2426 per
3175 2370 3444 2430 praecepta

1867 2444 2081 2510 clamat,
2103 2459 2201 2513 per
2219 2445 2534 2513 patientiam
2556 2454 2852 2514 exspectat.
2878 2446 3295 2517 Interscapulum
3323 2467 3446 2520 spa-

1871 2535 2001 2589 tium
2034 2537 2250 2610 dicitur,
2281 2538 2422 2606 quod
2447 2539 2586 2591 inter
2615 2538 2860 2606 scapulas
2882 2547 2988 2601 est,
3021 2541 3163 2595 unde
3188 2550 3242 2595 et
3270 2545 3446 2596 nomi-

1868 2635 2048 2679 natur.
2095 2626 2149 2680 In
2187 2629 2419 2696 scapulis
2451 2628 2591 2680 enim
2635 2642 2922 2695 possumus
2945 2629 3267 2698 intelligere,
3294 2629 3448 2700 juxta

1869 2715 2201 2785 allegoriam,
2235 2718 2416 2770 oneris
2463 2717 2731 2770 sarcinam
2779 2734 2791 2769 :
2833 2724 2893 2771 ut
2945 2727 3029 2772 est
3083 2720 3249 2785 illud,
3302 2722 3445 2791 quod

1868 2804 2139 2858 Abraham
2177 2805 2365 2858 tollens
2394 2820 2587 2874 panem
2612 2814 2666 2859 et
2694 2814 2869 2860 utrem
2899 2821 3052 2876 aquae
3074 2807 3325 2876 imposuit
3349 2826 3446 2864 su-

1869 2909 1966 2963 per
1997 2895 2244 2964 scapulas
2284 2895 2428 2964 Agar
2455 2893 2620 2964 (Gen.
2650 2895 2775 2966 xxi)
2810 2915 2822 2950 :
2853 2897 2938 2951 vel
2985 2889 3326 2967 operationes
3366 2902 3448 2956 di-

1876 2998 2087 3045 versas,
2110 2983 2265 3052 juxta
2297 2983 2442 3046 illud,
2467 2985 2608 3053 quod
2638 2985 2691 3038 in
2721 2985 2936 3040 Psalmo
2963 2987 3028 3041 de
3054 2989 3160 3044 Deo
3188 2990 3448 3059 scriptum

1877 3079 1957 3125 est
1997 3089 2010 3124 :
2042 3069 2280 3140 Scapulis
2303 3074 2410 3126 suis
2457 3074 2781 3128 obumbrabit
2807 3075 2900 3128 tibi
2934 3075 2952 3146 (
2977 3076 3121 3131 Psal.
3154 3078 3275 3141 xc).
3322 3080 3423 3135 Sea

1878 3163 2014 3231 pulse
2046 3163 2256 3216 Domini
2288 3173 2411 3217 sunt
2435 3167 2775 3234 operationes
2802 3167 3151 3235 mirabilium,
3177 3181 3274 3240 per
3293 3188 3449 3241 quas,

1877 3254 2021 3308 velut
2050 3255 2367 3324 quibusdam
2413 3256 2674 3320 humeris,
2715 3260 2932 3313 virtutis
2974 3261 3152 3315 divina
3185 3274 3451 3318 monstra-

1878 3353 1980 3397 tur.
2008 3343 2159 3397 Unde.
2183 3359 2303 3397 cum
2332 3345 2440 3398 Deo
2469 3345 2721 3413 scapulae,
2751 3347 2894 3400 oculi
2927 3348 3274 3407 brachiumve
3313 3353 3451 3408 dici-

1878 3441 1986 3497 tur,
2012 3434 2310 3487 cavendum
2349 3448 2692 3503 summopere
2732 3445 2832 3499 est,
2868 3451 2935 3490 ne
2972 3439 3099 3506 quid
3129 3439 3183 3492 in
3208 3453 3272 3495 eo
3299 3457 3458 3497 mens

1877 3537 2190 3592 corporeum
2210 3525 2529 3592 suspicetur.
2547 3525 2604 3578 In
2622 3527 3455 3598 anthropomorphitarum‘nam-

1879 3629 1982 3683 que
2008 3615 2254 3668 Itwresim
2285 3617 2472 3670 cadere
2494 3623 2577 3670 est
2600 3632 2747 3681 eum,
2792 3619 2882 3688 qui
2920 3618 3332 3692 incircumsepte
3359 3624 3459 3677 im-

1881 3703 1991 3772 plet
2017 3711 2071 3758 et
2097 3704 2554 3773 circumplectitur
2579 3706 2757 3760 omnia
2792 3707 2933 3762 inter
2957 3711 3256 3778 corporalia
3285 3713 3455 3767 liuea-

1883 3799 2064 3846 menta
2088 3793 2428 3848 concludere.
2460 3793 2565 3848 Sed
2595 3795 2934 3864 omnipotens
2974 3799 3119 3853 Deus
3141 3801 3204 3854 ad
3237 3817 3332 3855 sua
3359 3819 3462 3856 nos

1885 3882 2124 3946 trahens,
2157 3896 2326 3950 usque
2347 3881 2416 3935 ad
2440 3891 2623 3936 nostra
2658 3897 2715 3936 se
2737 3883 2988 3948 humiliat
3014 3901 3029 3939 :
3060 3895 3222 3955 atque
3263 3897 3324 3942 ut
3350 3889 3458 3943 alta

1881 3968 2199 4035 insinuaret,
2245 3972 2538 4027 humilibus
2581 3972 2981 4038 condescendit,
3028 3984 3298 4043 quatenus
3334 3996 3460 4048 par—

1883 4059 2027 4112 vulis
2059 4060 2270 4114 animus
2297 4062 2457 4115 rebus
2487 4061 2718 4131 cognitis
2749 4063 3016 4116 enutritus
3042 4064 3106 4116 ad
3139 4063 3458 4134 inquirenda

1885 4161 2140 4223 exsurgat
2169 4152 2458 4220 incognita,
2491 4161 2652 4221 atque
2686 4151 2755 4205 ad
2781 4166 2929 4218 eum,
2975 4154 3066 4222 qui
3109 4153 3263 4225 longe
3299 4172 3460 4225 super

1885 4243 2059 4312 ipsum
2088 4249 2190 4306 est,
2222 4242 2462 4310 quaedam
2482 4241 2639 4310 juxta
2679 4257 2737 4296 se
2762 4242 3001 4307 audiens,
3053 4246 3208 4314 quasi
3237 4247 3459 4314 quihus-

1886 4334 2009 4388 dam
2046 4333 2113 4386 ad
2159 4332 2307 4386 illum
2346 4332 2593 4401 passibus
2637 4341 2938 4386 moveatur.
2993 4333 3141 4390 Unde
3163 4335 3222 4390 ﬁt
3267 4346 3325 4391 ut
3371 4354 3466 4407 per

1887 4424 2207 4493 scripturam
2238 4438 2390 4477 suam
2426 4423 2712 4492 aliquando
2738 4438 2769 4477 a
2810 4425 3123 4493 corporibus
3157 4427 3459 4490 hominum,

1887 4514 2174 4584 aliquando
2211 4529 2241 4566 a
2281 4514 2550 4568 mentibus
2577 4553 2591 4578 ,
2648 4513 2934 4582 aliquando
2974 4529 3104 4570 vero
3144 4516 3212 4569 ab
3249 4517 3464 4581 avibus,

1889 4604 2172 4672 aliquando
2214 4603 2375 4657 etiam
2406 4601 2788 4656 ab'insensatis
2813 4603 2974 4658 rebus
3001 4605 3262 4672 quasdam
3303 4605 3461 4675 longe

1890 4693 2176 4748 dissimiles
2232 4693 2283 4745 in
2336 4707 2395 4746 se
2453 4693 2835 4746 similitudines
2886 4693 3082 4746 trahat.
3139 4695 3464 4764 Plerumque

1888 4784 2030 4837 enim
2089 4798 2117 4834 a
2147 4782 2464 4851 corporibus
2516 4781 2793 4834 hominum
2845 4781 2901 4834 in
2951 4796 3009 4836 se
3056 4782 3463 4838 similitudinem

1891 4873 2055 4926 trahit
2093 4890 2105 4924 :
2140 4873 2280 4925 sicut
2309 4873 2374 4925 de
2403 4886 2468 4925 eo
2503 4871 2739 4940 speranti
2780 4871 2980 4924 homini
3011 4887 3107 4940 per
3144 4855 3475 4943 prophetam‘

1897 4964 2090 5016 dicitur
2129 4980 2141 5014 :
2176 4961 2242 5013 In
2286 4960 2511 5030 scapulis
2553 4961 2877 5014 obumbrabit
2903 4961 2996 5014 tibi
3040 4961 3268 5032 (Ibid.)
3297 4982 3310 5016 :
3340 4980 3463 5018 cum

1896 5061 2122 5117 constet,
2155 5054 2296 5121 quod
2327 5054 2379 5106 in
2422 5061 2609 5105 natura
2651 5068 2746 5106 sua
2792 5066 2892 5106 nec
2927 5052 3140 5107 oculum
3172 5053 3336 5120 Dens,
3367 5069 3465 5108 nec

1896 5143 2138 5212 scapulas
2178 5143 2388 5205 habeat,
2438 5156 2536 5195 nec
2583 5150 2775 5195 cetera
2822 5142 3147 5196 lineamenta
3197 5145 3468 5197 membro-

1897 5251 2034 5287 rum.
2065 5232 2170 5286 Sed
2197 5233 2323 5301 quia
2367 5247 2463 5286 nos
2491 5247 2587 5302 per
2616 5231 2828 5286 oculum
2859 5231 3150 5296 cernimus,
3180 5233 3237 5286 in
3267 5249 3462 5302 scapu-

1895 5323 1964 5376 lis
1990 5337 2115 5376 vero
2135 5336 2301 5375 onera
2331 5322 2674 5384 sustinemus,
2706 5320 2845 5375 Deus
2890 5321 3030 5390 quod
3055 5322 3230 5377 omnia
3258 5323 3461 5388 videat,

1892 5413 2102 5467 oculum
2148 5411 2347 5466 habere
2387 5410 2701 5480 perhibetur
2729 5427 2742 5464 :
2769 5410 2911 5478 quod
2947 5425 3075 5465 vero
3124 5425 3222 5466 nos
3263 5411 3462 5466 tolerat

1891 5512 2052 5574 atque
2096 5516 2160 5556 eo
2190 5503 2324 5572 ipso,
2359 5516 2463 5571 quo
2491 5498 2703 5565 tolerat,
2748 5509 2946 5564 servat,
2985 5500 3308 5554 obumbrare
3357 5516 3460 5556 nos

1894 5595 1945 5648 in
1971 5593 2200 5662 scapulis
2227 5592 2438 5646 dicitur.
2466 5591 2558 5645 Ait
2595 5591 2734 5646 enim
2766 5607 2777 5642 :
2807 5591 2860 5642 in
2890 5590 3116 5657 scapulis
3137 5591 3245 5644 suis
3276 5591 3466 5645 obum-

1894 5686 2055 5741 brabit
2102 5686 2192 5738 tibi
2220 5699 2236 5736 :
2263 5699 2323 5738 ac
2361 5685 2404 5739 si
2441 5685 2644 5738 diceret
2679 5682 2946 5751 peccatori
2994 5682 3196 5736 homini
3239 5691 3293 5735 et
3340 5695 3468 5753 post
