3930 6346
423 372 527 429 167

1056 366 1118 421 Β.
1156 361 1411 419 RABANI
1450 359 1668 417 MvAURl
1705 357 2024 420 ARCHIEP.
2065 357 2372 419 MOGUNT.
2413 357 2697 417 OPERUM
2732 359 2911 416 PARS
2942 361 3004 417 ll.

3575 364 3676 421 168

420 491 697 557 peccatum
723 477 1324 549 veniam-deprecanti:
1360 475 1438 530 Ea
1473 475 1675 545 pietate
1718 482 1772 528 te
1811 474 1994 528 Domi-
2019 480 2070 541 Α
2096 482 2251 530 utero
2299 473 2499 544 pendet
2530 491 2543 528 :
2576 487 2644 528 ex
2685 489 2750 529 eo
2789 464 2931 530 enim
2981 482 3037 529 et
3082 474 3340 529 nutritur.
3372 472 3431 531 ln
3477 473 3676 530 lumbis

419 593 523 634 nus
545 581 808 646 proteget,
844 583 950 642 qna
975 578 1029 624 te
1049 569 1298 626 toleravit
1329 584 1344 622 :
1374 567 1682 633 obumbrat,
1714 565 1768 620 id
1806 572 1907 630 est,
1938 565 1995 620 in

418 665 652 738 seapulis
693 663 826 728 suis,
855 662 969 732 qui,
1021 661 1149 715 dum
1181 665 1382 729 portat,
1421 657 1676 714 defendit.
1710 655 1874 726 Spina
1916 663 1999 711 est

415 754 669 827 iunctura
696 753 864 819 dorsi,
893 749 1039 808 dicta
1067 765 1151 815 eo,
1181 751 1326 818 quod
1371 750 1568 803 habeat
1608 747 1840 803 radiolos
1874 761 1998 802 acu-

420 854 525 902 tos.
561 842 726 912 Cuius
760 836 1035 914 iuncturae
1072 838 1354 911 spendylia
1403 837 1739 907 appellantur
1776 839 1997 907 propter

414 943 626 1006 partem
657 932 887 998 cerebri,
922 932 1042 1001 quae
1083 930 1256 985 fertur
1276 944 1372 998 per
1394 932 1494 984 hos
1529 929 1687 1000 longo
1723 937 1894 982 tractu
1930 927 1995 981 ad

416 1035 642 1082 caeteras
674 1023 919 1094 corporis
946 1032 1145 1095 partes.
1195 1021 1364 1078 Sacra
1411 1021 1563 1091 spina
1602 1029 1684 1077 est
1727 1021 1832 1075 ima
1869 1036 1993 1091 per-

407 1126 593 1189 petuat
624 1116 1002 1185 spina2,quam
1032 1112 1205 1169 (ἴττεεί
1229 1114 1380 1187 ieron
1410 1121 1606 1169 ostoun
1633 1115 1996 1180 vocant;quo-

416 1213 564 1269 niam
600 1211 833 1282 primum
864 1206 1085 1264 infante
1111 1214 1373 1278 concepto
1397 1207 1661 1271 nascitur,
1692 1206 1918 1273 ideoque
1941 1212 1996 1258 et

416 1303 595 1359 hostia
641 1301 696 1356 id
731 1300 966 1369 primum
1011 1314 1041 1352 a
1085 1285 1376 1367 gentilibus
1413 1297 1518 1353 diis
1568 1296 1683 1351 suis
1725 1295 1992 1349 dabatur:

415 1389 560 1444 unde
581 1396 637 1442 et
673 1398 830 1442 sacra
874 1385 1029 1455 spina
1069 1381 1288 1440 dicitur.
1322 1382 1490 1453 Spina
1526 1383 1670 1437 enim
1712 1379 1997 1451 aliquando

415 1494 516 1549 pro
561 1475 876 1531 fortitudine
932 1474 1216 1546 corporis,
1271 1473 1563 1543 aliquando
1613 1487 1712 1542 pro
1769 1471 1998 1527 elatione

416 1567 617 1623 mentis
651 1552 1096 1636 atqueomaibus
1123 1562 1363 1634 peccatis
1402 1564 1642 1632 ponitur.
1672 1560 1825 1618 Unde
1864 1563 1995 1617 scri-

415 1665 570 1728 ptum
593 1662 676 1712 est
696 1656 751 1710 in
776 1655 984 1726 psalmo
1011 1673 1033 1708 t
1055 1652 1346 1725 conuersus
1371 1669 1488 1713 sum,
1503 1650 1570 1706 in
1598 1668 1833 1706 (erumna
1856 1667 1994 1717 mea,

415 1749 543 1802 dum
571 1747 920 1817 confringitur
942 1745 1073 1799 mihi
1097 1743 1249 1815 spina
1278 1742 1462 1815 (Psal.
1504 1741 1690 1814 xxxx).
1720 1742 1883 1812 Spina
1912 1748 1996 1796 est

2098 565 2384 636 aliquando
2438 565 2697 622 fortitudo
2739 565 2903 622 animi
2951 567 3290 637 exprimitur,
3337 566 3490 639 juxta
3545 568 3675 624 illud

2096 645 2337 728 Δί)οέιοιί
2372 675 2384 710 :
2418 658 2678 729 Accingite
2705 657 2904 713 lumbos
2929 659 3116 713 mentis
3142 669 3325 714 vestrm
3345 658 3513 730 (Eph.
3541 658 3627 731 vr)
3656 677 3670 714 :

2096 755 2154 802 et
2198 747 2486 816 aliquando
2533 748 2698 804 libido
2750 750 2949 816 carnis,
3000 757 3062 803 ut
3106 764 3268 818 supra
3317 749 3521 804 dictum
3569 758 3671 804 est.

2097 826 2252 893 Unde
2291 838 2358 892 ad
2381 837 2481 894 Job
2511 839 2577 894 de
2611 838 2907 894 Behemoth
2951 839 3209 894 Dominus
3237 837 3314 892 ait
3341 855 3355 892 :
3387 837 3674 894 Fortitudo

2096 931 2211 1000 ejus
2234 932 2289 985 in
2313 930 2500 986 lumbis
2527 933 2640 1001 ejus
2669 948 2689 985 :
2722 940 2769 984 et
2801 931 2961 986 virtus
2987 932 3102 1000 ejus
3128 921 3184 985 in
3211 929 3455 985 umbilico
3486 932 3675 986 ventris

2095 1024 2261 1094 ipsius
2309 1020 2470 1095 (Job.
2517 1039 2584 1076 xi.
2606 1020 2647 1094 ).
2681 1019 2985 1076 Seminaria
3013 1022 3187 1077 coitus
3228 1021 3360 1075 viris
3388 1021 3443 1075 in
3475 1020 3676 1077 lumbis

2100 1129 2216 1170 esse
2248 1133 2261 1170 :
2291 1114 2347 1169 in
2377 1114 2632 1170 umbilico
2660 1120 2838 1168 autem
2872 1113 3051 1169 inesse
3095 1111 3311 1170 feminis
3335 1114 3671 1182 perhibetur,

2096 1213 2157 1259 ut
2180 1219 2344 1274 supra
2387 1204 2740 1259 ostendimus.
2788 1201 2926 1269 Hinc
2951 1211 3034 1258 est
3078 1203 3245 1274 enim,
3292 1204 3436 1273 quod
3459 1199 3675 1258 Veritas

2096 1273 2376 1364 discipulis
2417 1293 2587 1347 dicit:
2629 1291 2750 1347 seu
2798 1289 2961 1345 lumbi
2999 1273 3152 1345 uestri
3191 1289 3459 1363 ρνωιίιιριί
3501 1288 3673 1362 (Luc.

2096 1383 2229 1456 xu).
2258 1381 2394 1438 Hinc
2417 1382 2612 1437 Petrus
2638 1396 2760 1436 cum
2785 1379 3053 1435 luxuriam
3080 1395 3110 1434 a
3137 1381 3298 1435 corde
3322 1380 3678 1452 restringeret

2097 1473 2441 1538 admonebat,
2485 1474 2707 1528 dicens:
2736 1470 2995 1526 Succincti
3025 1471 3226 1525 lumbos
3265 1472 3450 1526 mentis
3491 1469 3677 1528 uestra:

2098 1565 2170 1638 (Ι
2220 1566 2366 1620 Petr.
2397 1566 2468 1636 ι).
2499 1565 2637 1620 Hinc
2663 1564 2861 1618 Paulus
2899 1579 3022 1618 cum
3052 1579 3150 1634 per
3193 1561 3427 1619 Abrahae
3466 1563 3677 1618 sacriﬁ—

2097 1657 2240 1712 cium
2268 1651 2667 1711 Melchisedeéb
2701 1665 2942 1725 tempore
2979 1655 3108 1710 Levi
3139 1650 3502 1710 sacerdotium
3531 1654 3678 1710 dice-

2098 1756 2182 1801 ret
2211 1747 2559 1811 decimatum,
2608 1743 2699 1804 ubi
2742 1757 2867 1800 tunc
2912 1747 2966 1799 in
3008 1745 3240 1802 Abrahae
3277 1761 3508 1817 corpore
3541 1745 3675 1804 Levi

415 1841 585 1906 enim,
612 1854 731 1910 quae
758 1847 929 1895 totum
953 1825 1152 1907 corpus
1177 1836 1337 1904 erigit
1363 1843 1522 1903 atque
1561 1833 1818 1889 continet.
1867 1831 1994 1888 llaec
2022 1833 2069 1892 B
2096 1834 2311 1901 lateret,
2339 1832 2653 1898 ostendens,
2684 1834 2760 1887 ait
2793 1851 2805 1887 :
2837 1831 3022 1887 Adhuc
3050 1836 3186 1888 enim
3207 1834 3262 1887 in
3288 1834 3481 1918 lumbis
3502 1836 3672 1904 patris

414 1944 515 2002 pro
542 1930 792 2001 superbia
833 1929 1028 1984 merito
1062 1926 1237 1998 posita
1272 1934 1381 1991 est,
1429 1939 1549 1996 qua:
1576 1923 1855 1981 confracta
1884 1941 1991 1982 non

415 2019 600 2090 dejicit
625 2019 692 2075 ad
729 2006 1030 2083 interitum,
1079 2016 1177 2074 sed
1213 2015 1373 2086 erigit
1409 2015 1590 2084 potius
1635 2015 1703 2068 ad
1743 2013 1990 2069 salutem.

417 2109 554 2164 Dum
580 2107 726 2162 enim
753 2105 1014 2166 fortitudo
1038 2113 1093 2160 et
1121 2105 1452 2174 presperitas
1476 2103 1718 2173 corporis
1753 2101 1994 2158 confrin-

415 2198 576 2268 gitur,
606 2210 829 2250 necesse
853 2203 957 2259 est,
1003 2202 1065 2247 ut
1106 2196 1173 2248 ad
1208 2194 1386 2249 cordis
1415 2194 1769 2251 humilitatem
1798 2192 1994 2248 mentis

415 2288 605 2343 intima
633 2293 972 2343 revocentur.
1009 2283 1155 2339 Bene
1195 2285 1300 2338 hoc
1321 2282 1440 2338 loco
1467 2296 1565 2352 per
1597 2281 1804 2352 spinam
1831 2297 1992 2337 omne

413 2387 696 2450 peccatum
727 2377 1002 2432 evidenter
1031 2375 1384 2446 exprimitur,
1419 2375 1544 2444 quia
1570 2376 1694 2429 dum
1733 2373 1899 2428 trahit
1925 2372 1990 2427 ad

415 2451 878 2534 delectationem;
923 2465 1076 2535 quasi
1137 2465 1424 2535 pungendo
1477 2463 1684 2525 lacerat
1735 2472 1988 2518 mentem.

416 2557 554 2612 Hinc
579 2572 708 2629 ergo
730 2555 862 2624 justi
885 2563 938 2611 et
955 2554 1266 2625 paenitentis
1296 2569 1427 2609 voce
1448 2553 1676 2610 dicitur:
1702 2550 1991 2608 Conversus

416 2665 536 2703 sum
573 2647 628 2700 in
665 2663 900 2701 (erumna
947 2662 1084 2710 mea,
1113 2645 1238 2700 dum
1268 2644 1616 2714 confringitur
1640 2645 1766 2697 mihi
1797 2644 1944 2714 spina
1970 2656 1989 2696 :

412 2735 541 2805 quia
568 2734 771 2790 scilicet
799 2723 952 2789 melis
994 2735 1062 2788 ad
1089 2733 1381 2788 [amentum
1411 2733 1657 2798 vertitur,
1697 2740 1756 2787 ut
1783 2734 1989 2802 peccati

413 2823 636 2894 punctio
680 2822 990 2893 paenitendo
1017 2819 1318 2893 frangatur.
1363 2821 1544 2877 Renes
1583 2823 1660 2877 ait
1703 2822 1875 2877 Varro
1912 2822 1991 2878 di-

416 2923 551 2980 ctos,
583 2913 726 2983 quod
754 2913 856 2967 rivi
901 2913 970 2969 ab
1017 2913 1103 2967 his
1141 2911 1362 2968 obsceni
1398 2912 1639 2966 humoris
1675 2920 1988 2966 nascantur.

417 3003 553 3058 Nam
577 3017 726 3058 vene
746 3009 804 3057 et
823 3002 1070 3059 medullae
1098 3011 1311 3059 tenuem
1343 3004 1604 3074 liquorem
1645 3001 1909 3059 desudant
1934 3002 1990 3058 in

417 3095 656 3161 renibus,
697 3093 790 3164 qui
823 3092 1000 3164 liquor
1031 3109 1245 3148 rursum
1283 3094 1337 3148 in
1364 3094 1583 3152 renibus
1624 3093 1806 3149 calore
1830 3107 1992 3147 vene-

2091 1934 2204 1982 erat
2229 1923 2410 2002 (lleb.
2443 1921 2740 1995 vu)..Quia
2767 1938 2898 1978 vero
2948 1922 3296 1978 seminarium
3337 1923 3570 1979 luxuria,
3591 1924 3674 1980 fe-

2091 2016 2254 2072 minis
2283 2015 2337 2070 in
2373 2013 2627 2070 umbilico
2675 2012 3004 2078 continetur,
3057 2008 3325 2084 PrOpbeta
3378 2023 3672 2070 attestaute

2089 2106 2398 2171 didicimus.
2425 2104 2517 2174 qui
2546 2104 2647 2158 sub
2675 2105 2853 2174 specie
2872 2150 2880 2154 .
2901 2103 3114 2158 feminae
3142 2105 3443 2182 prostitutae
3469 2099 3672 2159 Judwa:

2091 2195 2442 2267 petulantiam
2475 2194 2760 2264 increpans
2800 2195 2877 2248 ait
2905 2211 2918 2246 :
2944 2193 3010 2248 In
3046 2195 3130 2248 die
3161 2203 3306 2248 ortus
3334 2196 3412 2248 tui
3449 2209 3554 2248 non
3593 2205 3672 2248 est

2089 2285 2338 2352 prmcisus
2382 2283 2656 2339 umbilicus
2695 2291 2815 2336 tuus
2846 2281 3070 2355 (Ezecli.
3101 2282 3248 2352 xvi).
3294 2281 3449 2338 Ilium
3479 2283 3672 2340 Grmco

2091 2387 2342 2430 sermone
2395 2372 2757 2444 appellatum,
2816 2373 2959 2443 quod
3013 2371 3085 2428 ibi
3139 2389 3237 2429 nos
3294 2375 3667 2431 obvolvamus.

2091 2462 2279 2518 Graece
2306 2463 2452 2517 enim
2472 2463 2671 2518 eilueiu
2691 2462 2975 2518 obvolvere
2998 2461 3214 2531 dicitur.
3240 2464 3496 2529 Testieyli
3521 2468 3671 2522 enim

2090 2551 2262 2608 virilis
2289 2567 2452 2608 sexus
2480 2553 2648 2608 robur
2683 2552 2987 2624 signiﬁcant
3011 2555 3246 2609 virtutis.
3292 2555 3444 2612 Unde
3471 2557 3674 2628 legitur

2091 2647 2145 2700 in
2170 2645 2409 2701 Levitico
2423 2644 2628 2727 gOmne
2651 2646 2868 2712 animal,
2897 2649 3035 2718 quod
3064 2648 3140 2703 uel
3165 2651 3400 2708 contritis
3428 2651 3508 2705 vel
3533 2653 3670 2707 tusis

2091 2740 2168 2796 vel
2203 2737 2354 2795 sectis
2388 2736 2678 2811 ablatisque
2723 2741 2973 2794 testiculis
3011 2751 3112 2809 est,
3149 2759 3251 2798 non
3289 2739 3514 2813 offérctis
3560 2745 3671 2799 Deo

2092 2832 2291 2904 (Leuit.
2335 2845 2448 2887 χιιι
2471 2830 2516 2902 ).,
2551 2829 2811 2887 Contritis
2856 2833 3119 2889 testiculis
3149 2843 3248 2899 est,
3288 2835 3380 2905 qui
3407 2835 3670 2912 paulatim

2092 2930 2372 2977 crescente
2423 2921 2628 2978 malitia
2659 2929 2905 2977 conteret
2947 2939 3098 2982 suam
3140 2920 3199 2980 in
3230 2924 3674 2997 virtutibuspro-

2091 3011 2198 3068 lem
2238 3022 2294 3069 ct
2331 3011 2504 3083 signa,
2548 3029 2645 3082 per
2682 3028 2802 3082 qua:
2848 3014 2932 3067 vir
2964 3012 3136 3084 possit
3186 3019 3404 3084 agnosci
3435 3033 3449 3068 :
3475 3005 3570 3087 qui
3613 3025 3673 3072 et

2093 3112 2244 3159 recte
2284 3103 2600 3172 reprobatur
2633 3120 2646 3156 :
2679 3102 2804 3173 quia
2855 3103 3178 3174 sibimetipsi
3223 3106 3276 3160 in
3325 3106 3666 3168 talibusno-

415 3186 498 3241 rio
524 3185 794 3242 resolutus
823 3184 1079 3243 decurrit.
1111 3184 1290 3240 Renes
1317 3184 1602 3254 aliquando
1627 3200 1727 3254 pro
1747 3191 1992 3239 constan-
2016 3174 2062 3238 C
2093 3193 2226 3248 cuii.
2257 3193 2416 3249 Tusjs
2466 3192 2729 3252 testiculis
2766 3201 2870 3260 est,
2917 3193 3009 3262 qui
3051 3195 3221 3252 illatis.
3256 3195 3369 3257 sibi
3405 3191 3669 3257 imae.

417 3275 492 3330 tia
521 3275 718 3330 mentis
761 3285 1035 3345 ponuntur
1064 3288 1080 3327 :
1111 3275 1236 3344 quia
1276 3275 1418 3331 sicut
1452 3276 1543 3331 isti
1584 3290 1780 3346 corpus
1822 3277 1993 3332 conti-

415 3372 575 3430 nent,
616 3360 691 3417 ita
735 3364 899 3418 animi
938 3363 1289 3420 stabilitatem
1323 3372 1380 3420 et
1420 3365 1510 3421 illa
1551 3365 1805 3420 custodit.
1839 3365 1994 3422 Unde

417 3456 680 3527 propheta
706 3455 784 3509 ait
813 3471 828 3508 :
859 3453 1024 3516 Renes
1052 3456 1152 3509 mei
1181 3455 1393 3510 resoluti
1418 3465 1539 3510 sunt
1573 3453 1760 3527 (Psal.
1789 3455 1990 3530 Lxxu).

418 3548 597 3603 Renes
622 3560 753 3618 ergo
779 3561 906 3602 suos
947 3546 1084 3600 dixit
1108 3561 1229 3601 esse
1265 3547 1469 3602 solutos
1494 3565 1507 3601 :
1534 3548 1659 3618 quia
1698 3548 1994 3602 mundana-

421 3652 540 3691 rum
571 3650 754 3690 rerum
781 3634 1096 3690 felicitatem
1135 3635 1347 3691 incauta
1375 3637 1650 3692 voluntate
1683 3636 1989 3707 quaesierat.

417 3725 551 3780 Item
594 3738 754 3780 renes
788 3725 1045 3779 interiora
1093 3725 1272 3781 cordis
1308 3734 1452 3792 sunt,
1500 3734 1560 3781 ut
1597 3727 1650 3783 in
1681 3727 1988 3796 propheta:

418 3813 532 3883 Ego
575 3811 829 3869 Minus
873 3822 1111 3868 scrutaris
1152 3828 1297 3892 renes
1333 3823 1380 3868 et
1418 3815 1578 3869 corda
1624 3814 1771 3887 (λεν.
1824 3814 1989 3888 xvii).

419 3904 655 3959 Rursum
685 3919 844 3960 renes
882 3904 1294 3960 delectationem
1331 3904 1511 3976 carnis
1551 3906 1622 3980 ob
1648 3904 1821 3961 ﬂuxas
1847 3906 1992 3976 cogi-

420 3994 651 4048 tationes
678 3993 963 4062 aliquando
984 3991 1306 4063 significant.
1332 3994 1485 4051 Unde
1508 3994 1793 4052 Psalmista
1820 3995 1986 4067 petit:

421 4079 468 4134 Π
475 4097 529 4135 re
554 4097 701 4136 renes
725 4097 865 4135 meos
888 4090 937 4135 et
963 4096 1055 4135 cor
1088 4096 1260 4134 meum
1287 4079 1413 4153 (Ps.
1459 4081 1621 4154 xxv).
1648 4081 1705 4136 Si
1726 4085 1871 4137 enim
1901 4099 1992 4137 vo-

419 4171 678 4242 luptatem
706 4167 942 4225 libidinis
977 4171 1030 4224 in
1068 4171 1287 4225 renibus
1323 4185 1445 4226 esse
1489 4171 1756 4238 nesciret,
1786 4187 1878 4227 eos
1908 4173 1992 4227 uri

420 4267 645 4323 minime
669 4267 932 4342 petisset:
961 4265 1068 4337 hoc
1088 4272 1190 4330 est,
1217 4274 1277 4319 ut
1304 4265 1687 4321 delectationes
1715 4273 1770 4320 et
1797 4268 1994 4338 cogita-

420 4351 602 4413 tiones
639 4357 886 4412 humanm
932 4357 1082 4414 verbi
1133 4357 1343 4412 Domini
1389 4356 1570 4412 calore
1613 4368 1988 4428 purgarentur.

423 4447 559 4503 Hinc
586 4447 724 4503 bene
755 4448 806 4502 in
837 4444 1021 4503 Exodo
1049 4461 1208 4502 renes
1234 4448 1436 4503 habere
1472 4447 1745 4504 accinctos
1783 4447 1993 4502 lsraeli-

421 4539 492 4593 tis
537 4538 847 4608 praecipitur
874 4539 925 4592 in
956 4537 1196 4608 paschali
1225 4537 1401 4592 edulio
1439 4536 1646 4607 (Exod.
1675 4537 1780 4609 xu)
1809 4555 1821 4591 :
1854 4555 1990 4609 quo-
2017 4510 2068 4572 D

424 4642 567 4681 niam
612 4626 704 4694 qui
742 4627 940 4695 pascha
971 4626 1227 4690 comedit,
1276 4624 1476 4678 habere
1521 4639 1678 4679 renes
1721 4627 1994 4682 accinctos

429 4717 616 4779 debet,
650 4724 709 4768 ut
732 4716 822 4784 qui
851 4715 1246 4771 solemnitatem
1290 4715 1699 4770 resurrectionis
1726 4725 1885 4785 atque
1912 4717 1992 4769 in-

422 4803 784 4871 corruptionis
835 4797 979 4872 agit,
1003 4803 1353 4872 corruptioni-
1380 4801 1492 4873 jam
1551 4819 1648 4873 per
1676 4802 1808 4858 vitia
1862 4803 1990 4859 nulli

422 4893 717 4964 subiaceat,
756 4894 1054 4963 voluptates
1075 4893 1311 4966 edomvet,
1358 4908 1575 4948 carnem
1601 4911 1630 4948 a
1654 4895 1870 4958 luxuria
1901 4912 1990 4951 re-

417 4984 669 5055 stringat.
714 4983 904 5038 Lumbi
937 4986 1007 5038 ob
1037 4984 1272 5038 libidinis
1301 4984 1574 5039 lasciviam
1607 4985 1756 5050 dicti,
1782 4987 1906 5055 quia
1939 4984 1992 5040 in

423 5073 556 5128 viris
580 5087 742 5129 causa
768 5089 1041 5143 corporea:
1072 5073 1360 5143 voluptatis
1388 5075 1441 5128 in
1469 5076 1598 5144 ipsis
1627 5083 1728 5142 est,
1768 5077 1909 5132 sicut
1939 5078 1993 5131 in

425 5161 678 5215 umbilico
698 5161 933 5216 feminis.
965 5162 1117 5217 Unde
1157 5171 1216 5216 et
1241 5164 1308 5218 ad
1333 5162 1435 5219 Job
1461 5163 1513 5218 in
1544 5165 1765 5222 exordio
1790 5182 1994 5222 sermo-

425 5251 514 5306 nis
547 5251 746 5306 dictum
776 5259 860 5306 est
893 5270 906 5305 :
938 5251 1160 5324 Act-inge
1185 5256 1318 5309 sicut
1357 5258 1435 5310 vir
1460 5257 1660 5313 lumbos
1690 5268 1805 5314 tuos
1828 5259 1846 5331 (
1869 5259 1990 5314 Job.

421 5342 697 5414 XXXVIII);
738 5349 798 5396 ut
848 5343 901 5396 in
933 5343 1019 5399 his
1051 5352 1193 5399 esset
1232 5348 1512 5402 resistendi
1556 5350 1894 5417 prmparalio,
1937 5350 1993 5404 in

424 5432 622 5500 quibus
649 5427 886 5487 libidinis
918 5442 1002 5487 est
1035 5432 1229 5488 usitata
1261 5435 1570 5490 dominandi
1599 5438 1830 5492 occasio.
1861 5438 1995 5494 Um-

427 5517 619 5572 bilicus
647 5529 730 5573 est
756 5520 964 5575 medius
1010 5520 1161 5576 locus
1199 5524 1461 5592 corporis,
1500 5524 1691 5587 dictus,
1739 5525 1878 5594 quod
1927 5526 1998 5581 sit

431 5605 625 5660 umbus
667 5606 897 5662 iliorum.
932 5609 1084 5665 Unde
1121 5619 1175 5665 et
1222 5613 1383 5666 umbo
1431 5613 1726 5682 appellatur
1770 5614 1916 5667 locus
1943 5615 1995 5669 in

434 5693 611 5749 medio
646 5695 835 5769 clypei,
884 5715 915 5754 a
944 5715 1050 5770 quo
1084 5703 1298 5773 pendet.
1342 5702 1416 5757 Ex
1447 5717 1511 5758 eo
1553 5703 1695 5758 enim
1740 5705 1915 5762 infans
1942 5706 1997 5761 in

2094 3283 2254 3338 nibus
2292 3282 2836 3354 tribulationibusque
2857 3284 3055 3350 cessit,
3082 3285 3382 3356 animmque
3417 3303 3532 3344 suae
3551 3288 3672 3344 for-

2097 3373 2378 3428 titudinem
2406 3372 2661 3443 prodidit.
2705 3370 2823 3428 Non
2870 3373 3012 3428 enim
3048 3383 3259 3444 oportet
3299 3377 3404 3432 hoc
3434 3380 3668 3448 perpeti,

2094 3477 2195 3517 nec
2220 3461 2439 3516 omnino
2469 3462 2664 3528 cedere
2695 3461 2996 3516 imminenti
3034 3463 3175 3518 hosti
3196 3472 3360 3534 atque
3386 3465 3667 3536 atlligenti.

2095 3547 2270 3604 Sectis
2321 3548 2618 3616 ahlatisque
2679 3547 2942 3603 testiculis
2993 3557 3096 3615 est,
3154 3551 3247 3619 qui
3295 3567 3404 3609 una
3453 3554 3671 3611 actione

2092 3653 2284 3708 prava,
2322 3636 2624 3707 animisque
2649 3636 2827 3706 impiis
2863 3648 3176 3706 exsecante,
3221 3643 3362 3708 sicut
3386 3642 3587 3709 cultro,
3611 3653 3668 3700 et

2093 3727 2388 3794 auferente,
2425 3728 2872 3797 quemadmodum
2909 3731 3069 3784 nimis
3113 3729 3276 3787 ell'era
3314 3742 3369 3788 et
3405 3715 3670 3806 direptrix

2093 3835 2287 3874 manus
2324 3820 2671 3890 semetipsum
2701 3821 2984 3878 abscidens
3022 3831 3076 3878 et
3101 3823 3350 3880 auferens
3383 3840 3412 3880 a
3446 3827 3674 3898 coniun-

2092 3911 2288 3976 ctione,
2302 3927 2418 3981 quaz
2441 3919 2526 3966 cst
2545 3912 2598 3965 in
2622 3911 2925 3967 virtutibus.
2945 3913 3145 3968 Venter
3162 3923 3217 3967 et
3236 3915 3390 3969 alvus
3402 3925 3457 3970 et
3481 3929 3671 3975 uterus

2092 4002 2234 4056 inter
2252 4016 2311 4056 se
2339 4001 2610 4055 differunt.
2631 4000 2960 4068 Venterest,
2990 4004 3082 4072 qui
3121 4013 3372 4074 acceptos
3411 4006 3563 4062 cibos
3591 4010 3675 4064 di-

2093 4088 2251 4159 gerit,
2275 4097 2329 4144 et
2342 4097 2563 4162 apparet
2583 4089 2938 4156 extrinsecus,
2951 4094 3310 4164 pertingitque
3324 4111 3354 4149 a
3371 4104 3591 4164 pectore
3605 4098 3672 4153 ad

2093 4176 2365 4247 inguinem
2398 4195 2411 4229 :
2439 4185 2493 4230 et
2535 4178 2712 4232 dictus
2742 4189 2945 4243 venter,
2970 4183 3113 4250 quod
3149 4197 3245 4250 per
3273 4184 3445 4239 totum
3473 4200 3675 4255 corpus

2092 4263 2216 4318 vitae
2227 4264 2480 4319 alimenta
2503 4268 2847 4322 transmittat.
2870 4268 3033 4324 Alvus
3053 4280 3156 4334 est,
3172 4273 3265 4341 qui
3276 4273 3458 4328 cibum
3477 4276 3674 4345 recipit

2092 4364 2148 4408 et
2174 4369 2403 4424 purgare
2423 4355 2576 4409 solet.
2610 4355 2874 4418 Salustius
2896 4374 2908 4409 ε
2935 4355 3201 4414 Simulans
3225 4361 3324 4414 sibi
3351 4361 3526 4417 alvum
3547 4380 3674 4432 pur-

2092 4443 2228 4512 gari.
2253 4443 2322 4497 Et
2333 4451 2551 4498 vocatus
2564 4453 2648 4500 est
2661 4443 2830 4510 alvus,
2844 4447 2984 4514 quod
3003 4449 3271 4515 abluatur,
3288 4449 3340 4503 id
3357 4459 3466 4515 est,
3476 4466 3672 4529 purge-

2099 4540 2292 4588 turzex
2324 4534 2439 4603 ipso
2458 4535 2601 4588 enim
2623 4535 2808 4593 sordes
2827 4545 3123 4593 stercorum
3155 4539 3410 4596 deﬂuunt.
3443 4541 3670 4598 Uterum

2099 4625 2225 4678 solae
2246 4625 2496 4678 mulieres
2519 4625 2737 4691 habent,
2761 4631 2812 4680 in
2828 4642 2934 4694 quo
2947 4629 3256 4700 concipiunt
3277 4632 3344 4704 ad
3364 4632 3672 4689 similitudi-

2098 4727 2221 4766 nem
2252 4711 2481 4766 caliculi.
2519 4714 2722 4767 Tamen
2755 4723 3002 4770 auctores
3032 4726 3213 4772 utrum
3236 4735 3332 4788 pro
3362 4722 3672 4778 utriuslibet

2098 4818 2258 4858 sexus
2279 4811 2468 4858 ventre
2499 4804 2809 4875 plerumque
2841 4816 3074 4876 ponunt:
3105 4824 3203 4864 nec
3225 4820 3397 4879 poetae
3427 4807 3667 4868 lantiun-

2098 4897 2278 4960 modo,
2300 4896 2391 4950 sed
2417 4904 2472 4949 et
2492 4898 2692 4950 caeteri.
2711 4898 2942 4953 Vocatus
2969 4906 3149 4956 autem
3177 4910 3382 4966 uterus,
3410 4903 3553 4971 quod
3577 4903 3650 4958 du

2096 4986 2216 5056 plex
2245 4986 2333 5050 sit,
2358 4994 2412 5039 et
2435 4987 2499 5041 ab
2536 4996 2762 5057 utraque
2784 4989 2836 5042 in
2859 4991 2993 5045 duas
3021 5006 3078 5044 se
3103 4992 3513 5060 dividitpartes,
3549 5009 3670 5064 qua

2096 5075 2149 5129 in
2165 5077 2431 5130 diversum
2453 5075 2659 5130 diffusa:
2673 5093 2739 5132 ac
2754 5078 2978 5146 replexae
2992 5080 3460 5148 circumplicantur
3472 5082 3527 5137 in
3548 5098 3667 5138 mo—

2097 5167 2222 5221 dum
2247 5181 2414 5221 cornu
2436 5167 2650 5224 arietis:
2675 5169 2759 5224 vel
2781 5172 2922 5238 quod
2945 5170 3487 5248 interius‘impleatur
3509 5174 3664 5240 fretu.

2096 5255 2235 5312 Hinc
2282 5269 2337 5312 et
2381 5268 2521 5325 uter,
2551 5261 2695 5328 quod
2744 5260 2944 5330 aliquid
2973 5261 3296 5318 intrinsecus
3323 5265 3574 5319 habuerit
3610 5273 3671 5320 ut

2099 5348 2339 5404 membra
2369 5357 2423 5404 et
2460 5350 2687 5404 viscera.
2710 5349 2910 5404 Venter
2929 5347 3082 5421 juxta
3125 5351 3432 5423 allegoriam
3462 5353 3669 5423 signifi-

2098 5447 2185 5492 cat
2213 5440 2563 5508 capacitatem
2593 5440 2838 5507 rationis,
2870 5441 2982 5495 sive
3010 5443 3202 5513 anima:
3223 5441 3494 5511 affectum.
3538 5443 3669 5499 inde

2097 5539 2180 5584 est
2209 5529 2356 5593 illud,
2404 5533 2547 5600 quod
2590 5531 2840 5586 Habacue
2886 5535 3168 5602 propheta,
3210 5532 3421 5598 Venter,
3467 5535 3664 5604 inquit,

2098 5636 2242 5674 meus
2295 5622 2531 5674 turbatus
2576 5631 2649 5675 est
2701 5623 2756 5676 in
2789 5623 2908 5692 me(
2935 5622 3069 5676 Hab.
3103 5623 3219 5692 ill).
3251 5622 3317 5676 Et
3351 5622 3616 5678 Jereutias
3648 5639 3662 5675 :

2107 5708 2346 5764 Ventrem
2376 5728 2543 5764 meum
2570 5712 2750 5780 doleo,
2789 5723 2834 5766 et
2858 5729 3038 5768 sensus
3078 5714 3248 5769 cordis
3288 5714 3390 5769 mei
3429 5713 3667 5769 turbatus
