3930 6328
1142 425 1233 480 nn
1273 382 1621 481 UNIVERSO
1658 419 1838 477 LIBRI
1877 417 2039 474 xxu.
2078 448 2149 460 —
2185 418 2317 473 un.
2361 419 2450 474 vi.

3300 426 3404 474 170

183 560 249 610 est
285 548 303 611 (
320 545 420 601 Jer.
462 542 577 614 tv).
609 540 840 597 Rursum
873 540 1161 597 Psalmista
1207 540 1282 594 ait
1314 556 1328 591 :
1362 537 1713 593 Conturbatus
1741 541 1795 597 Α
1819 531 2190 602 intelligentia.
2225 529 2361 584 Nam
2391 543 2491 602 pro
2528 530 2711 584 anima
2743 543 2838 584 eor
2857 529 3093 598 ponitur,
3133 538 3190 584 ut
3231 542 3315 586 est
3338 533 3400 586 il-

182 643 319 700 estin
345 640 418 692 ira
460 634 641 688 oculus
682 650 845 699 meus,
893 633 1069 686 anima
1106 646 1221 683 mea
1267 637 1316 682 et
1358 636 1530 681 venter
1565 643 1710 680 meus

184 731 293 807 (Ps.
334 726 480 797 xxx).
531 726 735 780 Littera
781 723 1042 794 siquidem
1065 721 1244 792 posuit
1266 721 1604 776 inimicorum
1633 719 1714 772 in-

181 819 512 893 dignationem
549 833 562 869 :
600 814 786 870 oculus
833 820 1012 866 autem
1055 811 1382 866 intellectum
1415 810 1709 879 signiﬁcat,

182 926 319 983 quem
367 921 571 976 semper
627 904 1008 960 conturbamus
1064 912 1224 973 atque
1296 900 1712 966 contundimus,

178 1000 365 1074 quando
410 997 742 1053 imminentia
795 993 1035 1065 pericula
1083 993 1452 1048 formidamus.
1513 991 1716 1047 Venter

180 1108 287 1147 vero
313 1098 480 1145 noster
505 1089 656 1142 alvus
683 1095 788 1151 est,
812 1086 865 1140 in
891 1100 999 1156 quo
1039 1084 1214 1139 edulia
1245 1083 1503 1154 deglutita
1529 1098 1717 1137 recon-

177 1183 346 1238 dimus.
370 1180 464 1246 Qui
491 1187 674 1247 aperte
704 1175 975 1232 memoriae
1004 1184 1352 1245 comparatur
1380 1194 1391 1227 :
1423 1175 1549 1243 quia
1579 1173 1718 1228 sicut

176 1274 250 1328 ille
296 1272 624 1325 transmissas
667 1283 817 1323 escas
866 1267 1076 1336 recipit,
1126 1267 1205 1321 sic
1245 1266 1521 1321 memoriae
1569 1265 1718 1319 sinus

173 1363 367 1418 notitias
408 1376 584 1415 rerum
633 1366 1000 1429 competenter
1039 1357 1284 1412 assumit.
1328 1355 1716 1412 Conturbatum

173 1453 421 1535 ergo.dicit
442 1460 706 1514 ventrem,
736 1450 789 1502 id
815 1457 918 1513 est,
947 1447 1265 1503 memoriam
1296 1460 1468 1511 suam,
1499 1445 1589 1499 ubi
1622 1445 1718 1498 ha-

171 1546 312 1602 bebat
352 1544 578 1614 reposita
621 1557 738 1610 qua:
785 1541 860 1594 illi
899 1539 1157 1594 Dominus
1200 1538 1268 1592 de
1317 1553 1414 1593 sua
1456 1535 1719 1591 clariﬁca-

173 1641 296 1694 tione
320 1637 676 1707 promiserat;
709 1633 804 1688 sed
847 1648 969 1687 cum
1015 1631 1222 1685 videret
1263 1645 1391 1685 caro
1439 1629 1719 1682 imminere

171 1728 256 1784 sibi
279 1726 526 1796 pericula,
566 1738 902 1794 consequens
942 1723 1042 1776 fuit
1070 1737 1190 1776 eam
1218 1720 1578 1790 trepidatione
1605 1727 1720 1772 tur-

169 1818 288 1872 bari.
339 1817 527 1872 Uterus
571 1823 750 1869 autem
796 1813 1084 1884 aliquando
1135 1812 1405 1883 signiﬁcat
1459 1824 1717 1864 arcanum

1816 622 1907 676 lud
1928 621 2234 677 Salomonis
2269 638 2280 673 :
2309 619 2465 674 Omni
2497 621 2737 675 custodia
2782 636 2930 675 serva
2968 631 3114 675 tuum
3142 639 3252 689 cor,
3282 624 3398 693 quia

1814 729 1879 767 ea;
1909 714 2019 783 ipso
2041 713 2146 766 vita
2169 712 2402 781 procedit
2421 709 2614 783 (Prov.
2645 730 2700 768 1v
2723 712 2764 784 ).
2793 713 2926 768 Item
2959 729 3053 769 cor
3085 729 3185 784 pro
3212 714 3401 773 intelli-

1816 806 1992 877 gentia
2026 804 2267 874 ponitur,
2299 811 2360 857 ut
2385 812 2470 858 est
2496 805 2626 859 illud
2652 804 2956 860 Psalmistae
2981 822 2993 858 :
3025 804 3130 859 Cor
3154 822 3330 860 meum
3359 816 3409 861 et

1818 915 1940 952 caro
1966 914 2082 951 mea
2106 897 2470 951 exultauerunt
2497 899 2553 950 in
2581 899 2752 953 Deum
2776 901 2946 954 vivum
2975 900 3106 970 (Ps.
3136 898 3408 970 LXXXIII).

1817 991 2075 1056 Quamvis
2098 999 2328 1060 utraque
2353 991 2640 1046 videantur
2659 993 2933 1060 pertinere
2953 995 3020 1048 ad
3051 1010 3292 1060 carnem,
3317 1008 3412 1050 cor

1821 1091 2000 1136 tamen
2023 1083 2091 1136 ad
2113 1083 2526 1152 intelligentiam
2546 1083 2738 1139 referri
2763 1101 2921 1154 posse
2946 1103 3052 1141 non
3067 1088 3289 1142 dubium
3304 1097 3412 1144 est.

1818 1169 1953 1223 Nam
1974 1171 2127 1240 cujus
2152 1172 2474 1239 sapientiam
2489 1174 2747 1242 praeferre
2773 1176 3041 1242 volumus,
3058 1175 3173 1244 ejus
3187 1193 3282 1232 cor
3296 1180 3416 1234 sine

1819 1269 2154 1323 dubitatione
2168 1270 2775 1328 laudamus.Consilium
2792 1291 2921 1329 vero
2935 1277 2988 1329 in
3002 1276 3183 1330 cordis
3199 1277 3418 1332 nomine

1819 1359 2163 1428 exprimitur,
2195 1362 2338 1430 quod
2365 1371 2517 1416 actus
2543 1365 2836 1430 praevenit,
2869 1374 3102 1420 testante
3132 1365 3418 1420 Salvatore

1821 1449 1875 1503 in
1917 1449 2207 1519 Evangelio
2240 1471 2252 1506 :
2301 1453 2389 1506 Ea:
2420 1453 2575 1506 corde
2605 1463 2794 1508 exeunt
2840 1457 3181 1525 cogitationes
3221 1455 3377 1509 malae
3401 1497 3415 1520 ,

1821 1539 2082 1593 adulteria
2103 1581 2115 1604 ,
2144 1541 2432 1595 homicidia
2455 1583 2469 1607 ,
2495 1551 2551 1597 et
2575 1553 2771 1599 caetera
2799 1544 3029 1615 (Matth.
3059 1545 3181 1617 xv).
3212 1545 3288 1601 De
3312 1561 3421 1616 quo

1819 1629 2108 1686 Psalmista
2137 1633 2213 1685 ait
2242 1651 2252 1683 :
2285 1632 2452 1687 Labia
2480 1634 2669 1689 dolosa
2695 1638 2750 1690 in
2781 1638 2937 1690 corde
2977 1648 3026 1692 et
3066 1640 3222 1692 corde
3258 1639 3421 1692 locuti

1819 1730 1938 1776 sunt
1986 1720 2128 1775 mala
2155 1720 2346 1792 (Psal.
2376 1724 2487 1795 χι).
2521 1724 2658 1779 Nam
2702 1728 2847 1795 quod
2886 1729 3018 1783 dicit
3059 1731 3112 1783 in
3158 1731 3321 1786 corde
3367 1737 3425 1784 et

1820 1811 1983 1866 corde
2023 1830 2035 1864 :
2084 1812 2297 1881 quoties
2360 1816 2610 1871 volumus
2662 1818 2878 1874 dolosos
2933 1821 3272 1889 exprimere,
3323 1822 3423 1876 du-

169 1915 372 1973 naturae,
406 1907 691 1976 aliquando
719 1914 989 1961 secretum
1016 1903 1249 1960 consilii.
1298 1903 1452 1958 Unde
1479 1901 1638 1956 Pater
1666 1902 1720 1955 in
1748 1885 1797 1944 Β
1825 1903 1983 1972 plicia
2010 1919 2198 1959 eorum
2230 1907 2395 1961 corda
2425 1908 2788 1976 declaramus,
2821 1912 2962 1965 sicut
2997 1885 3264 1967 Salomon
3306 1910 3421 1982 [Ja-

167 1995 354 2051 Psalmo
387 1997 452 2050 ad
482 1995 678 2049 Filium
704 1996 785 2048 ait
817 2014 828 2046 :
865 1994 948 2047 Ea:
990 2003 1137 2046 utero
1173 2001 1292 2046 ante
1327 1992 1604 2060 luciferum
1638 2009 1724 2060 ge~

169 2089 245 2141 nui
270 2097 312 2139 te
338 2085 459 2156 (Ps.
492 2086 639 2157 cxx),
671 2086 723 2140 id
750 2094 854 2150 est,
883 2101 950 2140 ex
972 2099 1172 2138 arcano
1209 2084 1526 2137 substantiae
1566 2098 1720 2147 mem,

166 2193 222 2234 ex
263 2179 366 2246 ipsa
405 2177 608 2232 scilicet
654 2176 871 2242 deitate,
903 2184 1074 2231 totum
1104 2191 1170 2228 ex
1207 2183 1350 2240 toto,
1383 2174 1723 2243 omnipoten-

166 2277 276 2334 tem,
316 2269 487 2323 lumen
527 2270 595 2324 de
629 2268 854 2335 lumine,
896 2284 1163 2323 summum
1195 2282 1262 2322 ex
1299 2281 1550 2321 summo:
1582 2265 1722 2334 quod

165 2360 293 2415 nulla
335 2361 706 2430 investigatio,
752 2359 930 2413 nullus
975 2373 1167 2422 sensus
1208 2357 1379 2427 possit
1429 2356 1720 2426 attingere.

165 2449 282 2508 Nam
327 2452 777 2522 quemadmodum
831 2452 974 2505 valet
1023 2449 1443 2518 comprehendi,
1498 2449 1563 2503 de
1618 2463 1725 2516 quo

165 2545 397 2615 scriptum
416 2551 527 2598 est:
547 2541 944 2596 Generationem
967 2549 1140 2594 autem
1161 2540 1273 2608 ejus
1292 2540 1406 2609 quis
1423 2539 1684 2593 enarrabit
1703 2540 1727 2592 ?

168 2634 303 2706 (Isai.
319 2636 453 2706 LIII.)
477 2635 614 2702 Mira
627 2634 886 2700 brevitas,
902 2640 956 2688 et
976 2631 1242 2688 sufﬁciens
1257 2646 1356 2700 pro
1370 2638 1554 2686 nostra
1571 2630 1723 2684 inﬁr-

164 2724 330 2796 mitate
363 2739 617 2779 mensura
650 2742 662 2776 :
689 2722 817 2792 quia
843 2736 943 2776 nec
966 2721 1086 2790 plus
1110 2735 1396 2790 possumus
1418 2733 1635 2790 capere,
1672 2728 1727 2775 et

167 2818 257 2873 hoc
278 2818 476 2872 abunde
502 2815 698 2871 suﬁicit
719 2817 906 2886 utique
935 2814 1249 2870 credidisse.
1279 2813 1517 2868 Rursum
1543 2814 1596 2867 in
1625 2812 1726 2868 Job

165 2912 398 2981 scripwm
449 2919 578 2966 est:
625 2910 701 2964 De
751 2911 900 2980 cujus
951 2919 1096 2964 utero
1155 2925 1360 2978 egressa
1409 2918 1483 2962 est
1532 2908 1724 2979 glacies

168 3001 299 3072 (Job.
327 3001 582 3071 xxxwu).
633 3000 771 3067 Quid
798 3008 882 3055 est
905 3015 1054 3070 ergo,
1107 3001 1246 3068 quod
1290 3001 1550 3054 Dominus
1575 3000 1726 3068 prius

165 3096 352 3165 quidem
408 3106 622 3166 patrem
679 3109 738 3150 se
788 3094 981 3164 pluviae
1038 3094 1274 3146 insinuat
1321 3112 1332 3145 :
1381 3091 1726 3162 postmodum

167 3180 276 3240 vero
304 3187 364 3240 de
390 3200 486 3240 suo
516 3185 704 3255 egredi
726 3184 1135 3262 uteroqglaciem
1161 3192 1369 3248 narrat,
1407 3197 1571 3251 seque
1601 3180 1722 3251 gelu

167 3278 358 3350 gignere
401 3279 464 3332 de
507 3277 646 3332 coelo
690 3277 1039 3345 pronuntiat?
1075 3277 1175 3330 nisi
1220 3277 1360 3345 quod
1391 3275 1530 3329 miro
1563 3275 1724 3327 modo

166 3370 314 3424 nostri
341 3369 576 3440 pectoris
606 3375 809 3422 terram
856 3367 923 3420 ad
965 3367 1305 3435 suscipienda
1337 3365 1488 3420 verbi
1517 3366 1722 3418 semina

167 3460 296 3528 prius
328 3475 418 3529 per
444 3459 671 3515 occultae
700 3459 887 3530 gratiae
915 3458 1151 3528 pluviam
1182 3457 1414 3512 infundit
1447 3475 1458 3509 :
1491 3465 1546 3510 et
1574 3466 1723 3525 post—

168 3554 360 3608 modum
416 3569 486 3608 ue
535 3554 592 3607 in
643 3551 919 3621 conceptis
968 3550 1260 3603 virtutibus
1321 3547 1726 3602 immoderatius

166 3643 407 3716 proﬂuat,
453 3641 742 3711 disciplina
799 3642 988 3694 intima
1037 3637 1454 3706 dispensationis
1506 3635 1724 3704 premit.

167 3730 364 3787 Viscera
389 3748 494 3787 non
526 3738 738 3784 tantum
765 3729 1022 3782 intestina
1054 3727 1280 3781 dicimus
1307 3745 1318 3779 :
1351 3726 1443 3780 sed
1474 3723 1730 3793 quicquid

170 3823 254 3879 sub
270 3813 417 3880 corio
459 3832 543 3878 est
565 3838 595 3876 a
631 3822 801 3886 visco,
850 3821 991 3890 quod
1029 3828 1112 3874 est
1143 3820 1282 3874 inter
1308 3827 1488 3872 cutem
1521 3826 1575 3870 et
1612 3831 1729 3870 car-

169 3929 293 3970 nem.
327 3915 450 3968 ltem
484 3915 700 3968 viscera
729 3911 932 3976 vitalia,
964 3911 1017 3965 id
1059 3919 1160 3976 est,
1194 3907 1522 3964 circumfusa
1549 3908 1731 3962 cordis'

171 4006 290 4071 loca,
318 4007 466 4076 quasi
488 4007 702 4061 viscera
730 4020 794 4060 eo
820 4046 835 4068 ,
874 4005 1016 4074 quod
1048 4004 1120 4057 ibi
1145 4003 1254 4056 vita
1276 4044 1290 4068 ,
1329 4001 1383 4055 id
1412 4009 1513 4067 est,
1551 4001 1729 4054 anima

169 4097 468 4150 continetur.
516 4096 652 4149 Item
698 4094 907 4148 viscera
950 4093 1129 4161 capita
1174 4107 1463 4146 nervorum
1497 4106 1564 4145 ex
1609 4106 1732 4144 san—

172 4189 310 4257 guine
333 4197 386 4241 et
411 4187 594 4241 nervis
620 4185 889 4253 copulata.
920 4184 1141 4238 Viscera
1171 4182 1397 4253 mystice
1426 4180 1732 4252 signiﬁcant

173 4278 398 4332 allectum
425 4278 650 4349 pietatis
673 4286 727 4331 et
748 4276 1151 4331 misericordia.
1183 4275 1337 4330 Unde
1366 4275 1624 4342 scriptum
1647 4281 1731 4327 est

173 4369 216 4420 in
243 4369 523 4440 Evangelio
557 4387 570 4422 :
599 4367 706 4422 Per
724 4369 919 4421 viscera
939 4365 1314 4420 misericordiae
1347 4364 1438 4417 Dei
1462 4364 1648 4427 nostri,
1677 4364 1731 4416 in

171 4460 332 4529 quibus
358 4462 585 4514 visitavi!
627 4476 719 4513 nos
750 4459 919 4512 oriens
951 4474 1015 4511 ex
1042 4456 1149 4509 alto
1182 4454 1344 4526 (Luc.
1378 4456 1450 4525 ι).
1480 4454 1549 4507 Et
1584 4453 1729 4522 Apo-

173 4548 336 4613 stolus,
359 4552 401 4602 si
425 4566 551 4619 qua,
581 4548 776 4616 inquit,
821 4547 1019 4600 viscera
1052 4545 1400 4599 miserationis
1428 4542 1601 4615 (Phil.
1629 4559 1666 4596 ιι
1688 4544 1728 4614 ).

175 4639 230 4695 Ει
270 4643 320 4696 in
364 4642 593 4697 alteram
630 4651 839 4712 partem
881 4640 1090 4695 viscera
1131 4638 1579 4709 signiﬁcationem
1623 4648 1734 4691 tra-

178 4733 320 4785 bunt:
349 4742 407 4786 ut
427 4740 512 4787 est
550 4732 681 4786 illud
720 4733 773 4785 in
818 4730 1041 4786 Actibus
1068 4729 1435 4799 apostolorum
1461 4729 1526 4782 de
1553 4726 1683 4781 Juda
1714 4747 1726 4780 :

180 4821 235 4875 Et
252 4819 435 4892 iii/fusa
461 4833 586 4878 sunt
613 4825 808 4876 uiscera
829 4822 941 4891 ejus
986 4821 1004 4891 (
1031 4820 1146 4873 Act.
1169 4819 1242 4890 ι),
1264 4819 1366 4873 hoc
1394 4826 1476 4872 est
1513 4817 1732 4871 malitiae

180 4917 412 4967 tractatus
461 4922 593 4967 sunt
622 4912 897 4981 patefacti.
942 4910 1048 4965 Cor
1081 4926 1112 4963 a
1145 4908 1331 4964 Graeca
1378 4908 1732 4977 appellatione

180 5001 448 5071 derivatur,
500 5005 649 5075 quod
674 5005 750 5059 illi
777 5005 996 5057 cardian
1024 5004 1208 5058 dicunt
1236 5021 1247 5056 :
1273 5003 1385 5056 sive
1430 5017 1461 5053 a
1494 5015 1643 5055 cura.
1675 5001 1730 5053 In

181 5107 236 5150 eo
264 5100 396 5152 enim
423 5099 606 5153 omnis
641 5097 943 5152 sollicitudo
972 5104 1028 5149 et
1057 5096 1295 5151 scientiae
1333 5108 1494 5149 causa
1529 5101 1731 5148 manet.

185 5184 318 5254 Quod
343 5187 461 5243 ideo
486 5189 728 5258 pulmoni
754 5187 992 5241 vicinum
1031 5193 1152 5239 est:
1191 5193 1249 5238 ut
1281 5201 1403 5239 cum
1439 5185 1517 5238 ira
1544 5198 1735 5238 accen-

185 5279 330 5345 ditur,
358 5280 633 5350 pulmonis
672 5280 899 5334 humore
927 5283 1272 5347 temperetur.
1302 5274 1470 5342 Hujus
1506 5275 1623 5328 duae
1652 5289 1735 5328 ar-

187 5372 316 5427 teria:
341 5382 483 5438 sunt,
516 5388 548 5427 e
577 5371 773 5441 quibus
798 5372 1018 5425 sinistra
1044 5368 1165 5439 plus
1193 5368 1505 5438 sanguinem
1547 5367 1731 5430 habet,

187 5460 382 5516 dextera
429 5464 554 5533 plus
592 5462 858 5531 spiritum.
908 5460 1060 5516 Unde
1101 5467 1156 5513 et
1198 5460 1254 5513 in
1283 5459 1470 5513 dextro
1514 5459 1736 5512 brachio

187 5551 376 5620 pulsum
420 5553 760 5622 inspicimus.
793 5550 900 5606 Cor
945 5550 1092 5605 enim
1124 5549 1307 5604 multis
1345 5549 1626 5619 speciebus
1667 5549 1738 5602 si-

189 5641 481 5712 gniﬁcandis
539 5643 925 5698 convenienter
975 5647 1204 5710 aptatur.
1261 5639 1398 5693 Nam
1453 5639 1738 5708 aliquando

189 5748 275 5803 pro
307 5737 479 5790 anima
505 5737 746 5806 ponitur,
785 5735 1073 5806 aliquando
1101 5751 1198 5804 pro
1227 5734 1592 5804 intelligentia,
1638 5734 1737 5788 ali-

192 5827 378 5892 quando
418 5843 516 5896 pro
546 5825 770 5880 consilio
795 5835 849 5880 et
872 5825 1034 5879 verbo
1058 5823 1284 5890 occulto,
1326 5823 1610 5892 aliquando
1641 5840 1737 5893 pro

533 5898 810 5957 Ps’ruon.
859 5897 1018 5956 CX].

1826 1992 2034 2063 cobus]
2066 1994 2198 2048 dicit
2228 2014 2239 2047 :
2276 1994 2370 2048 Vir
2413 1998 2608 2066 duplex
2635 2001 2940 2054 inconstans
2980 2012 3055 2056 est
3094 2004 3151 2055 in
3183 2002 3422 2058 omnibus

1825 2082 1921 2134 viis
1975 2081 2082 2134 suis
2140 2082 2416 2154 (lam).
2480 2085 2710 2153 Quando
2769 2099 2949 2146 autem
3006 2093 3281 2162 simplices
3330 2109 3426 2148 cu-

1824 2173 2002 2242 pimus
2051 2174 2331 2241 indicare,
2385 2193 2552 2232 unum
2601 2195 2696 2234 cor
2737 2183 2792 2234 in
2839 2184 2918 2236 eis
2963 2199 3085 2238 esse
3135 2193 3424 2250 testamur,

1826 2266 1966 2321 sicut
2001 2266 2056 2320 in
2093 2267 2321 2324 Actibus
2360 2272 2727 2340 apostolorum
2775 2274 3014 2343 legitur:
3065 2275 3427 2332 Multitudinis

1825 2365 2000 2408 autem
2036 2358 2358 2412 credentium
2386 2377 2476 2414 cor
2502 2372 2614 2416 erat
2651 2380 2815 2417 unum
2846 2375 2894 2418 et
2922 2367 3101 2419 anima
3130 2383 3236 2419 una
3266 2366 3284 2438 (
3306 2367 3424 2420 Act.

1827 2443 1933 2513 IV).
1981 2443 2071 2499 Sic
2107 2455 2162 2500 et
2199 2448 2469 2518 bilingues
2496 2451 2759 2517 dicimus,
2790 2454 2881 2523 qui
2921 2455 2974 2507 in
3010 2471 3117 2508 una
3156 2457 3426 2511 sententia

1827 2538 2049 2594 minime
2072 2551 2446 2609 perseverant.
2469 2543 2577 2598 Pro
2600 2545 2879 2616 diligentia
2899 2563 3032 2602 vero
3053 2557 3109 2602 et
3134 2549 3427 2608 devotione

1828 2626 1960 2682 illud
2006 2638 2091 2683 est
2134 2632 2414 2699 positum:
2455 2632 2524 2686 In
2559 2643 2666 2688 toto
2712 2636 2869 2689 corde
2917 2654 3030 2691 meo
3077 2641 3332 2710 exquisivi
3380 2651 3430 2696 te

1829 2715 1849 2786 (
1874 2715 2025 2772 Psal.
2055 2736 2234 2773 Lxxxv
2257 2720 2294 2791 ).
2322 2721 2437 2776 Hoc
2463 2737 2677 2793 quoque
2706 2740 2902 2780 munus
2930 2735 3015 2779 est
3042 2726 3255 2781 Domini
3284 2730 3429 2798 quod

1828 2813 1941 2860 toto
1996 2809 2191 2875 corde,
2242 2809 2344 2865 hoc
2395 2819 2510 2877 est,
2563 2812 2722 2881 plena
2774 2814 3062 2870 devotione
3119 2818 3314 2870 asserit
3367 2833 3426 2872 se

1829 2895 1996 2951 Deum
2033 2899 2356 2968 exquisisse.
2396 2900 2515 2955 Non
2559 2903 2704 2956 enim
2750 2913 3047 2973 quareret,
3097 2907 3200 2960 nisi
3248 2909 3428 2977 inqui-

1830 2987 1970 3040 situs
2009 2986 2224 3043 fuisset.
2262 2989 2321 3044 In
2361 2990 2587 3046 alteram
2627 3008 2757 3048 vero
2791 2994 3240 3064 signiﬁcationem
3286 3014 3426 3052 nun~

1832 3078 2050 3146 cupatio
2094 3079 2274 3134 cordis
2321 3083 2560 3150 ponitur,
2603 3099 2726 3138 cum
2764 3094 2992 3139 mortem
3032 3087 3119 3141 vel
3156 3087 3424 3143 infernum

1831 3166 1916 3220 vel
1964 3168 2266 3236 sepulcrum
2318 3172 2608 3243 signiﬁcat.
2670 3173 2822 3228 Unde
2869 3184 2951 3228 est
3019 3175 3108 3228 illa
3158 3180 3425 3233 sententia

1753 3231 1799 3293 (ἶ
1833 3255 2164 3325 Salvatoris,
2193 3275 2298 3329 qua
2325 3262 2393 3316 ad
2418 3261 2738 3334 Judaeosgait
2771 3306 2782 3317 .
2833 3263 2980 3318 Sicut
3027 3266 3128 3334 fuit
3167 3265 3336 3321 Jonas
3375 3271 3428 3322 in

1832 3355 2002 3399 ventre
2045 3349 2142 3400 ceti
2182 3350 2348 3403 tribus
2390 3351 2572 3405 diebus
2614 3363 2662 3406 et
2703 3355 2871 3407 tribus
2911 3356 3147 3408 noctibus
3172 3374 3189 3409 :
3217 3359 3292 3411 sic
3331 3361 3428 3412 erit

1832 3434 2009 3490 Filius
2040 3438 2266 3493 hominis
2294 3441 2350 3494 in
2376 3442 2532 3494 corde
2564 3452 2718 3497 terra?
2745 3434 2912 3498 tribu-Vs
2941 3447 3178 3501 noctibus
3207 3448 3423 3519 (Matt/1.

1832 3542 1908 3580 xu
1933 3525 1974 3596 ).
2014 3526 2186 3582 Piscis
2217 3538 2398 3584 autem
2419 3573 2433 3597 ,
2465 3533 2558 3602 qui
2590 3532 2781 3587 Jonam
2813 3536 3091 3591 devoravit
3123 3540 3174 3591 iu
3204 3541 3429 3611 pelago,

1834 3617 2106 3684 signiﬁcat
2145 3629 2404 3685 mortem,
2449 3639 2611 3691 quam
2652 3623 2905 3687 Christus
2939 3643 3231 3698 perpessus
3259 3641 3343 3687 est
3375 3635 3432 3690 in

1834 3705 2055 3760 mundo.
2094 3707 2152 3760 In
2181 3717 2379 3763 ventre
2405 3725 2536 3780 ergo
2565 3715 2668 3767 ceti
2695 3713 2860 3769 Jonas
2896 3727 3013 3771 erat
3043 3719 3214 3774 tribus
3240 3723 3432 3780 diebus

1837 3805 1891 3850 et
1931 3798 2101 3853 tribus
2148 3802 2418 3858 noctibus.
2460 3805 2528 3858 Et
2566 3806 2813 3863 Salvator
2849 3822 3034 3866 noster
3068 3815 3121 3867 in
3159 3825 3333 3869 morte
3373 3827 3430 3870 et

1835 3889 1887 3940 in
1926 3891 2171 3956 sepulcro
2208 3892 2309 3945 fuit
2349 3895 2519 3948 tribus
2554 3897 2744 3953 diebus
2781 3909 2835 3954 et
2891 3903 3065 3958 tribus
3125 3907 3374 3960 noctibus
3405 3926 3418 3959 :

1839 3987 2071 4048 tuncque
2100 3982 2427 4051 completum
2457 3993 2540 4039 est
2570 3987 2730 4053 illud,
2766 3991 2909 4059 quod
2941 3992 3133 4061 legitur
3163 3996 3217 4048 in
3248 3996 3385 4051 Osee
3414 4018 3424 4051 :

1834 4067 1944 4119 Ero
1975 4084 2114 4121 mors
2147 4079 2271 4132 tua,
2308 4088 2337 4124 o
2368 4089 2550 4128 mors:
2583 4092 2672 4128 ero
2721 4094 2928 4132 morsus
2960 4074 3080 4135 tuus
3100 4123 3114 4147 ,
3156 4101 3185 4136 ο
3217 4085 3421 4154 inferne

1837 4154 2003 4226 (Ose.
2057 4159 2217 4231 xm).
2267 4160 2336 4215 Et
2379 4163 2517 4217 sicut
2563 4162 2729 4220 Jonas
2770 4168 2825 4221 in
2872 4179 3062 4225 ventre
3106 4173 3272 4242 piscis
3322 4192 3428 4231 non

1836 4250 2164 4316 permansit,
2196 4251 2289 4306 sed
2316 4251 2520 4320 eiectus
2559 4264 2642 4310 est
2680 4257 2735 4310 in
2769 4258 2976 4313 aridam
3005 4279 3017 4312 :
3048 4261 3124 4314 ita
3153 4271 3207 4316 et
3238 4264 3427 4318 Salva—

1841 4342 1971 4396 toris
2013 4344 2182 4397 nostri
2216 4345 2396 4398 anima
2427 4362 2534 4401 non
2564 4348 2751 4404 relicta
2777 4359 2861 4404 est
2890 4352 2945 4405 in
2974 4352 3188 4408 inferno
3207 4395 3221 4418 ,
3255 4372 3430 4426 neque

1839 4448 1966 4487 caro
2015 4435 2131 4504 ejus
2182 4435 2318 4490 vidit
2367 4439 2816 4507 corruptionem:
2874 4441 2968 4495 sed
3019 4447 3320 4501 resurrexit
3374 4450 3429 4501 in

1841 4525 2030 4595 gloria.
2061 4527 2196 4581 Item
2234 4529 2300 4582 de
2339 4528 2635 4594 Leviathan
2674 4533 2932 4588 Dominus
2959 4535 3029 4589 ad
3053 4534 3153 4590 Job
3181 4538 3256 4591 ait
3282 4557 3293 4590 :
3324 4538 3430 4592 Cor

1837 4618 1951 4686 ejus
1998 4618 2336 4672 indurabitur
2379 4622 2531 4690 quasi
2581 4621 2750 4691 lapis,
2813 4632 2861 4676 et
2929 4626 3213 4695 stringetur
3275 4632 3429 4698 quasi

1836 4707 2160 4762 malleatoris
2209 4710 2359 4764 incus
2415 4709 2589 4780 (Job.
2621 4710 2733 4765 ‘XLI
2770 4712 2810 4783 ).
2865 4713 2970 4767 Cor
3020 4716 3161 4769 enim
3217 4720 3427 4787 antiqui

1837 4803 2039 4866 hostis,
2085 4813 2143 4857 ut
2188 4805 2357 4873 lapis,
2408 4806 2785 4859 indurabitur:
2831 4809 2958 4875 quia
2999 4811 3144 4863 nulla
3188 4829 3426 4882 unquam

1836 4895 2205 4948 conversionis
2243 4892 2561 4964 paenitentia
2603 4897 2893 4963 mollietur,
2934 4901 3026 4968 qui
3065 4901 3193 4956 solis
3233 4905 3427 4960 ictibus

1837 4993 2051 5039 aeternae
2090 4985 2308 5040 ultionis
2342 4988 2634 5056 aptabitur.
2675 4988 2970 5043 chiatban
3008 5007 3168 5063 ergo,
3197 5003 3256 5048 ut
3294 4996 3427 5051 mal-

1843 5076 2062 5130 leatoris
2102 5077 2287 5144 incus,
2327 5079 2612 5148 stringitur
2633 5081 2725 5149 qui
2754 5081 2949 5135 inferni
2983 5085 3211 5140 vinculis
3239 5102 3427 5142 coarc-

1845 5168 2065 5232 tabitur,
2116 5177 2176 5222 ut
2223 5168 2412 5222 aeterni
2465 5170 2710 5239 supplicii
2768 5171 3024 5226 continua
3076 5178 3424 5243 percussione

1843 5259 2118 5312 tundatur.
2162 5259 2468 5313 Praecordia
2501 5269 2629 5313 sunt
2658 5261 2773 5314 loca
2805 5263 2956 5316 cordi
2987 5264 3163 5318 vicina
3186 5305 3200 5330 ,
3231 5268 3424 5334 quibus

1843 5365 2033 5405 sensus
2071 5350 2367 5420 percipitur
2397 5367 2410 5402 :
2456 5360 2510 5404 et
2545 5351 2687 5405 dicta
2718 5353 3015 5420 praecordia
3048 5369 3143 5419 eo,
3176 5357 3318 5425 quod
3349 5358 3425 5412 ibi

1845 5443 1916 5495 sit
1946 5440 2271 5510 principium
2309 5440 2487 5495 cordis
2524 5449 2581 5496 et
2613 5441 2971 5511 cogitationis.
3013 5442 3070 5495 In
3094 5445 3422 5512 praecordio-

1847 5548 1965 5585 rum
2009 5533 2228 5586 nomine
2268 5531 2606 5585 rationabilis
2652 5540 2917 5586 tractatus
2963 5533 3156 5585 animae
3197 5545 3425 5603 possunt

1847 5621 2051 5692 accipi,
2097 5629 2157 5676 ut
2195 5628 2277 5676 est
2319 5620 2445 5675 illud
2485 5620 2667 5688 Isaiae,
2713 5638 2820 5690 quo
2864 5623 2931 5677 ad
2972 5623 3258 5678 Dominum
3302 5627 3418 5679 ait:

1846 5714 2034 5770 Anima
2072 5732 2188 5767 mea
2228 5714 2537 5768 desideravit
2565 5725 2611 5768 te
2639 5715 2694 5768 in
2722 5725 2900 5779 nocte,
2928 5725 2976 5769 et
3005 5716 3190 5786 spiritu
3226 5732 3340 5770 meo
3366 5720 3423 5770 in

1846 5808 2146 5877 pru’cordiis
2177 5807 2304 5861 meis
2335 5795 2489 5876 (Isa.
2522 5824 2646 5860 xxvi
2670 5808 2709 5878 ).
2757 5809 2948 5863 Pulsus
2986 5819 3234 5873 vocatus,
3280 5812 3423 5877 quod

2958 5899 2996 5957 6
