3930 6358
426 455 523 511 171

1100 451 1162 505 Β.
1200 447 1451 503 RABANI
1491 446 1713 502 MAURI
1748 442 2061 499 ARCHIEP.
2104 442 2409 500 MOGUNT.
2449 442 2734 499 OPERUM
2770 441 2949 497 PARS
2982 442 3046 497 ll.

3570 436 3673 494 1‘73

423 570 675 641 palpitet,
712 565 865 635 cujus
902 562 1102 619 indicio
1126 569 1215 614 aut
1245 554 2003 625 inﬁrmitatem‘intelligimus
2034 562 2085 623 Α
2112 558 2187 612 lat
2214 576 2225 611 :
2256 557 2379 612 inde
2404 558 2473 612 ad
2499 557 2684 615 oculos
2704 598 2719 624 ,
2755 564 3087 624 ueteresque
3132 567 3323 609 sensus
3349 561 3407 608 et
3430 552 3685 608 membra

423 669 518 715 aut
547 659 790 715 salutem.
827 685 846 709 ι
886 652 995 724 xjus
1022 651 1219 723 duplex
1245 659 1330 705 est
1358 660 1574 706 motus:
1608 648 1867 717 simplex,
1910 648 2004 716 qui

423 765 489 804 ex
521 763 628 806 uno
665 744 803 801 saltu
842 749 1091 799 constat:
1132 740 1497 809 compositus,
1526 738 1618 807 qui
1657 753 1723 792 ex
1762 735 2007 805 pluribus

424 839 657 896 motibus
682 836 1019 891 inordinatus
1042 841 1096 887 et
1148 829 1429 900 inaequalis
1466 828 1667 883 existit.
1698 826 1799 893 Qui
1831 834 2006 880 motus

425 940 574 997 certa
599 930 801 985 habent
824 926 1015 995 spatia.
1050 921 1350 993 Dactylium
1380 934 1723 991 percussum,
1768 916 2006 986 qnandiu

429 1026 546 1081 sine
576 1022 705 1075 vitio
735 1026 878 1074 sunt.
912 1015 971 1071 Si
995 1015 1211 1087 quando
1236 1011 1511 1067 citatiores
1540 1019 1694 1074 sunt,
1731 1015 1790 1062 ut
1818 1009 2008 1063 dorca-

424 1114 776 1171 dacizontes:
823 1118 879 1163 et
917 1108 1182 1171 leniores,
1220 1114 1280 1159 ut
1314 1103 1768 1165 mirmicizontes,
1806 1100 1997 1155 mortis

421 1206 575 1277 signa
618 1208 765 1258 sunt.
794 1199 960 1257 Vena:
1002 1197 1159 1253 dictae
1194 1209 1261 1251 eo
1298 1194 1440 1264 quod
1482 1194 1582 1248 vire
1621 1192 1729 1246 sint
1771 1191 2009 1246 natantis

422 1295 735 1367 sanguinis,
761 1306 923 1361 atque
964 1289 1066 1344 rivi
1098 1303 1195 1359 per
1232 1301 1392 1351 omne
1431 1300 1641 1365 corpus
1667 1283 1855 1349 divisi,
1885 1282 2007 1352 qui-

421 1387 528 1442 bus
580 1384 830 1439 universa
879 1382 1121 1436 membra
1171 1379 1485 1450 irrigantur.
1533 1374 1739 1429 Dicitur
1771 1381 1825 1429 et
1872 1388 2009 1427 vena

424 1491 596 1547 aqua,
641 1475 785 1529 unde
847 1470 969 1527 fons
1034 1470 1240 1525 ebullit.
1290 1467 1444 1535 Quod
1489 1466 1653 1521 etiam
1702 1463 2009 1535 signiﬁcare

439 1573 597 1622 mtest
629 1578 944 1635 prowssum
986 1561 1173 1633 gratiae
1218 1557 1514 1629 spiritualis
1542 1566 1702 1628 atque
1728 1556 2005 1609 doctrinae.

434 1663 575 1720 Unde
609 1662 872 1732 scriptum
906 1666 990 1713 est
1027 1658 1080 1713 in
1109 1656 1402 1726 Sapientiae
1440 1654 1581 1708 libro
1608 1672 1619 1705 :
1650 1650 1729 1707 Sit
1758 1668 1882 1705 vena
1915 1658 2007 1701 tua

430 1752 684 1807 )enedicta
723 1746 908 1821 (Prov.
937 1748 1014 1818 v).
1059 1747 1127 1800 Et
1154 1745 1283 1800 alibi
1312 1763 1323 1797 :
1359 1742 1501 1796 Vena
1536 1742 1810 1797 viventium
1838 1754 2004 1808 aqua-

424 1856 568 1906 rum,
594 1840 699 1894 hoc
731 1844 816 1892 est
854 1836 1167 1907 sapientiae,
1213 1832 1382 1885 dulcis
1408 1833 1626 1884 haustus
1651 1839 1697 1882 et
1740 1832 1893 1899 potus
1920 1844 2007 1881 sa-

2109 651 2425 707 diﬂ‘unditur
2451 664 2466 703 :
2494 657 2551 704 et
2575 649 2753 704 calore
2780 663 2878 704 suo
2908 647 2976 701 ad
3008 662 3068 701 se
3091 659 3311 701 succum
3333 660 3402 700 ex
3427 644 3552 699 cibo
3573 653 3685 697 tra-

2107 754 2252 797 ctum
2292 742 2454 797 vertit
2480 741 2538 795 in
2566 741 2883 812 sanguinem
2900 778 2915 806 ,
2945 752 3104 809 quem
3132 737 3198 790 ad
3228 752 3385 791 usum
3412 736 3692 807 pascendo

2109 832 2497 902 nutriendoque
2546 830 2773 900 singulis
2824 828 3083 885 membris
3124 826 3345 898 praebet.
3400 826 3457 880 ln
3500 826 3694 897 iecore

2110 932 2290 980 autem
2317 922 2565 979 consistit
2584 921 2833 990 voluptas
2865 929 2921 976 et
2942 918 3379 987 concupiscentia
3408 916 3567 987 juxta
3590 932 3693 974 eos

2110 1015 2200 1083 qui
2229 1015 2295 1070 de
2324 1012 2560 1085 physicis
2586 1011 2883 1079 disputant.
2914 1010 2971 1064 In
2996 1008 3179 1078 iecore
3218 1014 3398 1062 autem
3417 1047 3433 1073 ,
3475 1007 3531 1062 id
3569 1016 3687 1071 est,

2112 1104 2166 1158 in
2196 1112 2354 1172 epate
2377 1100 2791 1157 delectationem
2822 1099 2937 1153 sive
2965 1096 3457 1169 concupiscentiam
3482 1096 3693 1167 signiﬁ-

2110 1202 2287 1248 catam
2308 1206 2596 1263 possumus
2616 1190 2939 1261 intelligere.
2963 1189 3115 1245 Unde
3136 1198 3221 1245 est
3258 1188 3387 1243 illud
3408 1228 3423 1254 ,
3448 1189 3593 1258 quod
3628 1189 3692 1244 in

2110 1284 2226 1354 lege
2264 1292 2591 1354 praeceptum
2631 1291 2718 1338 est
2747 1278 2953 1355 (lenit.
2983 1296 3077 1346 ιιι,
3102 1297 3157 1336 ιν
3178 1281 3231 1353 ),
3262 1295 3386 1336 cum
3414 1286 3606 1334 ventre
3631 1287 3696 1333 et

2111 1374 2329 1429 renibus
2366 1382 2421 1428 et
2461 1373 2617 1443 adipe
2656 1380 2865 1442 partem
2907 1370 3108 1440 jecoris
3148 1371 3259 1426 Deo
3295 1369 3476 1425 oﬁ'erri
3507 1384 3521 1422 :
3557 1369 3691 1439 quia

2110 1467 2600 1537 concupiscentiam
2652 1474 2896 1521 nostram
2939 1465 3111 1536 magis
3154 1465 3223 1519 ad
3271 1464 3369 1519 Dei
3417 1478 3582 1534 quam
3620 1462 3693 1516 ad

2111 1560 2296 1615 mundi
2346 1559 2603 1614 debemus
2675 1565 2992 1613 convertere
3039 1556 3393 1611 voluntatem.
3464 1554 3695 1624 Legitur

2111 1654 2253 1707 enim
2286 1652 2339 1705 in
2374 1651 2513 1705 libro
2542 1650 2724 1706 Tobias
2754 1650 2773 1722 (
2800 1649 2842 1703 Τ
2844 1652 2927 1704 ab.
2954 1650 3084 1723 vr),
3119 1649 3263 1720 quod
3287 1646 3514 1718 angelus
3550 1660 3693 1716 pra}-

2110 1743 2317 1811 ccperit
2351 1741 2564 1807 Tobiae,
2603 1742 2810 1811 piscem
2857 1749 3074 1811 captum
3116 1748 3468 1804 exenterare,
3502 1746 3559 1792 et
3596 1752 3696 1791 cor

2116 1831 2261 1900 ejus,
2298 1840 2354 1886 et
2383 1830 2455 1885 fel
2488 1840 2542 1885 et
2566 1832 2725 1901 jecur
2749 1832 2803 1884 in
2829 1830 3064 1885 cassidili
3100 1843 3396 1899 reponere,
3425 1830 3695 1899 jecurque

423 1930 608 1985 lubris.
652 1929 886 1999 Sanguis
921 1943 986 1981 ex
1028 1925 1216 1981 Graeca
1247 1922 1573 1993 etymologia
1601 1937 1798 1976 nomen
1826 1920 2007 1984 duxit,
2038 1918 2086 1978 B
2114 1933 2299 1995 postea
2328 1938 2393 1977 ex
2422 1929 2693 1992 praecepto
2719 1920 2893 1991 angeli
2922 1935 3086 1990 super
3128 1922 3392 1975 carbones
3416 1920 3569 1973 vivos
3596 1932 3695 1989 po-

421 2020 561 2090 quod
587 2025 867 2091 vegetetur
892 2025 949 2071 et
979 2016 1311 2071 sustineatur
1340 2022 1395 2068 et
1434 2014 1600 2067 vivat.
1649 2012 1880 2082 Sanguis
1917 2026 2009 2065 au-

422 2120 531 2165 tem
566 2118 683 2175 est,
722 2109 852 2163 dum
894 2109 949 2161 in
988 2121 1217 2175 corpore
1257 2114 1380 2161 est:
1428 2103 1630 2159 eﬂ‘usus
1674 2118 1801 2159 vero
1848 2118 2009 2157 cruor

420 2200 639 2254 dicitur.
694 2197 828 2251 Nam
879 2212 1043 2251 cruor
1087 2205 1313 2249 vocatus
1357 2195 1426 2249 ab
1475 2210 1568 2257 eo,
1615 2194 1759 2261 quod
1807 2193 2008 2246 eﬂ‘usus

422 2291 701 2348 decurrit:
746 2288 834 2345 vel
877 2290 945 2343 ab
990 2304 1085 2354 eo,
1133 2287 1275 2356 quod
1314 2286 1583 2341 currendo
1626 2291 1863 2339 corruat.
1908 2282 2008 2336 Alii

422 2394 673 2435 cruorem
709 2378 1140 2446 interpretantur
1172 2374 1489 2445 sanguinem
1526 2381 1871 2441 corruptum,
1915 2370 2009 2440 qui

422 2474 706 2529 emittitur.
736 2469 842 2525 Alii
879 2471 1029 2522 aiunt
1058 2475 1308 2522 vocatum
1338 2465 1654 2535 sanguinem
1675 2505 1689 2529 ,
1718 2464 1861 2533 quod
1887 2480 2010 2518 sua-

425 2566 509 2620 vis
535 2565 626 2619 sit.
658 2561 888 2631 Sanguis
913 2567 1094 2613 autem
1133 2559 1341 2627 integer
1366 2572 1472 2611 non
1499 2565 1613 2621 est,
1646 2555 1749 2608 nisi
1781 2555 1835 2607 in
1858 2553 2013 2621 juve-

424 2655 607 2709 nibus.
652 2651 788 2707 Nam
841 2651 1028 2704 dicunt
1073 2647 1281 2717 physici
1333 2648 1501 2701 minui
1551 2646 1868 2715 sanguinem
1915 2658 2012 2713 per

421 2751 658 2799 aetatem.
715 2739 868 2796 Unde
912 2746 968 2793 et
1014 2738 1067 2789 in
1116 2736 1336 2791 senibus
1389 2744 1592 2787 tremor
1635 2741 1737 2786 est.
1788 2731 2013 2799 Proprie

421 2832 640 2904 sanguis
686 2830 879 2885 animae
922 2827 1196 2900 possessio
1239 2833 1343 2880 est.
1390 2824 1519 2878 lnde
1560 2837 1724 2894 genas
1769 2822 2011 2875 lacerare

421 2923 677 2979 mulieres
714 2921 768 2975 in
809 2920 958 2974 luctu
993 2918 1188 2973 solent.
1222 2916 1377 2972 Unde
1407 2924 1461 2969 et
1492 2928 1774 2983 purpureae
1804 2920 2008 2975 vestes,

423 3024 478 3070 et
506 3014 666 3070 ﬂores
694 3010 954 3084 purpurei
1010 3009 1236 3063 mortuis
1275 3006 1604 3078 praebentur.
1652 3002 1883 3073 Sanguis
1917 3002 2014 3055 ali-

425 3106 643 3175 quando
670 3108 1070 3157 sacramentum
1095 3098 1388 3153 Dominica:
1408 3096 1678 3167 passionis
1704 3094 1971 3166 signiﬁcat
1997 3112 2009 3147 :

423 3207 483 3253 ut
517 3204 598 3252 est
636 3194 765 3249 illud
807 3191 1105 3247 Salvatoris
1131 3190 1186 3244 in
1224 3188 1514 3259 Evangelio
1545 3206 1556 3240 :
1586 3186 1724 3241 Caro
1752 3203 1868 3239 mea
1898 3202 2014 3239 uere

2109 2028 2269 2077 nere,
2313 2020 2580 2081 quatenus
2619 2011 2942 2083 praevaleret
2986 2012 3281 2065 daemonem
3323 2010 3585 2081 eﬂ‘ugare.
3632 2009 3695 2065 lu

2102 2103 2286 2171 jecore
2323 2105 2500 2170 enim,
2540 2105 2695 2173 cujus
2729 2103 2922 2159 ardore
2956 2103 3163 2172 accepti
3198 2102 3302 2156 cibi
3331 2101 3384 2154 in
3409 2101 3695 2155 stomacho

2110 2202 2502 2265 excoquuntur,
2527 2196 2801 2259 docemur,
2827 2203 2889 2247 ut
2911 2194 3225 2247 maturitate
3246 2190 3457 2246 consilii
3481 2191 3696 2244 studea-

2110 2301 2229 2339 mus
2257 2284 2427 2338 ﬂuxas
2452 2285 2632 2338 carnis
2651 2285 3064 2352 cogitatationes
3084 2284 3152 2336 ad
3173 2298 3369 2352 purum
3388 2295 3697 2350 excoquere

2110 2385 2167 2430 et
2206 2375 2259 2429 in
2298 2390 2571 2430 secessum
2608 2374 2856 2440 mittere,
2888 2389 2956 2428 ne
2983 2372 3124 2429 forte
3152 2371 3364 2428 diabolo
3404 2373 3458 2426 in
3498 2371 3692 2427 cubili-

2113 2466 2213 2519 bus
2242 2465 2485 2519 eordium
2514 2473 2827 2520 nostrorum
2859 2464 3259 2518 consentiamus
3283 2463 3392 2517 ullo
3417 2461 3578 2517 modo
3610 2463 3691 2516 lo-

2114 2571 2234 2609 cum
2281 2555 2519 2611 habere:
2561 2556 2657 2611 sed
2702 2556 2873 2626 magis
2915 2558 3108 2611 robore
3151 2555 3274 2610 ﬁdei
3319 2563 3375 2609 et
3413 2568 3694 2608 sacrarum

2114 2647 2418 2699 orationum
2460 2646 2776 2700 festinemus
2823 2661 2947 2700 eum
2988 2646 3136 2701 foras
3181 2644 3472 2714 expellere.
3522 2644 3696 2699 Fibra:

2107 2734 2309 2801 jecoris
2346 2744 2473 2787 sunt
2499 2735 2908 2799 extremitates,
2939 2735 3080 2789 sicut
3115 2744 3375 2789 extrema:
3403 2744 3586 2805 partes
3615 2734 3697 2790 fo-

2113 2824 2307 2879 liorum
2336 2826 2389 2879 in
2414 2820 2563 2881 tibiis
2581 2866 2597 2892 ,
2626 2827 2738 2881 sive
2762 2827 2915 2895 quasi
2948 2827 3141 2895 linguae
3163 2828 3481 2882 eminentes.
3513 2827 3699 2884 Dictas

2117 2922 2295 2968 autem
2340 2914 2540 2981 ﬁbras,
2578 2916 2721 2985 quod
2756 2918 2896 2985 apud
2926 2916 3153 2984 gentiles
3186 2917 3241 2971 in
3289 2918 3458 2972 sacris
3500 2916 3696 2972 Phoebi

2116 3006 2184 3061 ad
2213 3021 2336 3061 aras
2374 3004 2688 3061 ferebantur
2721 3008 2791 3061 ab
2821 3008 3037 3071 ariolis,
3073 3012 3267 3076 quibus
3304 3008 3499 3062 oblatis
3532 3017 3700 3077 atque

2118 3099 2394 3152 succensis
2434 3098 3059 3167 responsa'acciperent.
3099 3096 3197 3153 Cui
3232 3099 3370 3153 bene
3407 3100 3699 3165 convenit,

2121 3189 2263 3258 quod
2290 3204 2450 3259 supra
2481 3190 2715 3244 diximus
2747 3188 2948 3257 iecoris
2970 3196 3179 3257 partem
3213 3190 3324 3243 Deo
3360 3189 3543 3244 oﬂ'erri
3571 3189 3702 3258 jus-

425 3298 499 3342 est
527 3286 672 3339 cibus
697 3298 714 3335 :
740 3293 787 3337 et
818 3281 1036 3352 sanguis
1066 3296 1209 3333 meus
1237 3296 1352 3333 vere
1378 3287 1451 3332 est
1482 3287 1634 3348 potus
1663 3274 1867 3348 (Joan.
1896 3290 1949 3328 γι
1971 3276 2010 3345 ).
2043 3276 2087 3338 C
2120 3295 2237 3335 sam
2262 3299 2274 3333 ;
2304 3288 2365 3334 ut
2393 3280 2502 3335 Deo
2529 3281 2708 3349 potius
2730 3279 3010 3340 olferatur,
3044 3282 3186 3349 quod
3213 3296 3371 3335 suum
3392 3290 3505 3345 est,
3532 3297 3702 3352 quam

419 3379 563 3454 .Nam
604 3384 660 3431 et
697 3375 752 3429 in
790 3373 909 3443 lege
944 3379 1271 3443 prazceptum
1312 3378 1395 3424 est
1424 3370 1443 3441 (
1469 3368 1640 3422 Exod.
1672 3383 1749 3421 xu
1772 3366 1790 3437 )
1816 3366 2015 3436 pepulo

429 3468 761 3533 lsraelitico,
804 3474 865 3520 ut
906 3465 972 3519 de
1004 3462 1264 3533 sanguine
1302 3462 1427 3532 agni
1455 3460 1722 3529 paschalis
1753 3467 2015 3529 ponerent

429 3575 592 3628 super
628 3565 919 3627 utrumque
952 3562 1192 3625 postem,
1220 3560 1274 3605 et
1304 3553 1355 3607 in
1396 3550 1896 3620 superliminaribus
1921 3552 2014 3604 do-

428 3662 637 3702 morum
658 3685 670 3709 ,
700 3647 752 3699 in
779 3644 977 3714 quibus
1014 3642 1216 3713 pascha
1243 3640 1512 3704 edebant,
1545 3646 1811 3707 quatenus
1836 3646 2015 3691 exter-

429 3735 708 3789 minatoris
740 3733 1015 3787 excidium
1043 3738 1265 3800 possent
1290 3730 1543 3784 evadere.
1580 3728 1673 3781 Sic
1705 3737 1762 3781 et
1794 3727 2016 3795 sanguis

428 3824 629 3880 Christi
659 3824 883 3878 mundat
936 3822 1326 3877 conscientiam
1370 3828 1611 3873 nostram
1654 3818 1721 3872 ab
1763 3818 2016 3887 operibus

430 3914 657 3968 mortuis
698 3913 765 3967 ad
800 3910 1144 3967 serviendum
1185 3908 1562 3979 Deo-viventi},
1595 3915 1650 3961 et
1690 3907 1882 3959 liberat
1915 3922 2015 3961 nos

429 4004 495 4057 de
521 4007 784 4073 potestate
833 3999 1036 4054 inimici
1074 4008 1131 4053 et
1166 3998 1544 4067 persecutione
1580 3997 1751 4050 hostis
1802 3996 2013 4066 antiqui

428 4094 449 4167 (
475 4092 608 4148 Heb.
635 4092 754 4163 v1).
794 4091 929 4146 Item
960 4089 1015 4143 iu
1039 4089 1200 4143 aliam
1230 4096 1438 4156 partem
1482 4087 1703 4156 sanguis
1745 4088 2014 4157 signiﬁca-

428 4186 508 4240 tio
550 4185 785 4247 ducitur,
835 4196 957 4235 cum
1007 4188 1099 4232 aut
1142 4178 1512 4247 operationem
1560 4176 1834 4231 carnalem
1863 4218 1876 4241 ,
1922 4187 2017 4231 aut

430 4278 830 4347 corruptionem
869 4273 1117 4329 mortalis
1154 4281 1360 4327 natura:
1386 4273 1672 4342 signiﬁcat.
1706 4271 1859 4328 Unde
1884 4272 2017 4329 Pro-

428 4372 591 4441 pheta
619 4375 872 4439 precatur
897 4367 1187 4422 Dominum
1213 4381 1228 4418 :
1256 4363 1443 4419 Libera
1470 4382 1549 4419 me
1577 4366 1642 4418 de
1672 4366 2015 4435 sanguinibus

431 4460 575 4511 Deus
604 4457 742 4511 Deus
772 4454 954 4509 salutis
996 4472 1123 4510 mete
1169 4452 1365 4526 (Psal.
1396 4453 1488 4526 1.).
1538 4455 1606 4508 Et
1646 4456 1839 4509 iterum
1868 4475 1880 4508 :
1926 4456 2012 4509 Vi-

433 4566 582 4614 rum,
633 4547 839 4617 inquit,
879 4528 1195 4621 sanguinum
1241 4554 1288 4599 et
1335 4543 1573 4598 dolosam
1628 4545 2015 4600 abominabitur

2118 3369 2274 3424 idolis
2301 3370 2453 3425 vanis
2480 3379 2534 3424 et
2561 3371 2765 3433 surdis,
2801 3371 2856 3424 in
2887 3370 3083 3438 quibus
3109 3370 3222 3425 sola
3259 3370 3407 3425 fraus
3438 3378 3495 3425 et
3532 3370 3701 3425 dece-

2114 3462 2227 3530 ptio
2264 3469 2365 3516 est.
2409 3460 2570 3530 Splen
2606 3462 2811 3517 dictum
2849 3476 2880 3514 a
2923 3461 3296 3530 supplemento
3327 3476 3393 3515 ex
3422 3463 3704 3517 contraria

2119 3561 2271 3621 parte
2319 3551 2553 3623 jecoris,
2603 3552 2659 3605 in
2708 3567 2879 3607 vacua
2926 3552 3197 3607 existeret.
3251 3552 3419 3619 Quem
3475 3554 3703 3623 quidam

2118 3643 2280 3696 etiam
2318 3638 2459 3695 risus
2501 3656 2663 3696 causa
2710 3641 2915 3697 factum
2955 3644 3287 3698 existimant.
3323 3636 3466 3699 'Nam
3511 3644 3705 3715 splene

2118 3733 2377 3786 ridemus.
2431 3732 2721 3786 Ammonet
2774 3734 2939 3787 etiam
2990 3734 3103 3788 haec
3149 3734 3377 3788 articula
3424 3717 3704 3790 viseerum

2119 3836 2247 3884 nos,
2291 3828 2353 3874 ut
2395 3836 2502 3875 non
2550 3835 2686 3875 vana
2734 3820 2919 3877 laetitia
2965 3823 3182 3888 mundi,
3227 3824 3320 3877 sed
3366 3823 3418 3879 in
3463 3823 3705 3879 Domino

2117 3909 2417 3965 exultemus
2450 3919 2505 3964 et
2534 3910 2820 3965 laetemur:
2859 3925 2927 3965 ne
2966 3927 3103 3965 vano
3131 3912 3260 3967 risui
3300 3928 3397 3968 ora
3433 3914 3703 3985 dissolva-

2118 4014 2256 4054 mus.
2288 3999 2364 4053 De
2396 4014 2503 4069 quo
2535 3999 2811 4069 Sapientia
2840 4002 2973 4057 dicit
3000 4022 3012 4056 :
3052 4002 3238 4058 Risum
3272 4006 3518 4075 deputari
3554 4023 3706 4061 erro-

2119 4107 2225 4143 rem
2255 4090 2274 4161 (
2298 4088 2446 4143 Eccl.
2476 4106 2515 4143 ιι
2538 4089 2593 4159 );
2626 4091 2720 4145 sed
2751 4093 2922 4161 magis
2952 4093 3100 4149 luctu
3133 4095 3184 4147 in
3215 4096 3471 4164 praesenti
3498 4096 3704 4152 saeculo

2120 4191 2304 4235 nostra
2341 4190 2563 4249 peccata
2597 4182 2903 4248 deleamus,
2948 4192 3007 4238 ut
3047 4186 3101 4240 in
3138 4185 3317 4241 futura
3357 4188 3468 4241 vita
3493 4196 3706 4244 aeterno

2119 4271 2314 4341 gaudio
2340 4270 2600 4326 fruamur.
2629 4271 2788 4326 'Unde
2818 4274 3081 4342 scriptum
3110 4273 3195 4329 eSt
3220 4293 3234 4329 :
3265 4275 3421 4330 Beati
3466 4278 3558 4347 qui
3607 4276 3702 4331 lu-

2120 4373 2235 4430 gent
2275 4378 2411 4414 nunc
2430 4402 2444 4426 ,
2480 4363 2730 4432 quoniam
2766 4364 2867 4431 ipsi
2902 4364 3313 4421 consolabuntur
3341 4366 3360 4438 (
3384 4366 3575 4421 Matth.
3602 4384 3635 4423 v
3654 4368 3703 4438 ).

2118 4454 2265 4509 Felle
2314 4456 2623 4520 irascimur,
2659 4458 2822 4511 corde
2870 4457 3145 4524 sapimus,
3192 4460 3378 4528 jecore
3431 4475 3702 4516 amamus.

2119 4550 2326 4615 Quibus
2371 4558 2605 4619 quatuor
2646 4550 2927 4605 elementis
2969 4551 3377 4612 constantibus,
3432 4550 3705 4623 integrum

438 4639 691 4691 Dominus
720 4637 739 4709 (
767 4635 917 4690 Psal.
948 4651 978 4689 v
1000 4634 1042 4707 ).
1070 4635 1166 4689 Vir
1190 4634 1407 4704 quidem
1435 4636 1756 4705 sanguinum
1780 4643 1894 4700 est,
1919 4638 2013 4705 qui
2039 4626 2093 4685 D
2119 4646 2203 4693 est
2236 4638 2455 4692 animal.
2506 4637 2603 4692 Fel
2645 4638 3002 4708 appellatum,
3043 4638 3187 4707 quod
3217 4638 3288 4693 sit
3314 4637 3585 4694 folliculus
3612 4656 3711 4710 ge-

434 4731 668 4782 hnmano
697 4742 892 4780 cruore
922 4724 1177 4795 polluitur
1204 4742 1217 4778 :
1250 4739 1349 4779 nec
1378 4740 1482 4779 non
1513 4735 1583 4779 et.
1598 4725 1719 4790 ille,
1750 4726 1842 4795 qui
1872 4727 2015 4782 deci-

433 4818 511 4886 pit
537 4818 734 4871 vivum.
769 4817 835 4869 Et
857 4815 1145 4885 Apostolus
1170 4831 1183 4867 :
1213 4812 1350 4869 Caro
1377 4824 1425 4867 et
1445 4816 1657 4884 sanguis
1680 4831 1891 4884 regnum
1921 4816 2017 4869 Dei

437 4924 540 4959 non
566 4906 898 4976 possidebunt
931 4919 949 4956 :
976 4921 1138 4975 neque
1168 4906 1431 4973 corruptio
1459 4905 1862 4973 incorruptclam
1899 4922 2017 4974 pos-

434 4997 619 5051 sidebit
652 4997 667 5065 (
696 4996 719 5047 1
754 4995 875 5049 Cor.
905 5011 971 5047 xv
997 4996 1036 5065 ).
1069 4994 1256 5048 Pulmo
1285 5010 1349 5048 ex
1379 4993 1568 5049 Grtnco
1599 4997 1762 5049 trahit
1785 4997 2017 5050 vocabu-

435 5085 566 5141 lum.
612 5085 788 5141 ϐτίυεὶ
832 5085 974 5138 enim
1020 5084 1325 5153 pulmonem
1371 5098 1641 5152 pncumon
1693 5096 1887 5142 vocant
1914 5103 2013 5153 eo,

439 5179 581 5248 quod
609 5177 876 5232 ﬂabellum
904 5176 1084 5235 cordis
1101 5216 1116 5239 ,
1139 5176 1193 5229 in
1216 5190 1322 5245 quo
1345 5190 1577 5245 pneuma
1598 5217 1612 5241 ,
1639 5177 1691 5231 id
1712 5187 1798 5232 est
1814 5218 1828 5241 ,
1860 5178 2019 5247 spiri-

441 5282 527 5324 tus
573 5270 742 5334 inest,
772 5285 871 5338 pro
893 5284 998 5338 quo
1032 5269 1307 5341 agitantur
1338 5277 1393 5323 et
1425 5276 1727 5324 moventur.
1768 5270 1923 5325 Unde
1963 5280 2021 5326 et

442 5359 719 5429 pulmones
747 5357 924 5411 vocati
950 5366 1092 5411 sunt.
1123 5357 1259 5411 Nam
1300 5357 1485 5413 Graece
1525 5373 1756 5427 pneuma
1797 5362 2017 5431 spiritus

442 5452 658 5515 dicitur,
687 5450 780 5519 qui
807 5448 986 5505 ﬂando
1010 5458 1066 5503 et
1085 5450 1403 5520 exagitando
1425 5464 1604 5503 aerem
1630 5451 1825 5505 emittit
1852 5460 1905 5505 et
1935 5468 2015 5505 re-

443 5543 605 5611 cipit,
628 5556 660 5596 a
680 5558 787 5611 quo
808 5550 1093 5597 moventur
1111 5540 1390 5610 pulmones
1413 5550 1469 5596 et
1503 5542 1785 5611 palpitant,
1823 5554 1876 5597 et
1898 5558 2019 5612 ape-

443 5634 631 5689 riendo
652 5647 739 5699 se,
764 5641 823 5687 ut
842 5631 1027 5686 ﬂatum
1049 5632 1265 5701 capiant
1291 5651 1303 5685 :
1330 5634 1666 5702 stringendo,
1695 5642 1754 5687 ut
1773 5634 2011 5705 ejiciant.

445 5723 539 5777 Est
575 5725 717 5778 enim
741 5723 983 5793 corporis
1005 5739 1287 5794 organum.
1330 5724 1490 5780 Jecur
1511 5742 1704 5781 nomen
1744 5726 1903 5779 habet
1929 5740 2013 5789 eo,

447 5814 584 5881 quod
609 5814 746 5884 ignis
767 5814 837 5871 ibi
862 5815 1059 5870 habeat
1080 5816 1293 5881 sedem,
1321 5817 1411 5885 qui
1444 5816 1497 5868 in
1520 5817 1797 5870 cerebrum
1824 5815 2019 5870 subvo-

2123 4741 2275 4788 stans
2304 4733 2589 4788 humorem
2608 4772 2624 4798 ,
2652 4732 2745 4801 qui
2773 4740 3000 4786 vocatur
3025 4732 3168 4786 bilis.
3198 4729 3292 4785 Fel
3318 4731 3464 4786 enim
3498 4732 3705 4785 amari-

2124 4822 2367 4877 tudinem
2409 4830 2465 4877 et
2507 4821 2848 4877 dolositatem
2883 4836 3151 4891 perversa:
3178 4821 3377 4875 mentis
3404 4821 3703 4890 signiﬁcat.

2126 4914 2279 4970 Unde
2328 4916 2521 4970 beatus
2573 4914 2767 4970 Petrus
2831 4914 3104 4984 apostolus
3158 4912 3227 4966 ad
3276 4910 3555 4966 Simonem
3604 4926 3710 4979 per

2126 5006 2365 5059 fraudem
2408 5006 2635 5075 gratiam
2677 5005 2909 5075 Spiritus
2948 5005 3117 5059 sancti
3152 5004 3397 5072 accipere
3426 5002 3705 5056 volentem

2127 5096 2203 5148 ait
2228 5110 2241 5148 :
2278 5094 2346 5148 In
2374 5094 2492 5164 felle
2517 5096 2653 5150 enim
2683 5095 3053 5149 amaritudinis
3081 5104 3129 5146 et
3156 5091 3470 5162 obligatione
3505 5094 3707 5161 iniqui-

2126 5187 2249 5239 tatis
2276 5185 2420 5239 video
2442 5195 2491 5239 te
2513 5202 2621 5240 esse
2644 5185 2791 5257 (Act.
2821 5185 2971 5255 vui).
3002 5184 3137 5237 Hinc
3161 5191 3216 5237 et
3239 5183 3293 5236 in
3315 5181 3419 5237 Job
3440 5182 3511 5237 de
3534 5183 3705 5251 impio

2127 5274 2387 5343 scriptum
2427 5282 2546 5329 est:
2581 5271 2745 5327 Panis
2774 5273 2917 5329 illius
2946 5274 3002 5326 in
3041 5282 3186 5326 utero
3227 5272 3341 5341 ejus
3385 5280 3612 5325 vertetur
3643 5270 3707 5325 in

2128 5364 2198 5433 fel
2227 5366 2467 5434 aspidum
2496 5366 2807 5421 intrinsecus
2840 5363 2999 5435 (Job.
3027 5363 3179 5432 xx);
3225 5364 3279 5418 id
3318 5370 3429 5427 est,
3477 5364 3707 5419 satietas

2129 5455 2451 5510 transitoriaa
2501 5454 2875 5509 delectationis
2926 5454 2979 5508 in
3038 5454 3410 5510 retributionis
3467 5453 3577 5507 ﬁne
3632 5454 3706 5507 ad

2125 5548 2541 5601 amaritudinem
2572 5555 2831 5602 vertetur.
2867 5548 3020 5603 Tunc
3046 5547 3248 5603 etenim
3278 5546 3449 5616 iniqui
3479 5546 3703 5609 vident,

2125 5638 2267 5705 quod
2306 5637 2514 5705 antiqui
2556 5638 2822 5705 serpentis
2851 5652 3061 5692 veneno
3088 5634 3355 5692 interfecti
3382 5643 3545 5699 sunt,
3576 5649 3710 5691 cum

2124 5726 2358 5783 ﬂammis
2382 5726 2667 5783 ultricibus
2690 5728 2875 5783 traditi
2900 5742 3022 5781 cum
3046 5728 3233 5782 eodem
3256 5742 3354 5781 suo
3377 5738 3711 5795 persuasore

2126 5818 2455 5872 cruciantur.
2482 5816 2606 5872 Sive
2635 5818 2792 5888 panis
2819 5818 2961 5873 illius
2986 5819 3038 5872 in
3068 5828 3222 5874 utero
3241 5815 3356 5885 ejus
3383 5814 3528 5871 infel
3558 5816 3709 5886 aspi~
