3930 6340
236 435 371 510 ηδ·

232 748 346 805 ueni
384 745 649 816 poculum.
698 744 830 798 Ilinc
879 756 1096 796 rursum
1126 739 1179 793 in
1211 737 1425 794 cantico
1461 735 1790 788 Deuterono—

231 840 317 896 mli
351 837 412 891 de
449 834 647 891 Iudaeis
675 835 872 905 legitur
901 851 914 885 :
943 830 1055 889 Uva
1087 848 1264 887 eorum
1299 847 1397 884 uua
1424 827 1560 899 fellis
1579 867 1594 891 ,
1622 837 1668 880 et
1701 827 1786 879 bo-

230 937 334 982 trus
361 927 724 980 amaritudinis
755 923 956 994 (Deut.
1000 920 1190 992 χχιιι)
1233 921 1364 990 ipsis
1401 919 1494 989 qui
1526 915 1789 972 Salvatori

231 1029 402 1076 nostro
438 1020 490 1073 in
533 1032 694 1074 cruce
723 1016 976 1086 pendenti
1011 1016 1222 1070 acetum
1256 1029 1379 1067 cum
1412 1011 1532 1066 felle
1563 1009 1789 1064 mixtum

231 1112 280 1167 in
319 1121 496 1182 potum
540 1111 823 1168 dederunt.
871 1109 1198 1166 Stomachus
1238 1107 1425 1162 Graece
1468 1121 1529 1159 os
1570 1112 1793 1159 vocatur

230 1219 288 1258 eo
322 1203 460 1273 quod
483 1203 685 1257 ostium
714 1201 919 1258 ventris
963 1202 1068 1265 sit,
1100 1208 1156 1253 et
1183 1199 1294 1268 ipse
1336 1197 1514 1252 cibum
1557 1195 1791 1264 excipiat

229 1307 379 1367 atque
400 1299 451 1351 in
472 1297 728 1352 intestina
752 1296 1102 1352 transmittat.
1127 1293 1185 1346 In
1207 1292 1485 1346 stomacho
1505 1289 1792 1358 aliquando

227 1388 353 1444 iram
381 1396 434 1442 et
461 1388 883 1459 indignationem
913 1384 1079 1440 animi
1111 1383 1467 1453 signiﬁcatam
1508 1395 1794 1450 possumus

227 1479 538 1549 intelligere.
581 1478 736 1536 Unde
777 1478 1011 1532 dicimus
1054 1475 1345 1530 iracundos
1385 1472 1633 1527 homines
1677 1479 1791 1526 sto-

225 1571 488 1636 machari,
529 1571 659 1641 quia
701 1569 941 1624 furorem
982 1583 1138 1623 suum
1182 1567 1328 1621 intus
1369 1564 1643 1620 occultare
1687 1578 1794 1617 non

229 1671 471 1731 possunt,
504 1660 602 1714 sed
643 1675 765 1714 cum
807 1659 1009 1728 impetu
1047 1656 1422 1715 conviciorum
1464 1652 1612 1706 illum
1651 1650 1796 1705 foras

225 1754 523 1824 projiciunt,
556 1751 817 1808 Intestina
856 1751 1111 1806 dicuntur
1139 1764 1206 1803 eo
1259 1747 1402 1817 quod
1432 1743 1675 1814 corporis
1715 1743 1798 1797 in-

225 1847 410 1900 teriore
436 1854 591 1914 parte
617 1845 954 1900 cohibentur.
986 1841 1116 1904 Quae
1142 1841 1344 1896 idcirco
1368 1838 1542 1906 longis
1569 1835 1797 1890 nexibus

225 1935 272 1990 in
319 1935 644 1991 circulorum
690 1935 941 1992 ordinata
988 1941 1115 1988 sunt
1164 1931 1356 1996 modo,
1410 1937 1469 1982 ut
1518 1935 1797 1996 susceptas
1827 1948 1873 2009 Β

223 2040 368 2081 escas
401 2025 668 2097 paulatim
706 2025 982 2096 digerant,
1024 2032 1078 2078 et
1120 2019 1483 2092 superadditis
1516 2017 1651 2072 cibis
1687 2029 1796 2069 non

225 2118 600 2187 impediantur.
643 2116 699 2169 In
745 2116 1018 2170 intestinis
1064 2128 1193 2182 ergo
1235 2117 1465 2180 possunt
1512 2106 1675 2160 animi
1715 2120 1800 2159 se—

223 2218 358 2266 creta
383 2217 437 2264 et
461 2208 737 2279 cogitatus
766 2206 968 2264 interni
995 2205 1186 2275 accipi.
1212 2203 1367 2259 Unde
1387 2201 1648 2268 scriptum
1672 2204 1756 2252 est
1782 2213 1795 2248 :

225 2301 406 2356 Tactus
452 2300 638 2354 dolore
685 2299 856 2353 cordis
907 2296 1222 2350 intrinsecus
1271 2288 1440 2362 (Gen.
1469 2288 1584 2359 v1).
1634 2286 1703 2341 Et
1745 2286 1802 2339 in

222 2394 350 2450 libro
381 2394 481 2448 Job
516 2393 719 2463 legitur
752 2410 766 2444 :
807 2389 1066 2443 Intestina
1088 2420 1102 2448 ,
1141 2384 1352 2455 inquit,
1399 2398 1513 2435 mea
1551 2378 1800 2448 eﬂ'erbue-

225 2492 334 2537 runt
364 2483 546 2535 dolore
580 2483 774 2548 absque
812 2477 922 2532 ulla
965 2479 1139 2537 requie
1174 2472 1335 2545 (Iob.
1364 2487 1473 2526 xxx
1497 2470 1536 2540 ).
1575 2468 1711 2522 Hinc
1748 2474 1803 2521 et

226 2577 273 2630 in
319 2575 562 2629 Levitico
610 2570 872 2639 jubentnr
926 2567 1120 2621 hostiae
1170 2565 1428 2618 intestina
1474 2561 1634 2614 simul
1681 2573 1803 2612 cum

225 2666 389 2734 capite
423 2673 478 2718 et
507 2663 740 2732 pedibus
769 2675 908 2730 aqua
938 2659 1048 2713 lota
1077 2657 1282 2712 adoleri
1309 2653 1537 2709 Domino
1565 2653 1620 2705 in
1648 2650 1803 2704 holo-

225 2764 455 2810 caustum
484 2770 551 2808 ac
579 2767 798 2807 suavem
825 2751 1069 2805 odorem.
1102 2747 1356 2801 Intestina
1389 2759 1520 2798 sane
1551 2742 1631 2796 vel
1662 2742 1803 2796 inte—

226 2864 380 2903 ranea
406 2849 423 2919 (
447 2857 506 2901 nt
530 2847 639 2901 alia
666 2846 830 2900 editio
862 2841 1066 2910 habet)
1097 2857 1219 2896 cum
1249 2838 1474 2909 pedibus
1505 2851 1641 2903 aqua
1673 2833 1804 2888 dilui

221 2938 362 3008 jubet
408 2954 594 2994 sermo
639 2935 927 3006 prmcepti,
971 2938 1370 2987 sacramentum
1413 2924 1674 2994 baptismi
1708 2923 1807 2976 sub

228 3031 424 3102 ﬁgurali
478 3029 872 3101 prredicatione
933 3023 1276 3080 denuntians.
1331 3019 1469 3074 Nam
1522 3018 1804 3070 interanea

226 3123 400 3186 diluit,
436 3121 534 3191 qui
578 3117 966 3174 conscientiam
1003 3120 1218 3183 purgat.
1259 3109 1432 3163 Pedes
1473 3106 1666 3167 abluit,
1715 3103 1808 3172 qui

228 3210 746 3266 consummationem
775 3204 1000 3272 suscipit
1030 3198 1356 3256 sacramenti
1390 3215 1401 3250 :
1436 3203 1491 3250 et
1517 3194 1653 3258 scit,
1682 3191 1807 3260 quia

224 3299 306 3370 qui
330 3297 556 3351 mundus
584 3307 693 3362 est,
724 3311 829 3348 non
854 3292 1054 3360 indiget
1084 3291 1185 3344 nisi
1210 3297 1265 3342 ut
1286 3287 1440 3358 pedes
1464 3285 1597 3338 lavet
1622 3282 1803 3352 (Joan.
1836 3302 1882 3363 ρ

227 3389 377 3462 ut).
418 3387 620 3442 Matrix
666 3385 866 3440 dicitur
906 3381 1051 3452 quod
1093 3380 1253 3434 fretus
1285 3380 1338 3432 in
1374 3393 1440 3432 eo
1473 3382 1804 3446 generetur:

228 3493 403 3535 semen
463 3479 619 3532 enim
671 3481 946 3542 receptum
1000 3470 1293 3533 confovet,
1352 3466 1629 3520 cont'otutn
1685 3480 1810 3518 cor-

229 3579 412 3641 porat,
465 3573 824 3637 corporatum
877 3563 935 3617 in
991 3562 1238 3616 membra
1285 3555 1587 3626 distinguit.
1642 3553 1812 3610 Vulva

231 3671 444 3724 vocata,
501 3660 665 3730 quasi
713 3657 905 3720 valva,
960 3655 1014 3708 id
1066 3661 1179 3717 est,
1216 3649 1382 3720 janua
1429 3648 1634 3701 ventris
1664 3665 1676 3676 ·
1728 3644 1813 3699 vel

229 3750 366 3819 quod
410 3764 599 3803 semen
658 3747 896 3814 recipit:
950 3742 1035 3796 vel
1081 3742 1224 3808 quod
1266 3755 1333 3794 ex
1380 3753 1443 3791 ea
1489 3737 1652 3789 fmtus
1691 3750 1814 3804 pro-

230 3839 395 3894 cedat.
451 3838 628 3891 Vulva
679 3835 950 3906 signiﬁcat
1005 3835 1219 3887 interna
1273 3838 1500 3885 secreta.
1557 3828 1711 3883 Unde
1762 3827 1816 3880 in

232 3927 326 3984 Job
346 3930 610 3997 scriptum
638 3936 722 3980 est
749 3943 760 3978 :
796 3924 925 3990 Quis
953 3922 1205 3976 conclusit
1233 3921 1378 3974 ostiis
1410 3935 1575 3982 mare,
1606 3919 1817 3987 quando

232 4019 525 4088 erumpebat
551 4016 706 4087 quasi
744 4016 808 4069 de
837 4014 985 4069 vulva
1011 4011 1331 4082 procedens?
1357 4011 1376 4080 (
1398 4008 1520 4061 Job.
1550 4021 1774 4061 xxxvut.
1797 4005 1815 4076 )

234 4110 362 4178 Quia
398 4110 660 4162 videlicet
701 4118 825 4160 tunc
861 4107 1097 4159 humano
1134 4102 1317 4174 generi
1365 4099 1649 4170 prateeptis
1686 4096 1819 4166 legis

235 4201 501 4262 obviavit,
547 4197 769 4266 quando
806 4198 982 4250 adhuc
1017 4194 1273 4249 saeculum
1309 4206 1422 4245 sua:
1456 4189 1652 4258 origini
1690 4187 1820 4240 vici-

239 4308 356 4346 num
413 4289 577 4359 quasi
636 4289 702 4342 ab
752 4297 876 4341 ortu
930 4285 1154 4355 proprio
1197 4272 1276 4337 ad
1333 4281 1634 4351 profectum
1692 4278 1818 4331 vita:

241 4383 466 4437 carnalis
523 4380 726 4434 exibat.
793 4377 869 4432 De
915 4375 1073 4428 Vulva
1142 4375 1338 4443 quippe
1386 4370 1677 4441 procedere
1732 4373 1818 4421 est

243 4475 292 4527 in
357 4473 538 4527 lucem
599 4469 881 4539 praesentis
938 4467 1122 4536 gloria:
1179 4464 1472 4519 carnaliter
1536 4473 1816 4529 apparere.

241 4564 363 4618 Item
400 4562 568 4616 vulva
605 4559 862 4613 interiora
907 4557 1102 4610 animae
1149 4563 1303 4617 sunt,
1352 4552 1444 4605 ubi
1491 4551 1691 4604 bonum
1737 4543 1822 4600 vel

240 4657 429 4710 malum
470 4652 796 4721 concipitur.
838 4650 935 4704 Est
971 4659 1024 4702 et
1068 4648 1221 4700 vulva
1265 4644 1518 4699 Ecclesia:
1561 4642 1691 4695 ﬁdes
1742 4628 2040 4705 in-DIUS,
2090 4627 2182 4695 qui
2229 4625 2275 4678 Si

243 4749 398 4802 terior
453 4762 484 4799 a
546 4761 651 4814 qua
701 4742 941 4798 haaretici
991 4739 1268 4809 depravati
1323 4738 1578 4791 aborsum
1633 4731 1823 4786 matris

244 4840 580 4900 intulerunt,
640 4838 778 4890 sicut
830 4837 882 4888 in
939 4834 1148 4902 psalmo
1197 4833 1262 4885 de
1312 4829 1514 4884 eisdem
1567 4827 1763 4881 dicitur
1807 4841 1818 4875 :

245 4933 463 4985 Alienati
494 4938 622 4984 sunt
651 4940 941 4998 peccatores
969 4946 998 4978 (ι
1025 4925 1196 4984 vulva,
1230 4935 1529 4976 erraverunt
1561 4921 1624 4973 ab
1656 4929 1822 4983 utero,

246 5025 396 5078 locuti
424 5035 552 5078 sunt
579 5023 716 5091 falsa
747 5021 934 5093 (Psal.
964 5037 1015 5073 LI
1035 5019 1074 5090 ).
1105 5017 1298 5072 Vesica
1328 5016 1467 5070 dicta
1489 5058 1501 5077 ,
1532 5016 1654 5083 quia
1684 5014 1824 5067 sicut

252 5126 337 5165 vas
381 5130 541 5181 aqua:
585 5114 649 5167 de
695 5112 912 5166 renibus
959 5110 1114 5163 urina
1157 5107 1376 5161 collecta
1423 5105 1719 5173 completur
1767 5111 1824 5157 et

253 5201 471 5256 humore
502 5203 848 5257 distenditur.
887 5201 1052 5270 Cujus
1095 5214 1221 5252 usus
1267 5197 1321 5250 in
1365 5195 1672 5248 volucribus
1720 5208 1825 5245 non

255 5292 494 5346 habetur.
549 5292 713 5346 Urina
757 5301 934 5346 autem
982 5293 1160 5352 dicta,
1197 5290 1308 5342 sive
1350 5288 1492 5356 quod
1533 5294 1686 5348 urat,
1733 5298 1828 5337 seu

258 5386 373 5452 quia
411 5400 481 5439 ex
518 5383 740 5437 renibus
778 5384 1057 5452 egeritur:
1099 5380 1248 5448 cujus
1274 5377 1476 5445 judicio
1502 5384 1555 5429 et
1593 5374 1738 5427 salus
1776 5380 1830 5425 et

257 5477 516 5544 egritudo
540 5474 720 5527 futura
742 5483 1094 5526 monstratur.
1123 5471 1224 5538 Qui
1249 5471 1440 5522 humor
1463 5466 1616 5533 vulgo
1642 5463 1829 5516 lotium

260 5565 491 5620 dicitur:
540 5583 606 5622 eo
648 5567 789 5635 quod
827 5565 967 5626 lota,
1015 5565 1066 5617 id
1111 5574 1224 5627 est,
1276 5561 1472 5616 munda
1510 5559 1829 5611 vestimenta

262 5655 575 5711 ﬁciantur.
629 5657 823 5712 Semen
869 5664 987 5720 est,
1034 5656 1177 5724 quod
1217 5654 1422 5721 jactum
1470 5649 1697 5705 sumitur
1740 5653 1833 5699 aut

266 5763 294 5801 a
339 5757 515 5812 terra,
562 5758 658 5801 aut
706 5751 769 5803 ab
819 5757 973 5803 utero
1017 5748 1083 5801 ad
1130 5746 1452 5816 gignendum
1502 5741 1581 5794 vel
1628 5738 1831 5792 fructus

269 5846 348 5902 vel
384 5850 566 5903 laetus.
613 5846 708 5901 Est
749 5846 891 5900 enim
935 5844 1110 5910 liquor
1152 5856 1217 5895 ex
1259 5840 1361 5894 cibi
1396 5847 1447 5893 et
1475 5844 1631 5892 notus
1673 5833 1833 5887 deco-

1197 437 1286 493 DE
1323 429 1671 492 UNIVERSO
1707 423 1887 482 LIBRI
1924 420 2086 476 XXII.
2120 450 2192 461 —-
2225 419 2354 475 LIB.
2391 417 2480 474 VI.

1894 810 2137 869 mulieris
2197 813 2482 874 susceptus
2511 844 2529 868 ,
2589 800 2771 857 calore
2836 793 3231 866 quodammodo
3296 790 3470 845 visce-

1899 921 2053 968 rum,
2085 896 2508 958 etmenstrualis
2549 891 2826 964 sanguinis
2867 887 3183 957 irrigatione
3205 885 3471 996 fornjatur

1895 1001 1952 1054 in
2004 1010 2249 1067 corpore.
2305 989 2542 1046 Seminis
2591 995 2768 1046 autem
2819 997 3020 1039 nomen
3069 977 3298 1034 diversis
3331 977 3470 1045 'spe—

1897 1091 2081 1147 ciebus
2129 1103 2234 1142 non
2291 1079 2738 1138 inconvenienter-
2788 1082 3002 1144 aptatur
3045 1091 3058 1126 :
3113 1070 3241 1140 quia
3290 1079 3474 1120 semen

1897 1179 2146 1236 animalis
2185 1185 2271 1232 est
2309 1172 2622 1250 cujuslibet,
2669 1167 2813 1222 unde
2857 1166 3012 1236 origo
3055 1161 3172 1230 ejus
3215 1158 3471 1214 nascitur.

1899 1274 2095 1329 Semen
2138 1279 2222 1326 est
2263 1277 2319 1323 et
2357 1267 2642 1329 arborum,
2695 1260 2989 1316 herbarum
3035 1263 3195 1325 atque
3235 1253 3474 1313 olerum,

1899 1362 2043 1417 unde
2080 1360 2343 1432 originem
2383 1356 2654 1412 trahunt:
2699 1351 2842 1407 sicut
2879 1347 3076 1418 legitur
3113 1341 3372 1398 Dominus
3415 1337 3482 1392 de

1900 1427 2190 1507 fructibusv
2211 1455 2373 1502 terrm
2416 1446 2472 1498 in
2516 1441 2712 1498 Genesi
2754 1439 2954 1494 dixisse
2995 1433 3167 1506 (Gen.
3203 1431 3302 1504 1):
3349 1427 3479 1482 Ger-

1900 1546 2061 1598 minet
2123 1552 2265 1595 terra
2318 1536 2530 1591 herbam
2583 1535 2828 1589 uirentem
2882 1538 2930 1582 et
2987 1527 3261 1595 facientem
3312 1536 3484 1575 semen

1900 1644 1952 1688 et
2004 1631 2200 1702 lignum
2248 1627 2561 1699 pomiferum
2603 1623 2804 1693 faciens
2853 1619 3082 1688 fructum
3117 1616 3277 1686 juxta
3323 1629 3483 1684 genus

1900 1741 2051 1782 suum
2071 1764 2086 1790 ,
2116 1722 2267 1792 cujus
2294 1735 2465 1773 semen
2496 1719 2551 1770 in
2579 1714 2851 1782 semetipso
2879 1710 2947 1764 sit
2984 1724 3143 1778 super
3170 1717 3364 1760 terram
3382 1744 3397 1769 ,
3428 1711 3485 1757 et

1901 1825 2117 1873 ctetera.
2150 1813 2375 1884 Legitur
2399 1810 2452 1864 in
2479 1805 2786 1876 evangelica
2815 1801 3071 1872 parabola
3103 1798 3122 1871 (
3149 1793 3274 1852 Luc.
3303 1813 3402 1852 vut
3424 1795 3443 1867 )
3467 1835 3483 1861 ,

1904 1908 2189 1963 Salvatore
2232 1905 2482 1965 dicente,
2527 1912 2711 1954 semen
2756 1909 2874 1950 esse
2915 1893 3138 1948 verbum
3181 1889 3316 1943 Dei:
3362 1888 3487 1957 quia

1904 2016 1970 2054 ex
2011 1999 2128 2068 ipso
2169 1994 2381 2048 fructus
2420 1992 2686 2045 bonarum
2726 1986 2991 2039 virtutum
3033 1980 3296 2052 procedit.
3343 1977 3491 2032 Men-

1906 2096 2056 2143 strua
2076 2125 2091 2150 ,
2123 2096 2491 2152 supervacuus
2525 2077 2809 2132 mulierum
2850 2071 3087 2142 sanguis.
3121 2069 3273 2123 Dicta
3306 2077 3489 2146 autem

1906 2185 2185 2234 menstrua
2215 2191 2244 2228 a
2277 2172 2506 2228 circuitu
2539 2167 2746 2224 lunaris
2781 2164 3037 2228 luminis,
3065 2175 3174 2231 quo
3215 2159 3351 2216 solet
3385 2161 3490 2214 hoc

1907 2268 2124 2322 evenire
2162 2262 2504 2334 proﬂuvium.
2551 2258 2702 2312 Luna
2746 2262 2928 2308 autem
2975 2251 3162 2307 Graece
3205 2263 3364 2304 mene
3407 2249 3491 2303 di-

1907 2359 2070 2423 citur,
2125 2355 2263 2409 unde
2315 2349 2602 2407 muliebria
2655 2351 3057 2416 nuncupantur.
3110 2341 3245 2397 Nam
3296 2342 3493 2396 mulier

1909 2448 2081 2502 solum
2127 2442 2326 2498 animal
2371 2436 2702 2496 menstruale
2741 2442 2872 2489 est:
2913 2433 3068 2504 cujus
3109 2429 3323 2486 cruoris
3366 2444 3495 2485 con-

1909 2545 2057 2590 tactu
2099 2535 2283 2604 fruges
2324 2547 2428 2585 non
2468 2528 2811 2599 germinant,
2843 2530 3102 2578 acescunt
3141 2531 3350 2585 musta,
3384 2535 3493 2575 mo—

1911 2629 2126 2682 riuntur
2156 2623 2370 2688 herbae,
2404 2621 2660 2675 amittunt
2689 2617 2912 2671 arbores
2941 2615 3137 2678 fmtus,
3165 2612 3369 2667 ferrum
3405 2628 3496 2666 ru—

1908 2721 2036 2790 higo
2065 2715 2394 2785 corrumpit,
2429 2712 2744 2782 nigrescunt
2775 2722 2883 2762 tera
2918 2724 2932 2759 :
2972 2705 3019 2760 si
3049 2704 3142 2774 qui
3177 2717 3342 2758 canes
3371 2702 3496 2755 inde

1911 2811 2154 2875 ederint,
2197 2809 2250 2862 in
2283 2805 2492 2860 rabiem
2516 2799 2815 2857 efferuntur
2846 2817 2858 2852 :
2889 2798 3156 2869 glutinum
3202 2793 3494 2863 asphaltis,

1911 2901 2054 2970 quod
2099 2913 2198 2952 nec
2247 2896 2394 2950 ferro
2441 2907 2542 2946 nec
2581 2891 2735 2958 aquis
2773 2887 3106 2950 dissolvitur,
3145 2899 3340 2939 cruore
3378 2883 3499 2952 ipso

1911 2992 2205 3062 pollutum,
2239 2994 2433 3057 sponte
2463 2983 2810 3054 dispergitur.
2850 2980 2982 3034 Post
3019 2978 3282 3047 plurimos
3321 2984 3499 3030 autem

1914 3084 2030 3137 dies
2076 3087 2385 3134 menstruos
2428 3075 2551 3129 ideo
2588 3085 2774 3128 semen
2823 3084 2929 3124 non
2987 3082 3108 3123 esse
3161 3064 3496 3136 generahile,

1913 3172 2038 3242 quia
2073 3170 2188 3240 jam
2228 3181 2340 3222 non
2381 3172 2468 3220 est
2505 3160 2854 3218 menstrualis
2893 3158 3142 3228 sanguis,
3173 3172 3204 3210 a
3231 3170 3341 3226 quo
3379 3169 3499 3225 per-

1914 3262 2068 3317 fusus
2109 3260 2384 3327 irrigetur.
2419 3255 2603 3310 Tenue
2629 3267 2814 3308 semen
2841 3249 2975 3304 locis
3004 3246 3359 3301 muliebribus
3386 3257 3494 3298 non

1912 3361 2093 3426 potest
2127 3351 2423 3413 adhaerere.
2466 3345 2692 3400 Labitur
2724 3343 2869 3397 enim
2891 3381 2905 3407 ,
2932 3355 3031 3394 nec
3069 3338 3233 3393 habet
3256 3336 3366 3389 vim
3406 3335 3502 3390 ad—

1915 3425 2176 3503 haereudi.
2221 3441 2488 3496 Similiter
2527 3447 2582 3492 et
2623 3436 2858 3506 spissum
2895 3433 3004 3485 vim
3045 3443 3155 3484 non
3215 3427 3378 3481 habet
3418 3425 3500 3497 gi-

1917 3538 2145 3608 gnendi,
2193 3534 2319 3603 quia
2372 3530 2624 3586 muliebri
2676 3524 2924 3596 sanguini
2975 3521 3195 3578 misceri
3247 3535 3352 3573 non
3403 3533 3499 3586 po-

1918 3636 2027 3682 test
2082 3635 2304 3695 propter
2357 3622 2582 3677 nimiam
2639 3618 2724 3672 sui
2779 3614 3205 3684 spissitudinem.
3265 3610 3401 3665 Hinc
3451 3620 3505 3662 et

1919 3719 2134 3775 steriles
2184 3729 2366 3772 mares
2413 3713 2501 3768 vel
2553 3710 2786 3766 feminas
2835 3707 2952 3761 ﬁeri
2999 3721 3098 3775 per
3146 3705 3368 3758 nimiam
3421 3719 3506 3758 se-

1919 3810 2081 3863 minis
2129 3807 2212 3860 vel
2253 3803 2533 3872 sanguinis
2575 3797 2988 3854 crassitudinem
3034 3794 3118 3849 vel
3161 3801 3382 3862 pr0pter
3423 3793 3506 3850 ni-

1922 3901 2086 3954 miam
2130 3889 2433 3951 raritatem.
2483 3891 2724 3944 Primum
2767 3895 2950 3941 autem
2994 3886 3145 3938 aiunt
3191 3899 3288 3938 cor
3329 3884 3504 3938 homi-

1921 3992 2006 4044 nis
2051 3990 2175 4057 Iingi
2199 4027 2213 4051 ,
2258 3985 2400 4054 quod
2445 3985 2498 4036 in
2535 3997 2600 4036 eo
2636 3981 2706 4034 sit
2745 3981 2854 4032 vita
2898 3978 3074 4032 omnis
3106 3985 3161 4031 et
3195 3978 3456 4045 sapientia
3486 3995 3498 4029 :

1924 4081 2117 4136 deinde
2160 4074 2574 4147 quadragesimo
2621 4080 2792 4125 totum
2837 4083 3033 4137 corpus
3077 4067 3314 4136 expleri,
3363 4065 3505 4136 quod

1923 4188 1991 4226 ex
2057 4166 2427 4223 abortionibus
2481 4164 2581 4234 (ut
2646 4158 2865 4230 ferunt)
2914 4157 3196 4212 collectum
3249 4168 3351 4211 est.
3401 4155 3506 4209 Alii

1925 4261 2088 4317 foetus
2127 4276 2157 4312 a
2200 4258 2378 4327 capite
2418 4268 2634 4308 sumere
2679 4252 2868 4304 dicunt
2912 4249 3214 4303 exordium.
3257 4245 3411 4300 Unde
3452 4253 3508 4300 et

1927 4355 1983 4408 in
2025 4352 2208 4406 avium
2249 4347 2470 4401 fastibus
2510 4343 2743 4414 primum
2784 4340 2970 4394 oculos
3011 4338 3136 4406 ﬁngi
3188 4339 3240 4390 in
3273 4337 3389 4390 ovis
3428 4336 3510 4391 vi-

1929 4446 2136 4500 demus.
2185 4439 2374 4494 Fmtus
2423 4442 2602 4490 autem
2652 4430 2985 4491 nominatus,
3037 4426 3179 4495 quod
3227 4425 3403 4478 adhuc
3450 4425 3505 4478 in

1928 4544 2082 4589 utero
2135 4531 2399 4586 foveatur.
2457 4525 2621 4594 Cujus
2693 4521 2943 4576 secunda:
2993 4520 3242 4574 dicuntur
3294 4516 3500 4571 follicu-

2280 4622 2386 4676 mul
2431 4635 2552 4675 cum
2602 4616 2808 4671 infante
2852 4613 3112 4675 nascitur,
3155 4610 3505 4677 continetque

1928 4734 2095 4776 eum:
2152 4716 2369 4776 dictus,
2417 4710 2544 4779 quia
2595 4705 2886 4761 comitatur
2931 4709 2987 4756 et
3031 4700 3293 4767 sequitur.
3348 4696 3506 4750 Nasci

1931 4820 2110 4866 autem
2176 4806 2422 4878 patribus
2476 4799 2683 4856 similes
2742 4796 2921 4859 aiunt,
2977 4793 3024 4846 si
3085 4799 3371 4861 patemum
3421 4805 3506 4844 sc-

1928 4920 2050 4958 men
2081 4901 2311 4956 validius
2341 4899 2451 4951 sit:
2496 4893 2784 4956 matribus,
2827 4891 2872 4943 si
2913 4895 3258 4941 maternum:
3306 4890 3360 4936 et
3403 4883 3504 4934 hac

1927 4995 2134 5050 ratione
2174 4990 2376 5045 similes
2416 4986 2641 5054 exprimi
2681 4983 2877 5036 vultus.
2921 4979 3022 5044 Qui
3072 4988 3251 5030 autem
3298 4975 3499 5028 utrius-

1927 5104 2030 5158 que
2091 5084 2330 5155 parentis
2395 5079 2622 5149 ﬁguram
2683 5074 2948 5134 reddunt,
3004 5068 3286 5137 mqualiter
3333 5066 3504 5119 mixto

1932 5189 2157 5251 paterno
2221 5181 2578 5238 maternoque
2640 5164 2848 5220 semine
2911 5160 3304 5227 concipiuntur,
3378 5169 3504 5207 avo—

1934 5287 2052 5327 rum
2118 5276 2552 5339 proavorumque
2615 5256 2817 5312 similes
2881 5252 3027 5314 ﬁeri,
3081 5250 3206 5318 quia
3261 5248 3400 5301 sicut
3449 5246 3504 5299 in

1935 5375 2076 5420 terra
2126 5361 2333 5416 semina
2384 5355 2549 5410 multa
2599 5349 2843 5411 occulta,
2892 5346 2972 5400 sic
3019 5351 3074 5396 et
3116 5344 3170 5395 in
3221 5340 3373 5393 nobis
3423 5351 3506 5392 se-

1936 5458 2078 5512 mina
2137 5453 2414 5512 celantur,
2475 5445 2676 5514 ﬁguras
2729 5447 3012 5510 parentum
3072 5433 3364 5488 redditura.
3424 5428 3506 5484 Ex

1935 5558 2160 5618 paterno
2210 5550 2386 5597 autem
2439 5537 2644 5592 semine
2693 5547 2891 5602 pueros
2937 5527 3123 5584 nasci.
3173 5532 3227 5577 et
3275 5537 3342 5575 ex
3391 5535 3508 5576 ma-

1933 5611 2085 5693 terno
2145 5633 2347 5706 puellas
2405 5647 2416 5681 :
2484 5627 2609 5696 quia
2664 5621 2840 5677 omnis
2894 5625 3083 5687 partus
3140 5620 3356 5667 constat
3412 5611 3510 5664 dn—

1933 5730 2058 5802 plici
2117 5726 2338 5785 semine,
2404 5719 2556 5786 cujus
2608 5730 2732 5786 pars
2779 5710 2973 5778 major,
3004 5723 3124 5763 cum
3176 5701 3501 5767 invaluerit,

1937 5789 2163 5888 occupat
2191 5811 2595 5870 similitudinem
2627 5819 2808 5860 sexus.
2857 5801 3014 5854 Juxta
3057 5794 3367 5868 allegoriam
3406 5789 3509 5843 ﬁn:
