3930 6386
392 395 497 460 175

1025 391 1087 446 Β.
1129 388 1383 446 RABANI
1421 385 1642 445 MAURI
1679 381 1998 444 A'RCBIEP.
2041 380 2350 442 MOGUNT.
2387 382 2672 442 OPERUM
2708 385 2888 440 PARS
2921 384 2986 440 Il.

3538 384 3645 442 176

388 525 493 568 xus
548 507 825 579 sanguinis
878 512 1058 576 potest
1114 505 1339 575 intelligi
1396 503 1714 560 idololatria
1767 504 1958 559 obsce-
1983 512 2036 572 Α
2060 511 2240 556 autem
2287 500 2526 557 furorem
2564 501 2804 557 libidinis
2851 499 2936 554 vel
2967 498 3260 554 iracundia
3297 506 3524 570 possunt
3551 500 3645 558 de-

386 603 559 667 nitas,
591 608 647 656 et
682 612 925 655 errorum
962 595 1207 666 pollutio.
1245 594 1336 649 Sic
1357 596 1428 650 et
1467 593 1793 649 menstruale
1827 603 1959 649 tem-

383 703 491 762 pus
543 689 677 743 illud
724 685 1066 756 intelligitur,
1122 699 1228 754 quo
1277 699 1416 753 pene
1477 685 1761 739 universus
1813 685 1961 739 orbis

385 775 457 836 in
486 770 685 835 errore
739 785 797 832 et
847 775 1155 853 idololatria
1208 775 1544 830 versabat‘dr.
1565 772 1582 796 ³
1602 775 1672 830 Et
1711 775 1799 831 ’atl
1844 793 1962 831 mu-

383 871 576 927 lierem
602 877 994 937 menstruatam
1035 885 1145 925 non
1189 855 1316 925 licet
1359 872 1617 926 accedere
1635 875 1659 937 ,’
1697 884 1797 927 nec
1839 887 1962 927 cum

384 976 451 1017 ea
491 960 870 1037 commisceri:
919 960 1046 1030 quia
1089 975 1190 1016 nec
1228 959 1546 1015 idololatria
1586 976 1919 1031 paganorum
1943 1002 1958 1024 ,

383 1066 506 1124 nec;
549 1047 741 1109 haeresi
806 1050 1187 1105 hareticorum
1242 1049 1369 1105 licet
1439 1051 1706 1106 catholico
1758 1052 1962 1106 homini

386 1141 807 1198 communicem.
854 1140 1085 1198 Femora
1130 1143 1275 1218 dicta
1317 1150 1476 1209 sunt,
1521 1144 1664 1212 quod
1704 1157 1769 1197 ea
1810 1154 1966 1212 parte

387 1250 418 1289 a
459 1233 740 1309 sex'n'viri
781 1223 1267 1304 Idiscrepat.‘Sunt
1304 1243 1488 1289 autem
1537 1237 1605 1290 ab
1656 1235 1964 1306 inguinibus

382 1341 555 1395 usque
595 1327 663 1380 ad
701 1320 1165 1396 genua.‘Femina
1208 1325 1387 1380 autem
1429 1340 1527 1394 per
1574 1325 1964 1382 derivationem

382 1414 651 1471 femorum
695 1408 878 1490 partes
922 1423 1081 1480 sunt,
1133 1414 1327 1484 quibus
1377 1415 1433 1468 in
1477 1414 1765 1484 equitando
1800 1416 1966 1484 tergis

384 1522 648 1577 equorum
678 1502 1036 1562 adharemus.
1066 1506 1222 1561 Unde
1249 1513 1306 1560 et
1340 1501 1830 1582 praliatores'olim
1867 1506 1965 1560 sub

384 1594 675 1652 feminibus
700 1611 869 1665 equos
894 1596 1138 1650 amisisse
1167 1596 1502 1651 dicebantur.
1530 1596 1731 1653 Femur
1753 1597 1967 1667 generis

382 1700 620 1757 propago
668 1683 1017 1754 intelligitur,‘
1059 1685 1200 1739 sicut
1249 1684 1305 1738 in
1349 1683 1548 1740 Genesi
1585 1685 1652 1740 de
1686 1685 1853 1740 Jacob
1887 1685 1962 1739 le—

383 1774 576 1845 gitur:
631 1773 817 1845 Tetigit
878 1775 1210 1828 latitudinem
1260 1774 1472 1843 femoris
1520 1776 1635 1844 ejus
1658 1815 1672 1840 ,
1724 1785 1771 1828 et
1816 1775 1962 1829 clau-

2057 591 2289 663 signare.
2330 585 2481 647 Unde
2512 591 2762 647 inlibro‘
2789 590 2997 661 Regum
3035 589 3250 658 legitur,
3283 591 3438 661 lquod
3461 590 3648 648 Abner

2059 697 2245 738 aversa
2275 685 2426 738 hasta
2449 679 3015 753 percussissetAsahel
3042 681 3095 735 in
3123 681 3364 750 inguine,
3396 691 3450 737 et
3469 690 3652 738 trans-

2059 771 2282 827 fodisset
2303 770 2538 843 eum-(II
2565 771 2696 843 Reg.
2721 772 2806 844 ιι).
2833 772 2998 842 Cujus
3016 769 3213 825 Asahel
3239 779 3424 843 typum
3453 773 3646 840 tenuit,

2060 863 2164 918 nisi
2191 864 2383 918 horum
2407 864 2544 932 quos
2566 863 2918 917 vehementer
2944 860 3209 930 arripiens
3233 860 3388 916 furor
3423 863 3477 916 in
3508 879 3650 932 pra-

2061 971 2187 1025 ceps
2217 956 2396 1010 ducit?
2429 953 2531 1021 Qui
2577 954 2632 1008 in
2669 954 2859 1009 eodem
2884 952 3085 1009 furoris
3109 953 3313 1022 impetu
3343 960 3492 1008 tanto
3522 969 3652 1008 cau-

2062 1048 2168 1101 tius
2195 1048 2499 1103 declinandi
2529 1056 2670 1111 sunt,
2705 1049 2992 1117 quanto'et
3021 1047 3232 1102 insania
3261 1047 3652 1103 vehementiori

2064 1139 2363 1206 rapiuntur.
2397 1137 2552 1193 Unde
2580 1146 2635 1192 et
2665 1138 2846 1192 Abner
2877 1179 2891 1203 ,
2933 1139 3023 1207 qui
3054 1153 3304 1194 sermone
3331 1147 3519 1194 nostro
3557 1157 3654 1202 pa-

2064 1230 2156 1287 tris
2207 1228 2421 1292 lucerna
2463 1229 2872 1298 dicitur,'fugit
2901 1247 2913 1283 :
2945 1229 3071 1298 quia
3117 1232 3397 1287 doctorum
3448 1232 3649 1303 lingua,

2063 1335 2187 1389 qua
2211 1335 2500 1390 supernum
2526 1320 2707 1374 lumen
2737 1321 2958 1386 indicat,
3004 1335 3127 1375 cum
3163 1337 3260 1390 per
3303 1325 3528 1392 abrupta
3570 1324 3657 1374 fu-

2064 1410 2203 1465 roris
2255 1419 2492 1466 mentem
2521 1410 2855 1482 cuiuspiam
2907 1410 3034 1465 ferri
3095 1413 3376 1482 conspicit,
3420 1425 3655 1480 cumque

2067 1507 2254 1555 contra
2307 1501 2628 1555 irascentem
2669 1501 2975 1556 dissimulat
3003 1489 3292 1556 verborum
3317 1501 3497 1562 iacula
3525 1501 3653 1556 red-

2067 1593 2216 1657 dere,
2265 1590 2420 1661 quasi
2453 1602 2870 1663 persequentem
2907 1609 3015 1649 non
3050 1593 3166 1648 vult
3200 1593 3400 1649 ferire:
3429 1594 3572 1648 unde
3598 1602 3659 1649 et

2066 1684 2248 1740 Abner
2277 1701 2401 1740 cum
2430 1695 2616 1741 contra
2644 1691 3061 1757 persequentem
3089 1686 3350 1762 substitit,
3394 1701 3502 1741 non
3533 1699 3658 1740 eum

2068 1783 2236 1841 recta,
2282 1776 2375 1830 sed
2420 1792 2608 1831 aversa
2655 1777 2812 1832 hasta
2856 1775 3227 1836 transforavit.
3273 1778 3355 1832 Ex
3395 1789 3658 1831 mucrone

382 1851 603 1921 dicavit.
640 1863 814 1938 (Gen.
859 1881 1008 1921 xxxu
1033 1865 1076 1936 ).
1121 1865 1254 1919 Item
1312 1865 1488 1920 femur
1529 1879 1657 1920 caro
1699 1865 1958 1931 hominis,
1989 1859 2039 1919 B
2066 1868 2261 1938 quippe
2304 1869 2590 1937 percutere
2627 1878 2710 1923 est
2755 1870 2960 1938 impetu
3012 1878 3214 1938 aperta
3264 1870 3655 1939 increpationis

386 1964 448 2010 ut
498 1957 552 2010 in
602 1956 922 2012 Hieremia:
973 1954 1261 2027 Postquam
1311 1957 1583 2012 ostendisti
1631 1958 1762 2012 milii
1786 1999 1800 2023 ,
1846 1976 1963 2028 per-

396 2046 552 2116 cussi
577 2046 749 2116 femur
797 2063 971 2101 meum
1019 2046 1172 2119 (Jer.
1199 2064 1329 2102 xxxi
1353 2047 1394 2118 ).
1442 2047 1578 2102 Nam
1630 2047 1807 2103 femur
1860 2049 1963 2103 ali-

391 2137 609 2205 quando
660 2137 930 2208 signiﬁcat
984 2138 1414 2192 incarnationem
1477 2139 1850 2204 Dominicam,
1911 2149 1967 2194 et

385 2227 674 2296 aliquando
708 2227 1034 2297 voluptatem
1082 2230 1281 2283 carnis.
1320 2229 1541 2299 Legitur
1569 2245 1698 2301 ergo
1729 2231 1784 2284 in
1821 2230 1964 2299 psal-

383 2331 474 2372 mo
528 2318 848 2394 prophetam
899 2318 967 2372 ad
1027 2318 1314 2375 Dominum
1378 2313 1628 2384 dixisse:
1683 2321 1964 2391 Accingere

383 2404 563 2476 gladio
617 2416 706 2460 tuo
760 2409 902 2461 circa
945 2407 1137 2477 femur,
1160 2409 1510 2478 potentissime
1549 2411 1569 2482 (
1591 2410 1740 2465 Psal.
1775 2412 1960 2483 xuv).

383 2496 526 2552 Dicit
576 2498 758 2564 enim,
815 2499 1084 2569 accingere
1137 2499 1313 2570 gladio
1369 2511 1460 2555 tuo
1491 2542 1507 2567 ,
1560 2504 1882 2572 metaphora
1934 2518 1966 2556 a

380 2589 642 2646 bellatore
683 2598 988 2660 concepta,
1043 2592 1136 2660 qui
1188 2577 1543 2648 dimicaturus
1600 2593 1781 2665 gladio
1840 2597 1962 2651 cin-

381 2679 657 2756 gitur,'ut
689 2680 1011 2750 prosternat
1064 2681 1360 2736 inimicum.
1424 2682 1532 2738 Sed
1586 2684 1675 2739 hic
1726 2686 1962 2756 gladium

382 2784 692 2845 sermonem
732 2770 1131 2838 pradicationis
1161 2772 1419 2828 debemus
1456 2775 1721 2845 accipere.
1757 2778 1832 2832 De
1859 2793 1966 2846 quo

383 2859 498 2928 ipse
542 2859 598 2913 in
643 2859 938 2929 Evangelio
980 2867 1246 2915 testatur:
1297 2860 1420 2916 Non
1463 2866 1574 2918 veni
1616 2882 1795 2935 pacem
1840 2869 1963 2920 mit-

381 2957 488 3002 tere
533 2949 589 3002 in
626 2957 852 3014 terram,
898 2950 989 3003 sed
1028 2950 1264 3020 gladium
1303 2950 1538 3023 (Matth.
1586 2953 1681 3025 x).
1719 2955 1788 3009 Et
1823 2955 1966 3024 Apo-

388 3039 562 3094 stolus
601 3039 773 3094 dicit:
810 3039 882 3093 Et
922 3040 1157 3111 gladium
1186 3043 1429 3112 spiritus,
1473 3040 1611 3114 quod
1645 3054 1719 3098 est
1759 3047 1967 3100 verbum

394 3131 489 3185 Dei
531 3130 708 3202 (Eph.
738 3132 855 3203 vr).
900 3131 1119 3188 Gladius
1167 3143 1346 3190 autem
1388 3151 1568 3194 sermo
1615 3137 1710 3192 Dei
1746 3139 1965 3205 dicitur,

2064 1961 2282 2016 obviare
2308 1978 2321 2015 :
2355 1975 2546 2015 aversa
2581 1975 2710 2014 vero
2745 1961 2903 2014 hasta
2932 1965 3350 2028 persequentem
3381 1962 3546 2014 ferire
3573 1965 3660 2013 est

2065 2051 2332 2107 furentem
2375 2050 2664 2120 tranquille
2697 2064 2767 2104 ex
2794 2048 3117 2118 quibusdam
3153 2057 3379 2119 tangere
3409 2057 3468 2102 et
3501 2061 3656 2115 quasi

2069 2144 2338 2214 parcendo
2381 2156 2654 2211 superare.
2695 2139 2898 2196 Asahel
2925 2147 3106 2194 autem
3144 2139 3390 2209 protinus
3435 2151 3657 2193 occum-

2066 2231 2182 2285 bit:
2214 2232 2341 2300 quia
2393 2237 2675 2284 commota
2723 2236 2934 2283 mentes
2973 2228 3100 2282 dum
3133 2235 3187 2281 et
3215 2228 3366 2297 parci
3398 2228 3502 2282 sibi
3535 2242 3655 2282 sen-

2066 2319 2229 2384 tiunt,
2262 2326 2316 2372 et
2343 2325 2526 2374 tamen
2556 2331 2942 2387 responsorum
2977 2316 3192 2372 ratione
3219 2316 3274 2371 in
3305 2317 3515 2372 intimis
3555 2319 3656 2372 sub

2065 2407 2457 2477 tranquillitate
2491 2415 2819 2477 tanguntur,
2863 2407 2932 2461 ab
2965 2421 3051 2470 eo,
3086 2408 3233 2476 quod
3257 2420 3316 2461 se
3342 2415 3652 2471 erexerant,

2067 2500 2256 2554 statim
2300 2498 2524 2553 cadunt.
2548 2495 2652 2563 Qui
2689 2512 2816 2566 ergo
2852 2512 2884 2550 a
2915 2495 3144 2550 fervoris
3184 2496 3270 2551 sui
3317 2496 3522 2565 impetu
3560 2495 3658 2550 sub

2069 2591 2307 2652 lenitatis
2343 2588 2688 2660 percussione
2723 2587 2986 2652 resiliunt,
3027 2591 3184 2656 quasi
3216 2590 3335 2641 sine
3361 2591 3508 2643 ferro
3535 2600 3652 2639 mo-

2069 2681 2296 2735 riuntur.
2352 2678 2512 2738 Coxa
2561 2677 2715 2746 quasi
2760 2675 3062 2745 conjuncta
3112 2692 3241 2732 axes
3293 2676 3562 2731 dicuntur.
3594 2673 3654 2728 In

2067 2772 2197 2841 ipsis
2226 2771 2371 2825 enim
2398 2769 2603 2825 femora
2632 2776 2940 2836 moventur,
2964 2785 3196 2839 quorum
3222 2784 3455 2824 concava
3482 2777 3655 2823 verte-

2065 2861 2162 2915 bra
2190 2867 2454 2915 vocantur
2478 2874 2492 2912 :
2519 2859 2643 2928 quia
2666 2860 2722 2912 in
2749 2859 2829 2914 eis
2847 2860 3026 2930 capita
3054 2859 3320 2914 femorum
3348 2870 3650 2914 vertuntur.

2068 2949 2400 3022 Suﬁ‘ragines
2425 2949 2699 3014 dieuntur,
2727 2951 2853 3019 quia
2877 2951 3068 3004 subtus
3096 2949 3436 3018 franguntur,
3471 2949 3525 3002 id
3549 2956 3652 3012 est,

2067 3038 2374 3102 ﬂectuntur,
2403 3053 2511 3092 non
2536 3054 2719 3107 supra,
2747 3039 2890 3092 sicut
2920 3039 2976 3092 in
3005 3041 3264 3103 brachiis.
3302 3038 3490 3094 Genua
3529 3047 3654 3093 sunt

2070 3132 2476 3187 commissiones
2519 3130 2786 3186 femorum
2813 3140 2867 3187 et
2894 3133 3133 3187 crurium
3164 3152 3175 3186 :
3205 3142 3258 3188 et
3283 3134 3428 3189 dicta
3457 3149 3651 3205 genua,

383 3221 511 3291 quia
538 3223 853 3290 corpulenta
890 3223 1037 3279 vitiis
1065 3226 1229 3280 corda
1261 3227 1540 3281 hominum
1567 3229 1678 3284 ictu
1716 3246 1827 3286 sua:
1855 3233 1965 3286 vir.
1991 3215 2036 3277 C
2066 3237 2131 3278 eo
2158 3223 2302 3292 quod
2327 3223 2383 3277 in
2407 3233 2564 3278 utero
2591 3223 2703 3277 sint
2727 3223 2877 3292 genis
2906 3217 3170 3294 Opposita.
3203 3223 3489 3279 Coharent
3511 3224 3656 3278 enim

383 3313 514 3367 tutis
553 3312 806 3380 irrumpit
835 3330 848 3365 :
887 3328 988 3367 nec
1023 3323 1199 3389 potest
1231 3316 1572 3373 imbecillitas
1605 3319 1844 3374 humana
1881 3337 1966 3377 re-

382 3401 605 3467 sistere,
647 3403 870 3464 ubiilla
903 3403 1234 3461 fortitudinis
1261 3407 1430 3477 gloria
1460 3410 1710 3480 dignatur
1739 3414 1961 3485 intrare.

381 3491 583 3548 Femur
630 3508 760 3548 vero
808 3495 1236 3551 incarnationem
1286 3498 1557 3569 signiﬁcat
1582 3499 1796 3558 Domini
1841 3504 1963 3559 Sal-

381 3584 587 3639 vatoris
616 3604 628 3638 :
672 3585 812 3638 sicut
851 3585 907 3638 in
946 3583 1142 3641 Genesi
1172 3587 1405 3658 legitur:
1441 3590 1566 3645 Non
1595 3593 1966 3664 deﬁciet'prin-

383 3691 498 3744 ceps
532 3691 596 3728 ea:
633 3675 808 3740 Juda,
850 3691 1012 3745 neque
1055 3676 1164 3730 dua:
1211 3677 1274 3730 de
1319 3667 1600 3747 femoribus
1635 3684 1749 3749 eius
1787 3683 1958 3753 (Gen.

381 3765 572 3837 xux).
610 3765 673 3820 In
713 3765 852 3842 ipso.
884 3766 1047 3819 etiam
1099 3768 1355 3836 mysterio
1407 3779 1463 3822 et
1516 3770 1790 3824 Abraham
1837 3771 1965 3826 fecit

377 3855 562 3924 iurare
602 3854 861 3909 famulum
901 3870 1059 3909 suum
1101 3853 1275 3927 (Gen.
1306 3873 1434 3911 xxxv
1455 3858 1498 3930 ).
1548 3859 1770 3926 Quando
1818 3864 1961 3917 enim

384 3951 529 3998 tacto
573 3943 780 3998 femore
815 3941 1128 4009 subiunxit,
1161 3947 1558 4013 potentissime:
1599 3949 1701 4004 hoc
1741 3950 1857 4016 ait,
1901 3958 1962 4005 ut

384 4033 738 4087 reverendam
764 4032 1193 4088 incarnationem
1224 4036 1504 4103 crederes,
1533 4053 1691 4105 quam
1722 4042 1960 4107 potentia

385 4113 682 4178 divinitatis
735 4125 1044 4192 assumpsit.
1088 4123 1347 4179 Similiter
1395 4127 1824 4196 sapientissimus
1871 4132 1960 4191 ille

385 4214 555 4268 dicit:
611 4212 834 4268 Gladius
879 4214 994 4283 ejus
1032 4214 1087 4266 in
1138 4213 1331 4281 femore
1379 4217 1562 4285 ipsius.
1615 4217 1731 4284 Quo
1781 4227 1960 4275 tamen

384 4299 713 4371 signiﬁcari,
766 4302 1095 4356 desiderium
1123 4303 1339 4356 carnale
1371 4305 1534 4358 verbo
1563 4304 1658 4359 Dei
1696 4308 1960 4362 constrin-

385 4390 616 4461 gendum
642 4430 656 4456 ,
707 4399 887 4460 potest
937 4406 1045 4445 non
1094 4391 1385 4463 incongrue
1424 4395 1616 4464 accipi.
1652 4393 1784 4450 Nam
1817 4399 1958 4466 quod

386 4481 653 4550 sequitur,
713 4482 877 4550 specie
934 4490 1024 4535 tua
1084 4491 1132 4536 et
1179 4482 1567 4552 pulchritudine
1624 4496 1715 4540 tua
1764 4485 1952 4559 (Psal.

384 4570 593 4642 xuv);
652 4570 742 4626 hic
773 4583 1058 4641 utramque
1093 4583 1342 4628 naturam
1392 4577 1625 4646 positam
1680 4555 1958 4634 evidenter
2065 4581 2215 4652 (Luc.
2251 4580 2324 4649 v).
2357 4581 2662 4649 Aliquando
2706 4589 2887 4635 autem
2915 4555 3101 4651 genua
3152 4555 3455 4651 signiﬁcant
3477 4581 3651 4634 virtu-

385 4662 808 4733 cognoscimus:
864 4670 926 4716 ut
956 4664 1186 4732 species
1229 4665 1498 4733 pertineat
1549 4667 1618 4720 ad
1658 4668 1960 4723 humanita-

387 4760 529 4817 tem,
582 4751 924 4821 pulchritudo
979 4753 1046 4806 ad
1111 4754 1381 4808 deitatem.
1428 4755 1520 4809 llla
1564 4756 1708 4810 enim
1754 4760 1961 4827 species

395 4843 766 4909 benedicitur,
821 4844 877 4898 in
933 4860 1038 4913 qua
1090 4845 1289 4900 mundo
1343 4847 1489 4902 salus
1539 4850 1803 4918 apparuit.
1857 4833 1963 4907 Ista

387 4933 729 5002 pulchritudo
779 4934 1057 5002 aptissime
1115 4936 1530 5004 pronuntiatur,
1583 4939 1724 4993 unde
1780 4941 1960 4994 omnia

387 5025 612 5094 pulchra
640 5065 654 5089 ,
712 5037 1044 5094 quacunque
1109 5024 1304 5080 decora
1372 5035 1515 5080 sunt.
1564 5026 1787 5098 Rgitur
1828 5044 1960 5097 quo—

389 5130 494 5182 que
540 5115 592 5168 in
646 5112 871 5169 Cantico
921 5115 1254 5170 canticorum
1310 5131 1569 5185 sponsum
1621 5126 1830 5188 spbnsa
1881 5121 1960 5175 di-

391 5203 538 5257 xisse
570 5203 879 5256 :Juncturte
926 5201 1178 5276 feminum
1232 5213 1470 5269 tuorum,
1525 5207 1661 5259 sicut
1706 5207 1957 5275 monilia,

391 5297 508 5365 qua:
572 5295 830 5365 fabricata
895 5305 1014 5349 sunt
1076 5313 1236 5350 manu
1292 5298 1510 5366 artiﬁcis
1570 5295 1770 5368 (Cant.
1807 5316 1881 5353 vn
1914 5300 1954 5372 ).

391 5387 494 5442 Ubi
545 5387 774 5441 duorum
823 5387 1110 5441 concordia
1163 5388 1475 5456 populorum
1529 5388 1755 5458 spiritali
1808 5391 1958 5460 prole

393 5475 747 5533 fecundorum
821 5479 876 5532 in
944 5476 1199 5546 junctura
1277 5478 1533 5534 feminum
1613 5480 1953 5551 designatur.

393 5566 526 5634 Qua
561 5572 722 5622 sicut
779 5569 999 5625 monilia
1038 5568 1302 5624 fabricata
1339 5578 1464 5626 sunt
1501 5587 1660 5626 manu
1699 5573 1918 5629 artiﬁcis
1942 5615 1956 5640 ,

391 5657 571 5722 idest,
603 5657 863 5716 ineﬁ'abili
906 5661 1154 5732 largitate
1197 5662 1491 5717 conditoris
1527 5665 1696 5719 nostri
1727 5664 1957 5719 ﬁrmata.

392 5745 452 5802 In
504 5748 789 5806 monilibus
851 5767 1010 5821 opera
1077 5754 1214 5808 bona
1275 5754 1670 5822 exprimuntur.
1743 5754 1962 5823 Inguina

2070 3312 2144 3366 ibi
2170 3312 2294 3378 sibi,
2317 3321 2372 3365 et
2399 3320 2622 3392 cognata
2663 3320 2790 3366 sunt
2824 3312 3013 3375 oculis,
3055 3313 3417 3383 lacrymarum
3445 3313 3657 3367 indiciis

2068 3412 2123 3459 et
2151 3404 2561 3459 misericordia.
2596 3393 2733 3457 Nam
2761 3420 2793 3458 a
2818 3403 2970 3472 genis
2992 3417 3166 3472 genua
3199 3405 3468 3457 dicuntur.
3496 3403 3658 3456 Deni-

2068 3488 2170 3565 que
2209 3495 2594 3566 complicatum
2626 3494 2771 3564 gigni
2797 3493 3129 3562 formarique
3167 3493 3457 3557 hominem,
3499 3493 3576 3546 ita
3601 3500 3659 3545 ut

2066 3600 2237 3655 genua
2261 3600 2474 3639 sursum
2499 3585 2625 3650 sint,
2649 3583 2843 3653 quibus
2864 3583 3005 3639 oculi
3025 3583 3346 3650 formantur,
3372 3593 3436 3638 ut
3452 3586 3568 3639 cavi
3595 3599 3658 3639 ac

2067 3675 2337 3730 reconditi
2365 3673 2514 3729 ﬁant.
2558 3673 2712 3728 Unde
2756 3673 3000 3728 Ennius:
3028 3671 3194 3745 Atque
3232 3689 3398 3744 genua
3431 3673 3658 3743 compri-

2065 3777 2213 3820 munt
2264 3777 2382 3821 arta
2422 3783 2573 3836 gena.
2629 3765 2757 3821 lnde
2785 3774 2901 3836 (est,
2947 3764 3090 3835 quod
3135 3765 3383 3820 homines
3411 3765 3542 3819 dum
3587 3763 3658 3819 ad

2063 3871 2234 3927 genua
2281 3872 2338 3911 se
2383 3843 2754 3925 prosternuni,
2807 3859 2989 3911 statim
3043 3855 3444 3926 lacrymantur.:
3468 3853 3656 3910 Voluit

2063 3947 2207 4001 enim
2227 3959 2321 4001 eos
2347 3955 2542 4000 natura
2571 3955 2787 4000 uterum
2815 3955 3120 4002 maternum
3148 3959 3534 4010 rememorare,
3559 3945 3653 4002 ubi

2061 4036 2216 4104 quasi
2258 4035 2314 4090 in
2358 4035 2596 4089 tenebris
2638 4035 2918 4102 sedebant,
2969 4043 3256 4104 antequam
3300 4036 3552 4090 venirent
3585 4036 3653 4089 ad

2063 4125 2255 4179 lucem.
2323 4123 2510 4180 Genua
2572 4125 2801 4196 mystice
2866 4124 3262 4180 confessionem
3326 4124 3652 4179 humilitatis

2066 4213 2372 4282 signiﬁcare
2415 4222 2643 4283 possunt
2670 4233 2682 4267 :
2708 4222 2770 4268 ut
2809 4222 2892 4268 est
2952 4213 3083 4268 illud
3124 4213 3364 4284 Apostoli
3395 4232 3408 4266 :
3438 4212 3647 4281 Flecte,

2061 4308 2254 4377 inquit,
2294 4323 2461 4377 genua
2497 4307 2564 4360 ad
2597 4304 2810 4360 Patrem
2851 4306 3065 4359 Domini
3107 4307 3271 4358 nostri
3296 4304 3428 4358 Iesu
3451 4304 3651 4359 Christi

2062 4397 2275 4468 (Ephes.
2309 4397 2428 4468 ιιι).
2454 4397 2592 4450 Hinc
2615 4407 2668 4451 et
2698 4396 2890 4451 Petrus
2916 4396 3150 4466 procidit
3186 4396 3255 4450 ad
3288 4411 3462 4467 genua
3493 4396 3645 4460 Jesu,

2061 4488 2280 4544 dicens:
2311 4488 2416 4541 Exi
2438 4505 2470 4541 a
2490 4504 2594 4552 me,
2629 4487 2872 4554 Domine,
2903 4490 3043 4559 quia!
3056 4489 3209 4543 homo
3242 4497 3480 4559 peccator
3530 4504 3649 4541 sum

2064 4680 2174 4726 tem
2206 4671 2349 4725 ﬁdei.
2384 4671 2462 4725 De
2486 4686 2592 4740 quo
2617 4686 2722 4725 vox
2749 4671 2930 4724 divina
2961 4672 3014 4725 in
3041 4671 3180 4727 libro
3218 4671 3421 4742 Regum
3477 4672 3546 4725 ad
3576 4670 3654 4725 E-

2063 4761 2190 4816 liam
2219 4763 2537 4832 prophetam
2563 4762 2673 4818 ait:
2708 4761 2913 4832 Reliqui
2941 4763 3069 4815 mihi
3095 4772 3285 4831 septem
3315 4761 3483 4815 millia
3509 4763 3652 4814 viro-

2066 4868 2205 4917 rum,
2235 4852 2325 4921 qui
2364 4869 2467 4905 non
2489 4860 2833 4906 curvaverant
2873 4869 3041 4922 genua
3071 4869 3168 4906 sua
3206 4862 3325 4906 ante
3354 4850 3492 4904 Baal
3524 4849 3651 4922 (III

2068 4939 2198 5010 Reg.
2232 4939 2367 5013 xix).
2396 4941 2526 5007 Item
2555 4958 2732 5011 genua
2755 4943 3042 5012 aliquando
3068 4959 3166 5012 pro
3201 4943 3458 4997 membris
3485 4941 3648 4996 Chri-

2065 5031 2133 5083 sti
2165 5031 2343 5098 posita'
2365 5031 2741 5100 intelliguntur
2766 5053 2779 5086 :
2804 5042 2863 5087 ut
2896 5042 2980 5089 est
3011 5034 3140 5088 illud
3167 5035 3222 5088 in
3263 5033 3470 5103 psalmo
3498 5050 3510 5085 :
3541 5029 3646 5086 Ge-

2065 5138 2169 5173 nua
2196 5139 2310 5175 mea
2363 5110 2630 5190 inﬁrmata
2691 5134 2812 5178 sunt
2860 5141 2967 5195 pra:
3002 5125 3209 5193 jejunio
3247 5121 3416 5195 (Psal.
3468 5125 3646 5190 cvm),

2064 5226 2184 5264 cum
2207 5212 2494 5282 Evangelio
2517 5221 2654 5269 teste
2678 5214 2891 5287 (Matth.
2921 5213 3018 5285 tv),
3043 5214 3321 5281 doceatur,
3344 5215 3414 5269 40
3456 5214 3647 5269 diebus

2063 5307 2117 5354 et
2139 5300 2208 5353 40
2236 5303 2479 5356 noctibus
2505 5301 2780 5358 Christum
2806 5303 3093 5359 Dominum
3125 5304 3403 5374 jejunasse
3429 5323 3444 5359 :
3470 5318 3647 5375 genua

2065 5399 2244 5444 tamen
2272 5389 2389 5458 eius
2417 5391 2687 5446 inﬁrmata
2723 5407 2842 5448 esse
2880 5409 2986 5449 non
3027 5395 3275 5466 legimus,
3314 5396 3408 5451 sed
3435 5401 3646 5450 tantum

2066 5481 2298 5537 esurisse
2327 5482 2649 5538 declaratur.
2686 5483 2838 5539 Unde
2870 5485 2918 5539 si
2953 5487 3093 5541 hanc
3127 5487 3358 5542 esuriem
3384 5486 3449 5542 ad
3469 5499 3644 5558 genua

2069 5574 2293 5642 referas,
2320 5577 2376 5632 id
2402 5585 2508 5642 est,
2535 5577 2775 5648 corporis
2807 5579 3178 5643 stabilitatem,
3207 5581 3402 5650 quibus
3427 5589 3646 5648 semper

2070 5666 2365 5722 insistimus
2392 5686 2403 5721 :
2435 5675 2612 5736 potest
2639 5678 2994 5739 congruenter
3025 5670 3198 5738 aptari
3230 5670 3406 5724 minus
3435 5682 3562 5732 :ne,
3591 5664 3643 5720 si

2070 5757 2172 5811 hoc
2214 5758 2520 5827 scrupulum
2556 5760 2738 5828 movit,
2770 5758 2960 5813 melius
2988 5773 3160 5828 genua
3187 5761 3253 5818 ad
3277 5759 3446 5830 ipsius
3471 5769 3643 5813 mem-
