3930 6322
207 385 295 441 Πῖ
1179 377 1267 433 DE
1302 371 1654 432 UNIVERSO
1693 368 1876 432 LIBRI
1914 368 2081 425 XXII.
2125 398 2194 410 —
2230 369 2359 424 LIB.
2399 368 2487 424 Vl.
3351 361 3453 416 178

205 505 295 560 bra
316 499 640 560 referantur,
679 509 795 564 qua
836 505 1023 547 revera
1069 489 1340 542 inﬁrmata
1370 492 1515 550 sunt,
1554 483 1769 553 quando
1795 482 1851 543 Α
1876 481 1982 549 Qui
2002 481 2182 534 edebat
2217 496 2379 550 panes
2416 496 2577 544 meos,
2619 479 2884 548 ampliavit
2910 475 3195 543 adversum
3223 490 3305 529 me
3335 490 3458 545 sup-

206 589 416 665 apostoli
475 586 596 658 ejus
644 585 893 656 passione
956 581 1186 649 dispersi
1237 587 1381 635 sunt.
1425 577 1578 661 Quid
1628 575 1769 630 enim
1873 573 2249 643 plantationem
2290 568 2460 653 (Psal.
2489 570 2598 641 ιι).
2651 569 2753 635 Qui
2793 569 2939 622 enim
2979 582 3171 638 panem
3201 566 3460 622 doctrina

204 659 318 758 plus
344 695 458 737 esse
483 669 663 750 potuit
695 677 974 739 inﬁrmius,
999 689 1163 744 quam
1186 682 1245 728 ut
1272 659 1466 726 Petrus
1516 675 1769 740 negaret,
1875 665 1942 718 ab
1990 677 2085 717 ore
2124 660 2423 715 Salvatoris
2462 661 2688 730 accepit,
2733 668 2787 714 et
2813 659 3170 713 communiter
3199 673 3322 713 cum
3353 672 3460 714 ca-

203 749 256 834 et
272 749 730 843 reliquaiidelium
752 769 906 824 turba
925 764 1195 821 latuisset?
1213 762 1377 818 Talus
1398 762 1571 816 dictus
1591 775 1620 814 a
1643 758 1768 812 talo.
1873 753 2006 808 teris
2049 751 2309 823 apostolis
2339 750 2480 821 apud
2509 767 2630 805 eum
2657 750 2810 815 vixit,
2840 750 3213 820 ignorantibus
3237 749 3317 804 eis
3336 764 3463 805 cum

206 866 330 923 Nam
356 839 493 918 talus
519 870 604 918 est
629 861 870 917 eminens
890 857 1212 913 rotunditas.
1239 853 1392 908 Unde
1419 859 1473 906 et
1499 849 1774 920 fastigium
1874 846 2074 901 Judais
2104 843 2467 899 machinatus
2515 850 2602 895 est
2651 841 2826 895 scelus
2873 840 3227 910 proditionis,
3281 839 3356 893 ita
3401 847 3464 893 ut

209 957 377 1026 templi
404 956 615 1010 rotundi
645 955 784 1010 talus
804 963 1050 1008 vocatur.
1086 949 1250 1004 Talus
1282 958 1463 1002 autem
1487 946 1586 1000 sub
1613 957 1776 1000 cruce
1874 937 2058 992 osculo
2103 949 2227 990 eum
2272 935 2530 988 traderet.
2572 930 2616 986 Ο
2659 931 2976 999 discipulum
3028 932 3275 1000 surdum,
3306 943 3339 983 o
3371 930 3460 983 in-

209 1057 301 1111 est,
353 1048 450 1102 sub
502 1046 606 1100 talo
647 1044 905 1100 calcanei.
952 1041 1113 1095 Talus
1159 1039 1322 1094 ﬁnem
1368 1036 1654 1108 cujuslibet
1697 1037 1776 1089 rei
1878 1026 2037 1082 docili
2085 1026 2248 1080 corde
2293 1023 2667 1079 durissimum:
2724 1020 2856 1088 Quis
2897 1021 3039 1074 enim
3082 1035 3205 1074 eum
3240 1034 3272 1073 a
3313 1025 3466 1072 tanta

209 1109 496 1209 signiﬁcat:
529 1137 670 1210 sicut
708 1137 819 1204 ipse
861 1134 1047 1188 subest
1098 1131 1349 1186 cruribus
1389 1137 1445 1184 et
1473 1127 1777 1183 eminentiae
1875 1117 2078 1187 pietate
2103 1113 2305 1184 aliquid
2332 1113 2553 1168 virtutis
2578 1112 2770 1175 animo
2806 1111 3114 1181 percepisse
3139 1110 3344 1173 credat.
3376 1109 3470 1177 qui

207 1228 455 1297 corporis.
493 1225 646 1281 Unde
688 1225 883 1294 legitur
921 1222 1086 1277 Jacob
1127 1222 1236 1276 ﬁlio
1275 1236 1371 1275 suo
1402 1218 1596 1287 Ioseph
1636 1216 1778 1271 tuni-

208 1337 319 1380 cam
337 1319 559 1373 talarem
585 1327 746 1386 atque
767 1315 1084 1386 polymitam
1106 1313 1299 1368 fecisse
1318 1309 1526 1381 (Genes.
1545 1306 1772 1376 xxxvn),

208 1413 305 1471 hoc
333 1421 438 1490 est,
484 1411 637 1464 vario
683 1409 864 1464 colore
913 1413 1242 1462 contextam.
1292 1403 1418 1458 Ideo
1467 1400 1652 1453 talaris
1698 1405 1780 1450 tu-

210 1503 323 1557 nica
359 1500 560 1553 dicitur
603 1514 666 1552 eo
699 1497 841 1567 quod
870 1511 1043 1564 usque
1069 1495 1136 1549 ad
1164 1494 1302 1547 talos
1325 1491 1703 1553 descenderet,
1727 1495 1782 1542 et

212 1593 449 1649 manibus
482 1589 710 1644 artiﬁcis
734 1589 871 1642 mira
891 1597 1036 1642 esset
1057 1585 1322 1639 varietate
1354 1581 1626 1636 distincta.
1653 1577 1783 1644 Qua

209 1686 362 1740 etiam
409 1683 591 1736 tunica
642 1681 937 1736 secundum
981 1676 1292 1745 allegoriam
1329 1672 1648 1726 varietatem
1682 1683 1780 1737 po-

208 1775 444 1846 pulorum
494 1785 563 1826 ex
601 1770 851 1825 omnibus
904 1766 1153 1838 gentibus
1206 1765 1260 1818 in
1308 1775 1534 1832 corpore
1580 1757 1782 1813 Christi

1879 1217 1991 1264 tam
2045 1207 2280 1262 crudelis
2345 1206 2560 1260 exstitit
2607 1203 2919 1275 parricida?
2977 1201 3154 1257 Calcis
3209 1215 3335 1270 pars
3389 1206 3473 1255 est

1878 1299 2075 1369 plantae
2102 1315 2133 1352 a
2168 1298 2308 1352 callo
2362 1311 2558 1351 nomen
2609 1295 2704 1370 illi_
2732 1293 3068 1365 impositum,
3117 1306 3223 1361 quo
3271 1299 3473 1345 terram

1881 1389 2193 1444 calcamus:
2237 1389 2364 1442 hinc
2394 1396 2449 1442 et
2493 1386 2798 1441 calcaneus.
2863 1382 3070 1447 Solum,
3102 1379 3324 1434 inferior
3350 1394 3476 1449 pars

1881 1481 2054 1551 pedis,
2105 1479 2228 1533 inde
2275 1487 2357 1533 est
2398 1479 2622 1543 dictum,
2671 1476 2797 1546 quia
2833 1490 2898 1529 eo
2923 1485 3085 1529 terra
3114 1473 3340 1542 vestigia
3375 1471 3479 1526 im-

1883 1573 2192 1642 primimus.
2235 1570 2344 1626 Sed
2373 1579 2427 1625 et
2458 1571 2628 1625 solum
2668 1570 2864 1624 dicitur
2890 1584 3071 1634 omne,
3104 1567 3246 1636 quod
3274 1565 3481 1634 aliquid

1885 1659 2138 1728 sustinet,
2189 1662 2344 1730 quasi
2384 1661 2635 1716 solidum.
2676 1659 2828 1715 Unde
2857 1668 2912 1714 et
2934 1668 3079 1712 terra
3110 1658 3307 1722 solum,
3335 1655 3482 1726 quod

1887 1763 2080 1808 cuncta
2130 1754 2432 1809 sustineat:
2467 1762 2522 1807 et
2561 1753 2732 1808 solum
2776 1752 2947 1822 pedis,
2988 1751 3132 1822 quod
3161 1758 3329 1805 totam
3358 1763 3482 1803 cor-

210 1831 580 1934 congregatam
621 1831 962 1932 signiﬁcavit.
1011 1858 1144 1911 [tem
1192 1856 1298 1909 alio
1349 1831 1508 1908 modo
1547 1849 1778 1919 Ioseph,
1813 1831 2038 1919 B-poris
2083 1848 2280 1902 molem
2320 1854 2521 1915 portat.
2572 1845 2874 1900 Calcaneus
2921 1843 3284 1915 supplantatio
3318 1841 3482 1895 vitio-

211 1959 291 2027 qui
316 1958 451 2011 inter
474 1955 673 2007 fratres
700 1951 950 2006 undecim
983 1962 1154 2016 usque
1180 1946 1246 1999 ad
1276 1945 1436 1998 ﬁnem
1464 1941 1642 2009 justus
1665 1954 1785 2008 per-

213 2062 479 2104 severasse
529 2043 883 2114 describitur,
939 2039 1085 2094 solus
1133 2037 1354 2090 talarem
1407 2033 1645 2087 tunicam
1691 2028 1786 2083 ha-

213 2138 386 2192 buisse
417 2135 764 2190 describitur.
795 2131 932 2198 Quid
963 2137 1045 2184 est
1073 2143 1204 2198 ergo
1231 2125 1418 2180 talaris
1446 2123 1650 2187 tunica,
1683 2119 1788 2175 nisi

211 2230 341 2282 actio
384 2209 795 2281 consummata?
843 2220 1004 2289 Quasi
1034 2218 1181 2273 enim
1214 2223 1469 2287 protensa
1495 2212 1676 2266 tunica
1709 2218 1791 2264 ta-

211 2316 312 2371 lum
364 2316 610 2384 corporis
662 2313 922 2381 cooperit,
977 2325 1099 2364 cum
1146 2308 1288 2360 bona
1338 2305 1479 2358 actio
1533 2310 1657 2355 ante
1693 2300 1789 2354 Dei

212 2407 390 2462 oculos
433 2419 609 2472 usque
658 2404 724 2456 ad
756 2403 881 2455 vita
916 2399 1207 2454 terminum
1235 2411 1334 2450 nos
1368 2395 1516 2462 tegit.
1553 2392 1704 2447 Unde
1739 2399 1794 2445 et

210 2509 301 2565 per
341 2492 560 2564 Moysen
609 2490 792 2560 (Levit.
833 2504 914 2554 ιιι,
953 2489 1007 2557 7)
1062 2486 1231 2541 cauda
1279 2485 1472 2541 hostia
1526 2484 1580 2537 in
1634 2481 1791 2536 altari

211 2584 379 2639 oﬁ'erri
420 2582 754 2651 pracipitur,
802 2589 862 2632 ut
907 2577 1163 2639 videlicet
1189 2590 1350 2630 omne
1393 2576 1616 2637 bonum,
1651 2571 1794 2642 quod

213 2675 524 2744 incipimus,
582 2672 746 2725 etiam
803 2667 1178 2740 perseveranti
1238 2667 1344 2720 ﬁne
1404 2666 1791 2735 compleamns.

211 2762 372 2823 Pedes
397 2780 463 2818 ex
485 2777 665 2834 graca
699 2759 1020 2831 etymologia
1067 2772 1264 2811 nomen
1306 2755 1482 2810 sortiti
1512 2762 1654 2808 sunt.
1688 2753 1796 2807 Hos

211 2856 346 2915 enim
373 2855 548 2909 Graci
578 2853 748 2922 podas
767 2851 976 2912 dicunt,
1009 2849 1136 2915 quia
1163 2846 1384 2900 alternis
1414 2845 1649 2899 motibus
1677 2843 1792 2896 solo

215 2947 452 3004 incedunt
475 2945 589 3009 ﬁxi.
607 2942 778 2997 Pedes
790 2955 1008 2996 cursum
1022 2939 1147 2992 vita
1168 2938 1448 3007 praesentis
1462 2935 1788 3005 signiﬁcant,

217 3039 551 3096 stabilitatem
578 3033 779 3089 mentis
821 3047 883 3086 ac
920 3028 1043 3084 ﬁdei
1070 3046 1083 3082 :
1114 3035 1174 3081 nt
1206 3035 1289 3082 est
1317 3027 1451 3081 illud
1477 3027 1532 3080 in
1555 3025 1794 3091 psalmo:

219 3129 418 3185 Stantes
461 3134 615 3180 erant
655 3124 806 3192 pedes
853 3121 1015 3175 nostri
1043 3121 1098 3173 in
1129 3121 1279 3172 atriis
1344 3118 1446 3171 tuis
1499 3116 1797 3170 Jerusalem

221 3219 380 3290 (Psal.
403 3218 528 3289 cxv)
552 3235 567 3281 ;
599 3217 703 3270 hoc
732 3223 835 3279 est,
865 3227 1083 3283 gressus
1112 3226 1334 3281 operum
1357 3217 1667 3265 nostrorum
1700 3207 1798 3263 ﬁr-

219 3312 368 3364 miter
408 3313 733 3379 permanent
768 3305 823 3358 in
859 3304 963 3357 ﬁde
990 3312 1045 3358 et
1074 3302 1352 3372 religione,
1384 3315 1548 3370 quam
1580 3308 1634 3353 in
1663 3314 1800 3369 pra-

218 3399 349 3454 senti
386 3407 634 3468 tempore
679 3401 865 3450 sancta
906 3401 1055 3448 tenet
1082 3391 1346 3445 Ecclesia.
1379 3390 1438 3443 ln
1469 3389 1801 3444 contrariam

217 3498 412 3559 partem
466 3488 669 3559 pedum
720 3485 1042 3556 signiﬁcatio
1091 3483 1320 3537 vertitur
1369 3501 1380 3535 :
1425 3491 1488 3554 ut
1538 3489 1620 3535 est
1669 3480 1800 3535 illud

217 3581 582 3651 propheticum
625 3577 1032 3632 testimonium:
1064 3573 1173 3628 Cur
1221 3574 1531 3627 claudicatis
1585 3582 1800 3642 utroque

216 3671 334 3740 pede
359 3669 476 3741 (III
503 3669 636 3739 Reg.
659 3663 838 3739 xvtn),
869 3667 972 3722 hoc
997 3675 1099 3732 est,
1133 3680 1381 3721 sermone
1402 3673 1457 3720 et
1481 3680 1644 3735 opere
1670 3666 1802 3721 estis

219 3756 484 3817 instabiles
519 3769 577 3815 ct
615 3760 880 3824 subversi,
919 3758 1185 3829 pronique
1228 3756 1295 3810 ad
1332 3756 1553 3810 malum.
1586 3755 1722 3808 [tem
1747 3755 1802 3809 in

215 3854 411 3924 psalmo
433 3854 503 3910 de
529 3852 730 3909 Judais
749 3851 1009 3920 scriptum
1045 3858 1130 3904 est
1152 3869 1164 3902 :
1205 3847 1414 3902 Veloces
1441 3847 1594 3918 pedes
1621 3861 1801 3899 eorum

217 3947 281 3999 ad
299 3946 676 4014 e/fundendum
697 3945 1004 4014 sanguinem
1029 3941 1200 4014 (Psal.
1227 3940 1401 4010 cxm).
1430 3940 1602 3994 Pedes
1623 3939 1803 4008 appel-

216 4033 289 4090 lat
327 4036 534 4091 consilii
579 4049 920 4106 progressus,
965 4033 1158 4102 quibus
1201 4034 1266 4087 de
1308 4032 1520 4099 incepto
1549 4030 1799 4099 provehi-

218 4143 334 4182 mur
355 4129 422 4183 ad
451 4129 636 4183 exitus
657 4143 859 4181 rerum.
890 4125 1025 4180 Nam
1055 4124 1195 4195 quod
1221 4124 1353 4178 dixit
1381 4122 1596 4184 veloces,
1627 4129 1804 4176 osten-

220 4216 293 4272 dit
328 4217 722 4272 moderationis
768 4214 874 4270 illis
915 4214 1142 4270 consilia
1170 4213 1403 4268 defuisse
1431 4212 1499 4266 ad
1525 4211 1802 4265 effunden-

218 4307 338 4366 dum
380 4310 726 4380 sanguinem,
770 4307 1198 4363 subaudiendum
1245 4306 1458 4361 Domini
1505 4305 1803 4360 Salvatoris

217 4411 274 4458 ut
319 4401 599 4456 sceleratae
648 4399 726 4452 rei
767 4405 980 4452 crescat
1023 4397 1336 4451 immanitas
1375 4396 1624 4449 actionis.
1667 4394 1799 4449 Item

216 4492 373 4562 pedes
400 4505 602 4545 cursus
632 4490 756 4544 vita
785 4488 869 4544 vel
921 4488 1272 4542 stabilitatem
1303 4487 1500 4541 mentis
1530 4495 1623 4540 aut
1655 4486 1798 4553 ﬁdei,

219 4591 273 4636 ut
301 4583 352 4636 in
389 4583 612 4638 Psalmo
648 4601 660 4635 :
703 4581 901 4651 Perﬁce
941 4597 1149 4651 gressus
1192 4597 1332 4634 meos
1371 4581 1427 4634 in
1461 4581 1658 4634 semitis
1698 4581 1801 4634 tuis

219 4669 380 4743 (Psal.
413 4673 551 4744 xvi).
586 4673 792 4726 Planta
820 4688 849 4725 a
883 4672 1105 4742 planitie
1143 4677 1482 4741 nuncupata,
1535 4686 1654 4740 qua
1693 4687 1800 4727 non

219 4765 472 4829 rotunda,
507 4764 649 4818 utin
684 4762 1137 4832 quadrupedibus,
1185 4777 1255 4817 ne
1300 4769 1443 4817 stare
1484 4777 1592 4816 non
1632 4763 1803 4832 possit

217 4855 358 4926 bipes
405 4859 593 4918 homo,
652 4857 746 4911 sed
799 4855 972 4925 plana
1028 4863 1191 4925 atque
1238 4855 1509 4927 longiores
1552 4855 1800 4912 formata

220 4956 355 5009 sunt,
387 4956 448 4999 ut
471 4945 672 5000 stabile
697 4961 892 5016 corpus
920 4944 1212 5001 efﬁcerent.
1240 4945 1377 5000 Sunt
1402 4954 1578 5001 autem
1602 4947 1799 5016 planta

220 5036 511 5090 anteriores
541 5042 748 5105 partes,
787 5051 906 5105 qua
931 5033 1095 5090 etiam
1129 5035 1195 5091 de
1222 5035 1404 5091 multis
1433 5037 1645 5092 ossibus
1673 5053 1801 5092 con-

221 5130 373 5178 stant.
418 5125 747 5195 Signiﬁcant
789 5125 985 5196 planta
1037 5128 1328 5182 terminum
1373 5130 1802 5185 conversationis

222 5226 428 5271 nostra.
485 5216 643 5274 Unde
688 5217 946 5287 scriptum
993 5225 1075 5274 est
1104 5218 1160 5272 in
1186 5219 1326 5273 Isaia
1355 5219 1420 5274 de
1456 5218 1679 5275 Judaico
1707 5237 1802 5291 po-

222 5306 377 5372 pulo:
409 5308 453 5359 A
483 5308 673 5378 planta
707 5309 852 5378 pedis
892 5327 1054 5381 usque
1093 5311 1161 5364 ad
1201 5312 1440 5366 verticem
1485 5329 1586 5366 non
1619 5301 1693 5367 est
1717 5332 1801 5369 sa-

224 5397 352 5451 nitas
371 5400 426 5451 in
448 5417 509 5454 eo
539 5400 679 5471 (Isa.
709 5399 785 5470 ι);
808 5403 913 5456 hoc
955 5410 1056 5466 est,
1086 5418 1117 5457 a
1140 5419 1352 5460 summo
1374 5420 1543 5475 usque
1570 5405 1635 5460 ad
1657 5422 1802 5462 sum-

226 5500 382 5542 mum.
435 5491 576 5546 Tota
615 5493 761 5547 enim
820 5509 1008 5549 eorum
1055 5497 1396 5550 conversatio
1446 5497 1698 5551 vitiorum
1750 5507 1804 5553 et

224 5591 565 5652 peccatorum
616 5585 818 5640 aculeis
862 5587 1112 5641 confossa
1159 5597 1298 5655 erat,
1340 5604 1441 5644 nec
1463 5589 1666 5644 sanitas
1693 5591 1799 5646 ulla

231 5684 383 5732 recta
424 5677 551 5731 ﬁdei
594 5685 652 5732 et
693 5679 959 5734 bonorum
999 5695 1222 5751 Operum
1259 5683 1313 5736 in
1351 5683 1431 5738 eis
1482 5685 1794 5753 apparebat.

233 5762 377 5822 Unde
418 5770 681 5830 scriptum
731 5777 814 5824 est
850 5771 904 5824 in
936 5770 1152 5827 Psalmo
1194 5771 1262 5828 de
1287 5770 1421 5829 Juda
1483 5774 1794 5842 proditore:

1888 1957 2009 1994 rum
2057 1949 2158 2003 est,
2199 1941 2313 1994 sive
2359 1948 2634 1993 extremus
2683 1953 2877 1992 cursus
2923 1936 3066 1990 vita.
3113 1935 3190 1989 De
3230 1934 3486 1987 calcaneo

1889 2033 2032 2089 enim
2062 2033 2117 2086 in
2139 2031 2400 2101 psalterio
2425 2030 2491 2084 de
2515 2029 2714 2098 iniquis
2744 2028 3006 2096 scriptum
3031 2033 3113 2081 est
3134 2042 3148 2078 :
3175 2024 3286 2094 Ipsi
3311 2021 3488 2077 calca-

1892 2142 2047 2180 neum
2077 2141 2249 2192 meum
2273 2122 2615 2177 observabant
2655 2120 2827 2192 (Psal.
2854 2117 2963 2189 ιν).
3008 2117 3124 2171 Mos
3160 2116 3262 2170 iste
3297 2114 3489 2168 diabo-

1893 2215 2028 2269 licus
2053 2223 2158 2280 est,
2204 2211 2289 2267 vel
2339 2227 2550 2275 eorum,
2599 2211 2691 2279 qui
2741 2208 2975 2264 ministri
3015 2207 3185 2277 ipsius
3225 2220 3344 2260 esse
3390 2218 3488 2259 no-

1893 2316 2120 2362 scuntur
2154 2323 2166 2358 :
2207 2313 2266 2358 ut
2295 2303 2632 2366 calcaneum,
2675 2300 2730 2355 id
2763 2309 2868 2365 est,
2915 2298 3106 2353 ultima
3143 2303 3329 2351 nostra
3357 2295 3490 2348 insi-

1894 2396 2045 2450 diosa
2094 2392 2390 2448 calliditate
2449 2391 2779 2460 respiciant:
2811 2391 2952 2445 sicut
3005 2387 3240 2457 serpenti
3296 2401 3326 2438 a
3376 2385 3483 2438 Do—

1894 2491 2042 2544 mino
2061 2489 2379 2558 praedictum
2409 2494 2493 2541 est
2522 2504 2534 2538 :
2568 2484 2675 2539 Illa
2707 2493 2859 2537 tuum
2889 2481 3176 2536 observabit
3208 2487 3362 2548 caput
3388 2466 3404 2530 ὲ
3433 2485 3482 2532 et

1895 2589 1952 2632 tu
1999 2578 2334 2632 insidiaberis
2381 2575 2624 2629 calcaneo
2679 2575 2792 2643 ejus
2847 2569 2998 2644 (Gen.
3038 2569 3143 2640 ιιι).
3183 2567 3299 2623 Scit
3342 2567 3487 2621 enin;

1897 2667 2144 2724 diabolus
2182 2667 2413 2726 ﬁnitima
2451 2673 2635 2720 nostra
2670 2663 2925 2734 iudicari,
2955 2669 3011 2716 et
3033 2662 3149 2731 ipsa
3189 2658 3303 2712 vult
3334 2672 3492 2713 ever-

1899 2769 2035 2825 tere,
2080 2767 2139 2813 ut
2176 2758 2448 2829 possimus
2494 2757 2561 2811 ad
2600 2764 2784 2810 reatus
2822 2754 3135 2809 discrimina
3186 2751 3491 2821 pervenire.

1899 2850 2140 2920 Vestigia
2181 2851 2348 2914 enim,
2381 2849 2580 2919 quibus
2611 2845 2942 2901 transeundo
2971 2844 3201 2914 pedibus
3233 2843 3494 2897 indicium

1902 2940 2165 2995 transitus
2214 2938 2387 2994 nostri
2417 2938 2795 3008 relinquimus,
2830 2933 3118 3004 aliquando
3146 2930 3497 3000 stabilitatem

1899 3029 2163 3083 virtutum
2193 3027 2422 3099 mystice
2452 3026 2756 3097 designant,
2788 3032 2846 3079 ut
2878 3033 2963 3079 est
2992 3022 3122 3077 illud
3149 3022 3206 3076 in
3233 3020 3449 3077 Psalmo
3479 3037 3493 3050 ·

1907 3118 1974 3173 Ut
2012 3137 2117 3174 non
2166 3128 2477 3174 moveantur
2515 3118 2729 3187 vestigia
2777 3132 2892 3170 mea
2941 3112 3114 3187 (Psal.
3158 3114 3294 3184 xvr).
3348 3113 3417 3167 Et
3440 3113 3497 3168 in

1906 3210 2064 3265 aliam
2108 3220 2318 3275 partem
2365 3210 2689 3264 translatum
2720 3209 2934 3263 devium
2964 3215 3311 3278 peccatorum
3342 3220 3499 3263 mon-.-

1905 3310 2058 3368 strat,
2101 3313 2160 3357 ut
2198 3311 2282 3357 est
2327 3302 2496 3356 illud:
2531 3301 2741 3354 Transit
2781 3301 2880 3353 iter
2905 3299 3206 3369 impiorum,
3245 3306 3497 3368 tanquam

1904 3396 2175 3466 vestigium
2213 3395 2356 3448 navis
2390 3392 2541 3466 (Sap.
2565 3393 2649 3466 ιι).
2699 3393 2887 3464 Neque
2934 3393 3201 3449 silendum
3240 3392 3499 3459 arbitror,

1906 3485 2047 3555 quod
2081 3486 2137 3538 in
2163 3500 2391 3555 corpore
2422 3493 2610 3542 nostro
2635 3494 2734 3540 est.
2770 3484 3028 3552 Quadam
3057 3495 3264 3541 tantum
3287 3485 3498 3541 utilita-

1908 3579 1977 3632 tis
2005 3592 2167 3632 causa
2199 3577 2344 3632 facta
2375 3587 2522 3643 sunt,
2559 3586 2617 3631 ut
2655 3578 2905 3632 viscera:
2933 3580 3180 3649 qpadam
3208 3586 3265 3634 et
3291 3579 3498 3634 utilita-

1908 3671 1979 3724 tis
2005 3676 2061 3723 et
2098 3669 2331 3734 decoris,
2365 3677 2426 3722 ut
2457 3685 2651 3724 sensus
2679 3670 2736 3724 in
2764 3669 2924 3735 facie,
2955 3680 3010 3725 et
3043 3671 3098 3725 in
3126 3685 3354 3741 corpore
3383 3687 3497 3727 ma-

1908 3773 2010 3813 nus
2033 3773 2098 3813 ac
2118 3758 2301 3828 pedes,
2333 3773 2563 3827 quorum
2590 3760 2959 3815 membrorum
2989 3769 3044 3815 et
3068 3762 3276 3818 utilitas
3296 3777 3495 3833 magna

1907 3858 2007 3914 est,
2049 3858 2104 3904 et
2133 3850 2340 3917 species
2363 3850 2744 3905 decentissima
2773 3871 2784 3904 :
2820 3852 3068 3920 quadam
3099 3861 3306 3908 tantum
3331 3855 3491 3912 deco-

1907 3940 2002 4004 ris,
2040 3947 2100 3993 ut
2129 3940 2379 3993 mamilla
2413 3941 2466 3994 in
2495 3942 2649 4007 viris,
2676 3951 2732 3997 et
2768 3943 2821 3996 in
2857 3954 3090 4012 utroque
3113 3961 3245 3999 sexu
3274 3948 3494 4002 umbili-

1907 4046 2002 4084 cus
2027 4049 2039 4082 :
2067 4031 2313 4099 quadam
2335 4031 2694 4098 discretionis,
2716 4041 2776 4087 ut
2799 4034 2854 4088 in
2877 4034 3010 4088 viris
3031 4035 3305 4104 genitalia,
3331 4037 3501 4094 barba

1907 4120 2138 4190 prolixa,
2190 4129 2380 4190 pectus
2419 4123 2656 4193 amplum
2686 4143 2697 4177 :
2728 4126 2784 4179 in
2825 4125 3146 4184 mulieribds
3174 4129 3322 4184 lenes
3349 4146 3499 4200 gena

1909 4219 2266 4282 etangustum
2281 4220 2489 4281 pectus,
2506 4215 2572 4270 ad
2600 4215 2984 4285 concipiendos
3010 4225 3065 4272 et
3084 4220 3377 4287 portandos
3398 4219 3500 4277 fte-

1911 4314 2016 4371 tus,
2048 4319 2207 4360 renes
2231 4312 2286 4361 et
2311 4304 2483 4361 latera
2511 4306 2756 4362 dilatata.

2551 4397 2780 4454 CAPUT
2818 4398 2880 4453 ΙΙ.

2194 4488 2273 4542 De
2293 4489 2397 4542 situ
2424 4497 2471 4543 et
2493 4490 2672 4543 habitu
2700 4490 2921 4544 humani
2949 4494 3204 4563 corporis.

1827 4543 1882 4603 Β
1982 4576 2140 4632 Stare
2175 4578 2431 4643 hominis,
2464 4579 2518 4631 in
2548 4577 2653 4633 ﬁde
2683 4580 2983 4637 consistere
3008 4543 3298 4654 signiﬁcat,
3328 4594 3388 4641 ut
3433 4587 3490 4643 in

1873 4668 2166 4746 .Apostolo
2197 4686 2208 4720 :
2244 4666 2391 4722 State
2427 4669 2483 4721 in
2523 4668 2626 4737 ﬁde
2652 4666 2702 4739 (I
2746 4666 2872 4724 Cor.
2897 4671 3030 4743 xvr).
3068 4672 3382 4742 Ambulare,
3423 4676 3493 4732 ad

1907 4761 2076 4815 Deum
2098 4760 2337 4825 tendere,
2368 4767 2428 4813 ut
2456 4760 2510 4814 in
2540 4760 2747 4830 psalmo
2779 4779 2791 4814 :
2826 4761 2897 4814 Et
2931 4763 3266 4818 ambulabam
3289 4767 3345 4819 in
3370 4767 3497 4822 lati-

1906 4853 2088 4907 tudine
2111 4851 2283 4921 (Psal.
2311 4852 2522 4924 cxvm).
2567 4851 2787 4917 Sedere,
2834 4855 2888 4908 in
2926 4856 3037 4910 Deo
3083 4856 3362 4912 humiliter
3399 4874 3490 4916 re-

1907 4945 2211 5014 quiescere,
2234 4945 2371 4998 utin
2395 4945 2688 5015 Evangelio
2717 4964 2729 4999 :
2769 4944 2873 5001 Vos
2901 4949 3272 5005 autem'sedete
3291 4951 3349 5006 in
3371 4953 3497 5006 civi-

1904 5044 2028 5090 tate.
2061 5035 2128 5089 Et
2169 5036 2224 5089 in
2266 5035 2404 5090 libro
2437 5035 2645 5104 Regum
2675 5036 2742 5091 de
2770 5036 2939 5092 David
2971 5029 3170 5093 dicitur
3201 5059 3213 5092 :
3245 5038 3496 5114 Seditque

1902 5150 2079 5188 coram
2105 5133 2327 5186 Domino
2353 5131 2438 5203 (II
2471 5130 2593 5202 Reg.
2639 5132 2756 5204 vn).
2804 5133 3030 5200 Iacere,
3072 5143 3167 5189 aut
3204 5137 3353 5192 vitiis
3398 5148 3493 5196 aut

1902 5225 2290 5280 tentationibus
2350 5223 2720 5278 succumbere.
2764 5223 2918 5281 Unde
2976 5225 3172 5295 legitur
3214 5226 3272 5282 in
3313 5227 3493 5284 Evan-

1905 5318 2043 5389 gelio
2071 5338 2082 5371 :
2119 5318 2188 5371 Et
2228 5317 2422 5370 invenit
2459 5333 2576 5370 eum
2611 5317 2873 5385 jacentem
2901 5318 2958 5372 in
2986 5318 3116 5372 lecto
3141 5318 3334 5391 (Marc.
3363 5319 3486 5394 vn).

1907 5408 2161 5472 Currere,
2192 5409 2246 5462 in
2273 5407 2527 5476 operibus
2554 5406 2710 5462 bonis
2733 5408 3059 5477 prosperari.
3096 5408 3152 5462 ln
3179 5408 3442 5479 Apostolo
3466 5428 3485 5466 :

1909 5503 2000 5559 Sic
2033 5506 2242 5567 currite,
2274 5512 2331 5556 ut
2358 5504 2803 5574 comprehendatis
2833 5504 2884 5575 (I
2915 5505 3036 5560 Cor.
3069 5506 3166 5580 ιι),
3200 5508 3267 5563 Ει
3289 5509 3346 5563 in
3371 5525 3486 5565 ma-

1904 5590 2010 5650 lam
2037 5603 2248 5665 partem
2274 5609 2288 5648 :
2317 5594 2484 5648 Pedes
2512 5613 2691 5649 eorum
2720 5596 2789 5648 ad
2819 5596 3016 5651 malum
3043 5608 3263 5652 currunt
3292 5596 3479 5669 (Prov.

1904 5685 1965 5756 ι).
2012 5685 2313 5751 Ascensus,
2371 5683 2645 5754 profectus
2692 5685 2748 5739 in
2800 5687 3047 5742 Domino.
3111 5686 3171 5741 In
3227 5688 3476 5757 psalmo:

1906 5777 2162 5832 Ascensus
2191 5775 2423 5843 in.corde
2448 5792 2542 5830 suo
2563 5775 2816 5846 disposuit
2844 5774 3016 5841 (Psal.
3052 5776 3304 5850 Lxxnu).
3322 5777 3400 5835 ‘Et
3425 5778 3481 5834 in
