3930 6354
410 328 514 389 179

1076 325 1139 379 Β.
1182 322 1434 378 RABANI
1472 323 1694 380 MAURI
1727 320 2045 378 ARCHIEP.
2087 322 2395 380 MOGUNT.
2435 321 2724 381 OPERUM
2757 324 2938 380 PARS
2970 323 3037 380 Il.

3586 325 3689 383 180

406 442 635 499 Exodo:
670 439 877 495 Armati
918 438 1265 493 ascenderunt
1312 437 1413 506 ﬁlii
1460 437 1630 492 Israel
1666 439 1729 492 de
1763 436 1996 508 Egypto
2024 446 2078 510 Α
2103 438 2312 511 (Ibid.).
2353 419 2561 511 Lingua
2612 438 2826 505 diaboli,
2876 439 3140 511 sapientia
3183 440 3365 496 saaculi
3392 439 3576 510 hujus,
3599 440 3691 499 vel

411 534 610 607 (Exod.
636 531 776 605 xui).
809 531 944 587 Item
975 531 1031 585 in
1052 530 1249 585 malam
1274 537 1485 599 partem
1508 544 1786 597 ascensus,
1818 546 2001 600 super-

404 626 511 682 biae
546 624 898 696 praesumptio
934 624 985 678 in
1033 620 1329 692 Evangelio
1360 640 1374 675 :
1409 620 1513 687 Qui
1556 640 1661 676 non
1701 623 1864 676 intrat
1910 640 2002 687 per

405 718 599 772 ostium
619 718 675 770 in
704 715 839 770 ovile
865 717 1061 781 ovium,
1105 713 1197 768 sed
1232 714 1465 768 ascendit
1512 714 1750 778 aliunde,
1785 716 1875 767 ille
1913 715 2002 783 [ur

374 876 376 878 τ
405 817 484 864 est
506 818 556 863 et
590 808 728 863 latro
760 806 942 880 (Joan.
967 806 1046 877 ι).
1078 805 1406 870 Descensus,
1438 806 1679 862 defectus
1709 821 1740 860 a
1769 804 1901 860 Deo.
1941 804 2000 859 ln

405 899 699 970 Evangelio
730 917 742 952 :
775 898 951 952 Homo
979 899 1197 969 quidam
1239 898 1583 952 descendebat
1629 905 1693 952 ab
1740 897 1997 953 Hierusa-

405 992 505 1047 lem
533 993 588 1046 in
606 991 864 1045 Hiericho
892 989 1043 1063 (Luc.
1068 991 1147 1063 ιι).
1174 991 1239 1044 Ει
1263 991 1318 1045 in
1346 990 1485 1045 Isaia
1508 988 1651 1053 εγω,
1670 992 1795 1061 quia
1817 1006 2000 1043 ascen-

403 1086 532 1139 ditis
575 1100 751 1155 equos,
802 1094 856 1138 ut
899 1083 1227 1137 descendetis
1260 1084 1318 1138 in
1345 1083 1637 1155 £9yptum
1682 1081 1817 1147 (Isa.
1842 1081 1996 1152 xxx).

1019 1214 1251 1272 CAPUT
1283 1214 1370 1272 III.

454 1323 754 1393 .Quomodo
790 1326 1025 1379 humana
1066 1326 1301 1381 membra
1329 1326 1665 1386 ascribautur
1692 1325 1923 1380 diabolo.

474 1439 769 1497 Sciendum
810 1454 942 1495 vero
970 1447 1074 1505 est,
1103 1440 1248 1510 quod
1279 1440 1497 1510 quando
1538 1441 1782 1495 membra
1822 1441 1997 1497 homi-

398 1534 489 1589 nis
513 1542 571 1589 et
606 1532 836 1587 humani
877 1540 1032 1588 actus
1073 1532 1290 1587 diabolo
1332 1533 1701 1598 ascribuntur,
1750 1547 1861 1587 non
1906 1547 1994 1586 se-

397 1623 635 1679 cundum
662 1623 969 1691 historiam,
1018 1624 1113 1679 sed
1145 1624 1440 1679 secundum
1495 1623 1805 1695 allegoriam
1848 1624 1994 1679 acci-

395 1714 596 1786 pienda
637 1721 799 1769 sunt:
828 1715 956 1783 quia
986 1714 1042 1768 in
1082 1714 1268 1768 multis
1307 1713 1443 1767 locis
1482 1712 1781 1782 Scriptura:
1826 1730 1996 1770 sacrae

2102 530 2485 585 haereticorum
2536 530 2726 601 dogma
2758 549 2771 585 :
2800 538 2861 585 ut
2887 539 2971 586 est
3019 529 3151 585 illud
3199 530 3253 585 in
3293 530 3393 587 Job
3418 550 3431 586 :
3460 531 3532 586 Et
3558 533 3691 603 {uno

2101 620 2285 692 ligabis
2308 619 2545 691 linguam
2572 621 2685 691 ejus
2713 620 2854 693 (Job.
2883 622 2995 693 XL).
3032 621 3168 679 Ossa
3194 621 3413 689 diaboli,
3442 630 3692 693 potentes

2101 715 2302 785 quique
2326 722 2381 768 et
2411 714 2578 768 fortes
2609 714 2661 769 in
2680 715 2903 777 malitia,
2936 715 3053 769 sive
3082 714 3345 780 haeretici,
3379 723 3534 770 utest
3559 715 3693 771 illud

2102 806 2157 861 in
2208 804 2350 860 Job:
2384 804 2520 860 Ossa
2561 805 2707 873 eius,
2761 805 2942 874 ﬁstula
2984 806 3104 860 teris
3156 804 3366 877 (Ibid.).
3415 806 3692 878 Cartilago

2100 903 2217 973 ejus
2239 902 2416 956 minus
2439 910 2706 971 potentes,
2731 915 2895 971 quam
2940 902 3016 968 hi,
3040 901 3133 972 qui
3158 916 3281 955 ossa
3307 901 3687 955 nominantur:

2100 1003 2162 1048 ut
2203 1003 2285 1048 est
2336 993 2468 1049 illud
2515 994 2569 1047 in
2618 992 2720 1048 Job
2762 1012 2774 1046 :
2823 990 3093 1063 Cartilago
3142 992 3256 1062 ejus
3303 992 3436 1045 sicut
3478 991 3693 1045 lamina

2100 1086 2285 1157 ferrea:
2330 1084 2543 1157 (Ibid.).
2589 1084 2800 1138 Halitus
2841 1083 3062 1149 diaboli,
3114 1082 3402 1153 inspiratio
3450 1081 3690 1149 occulta,

2098 1192 2197 1247 per
2223 1190 2385 1246 quam
2433 1175 2596 1230 corda
2645 1181 2994 1245 peccatorum
3038 1188 3223 1227 amore
3263 1170 3468 1229 carnali
3498 1171 3692 1227 ardere

2099 1266 2232 1323 facit
2259 1285 2271 1321 :
2302 1276 2362 1321 ut
2383 1276 2468 1321 est
2496 1265 2627 1320 illud
2652 1265 2706 1319 iu
2736 1264 2838 1320 Job
2865 1284 2877 1318 :
2909 1263 3125 1320 Halitus
3147 1262 3264 1333 ejus
3284 1278 3483 1333 prunas
3504 1259 3692 1316 ardere

2099 1359 2226 1428 facit
2258 1356 2401 1430 (Job.
2429 1356 2562 1429 xu).
2591 1356 2782 1411 Facies
2811 1354 3031 1417 diaboli,
3061 1352 3379 1409 Antichristi
3402 1352 3690 1416 adventus,

2098 1451 2184 1505 vel
2204 1458 2394 1520 aperta
2421 1450 2538 1520 ejus
2569 1448 2773 1503 malitia
2804 1464 2818 1511 ;
2849 1455 2910 1501 ut
2945 1454 3029 1501 est
3067 1445 3196 1499 illud
3223 1444 3276 1497 in
3301 1442 3405 1497 Job
3430 1460 3442 1495 :
3472 1440 3695 1496 Faciem

2098 1541 2213 1611 ejus
2240 1542 2487 1611 prwcedit
2513 1550 2716 1611 egestas
2746 1536 2959 1610 (Ibid.).
2992 1536 3198 1592 Cames
3226 1534 3450 1599 diaboli,
3486 1532 3693 1587 inﬁrmi

2100 1632 2299 1701 quique
2333 1633 2385 1685 in
2413 1647 2643 1699 corpore
2678 1629 2816 1699 ejus,
2844 1638 2899 1684 et
2928 1629 3106 1683 minus
3148 1626 3383 1683 valentes
3418 1640 3646 1697 peccare
3662 1638 3690 1679 ς

2099 1732 2160 1777 ut
2180 1730 2264 1777 est
2288 1722 2418 1777 illud
2445 1722 2499 1776 in
2528 1721 2628 1775 Job
2655 1739 2666 1773 :
2704 1720 2941 1774 Membra
2967 1719 3207 1772 carnium
3227 1715 3343 1787 ejus
3367 1715 3691 1773 cohterentia

395 1809 707 1877 huiusmodi
746 1809 958 1878 species
996 1808 1366 1862 inveniuntur.
1395 1806 1532 1861 Nam
1566 1815 1730 1879 caput
1752 1809 1995 1864 omnium
2024 1808 2072 1868 B
2101 1815 2201 1870 sibi
2242 1813 2453 1884 (lbid.).
2515 1812 2773 1867 Testiculi
2832 1809 3055 1876 diaboli,
3110 1808 3196 1864 vel
3262 1806 3523 1870 haeretici,
3597 1803 3688 1862 vel

394 1901 665 1956 malorum
716 1901 963 1957 diabolus
1003 1910 1106 1956 est.
1160 1901 1313 1956 Unde
1357 1900 1553 1969 legitur
1599 1901 1653 1955 in
1693 1899 1992 1956 Habacuc:

396 1992 720 2050 Percussisti
750 2004 907 2064 caput
930 1994 993 2047 de
1017 1994 1173 2047 domo
1202 1993 1348 2063 impii
1380 1992 1611 2064 (Habac.
1648 1993 1756 2065 ιιι).
1784 1992 1996 2065 Corpus

396 2101 528 2142 vero
562 2085 761 2142 diaboli
793 2085 1007 2157 reprobi
1034 2085 1297 2140 homines.
1326 2082 1480 2137 Unde
1500 2083 1566 2138 de
1590 2082 1891 2139 Vehemoth
1913 2087 1992 2141 le-

397 2183 547 2253 gitur
593 2184 650 2238 in
682 2168 849 2238 .librol
886 2181 1035 2237 beati
1088 2178 1191 2235 Job
1222 2198 1235 2232 :
1269 2177 1473 2249 Corpus
1512 2177 1629 2248 ejus
1668 2178 1804 2234 sicut
1844 2191 1993 2235 scuta

397 2274 581 2345 fusilia
611 2274 758 2347 (Job.
788 2271 924 2347 xu).
955 2270 1109 2328 Oculi
1132 2272 1251 2342 ejus
1273 2269 1358 2324 vel
1393 2269 1583 2324 dentes
1612 2270 1854 2326 haeretici
1877 2273 1992 2329 sive

393 2367 546 2436 pravi
578 2382 769 2421 omnes
789 2367 1041 2420 doctores
1070 2382 1081 2417 :
1107 2371 1167 2418 ut
1196 2364 1251 2417 in
1277 2360 1540 2431 praedicto
1558 2359 1699 2415 libro
1727 2364 1989 2433 scriptum

395 2466 481 2513 est
519 2476 534 2512 :
578 2455 735 2513 Oculi
783 2458 899 2526 ejus
947 2457 1082 2510 sicut
1130 2454 1440 2526 palpebrae:
1482 2471 1538 2513 in
1583 2456 1808 2519 circuitu
1857 2455 1987 2509 deu-

394 2549 529 2601 tium
558 2547 672 2617 ejus
697 2546 923 2615 formido
957 2544 1171 2618 (Ibid.).
1208 2546 1381 2603 Nares
1419 2549 1640 2613 diaboli,
1681 2548 1991 2617 inspiratio-

392 2659 495 2699 nes
539 2642 685 2697 illius
725 2657 909 2712 prava:
936 2660 949 2695 :
977 2652 1036 2696 ut
1078 2642 1131 2696 in
1162 2641 1264 2697 Job
1294 2668 1306 2697 ς
1338 2643 1407 2697 Et
1435 2645 1499 2697 de
1524 2642 1739 2697 naribus
1769 2641 1885 2712 ejus
1907 2641 1991 2711 fu-

393 2750 513 2789 mus
537 2734 770 2803 procedit
794 2732 1006 2806 (Ibid.).
1035 2732 1109 2789 Os
1133 2734 1352 2799 diaboli,
1382 2735 1681 2790 locutiones
1705 2735 1843 2805 ejus,
1871 2732 1991 2803 qui-

396 2822 495 2878 bus
526 2824 693 2879 eorda
726 2823 1005 2879 hominum
1050 2823 1280 2879 occultis
1321 2823 1741 2893 cogitationibus
1767 2822 1993 2891 alloqui-

2101 1921 2283 1976 prava:
2310 1905 2665 1975 cogitationes
2716 1900 2990 1956 subtiliter
3027 1898 3255 1953 vinculis
3284 1904 3598 1967 peccatores
3626 1892 3696 1950 li-

2102 2007 2309 2071 gantes,
2336 2005 2395 2050 ut
2421 2003 2503 2050 est
2528 1993 2656 2049 iilud
2678 1993 2731 2047 in
2763 1992 2901 2047 Job:
2942 1989 3102 2045 Nervi
3157 1989 3517 2043 testiculorum
3575 1985 3694 2056 ejus

2099 2090 2332 2163 perplexi
2358 2098 2475 2142 sunt
2501 2087 2643 2159 (Job.
2676 2086 2787 2157 ιιι).
2833 2085 3017 2141 Gauda
3057 2084 3277 2147 diaboli,
3322 2081 3693 2137 Antichristua

2101 2181 2185 2237 vel
2214 2179 2550 2236 consuetudo
2578 2178 2859 2250 peccandi,
2898 2187 2957 2231 ιιι
2992 2186 3079 2232 εει
3118 2176 3283 2230 illud.
3316 2174 3538 2246 Stringit
3562 2190 3692 2229 cau-

2100 2271 2226 2325 dam
2246 2286 2399 2324 suam
2419 2269 2571 2340 quasi
2601 2267 2815 2322 cedrum
2859 2265 3071 2339 (Ibid.).
3116 2265 3367 2321 Dormire
3392 2263 3691 2329 diabolum,

2098 2370 2184 2418 est
2209 2362 2263 2415 in
2291 2361 2457 2416 corde
2499 2360 2854 2430 reproborum
2895 2359 3261 2429 requiescere,
3287 2365 3345 2412 ut
3374 2364 3456 2413 est
3483 2353 3614 2410 illud
3636 2354 3694 2409 in

2097 2453 2240 2509 Job:
2275 2452 2385 2508 Sub
2426 2452 2614 2507 umbra
2660 2452 2851 2506 dormit
2892 2454 2948 2506 in
2996 2460 3195 2507 secreto
3241 2448 3434 2504 calami
3478 2444 3692 2519 (Ibid.).

2098 2543 2329 2599 Pascere
2350 2542 2569 2608 diaboli,
2601 2551 2686 2597 est
2708 2542 2760 2595 in
2794 2544 3033 2612 peccatis
3078 2541 3367 2611 impiorum
3408 2536 3690 2605 delectari,

2100 2643 2161 2690 ut
2185 2643 2268 2691 est
2296 2635 2427 2690 illud
2453 2635 2509 2689 in
2530 2632 2632 2690 Job
2657 2651 2671 2687 :
2700 2632 2837 2688 Huic
2868 2644 3067 2689 montes
3093 2633 3278 2688 herbas
3308 2633 3504 2703 ferunt.
3538 2628 3693 2698 Quod

2102 2729 2171 2784 ad
2208 2728 2490 2783 hominem
2516 2736 2573 2783 et
2601 2727 2667 2783 ad
2698 2736 2880 2797 partes
2909 2728 3103 2782 attinet
3134 2726 3396 2795 wrporis,
3438 2739 3503 2779 ex
3538 2729 3693 2794 parte

2094 2822 2209 2893 jam
2238 2821 2488 2891 superius
2514 2822 2720 2877 dictum
2744 2829 2849 2876 est.
2891 2820 3049 2876 Nunc
3085 2828 3273 2875 aetates
3306 2817 3424 2892 eius
3468 2816 3689 2887 subjun-

394 2923 485 2969 tur
515 2933 527 2969 :
555 2923 616 2969 ut
636 2924 721 2970 est
749 2914 881 2970 illud
908 2915 964 2968 iu
986 2914 1087 2969 Job
1116 2933 1129 2968 :
1155 2914 1234 2968 De
1262 2930 1350 2968 ore
1372 2882 1487 2984 ejus
1512 2915 1729 2983 ﬂamma
1750 2882 1993 2980 procedet
2022 2882 2067 2947 C
2094 2882 2309 2982 gamus.

402 3073 3417 3105 ww

3418 3072 3675 3097 μ

1566 3205 1668 3283 LI
1684 3203 1873 3283 BER
1948 3199 2501 3284 SEPTIMUS.

913 3488 1147 3549 CAPUT
1184 3484 1475 3546 PRIMUM.

880 3583 959 3639 De
984 3583 1229 3638 (statibus
1254 3581 1499 3636 hominis.

465 3676 677 3733 Gradus
707 3675 885 3731 aetatis
923 3689 1018 3729 sex
1067 3681 1230 3729 sunt:
1264 3670 1511 3735 infantia,
1556 3671 1812 3740 pueritia,
1860 3671 1990 3726 ado-

393 3768 681 3835 lesCentia,
723 3766 995 3835 juventus,
1028 3764 1269 3835 gravitas
1301 3770 1465 3833 atque
1494 3771 1764 3818 senectus.
1805 3761 1985 3818 Prima

392 3872 525 3917 aetas
558 3859 782 3915 infantia
810 3868 892 3914 est
920 3858 1072 3929 pueri
1105 3856 1378 3912 nascentis
1404 3856 1471 3911 ad
1496 3856 1695 3922 lucem,
1720 3872 1841 3927 quae
1867 3870 1989 3927 por-

392 3953 591 4024 rigitur
634 3951 688 4005 in
726 3960 931 4021 septem
984 3949 1161 4004 annis.
1210 3947 1459 4004 Secunda
1491 3956 1623 4003 mtas
1652 3950 1903 4017 pueritia,
1932 3948 1987 4003 id

395 4054 497 4110 est,
529 4059 686 4114 pura,
718 4052 773 4097 et
819 4040 1050 4097 necdum
1088 4040 1155 4096 ad
1187 4041 1554 4112 generandum
1584 4048 1730 4110 apta,
1762 4041 1990 4095 tendens

402 4148 573 4204 usque
600 4133 665 4186 ad
723 4133 787 4185 14
818 4146 1011 4186 annos.
1044 4132 1246 4194 Tertia,
1279 4132 1643 4187 adolescentia
1675 4133 1741 4186 ad
1771 4132 1993 4203 gignen-

395 4229 522 4282 dum
570 4223 771 4287 adulta,
825 4237 947 4291 quae
998 4222 1292 4292 porrigitur
1343 4239 1514 4293 usque
1566 4225 1633 4277 ad
1680 4224 1750 4279 28
1792 4239 1983 4281 annos.

395 4319 620 4384 Quarta,
643 4313 921 4382 juventus,
940 4312 1251 4367 ﬁrmissima
1271 4315 1765 4385 aetatumtomuium,
1793 4315 1988 4369 ﬁniens

2097 3486 2283 3545 Dictus
2317 3494 2497 3544 autem
2536 3486 2735 3555 iulans,
2765 3486 2892 3558 quia
2918 3487 3097 3544 adhuc
3127 3482 3229 3543 fari
3259 3488 3435 3545 nescit
3461 3505 3477 3544 :
3504 3488 3559 3546 id
3582 3499 3683 3559 est,

2099 3578 2244 3648 loqui
2268 3594 2377 3634 non
2406 3585 2601 3648 potest.
2635 3577 2883 3633 Nondum
2918 3578 3064 3633 enim
3100 3578 3236 3633 bene
3271 3577 3541 3636 ordinatis
3566 3581 3680 3637 deu-

2099 3669 2246 3724 tibus
2274 3669 2428 3739 plena
2456 3676 2541 3725 est
2565 3672 2833 3725 sermonis
2859 3669 3156 3741 expressio.
3190 3667 3449 3737 Infantes,
3481 3672 3683 3729 malitia

2093 3762 2346 3832 parvulos
2381 3764 2609 3834 mystice
2641 3762 2948 3833 signiﬁcant
2978 3781 2990 3816 :
3022 3770 3082 3816 ut
3113 3762 3167 3816 in
3195 3763 3405 3834 psalmo
3438 3783 3451 3819 :
3483 3765 3570 3821 Ea:
3599 3782 3687 3823 ore

2093 3853 2379 3922 infantium
2439 3864 2485 3908 et
2538 3853 2842 3909 lactentium
2884 3856 3144 3925 perfecisti
3199 3854 3407 3912 Iaudem
3459 3858 3682 3929 (Psalm.

2096 3942 2236 4014 vm).
2266 3942 2574 4008 Lactentes,
2600 3944 2653 3998 in
2676 3943 2878 4000 Chn’sti
2905 3943 3009 4000 ﬁde
3039 3945 3401 4015 proﬁcientes.
3435 3950 3688 4007 Ablacta-

2099 4044 2205 4101 tus,
2231 4036 2500 4103 Christus,
2525 4039 2591 4091 de
2611 4053 2717 4107 quo
2736 4050 2835 4108 per
2856 4038 3047 4093 Isaiam
3077 4040 3275 4095 dicitur
3299 4060 3311 4095 :
3339 4041 3509 4112 Super
3530 4044 3688 4113 fora-

2096 4128 2237 4181 mina
2262 4130 2481 4199 aspidis,
2496 4136 2543 4182 et
2563 4130 2619 4182 in
2641 4147 2862 4183 caverna
2891 4130 3056 4200 reguli
3075 4131 3165 4201 qui
3188 4132 3482 4187 ablactatus
3504 4135 3683 4204 fuerit,

2098 4235 2313 4274 manum
2368 4237 2520 4275 suam
2574 4222 2744 4273 mittet
2793 4219 2929 4289 (Isai
2964 4221 3064 4292 χι).
3121 4220 3389 4278 Ablactati
3437 4224 3682 4293 perfecti,

2097 4312 2249 4381 quasi
2280 4326 2309 4365 a
2340 4310 2569 4381 simplici
2608 4310 2727 4365 cibo
2764 4310 3022 4366 doctrinae
3061 4313 3343 4367 abstracti.
3376 4314 3478 4370 Ubi
3509 4324 3565 4369 et
3590 4331 3679 4371 su-

397 4408 451 4461 in
480 4404 984 4475 quinquagesimum
1018 4416 1244 4475 annum.
1271 4394 1468 4470 Quinta
1499 4412 1632 4457 aetas
1656 4405 1906 4470 senioris,
1934 4405 1988 4459 id
2015 4469 2055 4475 _
2095 4414 2191 4472 pra
2217 4401 2549 4466 Ablactatus,
2584 4413 2613 4456 a
2635 4400 2776 4456 iacte
2807 4401 3062 4472 expulsus
3088 4404 3156 4458 ab
3181 4404 3456 4460 uberibus.
3482 4406 3681 4463 Parvu-

396 4469 515 4563 est;
533 4469 793 4568 gravitas,
825 4508 945 4564 quae
984 4501 1067 4548 est
1106 4469 1399 4549 declinatio
1437 4512 1467 4547 a
1504 4495 1788 4564 iuventute
1817 4495 1871 4548 in
1904 4512 1989 4549 se-
2015 4469 2067 4526 D
2093 4469 2177 4547 lus
2204 4494 2429 4563 mystice
2450 4494 2718 4559 Christus,
2745 4502 2803 4547 ut
2825 4469 2908 4547 est
2928 4494 3059 4550 illud
3080 4495 3231 4549 Isaiae
3257 4515 3267 4548 :
3296 4494 3566 4553 Parvulas
3590 4516 3682 4561 na—

398 4593 696 4647 nectutem,
742 4584 981 4637 nondum
1008 4592 1279 4647 senectus,
1308 4584 1400 4638 sed
1417 4583 1531 4652 jam
1560 4598 1666 4637 non
1689 4582 1945 4651 juventus
1972 4602 1984 4637 :

397 4674 525 4743 quia
540 4671 770 4728 senioris
790 4681 922 4725 aetas
948 4680 1050 4735 est,
1075 4687 1235 4741 quam
1259 4670 1431 4725 Graeci
1458 4674 1747 4742 presbyten
1770 4681 1985 4727 vocant.

397 4765 534 4820 Nam
568 4781 733 4819 senex
766 4764 908 4834 apud
938 4763 1157 4820 Graecos
1192 4779 1296 4819 non
1327 4765 1631 4835 presbyter,
1663 4766 1757 4819 sed
1790 4780 1987 4834 gereon

399 4856 616 4911 dicitur.
652 4854 782 4921 Quae
809 4863 965 4919 aetas,
992 4871 1020 4907 a
1053 4855 1501 4926 quinquagesimo
1529 4871 1670 4909 anno
1700 4856 1986 4925 incipiens,

399 4946 801 5014 septuagesimo
855 4960 997 4997 anno
1046 4946 1389 4999 terminatur.
1445 4945 1610 4999 Sexta
1659 4954 1790 5000 astas
1834 4961 1990 5000 sene-

399 5045 537 5098 ctus,
567 5049 687 5102 quze
728 5034 873 5089 nullo
910 5049 1176 5089 annorum
1209 5044 1449 5103 tempore
1482 5035 1703 5088 ﬁnitur:
1736 5038 1831 5090 sed
1869 5048 1990 5106 post

399 5128 638 5197 quinque
686 5127 805 5181 illas
843 5133 1053 5191 aetates,
1098 5136 1578 5197 quantumcunque
1608 5128 1731 5183 vita:
1760 5138 1859 5193 est,
1900 5144 1987 5183 se-

400 5219 606 5272 nectuti
642 5218 951 5287 deputatur.
992 5218 1214 5273 Senium
1254 5230 1433 5273 autem
1465 5235 1592 5288 pars
1621 5221 1807 5275 ultima
1836 5237 1990 5276 sene-

399 5310 781 5375 ctutis,'dicta,
811 5310 953 5379 quod
986 5311 1057 5364 sit
1084 5312 1347 5367 terminus
1384 5320 1551 5367 sextae
1580 5314 1774 5367 artatis.
1802 5314 1859 5368 In
1906 5315 1990 5369 his

402 5399 569 5469 igitur
602 5417 693 5455 sex
728 5403 917 5471 spatiis
942 5398 1241 5473 philosOphi
1264 5404 1429 5458 vitam
1458 5404 1861 5474 descripserunt
1884 5407 1986 5461 hu-

404 5506 646 5555 manam,
673 5493 724 5545 in
747 5494 946 5561 quibus
975 5502 1217 5548 mutatur
1237 5503 1294 5550 et
1312 5497 1507 5561 currit,
1534 5504 1587 5551 et
1609 5497 1677 5549 ad
1698 5500 1986 5552 terminum

404 5585 597 5638 mortis
636 5586 899 5654 pervenit.
942 5588 1235 5657 Pergamus
1260 5604 1387 5658 ergo
1412 5590 1650 5645 breviter
1674 5604 1769 5659 per
1796 5590 1989 5659 praedi-

404 5681 522 5728 ctos
552 5679 749 5743 gradus
777 5687 1017 5743 aetatum,
1052 5678 1403 5751 etymologiae
1445 5695 1631 5735 mrum
1672 5681 1724 5735 in
1770 5681 1989 5737 homine

409 5766 863 5825 demonstrantes.
904 5770 1084 5828 Infans
1123 5772 1319 5827 dicitur
1363 5774 1524 5829 homo
1563 5773 1752 5845 prima:
1791 5774 1986 5832 astatis.

2093 4594 2176 4638 tus
2206 4593 2279 4637 est
2309 4585 2456 4638 nobis
2489 4584 2642 4656 (Isai.
2689 4585 2784 4656 ix).
2831 4585 2962 4639 Item
3000 4586 3207 4655 parvuli
3250 4595 3437 4644 sancto
3474 4590 3680 4661 Spiritu

2092 4677 2342 4740 humiles,
2377 4687 2437 4732 ut
2462 4678 2515 4731 in
2542 4677 2754 4747 psalmo
2783 4694 2794 4730 :
2826 4677 3136 4731 Custodiens
3158 4679 3401 4748 parvulos
3420 4680 3680 4747 Dominus

2093 4768 2263 4841 (Psal.
2297 4772 2464 4843 cxrv).
2516 4771 2581 4825 Et
2622 4773 2675 4826 in
2726 4772 2922 4826 malam
2964 4781 3171 4842 partem
3223 4776 3277 4829 in
3328 4776 3504 4832 Osee:
3537 4778 3679 4834 Par-

2092 4863 2197 4915 vuli
2224 4880 2403 4917 eorum
2442 4863 2711 4918 eliduntur
2743 4864 2917 4935 (Osee.
2949 4867 3083 4934 xw).
3114 4866 3350 4933 Parvuli,
3388 4871 3677 4939 cogitatio-

2094 4966 2190 5007 nes
2227 4970 2426 5024 prava,
2470 4955 2783 5024 priusquam
2831 4957 2883 5010 in
2934 4970 3097 5025 opere
3131 4958 3505 5027 perﬁciantur,
3535 4970 3596 5017 ut
3621 4963 3675 5017 in

2090 5044 2297 5112 psalmo
2323 5064 2335 5099 :
2370 5045 2565 5100 Beatus
2588 5048 2677 5116 qui
2701 5048 2889 5101 tenebit
2913 5058 2959 5101 et
2991 5047 3169 5101 allidct
3189 5048 3433 5118 parvulos
3460 5060 3579 5106 tuos
3605 5054 3675 5107 ad

2090 5143 2289 5203 petram
2334 5133 2503 5206 (Psal.
2547 5137 2790 5207 cxxxvi),
2830 5139 2933 5192 hoc
2963 5145 3063 5202 est,
3106 5139 3173 5193 ad
3209 5138 3500 5197 Christum.
3534 5143 3677 5199 Puer

2102 5241 2132 5279 a
2163 5226 2355 5294 puritia
2385 5238 2628 5293 vocatus,
2672 5228 2795 5297 quia
2844 5244 3009 5299 purus
3038 5237 3141 5297 est,
3179 5240 3233 5286 et
3258 5232 3487 5288 necdum
3515 5234 3673 5291 lanu-

2094 5318 2271 5389 ginem
2315 5316 2610 5388 floremque
2640 5333 2899 5388 genarum
2934 5321 3161 5377 habens.
3206 5318 3271 5377 Hi
3298 5329 3423 5377 sunt
3454 5325 3670 5394 ephebi,

2092 5408 2144 5463 id
2173 5416 2274 5474 est,
2304 5425 2333 5461 a
2362 5408 2483 5462 febo
2508 5409 2661 5475 dicti,
2686 5424 2787 5465 nec
2808 5409 2937 5465 dum
2964 5412 3065 5466 viri
3089 5410 3470 5469 adolescentuli
3499 5414 3673 5472 lenes.

2092 5496 2233 5553 Puer
2260 5508 2439 5553 autem
2478 5499 2647 5555 tribus
2679 5501 2853 5557 modis
2883 5502 3080 5556 dicitur
3105 5520 3118 5555 :
3146 5514 3247 5572 pro
3274 5503 3581 5570 nativitate,
3612 5516 3675 5561 ut

2089 5588 2275 5655 lsaias,
2322 5586 2465 5644 Puer
2506 5599 2663 5644 natus
2709 5600 2783 5644 est
2826 5593 2972 5646 nobis
3014 5590 3168 5662 (Isai.
3193 5591 3309 5664 lx):
3349 5605 3449 5663 pro
3489 5600 3672 5663 :etate,

2090 5691 2149 5736 ut
2174 5702 2185 5736 :
2211 5684 2475 5749 octennis,
2505 5683 2777 5739 decennis.
2807 5685 2961 5740 Unde
2991 5693 3073 5740 est
3109 5685 3237 5740 iliud
3265 5704 3277 5741 :
3306 5682 3431 5741 lam
3469 5689 3675 5759 puerile

2093 5791 2267 5846 regum
2311 5784 2486 5833 tenera
2522 5776 2717 5834 cervice
2751 5777 2979 5854 gerebat.
3018 5775 3123 5835 Pro
3161 5779 3421 5860 obsequio
3451 5789 3510 5839 et
3546 5779 3675 5849 ﬁdei
