3930 6322
195 303 287 361 181

1179 298 1267 354 DE
1306 292 1654 355 UNIVERSO
1689 291 1873 350 LIBRI
1910 288 2075 348 XXII.
2115 319 2186 329 —
2221 288 2346 343 LIB.
2390 287 2499 344 VII.

3342 280 3446 335 182

193 416 418 491 puritate
447 429 463 465 :
493 412 565 468 de
589 424 700 482 quo
723 406 986 467 Dominus
1014 408 1084 465 ad
1114 406 1431 480 prophetam
1476 408 1555 462 ait
1580 425 1591 461 :
1620 402 1766 460 Puer
1790 408 1846 469 Α
1869 405 2026 459 heres
2048 417 2078 456 a
2107 400 2271 471 pube,
2301 401 2354 455 id
2372 409 2479 466 est,
2516 415 2547 455 a
2578 398 2827 471 pudenda
2860 396 3105 468 corporis
3130 404 3284 467 parte
3309 411 3449 451 nun-

195 522 329 565 meus
357 520 410 559 es
445 512 504 557 tu
527 516 548 556 :
581 497 693 558 noli
721 503 901 557 timere
928 500 1065 574 (Jer.
1096 500 1135 571 ι)
1162 515 1175 553 :
1202 498 1327 553 dum
1359 497 1472 569 jam
1500 495 1763 552 Jeremias

192 601 340 667 longe
362 592 612 666 pueritiae
632 594 953 650 excessisset
978 606 1167 646 annos.
1194 588 1337 644 Puer
1360 588 1585 660 mystice
1611 586 1767 642 Chri-

194 698 304 747 stus
329 686 669 757 intelligitur,
697 694 758 740 ut
786 685 840 738 in
870 682 1165 754 Evangelia
1193 702 1204 735 :
1236 678 1382 737 Puer
1409 690 1584 735 autem
1609 679 1644 733 J
1648 696 1765 733 esus

193 779 440 837 crescebat
471 778 625 851 (Luc.
650 776 732 858 ιι).
765 777 896 832 Item
919 776 974 830 in
1004 776 1202 830 malam
1225 782 1455 845 partem.
1485 773 1627 827 Puer
1650 787 1769 826 cen-

196 881 303 929 tum
343 877 635 935 annorum,
676 868 732 923 id
767 872 870 933 est,
918 875 1171 937 peccator
1209 860 1461 938 perfecta:
1506 863 1763 928 stultitiae,

193 973 248 1019 ut
274 964 328 1018 in
354 958 497 1018 [Saia
524 981 536 1015 :
574 961 839 1027 Quoniam
857 975 986 1029 puer
1009 967 1213 1011 centum
1236 971 1495 1010 annorum
1522 956 1768 1009 morietur

197 1052 343 1126 (Isai.
402 1050 556 1124 va).
599 1050 761 1105 Pueri
790 1050 961 1104 sancti
1001 1048 1252 1119 appellati
1279 1063 1308 1100 a
1336 1048 1590 1118 puritate,
1632 1048 1766 1100 utin

194 1146 362 1202 Isaia:
393 1144 530 1197 Ecce
576 1160 670 1214 ego
703 1152 753 1196 et
790 1143 957 1212 pueri,
997 1157 1124 1211 quos
1166 1140 1306 1194 dedit
1342 1140 1470 1193 mihi
1514 1139 1767 1193 Dominus

196 1236 342 1306 (Isai.
390 1232 617 1304 vm).Et
651 1232 703 1286 in
742 1224 899 1285 aliam
948 1238 1200 1299 partem:
1235 1226 1413 1281 Nolite
1456 1230 1605 1296 pueri
1644 1229 1769 1297 efﬁci

194 1327 443 1393 sensibus,
472 1334 581 1381 etc.
613 1323 665 1395 (l
689 1320 813 1377 Cor.
846 1321 979 1391 xiv).
1011 1320 1192 1375 Puella
1217 1325 1299 1373 est
1321 1317 1542 1387 parvula
1576 1358 1590 1383 ,
1617 1317 1769 1385 quasi

194 1420 403 1491 pupilla.
443 1417 600 1474 Unde
633 1415 863 1488 pupillos
903 1429 1007 1469 non
1048 1428 1149 1484 pro
1189 1410 1517 1473 conditione,
1552 1408 1645 1464 sed
1675 1424 1771 1477 pro

196 1523 344 1567 actate
390 1511 587 1581 puerili
635 1523 912 1564 vocamus.
963 1506 1158 1575 Pupilli
1207 1512 1388 1558 autem
1436 1502 1587 1567 dicti,
1622 1502 1773 1570 quasi

199 1604 307 1657 sine
337 1601 532 1666 oculis,
574 1602 678 1655 hoc
710 1607 813 1664 est,
860 1613 890 1651 a
930 1596 1245 1666 parentibus
1284 1593 1424 1648 orbi.
1478 1591 1543 1646 Ili
1594 1599 1773 1646 autem

196 1707 315 1747 vere
362 1692 556 1763 pupilli
598 1690 875 1754 dicuntur,
912 1702 1139 1757 quorum
1166 1694 1348 1756 patres
1374 1692 1500 1738 ante
1526 1683 1773 1737 decesse-

1866 494 2069 564 cupati,
2095 491 2241 563 quod
2276 491 2392 546 Ilth
2435 491 2555 547 loca
2593 499 2723 545 tunc
2750 490 2984 563 primum
3010 487 3316 557 lanuginem
3347 486 3446 541 du-

1867 592 2019 641 cunt.
2045 582 2275 649 Quidam
2304 588 2481 634 autem
2508 595 2571 646 ex
2595 579 2755 635 annis
2783 560 3115 649 pubertatem
3135 574 3451 630 existimant

1868 683 2143 738 vocatam,
2188 671 2242 725 id
2278 678 2383 736 est,
2417 685 2539 724 eum
2581 671 2838 740 puberem
2887 681 3027 731 esse,
3059 665 3151 734 qui
3180 662 3247 719 14
3280 676 3453 717 annos

1867 765 2185 837 expleverit,
2231 761 2479 833 quamvis
2526 760 2835 815 tardissime
2871 759 3151 827 pubescat.
3200 753 3451 821 Certissi-

1869 877 2015 915 mum
2047 862 2306 930 puberem
2327 870 2467 919 esse,
2501 855 2593 925 qui
2620 871 2685 909 ex
2710 854 2891 908 habitu
2922 850 3170 920 corporis
3202 848 3455 919 puberta-

1873 963 1976 1009 tem
2001 951 2260 1015 ostendit,
2292 958 2347 1002 et
2373 963 2634 1019 generare
2651 946 2763 1015 jam
2788 945 2975 1015 possit.
3001 944 3284 1012 Pucrperae
3303 949 3453 1003 sunt,

1870 1061 1989 1115 qua:
2017 1045 2171 1099 annis
2211 1041 2509 1112 puerilibus
2537 1041 2772 1109 pariunt.
2802 1038 2953 1093 Unde
2978 1044 3031 1091 et
3057 1034 3310 1089 Horatius
3335 1034 3456 1086 lau-

1871 1140 2029 1193 datur
2061 1155 2073 1189 :
2106 1133 2291 1189 Prima
2319 1132 2462 1203 prole
2483 1148 2750 1201 puerpera:
2784 1138 2928 1183 nato.
2975 1129 3043 1182 Et
3093 1127 3248 1181 dicta:
3298 1139 3461 1194 puer-

1871 1242 2037 1297 perae,
2076 1227 2161 1282 vel
2187 1228 2326 1296 quod
2374 1234 2525 1296 partu
2576 1233 2886 1296 graventur,
2925 1222 3009 1277 vel
3048 1221 3191 1291 quod
3226 1219 3460 1289 primum

1872 1335 2068 1390 pueros
2094 1320 2327 1389 pariunt.
2360 1318 2513 1373 Unde
2540 1318 2605 1372 de
2632 1324 2805 1370 matre
2833 1313 3131 1368 Salvatoris
3157 1311 3235 1363 ait
3259 1316 3417 1379 poeta
3441 1320 3459 1360 :

2000 1409 2167 1471 Salve,
2186 1416 2358 1459 sancta
2381 1421 2579 1467 parens,
2602 1409 2749 1455 enixa
2774 1416 3021 1469 puerpera
3049 1413 3241 1463 regem.

1873 1508 2205 1573 Adolescens
2246 1514 2424 1569 dictus
2453 1528 2541 1578 eo,
2573 1511 2715 1580 quod
2747 1510 2817 1565 sit
2845 1510 2913 1565 ad
2942 1507 3271 1580 gignendum
3308 1499 3463 1556 adul—

1877 1618 1999 1663 tus:
2030 1609 2143 1663 sive
2171 1623 2200 1661 a
2232 1620 2477 1661 crescere
2502 1613 2556 1659 et
2586 1602 2795 1674 augeri.
2834 1602 3239 1661 Adolescentes,
3276 1593 3463 1649 ﬁdeles

1881 1700 1995 1753 sive
2030 1698 2286 1767 operibus
2327 1694 2697 1767 proﬁcientes,
2738 1701 2797 1744 ut
2836 1693 2887 1745 in
2925 1688 3161 1759 Epistola
3186 1684 3413 1739 Joannis
3446 1699 3460 1735 :

197 1790 334 1849 ιίιηίν
384 1797 551 1851 quam
596 1782 663 1835 ab
708 1780 793 1834 his
837 1793 1035 1833 nomen
1074 1776 1380 1845 aCCiPerem
1409 1791 1422 1827 ³
1452 1772 1770 1828 ﬁnierim!“
1802 1759 1850 1819 Β
1880 1787 2063 1843 Scribo
2108 1786 2277 1849 vobis,
2336 1783 2717 1847 adolescentes,
2769 1781 2891 1850 quia
2940 1780 3132 1833 vicistis
3177 1774 3465 1843 malignum

200 1882 476 1929 vocantur.
509 1870 773 1939 Orphani,
800 1869 854 1923 id
885 1877 988 1932 est,
1029 1868 1119 1936 qui
1142 1874 1196 1921 et
1220 1864 1425 1935 pupilli.
1468 1865 1601 1919 Illud
1631 1863 1773 1918 e'nim

196 1965 436 2021 Caecum
452 1977 652 2018 nomen
674 1969 760 2016 est
787 1979 800 2013 :
818 1961 920 2013 hoc
935 1958 1208 2011 Latinum.
1240 1954 1377 2008 Nam
1397 1963 1452 2008 et
1471 1955 1525 2008 in
1546 1954 1772 2023 psalmo,

196 2058 283 2112 ubi
312 2056 530 2125 legitur,
561 2050 760 2126 pupillo
790 2063 846 2105 tu
866 2051 966 2104 eris
993 2050 1207 2119 adjutor
1229 2047 1401 2119 (Psal.
1426 2046 1526 2118 Ix),
1555 2044 1776 2101 Grazcus

197 2146 385 2211 habet,
418 2146 696 2214 .orphano.
742 2140 907 2213 Cujus
941 2138 1233 2201 sententias.
1268 2138 1391 2191 talis
1433 2144 1516 2191 est
1562 2150 1772 2191 sensus.

198 2236 458 2308 Pupillum
487 2250 618 2289 vero
640 2234 791 2296 dicit,
816 2247 923 2287 non
949 2229 1101 2299 cujus
1124 2229 1334 2299 genitor
1358 2227 1593 2283 carnalis
1617 2242 1777 2282 occu-

198 2329 326 2393 buit,
371 2328 466 2382 sed
504 2326 594 2380 cui
630 2334 785 2395 pater
823 2322 1069 2392 sepultus
1101 2328 1185 2374 est
1220 2319 1469 2388 mundus.
1512 2318 1645 2371 Nam
1675 2334 1774 2388 pu-

197 2418 349 2489 pillos
377 2416 582 2472 multos
611 2414 852 2470 invenies
876 2413 1097 2468 orbatos
1117 2417 1271 2479 patre
1300 2408 1520 2473 visibili,
1564 2416 1619 2461 et
1654 2416 1779 2462 sunt

198 2508 512 2579 blasphemi,
548 2503 894 2574 obligatores,
925 2514 980 2559 et
1006 2502 1229 2573 quodin
1262 2500 1352 2554 illa
1382 2500 1778 2555 aetate-creber-

201 2600 390 2654 rimum
440 2603 545 2662 est,
595 2596 877 2651 luxuriosi.
942 2596 1011 2648 Et
1050 2600 1105 2647 Ill
1139 2608 1171 2647 a
1208 2591 1438 2645 Domino
1476 2592 1778 2661 probantur

201 2693 373 2749 alieni.
398 2690 508 2749 Sed
538 2692 608 2747 ab
636 2692 741 2746 illis
768 2691 986 2761 pupillis
1012 2689 1177 2745 dividi
1213 2704 1319 2743 non
1359 2695 1535 2757 potest
1572 2686 1779 2756 adjuto-

184 2786 334 2851 lrium
377 2784 503 2850 Dei,
544 2798 776 2853 quorum
800 2792 953 2853 pater
981 2780 1226 2835 diabolus
1255 2781 1309 2833 in
1328 2780 1551 2834 actione
1577 2777 1777 2831 facino-

202 2891 313 2931 rum
337 2878 602 2947 probatur
630 2875 949 2930 exstinctus.
978 2874 1042 2928 Et
1067 2874 1303 2938 intende,
1327 2872 1471 2942 quod
1496 2872 1630 2925 dicit
1655 2886 1670 2924 :
1700 2870 1776 2924 Tu

201 2971 297 3023 eris
330 2970 589 3039 adjutor:
613 2978 693 3033 ιιι,
731 2982 853 3021 cum
891 2966 1182 3021 carnaliter
1226 2964 1389 3035 afﬂigi
1436 2964 1620 3018 videas
1662 2978 1774 3027 eos,

203 3074 304 3116 non
334 3062 549 3115 dubites
584 3074 705 3113 esse
733 3060 1056 3113 liberandos.
1089 3058 1220 3112 Item
1250 3058 1303 3111 in
1344 3055 1606 3111 Psalterio
1647 3057 1779 3111 scri-

1880 1876 1931 1947 (I
1962 1876 2121 1929 Joan.
2159 1874 2241 1943 ιι).
2276 1874 2344 1927 Ει
2373 1874 2427 1925 in
2457 1872 2617 1925 aliam
2646 1881 2856 1940 partem
2891 1888 2904 1922 :
2940 1865 3301 1920 Adolescentia
3327 1862 3465 1915 enim

1878 1980 1925 2026 et
1961 1971 2193 2040 voluptas
2234 1986 2368 2023 vana
2407 1978 2526 2021 sunt
2560 1966 2785 2037 (Eccles.
2825 1966 2923 2036 xi).
2959 1963 3179 2017 Juvenis
3222 1966 3465 2022 vocatus,

1878 2062 2019 2132 quod
2039 2060 2228 2129 juvare
2254 2075 2413 2129 posse
2440 2058 2629 2127 incipit
2658 2075 2668 2110 :
2712 2066 2769 2110 ut
2797 2056 2853 2109 in
2882 2056 3055 2110 bobus
3073 2049 3313 2121 juvenci,
3345 2062 3468 2101 cum

1879 2168 1911 2206 a
1934 2151 2117 2205 vitulis
2145 2149 2521 2204 discesserint.
2545 2148 2637 2201 Est
2661 2146 2803 2200 enim
2824 2143 3041 2212 juvenis
3070 2142 3124 2195 in
3155 2142 3269 2208 ipso
3297 2135 3473 2191 aetatis

1879 2244 2213 2300 incremento
2248 2241 2487 2310 positus,
2527 2246 2582 2291 et
2609 2238 2676 2290 ad
2706 2234 3074 2289 auxiliandum
3108 2234 3466 2301 praeparatus.

1882 2333 2017 2388 Nam
2057 2333 2247 2402 juvare
2290 2329 2523 2384 hominis
2559 2334 2640 2381 est
2672 2340 2836 2394 opus,
2871 2321 3076 2390 aliquid
3115 2315 3470 2373 conferentis.

1883 2422 2037 2479 Sicut
2061 2433 2240 2476 autem
2276 2419 2581 2474 tricesimus
2616 2414 2869 2485 perfecta:
2902 2410 3077 2465 altatis
3101 2415 3183 2462 est
3213 2420 3386 2459 annus
3415 2404 3472 2459 in

1882 2500 2210 2573 hominibus,
2271 2511 2344 2564 ita
2388 2509 2439 2561 in
2469 2505 2776 2577 pecudibus
2812 2510 2867 2556 et
2897 2501 2951 2554 in
2987 2496 3251 2568 iumentis
3281 2493 3475 2551 tertius

1880 2602 2308 2658 robustissimus.
2340 2598 2572 2651 Juvenes
2604 2593 2909 2665 significant
2947 2589 3155 2643 alacres
3193 2588 3247 2641 in
3279 2586 3473 2649 Deum,

1882 2691 2031 2746 utin
2066 2689 2301 2758 Epistola
2341 2686 2604 2743 Joannis:
2640 2682 2822 2737 Scriba
2862 2680 3026 2745 vobis,
3057 2679 3310 2747 juvenes,
3349 2673 3474 2744 quia

1882 2783 2044 2852 fortes
2070 2781 2213 2845 estis,
2242 2787 2290 2832 et
2321 2777 2531 2831 verbum
2556 2774 2655 2828 Dei
2678 2774 2731 2826 in
2754 2772 2894 2826 vobis
2920 2779 3091 2823 manet
3117 2766 3169 2837 (I
3190 2765 3353 2819 Joan.
3385 2762 3470 2835 ιι).

1882 2874 1950 2927 Ει
1972 2874 2025 2926 in
2056 2870 2251 2924 malam
2280 2877 2520 2938 partem,
2557 2864 2699 2921 utin
2728 2862 2946 2916 Psalmo
2984 2876 2995 2912 ε
3031 2856 3257 2911 Iuvenes
3297 2870 3474 2909 eorum

1883 2961 2101 3017 comedit
2126 2961 2260 3030 ignis
2289 2956 2459 3029 (Psal.
2497 2954 2720 3024 Lxxvu).
2749 2952 2987 3006 Infantes
3013 2949 3159 3003 enim
3185 2957 3241 3001 et
3265 2945 3477 3000 adoles-

1885 3062 2070 3110 centes
2121 3060 2282 3121 atque
2325 3050 2551 3121 juvenes
2603 3045 2832 3116 mystice
2881 3041 3186 3113 signiﬁcant
3227 3052 3319 3092 eos
3379 3036 3472 3105 qui

406 3101 549 3115 -..νυ
584 3101 705 3113 ww
733 3101 1056 3113 ..-ν........,.,.
1089 3101 1220 3112 ην...
1250 3101 1303 3111 .,.
1344 3101 1602 3111 -.._---..-
1647 3101 1752 3111 η..
1888 3101 2069 3110 --..---
2122 3101 2278 3121 ὼγ-
2325 3101 2383 3121 ,ί
2440 3101 2443 3102 ν
2661 3101 2677 3116 ,
2929 3101 2958 3113 ν
3395 3101 3414 3105 -

202 3160 347 3223 ptum
365 3161 449 3204 est
474 3164 490 3203 :
516 3144 791 3219 Pupillum
814 3159 859 3201 et
889 3149 1100 3200 viduam
1127 3148 1368 3216 suscipiet
1394 3160 1411 3197 :
1434 3157 1479 3201 et
1504 3150 1639 3201 viam
1660 3164 1778 3217 pec-
1808 3101 1854 3171 α
1889 3152 2142 3201 crescunt
2172 3143 2226 3196 in
2269 3142 2440 3212 gratia
2464 3139 2558 3192 Dei
2579 3178 2592 3203 ,
2623 3146 2678 3191 et
2711 3136 2925 3191 fortiter
2953 3133 3212 3187 resistunt
3237 3129 3471 3183 diabolo.

205 3252 432 3297 catorum
473 3249 841 3297 extermmatnt
865 3237 1036 3311 (Psal.
1064 3239 1242 3309 CXLV).
1274 3239 1514 3309 Pupillus
1541 3249 1596 3294 et
1624 3240 1783 3295 vidua

204 3344 339 3399 sunt,
368 3336 463 3403 qui
491 3336 782 3387 Dominum
813 3346 947 3399 pura
981 3336 1158 3383 mente
1185 3328 1500 3398 respiciunt,
1530 3330 1783 3386 humanis

204 3424 401 3480 solatiis
430 3422 681 3479 destituti
709 3416 844 3476 :hos
869 3420 1058 3490 recipit
1087 3418 1335 3473 Christus
1364 3433 1462 3473 suo
1492 3420 1785 3475 munimine

203 3514 571 3569 vindicandos.
600 3512 708 3573 Sed
729 3527 852 3566 cum
876 3512 1011 3565 istos
1034 3526 1133 3580 pro
1152 3526 1247 3564 sua
1269 3511 1471 3579 pietate
1501 3512 1784 3580 receperit,

204 3604 494 3670 diabolum,
518 3606 615 3676 qui
650 3614 734 3660 est
770 3605 856 3659 via
886 3611 1256 3672 peccatorum,
1292 3603 1692 3669 exterminabit,
1726 3603 1779 3657 id

206 3709 299 3765 est,
326 3715 356 3754 a
387 3692 627 3754 termino
652 3698 802 3768 regni
832 3698 914 3752 sui
939 3697 1116 3751 reddit
1150 3696 1403 3749 alienum.
1431 3695 1783 3767 Praegnantes

206 3791 389 3848 nulline
420 3791 666 3846 fidelium
712 3791 938 3845 verbum
981 3789 1075 3844 Dei
1120 3804 1288 3858 nuper
1333 3787 1697 3857 concipientes
1727 3796 1781 3840 et

205 3885 428 3939 necdum
472 3884 528 3937 in
567 3897 734 3951 opere
764 3881 1166 3951 parturientes:
1199 3880 1339 3933 sicut
1368 3878 1422 3932 in
1456 3877 1641 3931 Exodo
1689 3892 1788 3946 pro

208 3978 563 4033 contentionis
586 3975 899 4030 doctoribus
924 3974 1120 4027 dicitur
1145 3990 1158 4024 :
1186 3970 1243 4025 Si
1272 3972 1376 4024 duo
1400 3970 1497 4024 viri
1525 3970 1779 4031 rixantes,

208 4080 253 4124 et
292 4068 609 4139 percusserit
653 4066 769 4135 quis
820 4064 1091 4117 mulierem
1136 4070 1509 4133 prtvgnantem,
1554 4069 1601 4112 et
1640 4057 1791 4111 abor-

209 4162 366 4217 tivum
392 4159 576 4227 fecerit
606 4155 801 4228 (Exod.
839 4154 986 4225 xxi);
1020 4154 1072 4208 id
1094 4161 1197 4218 est,
1237 4152 1360 4206 ﬁdei
1392 4152 1618 4205 verbum
1661 4163 1788 4218 per-

211 4250 416 4307 diderit.
444 4249 523 4303 De
550 4248 640 4319 bis
682 4260 915 4315 namque
937 4245 1219 4299 animabus
1241 4242 1480 4300 fidelium
1508 4255 1605 4309 per
1626 4240 1791 4294 Amos

212 4344 274 4401 de
307 4342 596 4398 haereticis.
620 4340 817 4393 dicitur
843 4356 856 4390 :
886 4337 1175 4391 Secnerunt
1215 4341 1541 4403 praegnantes
1584 4328 1789 4384 Galaad

212 4434 381 4505 (Amos
406 4434 467 4501 ι).
501 4431 639 4484 Item
672 4436 1032 4497 prregnantes,
1067 4424 1259 4477 animae
1285 4431 1653 4491 peccatorum,
1697 4436 1790 4474 cu-
1814 4451 1867 4509 Β

212 4527 484 4597 piditatum
510 4519 935 4591 cogitationibus
966 4517 1153 4587 plenae,
1185 4515 1252 4569 de
1282 4514 1481 4583 quibus
1519 4512 1572 4565 in
1613 4511 1785 4564 Evan-

215 4618 343 4687 gelio
374 4617 612 4670 dicitur:
644 4611 730 4664 Va:
756 4610 1144 4680 prtrgnantibus
1174 4614 1221 4660 et
1246 4603 1589 4657 nutrientibus
1612 4603 1665 4654 in
1687 4600 1788 4653 illis

215 4709 386 4761 diebus
407 4703 631 4779 (Matth.
655 4700 826 4770 xxiv).
850 4700 1092 4761 Pariens,
1121 4712 1251 4750 aure
1272 4695 1459 4750 cordis
1476 4692 1598 4747 fidei
1627 4692 1789 4745 verba

218 4798 541 4867 concipiens,
572 4800 639 4847 et
683 4792 737 4844 in
784 4788 1120 4844 confessione
1159 4784 1243 4838 vel
1280 4798 1441 4853 opere
1487 4796 1786 4851 generans:

222 4891 349 4942 sicut
382 4887 437 4940 in
466 4884 710 4939 Ieremia
736 4882 801 4935 de
833 4880 1078 4933 fidelibus
1109 4876 1342 4930 dicitur:
1373 4872 1520 4927 Inter
1545 4889 1672 4942 quos
1694 4873 1791 4925 erit

225 4992 379 5030 cacus
409 4986 457 5028 et
485 4973 735 5038 claudus,
764 4986 1034 5041 prwgnans
1057 4976 1105 5020 et
1135 4966 1342 5035 pariens
1364 4961 1579 5034 (Jerem.
1614 4962 1789 5033 xxxx).

223 5058 273 5121 l'n
304 5066 495 5120 malam
526 5073 782 5134 partem:
812 5058 1053 5127 Concepit
1086 5053 1341 5119 dolorem,
1374 5063 1421 5106 et
1460 5052 1654 5123 peperit
1694 5052 1795 5104 ini-

224 5158 459 5228 quitatem
502 5146 682 5225 (Psal.
708 5150 824 5222 vn).
870 5145 1285 5215 Primogenitus,
1329 5142 1577 5197 Christus
1604 5142 1668 5195 de
1690 5156 1797 5210 quo

228 5248 276 5302 in
319 5248 432 5319 lege
476 5265 490 5299 :
542 5242 710 5298 Omne
753 5240 1171 5309 primogenitum,
1215 5234 1520 5303 adaperiens
1568 5230 1792 5295 vulvam,

229 5349 455 5392 sanctum
488 5335 715 5390 Domino
746 5331 1014 5385 vocabitur
1043 5326 1237 5399 (Exod.
1268 5323 1410 5392 xm).
1438 5324 1569 5376 Item
1598 5322 1797 5390 primo.

235 5430 455 5502 genitus,
488 5425 725 5498 populus
752 5421 1073 5485 Iudaeorum,
1098 5429 1157 5472 ut
1184 5420 1235 5471 in
1262 5417 1520 5487 propheta
1548 5433 1560 5467 ;
1590 5410 1798 5465 Printe-

236 5501 423 5590 genitus
456 5532 607 5570 meus
635 5511 805 5567 Israel
833 5508 1024 5581 (Exod.
1053 5508 1148 5579 ιν).
1188 5505 1565 5576 Primogenita,
1614 5501 1800 5573 primi-

241 5615 338 5668 tiva
369 5616 496 5678 vita,
528 5625 632 5681 pro
663 5623 770 5677 qua
808 5608 860 5660 in
894 5604 1007 5675 lege
1035 5603 1291 5671 scriptum
1318 5609 1401 5655 est
1429 5618 1441 5652 :
1477 5598 1667 5653 Omnia
1696 5595 1802 5665 pri-

242 5703 486 5776 umgenita
524 5699 764 5773 ﬁliorum
800 5703 1007 5750 tuorum
1041 5692 1257 5748 redimes
1286 5688 1487 5765 (Exod.
1516 5684 1659 5760 xm).
1692 5684 1801 5740 Pu-

1891 3236 2043 3292 Unde
2060 3232 2298 3290 Joannes
2330 3228 2603 3300 apostolus
2633 3228 2686 3280 in
2711 3224 2947 3294 Epistula
2975 3238 3071 3277 sua
3094 3221 3224 3274 dicit
3253 3236 3265 3271 :
3293 3216 3476 3274 Scriba

1888 3326 2070 3391 vobis,
2141 3321 2525 3383 adolescentes,
2590 3316 2841 3383 quoniam
2910 3313 3103 3366 vicistis
3166 3308 3473 3378 malignum.

1891 3415 2077 3470 Scriba
2102 3413 2261 3477 vobis,
2292 3411 2549 3479 infantes,
2592 3406 2840 3477 quoniam
2886 3400 3194 3471 cognovistis
3236 3396 3473 3449 Patrem.

1892 3504 2074 3560 Scriba
2102 3503 2261 3565 vobis,
2277 3502 2517 3570 juvenes,
2543 3498 2667 3567 quia
2690 3494 2850 3564 fortes
2876 3493 2997 3545 estis
3022 3499 3070 3543 et
3097 3488 3290 3543 vicistis
3315 3486 3473 3539 ntali-

1890 3611 2071 3665 gnum,
2104 3604 2152 3646 et
2197 3592 2407 3645 verbum
2436 3588 2533 3641 Dei
2584 3587 2639 3639 in
2682 3583 2819 3638 vobis
2869 3589 3042 3634 manet
3092 3578 3140 3649 (1
3186 3577 3345 3631 Joan.
3390 3576 3475 3646 ιι).

1891 3686 2023 3741 Item
2060 3685 2113 3738 in
2148 3681 2346 3737 malam
2382 3686 2589 3749 partem
2619 3690 2773 3745 puer,
2811 3673 3124 3728 adolescens
3165 3680 3221 3725 et
3258 3669 3475 3738 juvenis

1890 3778 2051 3847 positi
2082 3773 2446 3843 reperiuntur,
2486 3768 2702 3837 quando
2732 3765 3015 3820 stultitiam
3044 3777 3231 3817 sensus
3260 3770 3353 3815 aut
3380 3773 3475 3830 pe-

1893 3865 2172 3922 tulantiam
2220 3874 2433 3915 morum
2482 3855 2806 3927 signiﬁcant.
2856 3854 3008 3909 Unde
3052 3853 3308 3921 scriptum
3343 3858 3473 3905 est:

1894 3951 2135 4009 Stultitia
2163 3950 2325 4020 ligata
2355 3957 2428 4001 est
2471 3947 2525 3999 in
2550 3945 2704 3999 corde
2727 3945 2896 4013 pueri,
2927 3951 2975 3996 et
3003 3943 3148 4012 virga
3184 3930 3473 4009 disciplina:

1893 4043 2094 4114 fugabit
2137 4057 2251 4095 eam
2283 4038 2465 4109 (Prov.
2500 4035 2656 4107 χχιι).
2704 4035 2857 4091 Unde
2894 4035 2947 4088 in
2994 4034 3129 4089 libro
3162 4033 3367 4102 Regum
3410 4033 3477 4085 de

1892 4136 2131 4190 Roboam
2152 4132 2369 4201 legitur,
2402 4130 2545 4198 quod
2568 4128 2755 4183 relicto
2780 4126 3049 4181 seniorum
3073 4124 3297 4179 consilio
3322 4138 3477 4178 secu-

1893 4237 1979 4283 tus
2007 4227 2075 4281 sit
2100 4223 2521 4279 adolescentium
2537 4231 2591 4275 et
2600 4219 2860 4288 juvenum
2893 4217 3173 4273 consilium
3200 4215 3318 4288 (111
3344 4215 3473 4287 Reg.

1892 4319 2012 4390 xu).
2045 4316 2181 4371 Hinc
2209 4324 2263 4369 et
2289 4312 2578 4384 Apostolus
2602 4312 2802 4380 jubens
2826 4310 2903 4362 ait
2926 4327 2939 4361 :
2967 4308 3145 4362 Nolite
3169 4307 3320 4378 pueri
3348 4307 3474 4375 eﬁici

1894 4407 2149 4469 sensibus,
2182 4403 2271 4458 sed
2299 4402 2500 4456 malitia
2526 4397 2730 4469 parvuli
2758 4404 2916 4451 estote
2942 4395 2989 4465 (Ι
3025 4393 3147 4449 Cor.
3176 4394 3309 4464 xxv).
3341 4392 3473 4446 Par-

1892 4503 2047 4557 vulus
2071 4501 2212 4555 enim
2240 4497 2556 4566 intelligitur
2589 4501 2768 4548 mente
2794 4489 3012 4545 humilis
3039 4496 3094 4542 et
3122 4485 3347 4555 simplex
3366 4525 3380 4549 ,
3418 4495 3478 4539 ut

1894 4602 1979 4649 est
2008 4592 2134 4646 illud
2162 4589 2494 4644 Dominicum
2519 4582 2885 4639 testimonium
2913 4581 2967 4634 in
2990 4576 3279 4645 Evangelio
3304 4594 3316 4628 :
3345 4572 3478 4629 Con-

1898 4686 2047 4754 ﬁteor
2070 4683 2183 4745 tibi,
2217 4679 2437 4733 Domine
2467 4677 2627 4730 Pater
2651 4673 2763 4728 ειειὶ
2792 4683 2837 4727 et
2870 4681 3021 4723 teme
3050 4682 3068 4718 :
3105 4668 3228 4738 quia
3266 4667 3478 4719 abscon-

1900 4778 2021 4829 disti
2051 4775 2160 4827 lucc
2187 4792 2219 4825 a
2261 4769 2577 4840 sapientibus
2608 4776 2655 4819 et
2677 4762 3038 4835 prudentibus,
3067 4769 3112 4817 et
3152 4756 3383 4811 revelasti
3415 4773 3473 4807 ea

1901 4861 2127 4937 parvulis
2155 4860 2366 4931 (Matth.
2409 4858 2506 4926 ιιι).
2558 4856 2689 4909 Item
2718 4853 2977 4923 parvulus
3002 4850 3161 4903 aliam
3202 4845 3475 4918 signiﬁca-

1899 4956 2096 5010 tionem
2126 4953 2305 5012 habet,
2332 4949 2424 5002 ubi
2445 4946 2643 5002 dicitur
2664 4942 2951 5015 Apostolus
2975 4960 2986 4993 :
3019 4939 3150 4993 Cum
3175 4952 3336 4990 essem
3362 4952 3477 5004 par-

1896 5044 2067 5106 vulus,
2086 5041 2333 5111 loquebar
2352 5047 2407 5090 ut
2423 5035 2693 5106 parvulus,
2726 5032 2987 5103 sapiebam
3004 5039 3059 5082 ut
3082 5026 3350 5098 parvulus,
3385 5041 3472 5078 co-

1895 5132 2121 5204 gitabam
2143 5138 2198 5183 nt
2219 5126 2466 5199 parvulus
2498 5140 2515 5177 :
2546 5142 2664 5178 cum
2687 5132 2857 5176 autem
2886 5120 3056 5187 factus
3078 5133 3195 5172 sum
3224 5118 3331 5181 vir,
3357 5132 3477 5168 eva-

1897 5223 2043 5278 cuavi
2065 5238 2180 5291 quae
2208 5229 2356 5274 erant
2378 5217 2580 5289 parvuli
2608 5216 2657 5287 (Ι
2686 5214 2809 5269 Cor.
2832 5210 3091 5283 x1u).Vir
3116 5216 3472 5279 nuncupatus,

1901 5313 2042 5385 quod
2084 5309 2256 5379 uiajor
2285 5310 2338 5362 in
2364 5322 2429 5361 eo
2459 5306 2540 5360 vis
2561 5314 2661 5368 est,
2693 5318 2856 5373 quam
2900 5302 2954 5355 in
2985 5299 3216 5354 feminis.
3248 5297 3400 5352 Unde
3420 5306 3474 5349 et

1900 5405 2071 5458 virtus
2094 5416 2285 5455 nomen
2302 5396 2540 5466 accepit:
2567 5397 2679 5451 sive
2700 5393 2838 5463 quod
2863 5393 2912 5445 vi
2931 5399 3053 5461 agat
3072 5388 3347 5444 feminam.
3364 5387 3475 5458 My-

1902 5496 2032 5550 stice
2044 5494 2187 5547 enim
2201 5489 2574 5557 vir‘aliquando
2588 5484 2895 5553 intelligitur
2905 5478 3258 5545 Christus,cuj
3266 5492 3329 5532 us
3337 5490 3477 5532 uxor

1903 5596 1987 5642 est
2007 5583 2261 5638 Ecclesia.
2288 5580 2438 5637 Unde
2455 5579 2585 5633 dicit
2604 5574 2891 5645 Apostolus
2919 5592 2931 5625 :
2968 5571 3101 5635 Viri,
3123 5570 3321 5639 diligite
3339 5582 3475 5623 uxo-

1905 5697 1987 5737 res
1998 5688 2210 5743 vestras,
2222 5676 2354 5730 sicut
2371 5684 2416 5729 et
2432 5670 2667 5728 Christus
2684 5668 2863 5723 dilexit
2876 5664 3165 5735 Ecclesium
3178 5659 3473 5737 αἱρήσων).
