3930 6388
415 318 518 374 485

1050 320 1110 375 Β.
1154 318 1407 375 RABANI
1446 319 1668 375 MAURI
1702 316 2023 374 ARCHIEP.
2067 314 2372 375 MOGUN'I‘.
2414 316 2700 405 OPERUM
2736 320 2917 377 PARS
2954 322 3019 378 II.

3580 320 3678 377 18$

408 432 543 487 Item
574 432 656 487 vir
699 432 1003 488 intellectus
1039 434 1298 504 Spiritalis
1342 435 1395 488 in
1432 435 1661 490 historia
1687 432 2000 502 Scriptura-
2033 436 2083 495 A
2106 442 2191 490 est
2218 443 2379 504 caput
2401 434 2566 491 totius
2595 436 2915 507 iniquitatis.
2943 436 3165 493 Adulter
3193 439 3439 494 diabolus
3464 438 3551 493 vel
3575 438 3685 495 dm-

408 539 528 578 rum
566 522 848 592 accipitur.
893 523 1129 578 Rursum
1154 525 1237 578 vir
1273 525 1496 594 spiritus
1522 525 1857 596 intelligitur,
1903 526 1995 595 qui

407 616 741 687 principatur
762 616 817 671 in
843 618 1046 672 anima.
1070 617 1222 673 Unde
1245 618 1504 675 Dominus
1527 620 1605 675 ait
1624 620 1692 674 ad
1710 619 1997 674 mulierem

410 706 854 762 Samaritanam:
897 707 1063 775 Vade,
1098 726 1223 764 voca
1260 710 1425 764 virum
1469 720 1620 766 tuum
1663 710 1843 783 (Joan.
1886 710 1993 782 Iv);

401 799 509 855 hoc
532 807 635 866 est,
664 801 781 856 redi
802 802 869 856 ad
895 802 1223 865 intellectum
1249 811 1418 858 tuum.
1441 804 1576 861 Item
1597 806 1682 859 vir
1702 805 1757 860 in
1778 813 1995 860 contra-

402 891 541 945 riam
569 884 779 963 partem
819 894 1062 962 ponitur,
1102 902 1163 949 ut
1190 904 1274 950 est
1314 895 1445 951 illud
1484 896 1538 952 in
1573 896 1943 953 Pentateucho
1977 914 1991 950 :

402 982 555 1039 Bona
584 985 719 1054 facie
741 984 889 1040 valde
913 987 1074 1056 virgo,
1097 1003 1255 1057 quam
1277 987 1357 1041 vir
1380 1004 1485 1042 non
1506 998 1814 1059 cognoverat
1838 985 1991 1062 (Gen.

402 1074 556 1146 xxiv)
586 1094 597 1129 ε
629 1076 682 1130 id
716 1084 830 1142 est,
860 1077 1133 1146 diabolus,
1164 1079 1255 1148 qui
1296 1079 1614 1151 plerumque
1640 1087 1877 1136 mentem
1904 1096 1994 1136 co-

404 1165 662 1235 gitatione
690 1169 1003 1238 corrumpit.
1032 1168 1165 1224 Item
1193 1170 1278 1223 vir
1310 1168 1563 1226 Christus
1594 1170 1909 1242 intelligitur
1937 1172 1992 1225 in

402 1256 494 1311 illo
539 1259 813 1312 Zachariae
846 1259 1156 1315 testimonio
1196 1278 1208 1313 :
1260 1260 1399 1315 Ecce
1443 1263 1628 1323 veniet,
1668 1262 1866 1332 inquit,
1896 1262 1990 1326 vir,

402 1347 555 1415 cujus
594 1347 779 1403 Oriens
806 1367 992 1404 nomen
1020 1360 1095 1404 est
1127 1349 1313 1423 (Zach.
1338 1351 1436 1423 γι).
1467 1353 1532 1407 Ει
1557 1353 1683 1407 alibi
1715 1373 1727 1406 :
1760 1352 1994 1407 Reverti-

403 1439 552 1502 mini,
594 1439 695 1507 ﬁlii
734 1450 1064 1507 revertentes,
1092 1443 1220 1511 quia
1262 1460 1354 1513 ego
1400 1444 1478 1496 vir
1504 1453 1667 1497 vester
1705 1443 1839 1513 (Jer.
1887 1440 1991 1514 ιιι).

403 1531 638 1586 Rursum
664 1534 750 1587 vir
775 1542 829 1588 et
856 1551 1014 1601 uxor,
1046 1534 1297 1591 Christus
1328 1544 1382 1590 et
1410 1536 1671 1600 Ecclesia,
1696 1543 1754 1590 ut
1780 1536 1834 1589 in
1854 1535 1997 1605 Apo-

401 1624 539 1702 stolo
565 1642 577 1677 :
608 1623 833 1691 Propter
860 1628 957 1680 hoc
992 1626 1247 1697 relinquet
1267 1629 1421 1682 homo
1446 1637 1645 1698 patrem
1674 1636 1723 1681 et
1753 1637 1991 1693 matrem,

401 1728 447 1769 et
494 1720 779 1773 adlurrebit
806 1721 961 1774 uxori
1003 1738 1134 1787 sate,
1169 1731 1219 1775 et
1252 1731 1405 1776 erunt
1437 1723 1541 1775 duo
1570 1723 1626 1775 in
1663 1736 1819 1774 carne
1864 1737 1989 1775 una.

2102 543 2309 593 mones,
2338 535 2398 582 ut
2433 529 2487 582 in
2515 528 2653 584 Isaia
2681 548 2693 584 :
2727 529 2826 586 Vos
2859 538 3033 584 autem
3057 531 3303 598 accedite,
3319 532 3420 601 filii
3448 547 3686 603 augura-

2097 620 2264 683 tricis,
2304 634 2476 673 semen
2495 618 2724 674 adulteri
2744 630 2793 675 et
2815 621 3115 690 fornicarite
3136 621 3271 694 (Isa.
3302 622 3456 694 Lvu).
3490 622 3687 679 Forni—

2098 712 2243 767 caria
2287 711 2520 767 carnalis
2560 713 2877 783 propagatio
2922 712 3074 783 plebs
3112 711 3298 770 Judaaa
3338 715 3453 770 sive
3497 715 3684 769 anima

2095 803 2431 874 peccatricis.
2453 803 2729 871 Meretrix,
2760 806 2938 861 anima
2961 806 3257 877 peccatrix,
3278 824 3397 878 quae
3422 807 3686 864 derelicto

2097 895 2305 950 ctelesti
2330 895 2449 949 viro
2471 935 2486 959 ,
2522 895 2575 949 id
2597 903 2711 962 est,
2743 895 2976 964 Christo,
3009 897 3339 954 adulterinos
3366 900 3433 954 de
3467 898 3687 955 diabolo

2098 986 2400 1055 iniquitatis
2437 984 2644 1041 fructus
2704 987 2940 1057 concipit
2978 1006 2990 1041 :
3024 996 3085 1049 ut
3132 989 3188 1043 in
3233 987 3465 1045 Jeremia
3504 989 3686 1045 Frons

2096 1078 2380 1131 meretricis
2432 1077 2575 1147 facta
2621 1086 2694 1133 est
2737 1078 2830 1132 tibi
2867 1077 2999 1150 (Jer.
3027 1080 3132 1149 ιιι).
3178 1079 3453 1152 Lupanar,
3485 1081 3541 1137 id
3575 1089 3684 1147 est,

2096 1168 2246 1224 locus
2266 1169 2667 1224 merelriciosus
2686 1210 2700 1233 ,
2728 1170 3063 1225 conscientia
3092 1170 3324 1228 hominis
3358 1173 3683 1242 peccatoris,

2097 1258 2181 1313 vel
2214 1274 2433 1328 corpus,
2459 1259 2513 1312 in
2540 1273 2648 1328 quo
2677 1259 3009 1315 adulterinos
3035 1275 3159 1315 cum
3199 1262 3531 1319 daemonibus
3552 1277 3683 1333 per-

2096 1356 2274 1420 petrat
2296 1348 2618 1404 concubitus
2650 1368 2661 1402 :
2690 1356 2749 1403 ut
2778 1349 2834 1403 in
2863 1349 3143 1405 Ezechiele
3173 1369 3186 1404 :
3219 1350 3288 1405 Et
3310 1352 3578 1407 destruam
3598 1351 3689 1406 lu-

2095 1457 2267 1511 panar
2314 1450 2462 1494 tuum
2493 1439 2707 1510 (Ezech.
2748 1438 2883 1512 ενι).
2919 1440 3118 1512 Virago
3163 1458 3193 1495 a
3242 1442 3485 1498 viridiori
3524 1450 3687 1498 aetate

2097 1533 2239 1587 dicta
2263 1539 2366 1595 est,
2390 1531 2531 1587 sicut
2558 1538 2614 1585 et
2637 1530 2810 1601 virga,
2841 1531 2981 1584 sicut
3009 1539 3067 1585 et
3091 1531 3277 1586 vitula.
3319 1532 3469 1587 Alias
3495 1532 3564 1586 ab
3601 1532 3688 1586 in-

2098 1624 2471 1693 corruptione,
2521 1622 2676 1691 quasi
2722 1624 2937 1693 virago,
2967 1623 3111 1691 quod
3155 1622 3363 1693 ignoret
3391 1621 3685 1677 femineam

2097 1714 2420 1783 passionem.
2455 1712 2656 1782 Virago
2682 1724 2870 1767 vocata
2886 1754 2900 1777 ,
2925 1714 3051 1782 quia
3079 1712 3257 1767 virum
3282 1714 3427 1780 agit,
3453 1714 3557 1767 hoc
3576 1719 3683 1777 est,

402 1810 515 1879 ligo
549 1820 722 1864 autem
752 1811 869 1865 dico
898 1813 954 1866 in
990 1812 1197 1866 Christo
1230 1820 1279 1866 et
1310 1812 1362 1865 in
1390 1810 1630 1865 Ecclesia
1667 1810 1881 1883 (Ephes.
1910 1810 1988 1883 v).
2022 1800 2260 1876 Bopera
2288 1805 2463 1860 virilia
2501 1803 2667 1869 facit,
2695 1812 2750 1857 et
2783 1804 3067 1857 masculini
3093 1804 3295 1875 vigoris
3320 1813 3421 1859 est.
3462 1804 3688 1873 Antiqui

402 1900 498 1954 Vir
536 1908 589 1954 et
620 1916 775 1966 uxor,
808 1902 987 1955 anima
1032 1910 1087 1955 et
1113 1918 1264 1968 caro,
1309 1901 1403 1957 ﬁlii
1434 1918 1598 1972 opera
1639 1903 1708 1957 ab
1748 1904 1993 1973 utrisque

401 1993 604 2063 genita,
648 2001 707 2047 ut
736 1995 788 2047 in
820 1994 1043 2048 Exodo:
1080 1994 1286 2049 Serviet
1321 1995 1414 2048 tibi
1440 2012 1559 2048 cum
1592 2011 1755 2049 uxore
1783 2005 1830 2048 et
1866 1995 1993 2064 ﬁliis

402 2081 602 2152 (Exod.
633 2082 767 2154 xxx).
800 2083 931 2139 Item
962 2084 1045 2137 vir
1063 2092 1119 2139 et
1141 2100 1298 2149 uxor,
1331 2085 1578 2140 diabolus
1602 2094 1657 2139 et
1682 2086 1874 2140 civitas
1895 2086 1995 2141 Ba-

399 2173 636 2243 bylonia,
654 2175 756 2229 hoc
779 2183 883 2240 est,
906 2185 1206 2231 conventus
1231 2178 1473 2231 omnium
1497 2176 1783 2231 malorum.
1805 2178 1994 2233 Mulier

402 2277 534 2318 vero
563 2280 595 2317 a
622 2265 866 2331 mollitie,
912 2275 1170 2336 tanquam
1222 2268 1454 2332 mollier,
1492 2269 1738 2324 detracta
1773 2268 1994 2324 llittera

399 2356 486 2411 vel
514 2359 1021 2428 mutata,appellata
1046 2369 1129 2414 est
1156 2360 1368 2420 mulier.
1400 2359 1628 2430 Utrique
1659 2361 1804 2415 enim
1834 2361 1995 2415 forti-

402 2446 588 2501 tudine
614 2447 1055 2503 etimbellicitate
1073 2464 1362 2519 corporum
1390 2459 1731 2520 separantur.
1751 2450 1856 2505 Sed
1873 2451 1995 2505 ideo

401 2538 637 2592 maxima
682 2538 940 2594 fortitudo
966 2540 1099 2607 viri,
1149 2528 1393 2596 mulieris
1429 2542 1630 2607 minor,
1672 2549 1733 2595 ut
1780 2544 1996 2611 patiens

400 2630 518 2684 viro
542 2639 721 2686 esset:
756 2632 963 2687 scilicet
990 2646 1057 2687 ne
1086 2647 1116 2685 a
1137 2630 1356 2686 feminis
1378 2631 1805 2702 repugnantibus
1830 2632 1996 2688 libido

402 2732 619 2793 cogeret
662 2725 809 2780 viros
870 2724 1013 2779 aliud
1064 2733 1338 2794 appetere,
1379 2731 1474 2779 aut
1509 2724 1565 2778 in
1607 2724 1772 2778 alium
1807 2740 1997 2779 sexum

400 2830 680 2883 proruere.
720 2815 923 2869 Dicitur
955 2822 1135 2869 autem
1165 2815 1358 2869 mulier
1381 2816 1678 2869 secundum
1704 2814 1997 2870 femineum

403 2921 613 2971 sexum,
645 2923 751 2960 non
776 2907 1073 2963 secundum
1114 2908 1519 2976 corruptionem
1565 2906 1915 2976 integritatis,
1942 2914 1999 2960 et

405 2998 507 3051 hoc
549 3014 616 3052 ex
668 2997 851 3065 lingua
894 3013 1063 3053 sacrae
1106 2998 1424 3066 Scripturze.
1477 2996 1615 3051 Nam
1663 2997 1776 3052 Eva
1812 2998 1998 3052 statim

405 3091 547 3144 facta
577 3089 641 3144 de
670 3090 841 3143 latere
879 3090 980 3143 viri
1024 3089 1147 3160 sui“,
1200 3090 1438 3144 nondum
1475 3096 1727 3144 contacta
1768 3104 1799 3143 a
1844 3089 1998 3155 viro,

2097 1897 2239 1950 enim
2269 1893 2437 1949 fortes
2464 1892 2693 1947 feminas
2706 1892 2980 1961 viragines
3000 1892 3286 1947 vocabant.
3311 1892 3475 1962 Virgo
3502 1901 3688 1947 autem

2097 2000 2204 2039 non
2234 1992 2381 2039 recte
2406 1983 2591 2052 virago
2618 1981 2832 2045 dicitur,
2864 1982 2909 2035 si
2933 1997 3039 2036 non
3062 1982 3164 2035 viri
3194 1980 3369 2037 ofﬁcio
3400 1983 3643 2054 fungitur
3669 1998 3684 2036 :

2100 2075 2291 2128 mulier
2313 2087 2463 2137 vero,
2487 2072 2532 2126 si
2552 2086 2714 2140 opera
2733 2070 2911 2125 virilia
2932 2068 3082 2136 facit,
3096 2079 3245 2126 recte
3265 2071 3453 2143 virago
3466 2071 3687 2136 dicitur,

2097 2173 2157 2218 ut
2191 2178 2469 2217 amazona.
2505 2162 2634 2227 Quae
2661 2176 2788 2215 vero
2820 2176 2963 2214 nunc
2990 2160 3209 2225 femina,
3239 2162 3542 2230 antiquitus
3568 2162 3689 2216 vira

2096 2257 2411 2319 vocabatur,
2434 2253 2574 2307 sicut
2595 2269 2625 2305 a
2647 2268 2806 2307 servo
2826 2267 3000 2316 serva,
3015 2254 3155 2306 sicut
3182 2267 3213 2305 a
3234 2252 3439 2308 famulo
3459 2253 3690 2319 famula,

2099 2348 2175 2401 ita
2203 2362 2233 2400 a
2255 2346 2372 2399 viro
2393 2345 2525 2398 vira.
2551 2343 2689 2398 Hinc
2707 2351 2762 2398 et
2782 2343 3005 2413 virginis
3025 2358 3222 2398 nomen
3243 2343 3446 2398 dictum
3466 2345 3692 2413 quidam

2099 2446 2308 2510 putant.
2338 2436 2501 2505 Virgo
2526 2436 2752 2506 mystice
2777 2445 2873 2511 aut
2897 2442 3143 2489 sanctam
3170 2434 3470 2490 Ecclesiam
3501 2435 3693 2491 catho-

2100 2533 2258 2585 licam
2282 2527 2562 2598 signiﬁcat,
2588 2541 2707 2596 quae
2728 2526 2834 2580 ﬁde
2860 2534 2941 2580 est
2961 2526 3291 2597 incorrupta,
3309 2527 3424 2581 sive
3448 2528 3693 2583 animam

2103 2620 2334 2683 ﬁdelem,
2365 2634 2486 2688 qua:
2509 2632 2617 2672 non
2646 2617 2920 2672 consentit
2943 2618 3305 2672 contaminari
3331 2619 3693 2689 suggestioni-

2100 2711 2203 2766 bus
2223 2708 2442 2773 diaboli,
2465 2708 2549 2763 vel
2574 2708 2949 2763 haereticorum
2972 2707 3249 2763 erroribus
3270 2708 3567 2779 corrumpi.
3591 2707 3697 2766 Cui

2103 2804 2234 2860 dicit
2259 2801 2546 2871 Apostolus
2581 2819 2593 2853 :
2629 2800 2895 2871 Despondi
2922 2801 3061 2854 enim
3095 2817 3182 2855 vos
3212 2801 3465 2871 virginem
3487 2811 3693 2855 castam

2102 2892 2343 2946 exhibere
2372 2890 2582 2944 Christo
2614 2888 2699 2961 (11
2734 2888 2854 2944 Cor.
2896 2889 2995 2961 xl).
3026 2889 3293 2960 Virgines,
3322 2891 3520 2945 anima:
3559 2904 3692 2945 san-

2102 2990 2313 3037 ctorum
2368 2997 2399 3036 a
2446 2981 2793 3051 corruptione
2836 2982 3022 3035 mundi
3069 2996 3166 3050 per
3213 2982 3453 3052 quinque
3502 2998 3697 3039 sensus

2104 3072 2348 3143 corporis
2380 3086 2438 3126 se
2468 3072 2830 3137 continentes,
2858 3082 2919 3125 ut
2949 3072 3007 3127 in
3041 3072 3334 3143 Evangelia
3358 3092 3370 3125 :
3406 3072 3590 3128 Simile
3616 3082 3696 3129 est

403 3183 600 3237 mulier
628 3182 895 3253 appellata
924 3191 1032 3248 cst,
1061 3153 1274 3237 dicente
1297 3180 1579 3251 Scriptura
1609 3197 1623 3235 :
1656 3181 1725 3235 Et
1753 3153 1997 3251 formavit

2106 3181 2319 3235 regnum
2341 3164 2589 3219 caelorum
2608 3165 2785 3219 decem
2807 3166 3093 3234 virginibus
3116 3163 3329 3239 (Matth.
3363 3167 3513 3238 xxv).
3559 3168 3695 3224 Item

403 3290 520 3326 eam
564 3274 618 3326 in
652 3272 924 3327 mulierem
969 3266 1119 3344 (Gen.
1155 3272 1239 3345 ιι).
1294 3272 1519 3342 Mystice
1548 3272 1744 3327 mulier
1772 3281 1865 3326 aut
1892 3273 1998 3327 Ec—

404 3366 625 3422 clesiam
665 3365 931 3435 signiﬁcat
958 3373 1181 3435 propter
1209 3364 1445 3419 ﬁliorum
1472 3350 1902 3434 generationem,
1935 3364 2001 3419 de

404 3472 511 3526 qua
541 3457 738 3528 legitur
766 3457 819 3510 in
844 3454 1153 3511 Proverbiis
1180 3474 1192 3507 :
1241 3454 1519 3509 Mulierem
1548 3456 1738 3525 fortem
1764 3457 1880 3526 quis
1914 3458 1998 3510 in-

406 3548 573 3602 veniet
618 3545 799 3618 (Prov.
855 3546 1047 3617 xxxt)?
1084 3546 1213 3601 Haec
1238 3548 1404 3603 etiam
1447 3548 1641 3603 mulier
1669 3548 2000 3619 septiformis

406 3643 557 3691 tenet
584 3635 840 3691 Ecclesiae
864 3643 1285 3702 sacramentum,
1311 3644 1369 3690 ut
1403 3637 1458 3691 in
1488 3635 1627 3692 Isaia
1657 3654 1671 3691 :
1703 3639 2001 3708 Apprehen-

406 3727 550 3791 dent,
582 3728 778 3798 inquit,
810 3736 1001 3797 septem
1024 3725 1269 3780 mulieres
1310 3727 1479 3780 virum
1509 3743 1674 3780 unum
1706 3726 1841 3797 (lsa.
1877 3727 1955 3797 Iv)
1983 3745 1996 3781 :

411 3827 505 3873 aut
528 3800 767 3873 animam
811 3819 924 3871 sive
973 3817 1266 3871 humanam
1310 3830 1532 3871 carnem
1560 3816 1848 3887 signiﬁcat,
1882 3833 2002 3887 qua:

407 3913 636 3981 imperio
656 3911 879 3979 spiritus
910 3909 1150 3980 subjecta
1175 3924 1296 3965 esse
1318 3909 1498 3975 debet,
1522 3916 1578 3964 et
1596 3908 1713 3980 ejus
1741 3910 2003 3981 regimine

408 4002 717 4073 gubernari.
749 4002 903 4057 Unde
927 4001 1058 4056 dicit
1078 4000 1368 4069 Apostolus
1402 4018 1414 4053 :
1447 3998 1619 4069 Caput
1640 3999 1875 4054 mulieris
1902 4002 1997 4069 vir,

406 4103 563 4163 caput
595 4094 691 4146 viri
719 4091 958 4147 Christus
988 4091 1039 4164 (1
1068 4090 1193 4146 Cor.
1226 4090 1325 4163 xi).
1359 4092 1511 4146 Tunc
1546 4091 1692 4146 enim
1718 4092 1856 4147 bene
1881 4094 1999 4147 ani-

408 4202 553 4242 mam
581 4188 694 4241 sive
720 4202 942 4250 carnem
970 4185 1108 4256 regit
1131 4185 1377 4255 spiritus,
1403 4185 1449 4239 si
1476 4185 1591 4253 ipse
1620 4184 1813 4255 spiritu
1841 4183 2001 4239 Chriv

410 4279 478 4332 sti
507 4279 619 4347 regi
644 4278 841 4330 meruit
870 4294 884 4331 :
915 4278 1040 4347 quia
1060 4278 1357 4346 quicunque
1383 4276 1602 4347 spiritus
1622 4276 1722 4331 Dei
1751 4285 2001 4347 aguntur,

409 4369 463 4420 hi
518 4367 617 4435 ﬁlii
660 4375 780 4421 sunt
829 4366 947 4420 Dei.
1004 4366 1107 4431 Qui
1157 4375 1333 4421 autem
1371 4369 1617 4437 spiritum
1665 4369 1861 4423 Christi
1901 4386 2005 4424 non

408 4457 581 4521 habet,
632 4459 716 4511 hic
758 4456 862 4511 non
910 4465 983 4511 est
1007 4457 1122 4527 ejus
1154 4456 1332 4527 (Rom.
1368 4457 1510 4530 vm).
1556 4459 1690 4514 Item
1722 4460 1998 4526 mulieres,

410 4549 603 4602 animae
649 4547 907 4611 ﬁdelium,
939 4549 1034 4601 sed
1063 4547 1311 4611 inﬁrmae,
1348 4549 1488 4601 sicut
1535 4549 1593 4601 in
1634 4548 1908 4618 Propheta
1936 4550 2002 4604 de

409 4639 681 4693 luercticis
729 4638 927 4691 dicitur
972 4654 985 4689 :
1030 4636 1278 4690 Mulieres
1327 4637 1506 4707 papuli
1544 4639 1646 4691 mei
1685 4639 1909 4707 ejecistis
1939 4640 2004 4693 de

411 4720 567 4782 domo
595 4726 908 4781 deliciarum
938 4742 1172 4779 mearam
1197 4725 1382 4797 (Mich.
1422 4725 1504 4797 ιι).
1545 4725 1678 4781 Item
1704 4727 1897 4781 mulier
1915 4727 2005 4781 vel

411 4833 548 4874 uxor
573 4816 857 4887 sapientia,
882 4824 941 4869 ut
958 4822 1053 4870 est
1077 4815 1204 4869 illud
1227 4831 1243 4869 :
1271 4813 1477 4869 Ltetare
1501 4831 1620 4869 cum
1640 4815 1855 4870 muliere
1883 4816 2007 4870 ado-

412 4908 671 4964 (essentia:
705 4917 809 4962 tute
851 4904 1034 4977 (Prov.
1059 4904 1295 4978 v).llaec
1323 4905 1520 4960 mulier
1546 4916 1808 4978 genuerat
1842 4906 2001 4974 ﬁlios,

414 5016 519 5055 non
548 4999 704 5063 ﬁlias,
751 4999 857 5052 hoc
895 5006 999 5061 est,
1026 4997 1277 5061 virtutes,
1304 5010 1413 5050 non
1436 4996 1587 5050 vitia.
1616 4998 1851 5053 Rursum
1886 5014 2004 5053 mu-

414 5093 516 5147 lier
540 5092 593 5144 in
635 5088 833 5144 malam
862 5095 1073 5156 partem
1103 5087 1403 5155 accipitur:
1437 5086 1634 5140 mulier
1661 5089 1791 5142 urbs
1833 5087 2005 5158 Baby-

414 5183 577 5246 lonia,
604 5195 725 5250 qum
751 5179 917 5233 totius
946 5177 1129 5230 mundi
1164 5177 1305 5246 gerit
1335 5170 1585 5247 ﬁguram,
1614 5185 1673 5232 ut
1707 5179 1762 5231 in
1790 5180 1995 5250 Apoca-

414 5271 553 5342 lypsi
581 5288 593 5323 :
635 5266 755 5321 Vidi
782 5266 1052 5320 mulierem
1088 5266 1286 5319 ebriam
1319 5265 1383 5319 de
1414 5268 1670 5336 sanguine
1702 5279 2003 5323 sanctorum

417 5362 600 5431 (Apoc.
622 5359 787 5428 xvu).
826 5357 961 5412 Item
1007 5355 1217 5421 mulier,
1270 5356 1522 5411 haeretica
1540 5357 1809 5426 pravitas,
1842 5368 1903 5414 ut
1948 5361 2002 5414 in

419 5450 705 5505 Salomone
733 5468 746 5503 :
777 5447 974 5502 Mulier
1012 5448 1175 5501 stulta
1203 5456 1251 5501 et
1283 5446 1514 5502 clamosa
1546 5448 1799 5519 plenaque
1829 5450 2001 5504 illece-

420 5542 525 5594 bris
557 5538 739 5611 (Prov.
766 5540 865 5610 ιχ).
899 5540 1032 5596 Item
1062 5540 1339 5607 mulieres,
1373 5541 1491 5596 dua:
1523 5540 1730 5611 plebes,
1781 5541 2005 5597 Judaica

421 5640 584 5700 atque
610 5631 894 5695 haeretica,
920 5638 979 5684 ut
1005 5632 1061 5685 in
1096 5632 1363 5688 Zacharia
1391 5651 1403 5687 :
1432 5631 1570 5686 Ecce
1603 5632 1846 5687 mulieres
1882 5633 2003 5687 dum

421 5732 682 5792 portantes
711 5724 1016 5792 amphoram
1047 5721 1231 5793 (Zach.
1261 5727 1340 5796 v),
1375 5725 1431 5782 id
1453 5732 1555 5793 est,
1588 5724 1878 5790 diabolum,
1911 5725 2004 5793 qui

2103 3256 2367 3327 virgines,
2394 3255 2589 3309 animae
2614 3256 3028 3323 continentium,
3058 3272 3165 3312 non
3186 3268 3409 3329 propter
3432 3268 3697 3315 aeternam

2104 3346 2535 3412 retributionem,
2571 3345 2667 3401 sed
2692 3354 2911 3417 propter
2937 3346 3175 3403 favorem
3210 3350 3387 3405 laudis
3420 3352 3692 3407 humanm.

2111 3438 2258 3494 Unde
2283 3447 2333 3492 et
2352 3448 2515 3508 Supra
2543 3438 2647 3492 :Et
2673 3441 2901 3509 quinque
2922 3441 3084 3510 fatua:
3107 3440 3319 3515 (Ibid.).
3347 3443 3417 3498 Et
3438 3444 3494 3499 in
3522 3445 3693 3502 Amos

2102 3530 2366 3599 propheta
2410 3543 2424 3581 :
2480 3528 2551 3583 In
2606 3528 2695 3585 die
2744 3528 2837 3583 illa
2884 3528 3127 3598 deﬁcient
3177 3532 3401 3604 virgines
3452 3535 3696 3605 pulchra:

2106 3619 2284 3690 (Amos
2317 3618 2458 3689 vtu).
2490 3618 2812 3689 Lampades,
2835 3634 2999 3691 opera
3015 3620 3258 3690 justitiae,
3287 3632 3348 3679 ut
3374 3625 3427 3678 in
3450 3624 3699 3697 Evange-

2104 3711 2209 3766 lio:
2240 3711 2566 3780 Accipientes
2581 3711 2848 3781 lampades
2870 3728 2995 3766 suas
3017 3714 3256 3769 exierunt
3279 3716 3481 3770 obviam
3504 3734 3697 3787 sponso

2104 3812 2150 3878 et
2173 3819 2375 3873 sponsa:
2405 3800 2621 3874 (Matth.
2645 3802 2797 3874 xxv).
2822 3802 3034 3859 Sterilis
3062 3805 3291 3876 mystice
3321 3815 3567 3862 sanctam
3596 3809 3699 3865 Ec-

2105 3896 2325 3951 clesiam
2357 3904 2484 3950 ante
2514 3884 2801 3950 adventum
2844 3894 3144 3951 Salvatoris
3184 3898 3357 3953 nostri
3401 3899 3696 3969 signiﬁcat,

2104 3991 2164 4037 ut
2194 3984 2250 4037 in
2278 3983 2415 4038 Isaia
2441 4002 2453 4036 :
2477 3981 2686 4049 Lauda,
2715 3984 2929 4051 sterilis,
2952 4001 3070 4055 qua:
3090 4002 3195 4040 non
3220 3987 3366 4057 paris
3393 3986 3529 4058 (Isa.
3559 3990 3696 4063 Liv).

2104 4073 2172 4127 Et
2218 4074 2275 4127 in
2321 4073 2571 4143 psalmo:
2607 4073 2713 4139 Qui
2756 4075 2993 4130 habitare
3032 4076 3161 4147 facit
3188 4078 3417 4133 sterilem
3444 4080 3502 4133 in
3542 4083 3698 4140 domo

2107 4162 2277 4233 (Psal.
2304 4166 2459 4235 cxn).
2516 4164 2738 4219 Femina
2761 4181 2890 4221 vero
2916 4183 2948 4220 a
2971 4169 3217 4237 partibus
3236 4166 3506 4225 femorum
3529 4172 3693 4241 dicta,

2105 4254 2196 4308 ubi
2218 4270 2379 4310 sexus
2405 4255 2614 4323 species
2646 4271 2678 4309 a
2706 4258 2827 4312 viro
2848 4258 3215 4329 distinguitur.
3239 4260 3345 4315 Alii
3374 4279 3551 4333 graeca
3582 4274 3697 4337 ety-

2107 4348 2337 4418 mologia
2358 4347 2616 4403 feminam
2646 4350 2713 4404 ab
2734 4349 2887 4419 ignea
2906 4350 2960 4403 vi
2988 4350 3187 4405 dictam
3213 4360 3427 4422 putant,
3452 4355 3578 4424 quia
3609 4368 3699 4411 ve-

2108 4438 2388 4495 hementer
2425 4440 2781 4509 concupiscit.
2808 4440 3254 4499 Libidiniosiorcs
3279 4444 3424 4498 enim
3449 4446 3581 4501 viris
3616 4445 3697 4502 fe-

2108 4537 2285 4591 minas
2303 4548 2446 4598 esse,
2488 4540 2600 4586 tam
2631 4534 2685 4587 in
2710 4534 3040 4601 hominibus,
3076 4551 3239 4605 quam
3265 4535 3320 4590 in
3350 4538 3693 4595 animalibus.

2112 4628 2268 4684 Unde
2309 4626 2510 4681 nimius
2537 4639 2692 4679 amor
2724 4625 2863 4694 apud
2893 4627 3146 4695 antiquos
3172 4626 3437 4683 femineus
3464 4628 3696 4693 vocaba-

2111 4730 2219 4791 tur.
2254 4719 2475 4773 Femina
2505 4716 2719 4787 quando
2750 4717 2804 4770 in
2833 4717 3029 4772 bonam
3058 4725 3267 4787 partem
3296 4718 3581 4788 accipitur,
3611 4720 3695 4779 si-

2112 4813 2333 4886 gniﬁcat
2363 4812 2587 4866 Mariam
2629 4821 2859 4865 matrem
2902 4810 3144 4877 Domini,
3192 4812 3259 4866 de
3288 4826 3392 4881 qua
3422 4808 3697 4882 Propheta

2114 4906 2192 4960 ait
2223 4922 2235 4957 :
2266 4902 2493 4958 Femina
2517 4901 2857 4957 circumdabit
2880 4903 3050 4957 virum
3078 4901 3211 4973 (Jer.
3236 4901 3422 4973 xxxx);
3458 4911 3554 4957 aut
3572 4904 3692 4958 bu-

2106 4998 2391 5053 militatem
2414 4996 2798 5066 subiectorum.
2822 4994 3049 5063 Quando
3071 5003 3250 5049 autem
3274 4996 3329 5050 in
3355 4996 3555 5051 malam
3572 5010 3697 5065 par-

2108 5098 2243 5155 tem,
2293 5087 2561 5158 signiﬁcat
2602 5086 2880 5142 libidinem
2920 5086 3341 5141 luxuriosorum.
3380 5085 3575 5143 Senior
3608 5094 3694 5145 est

2108 5178 2285 5234 adhuc
2308 5178 2551 5233 viridior.
2582 5176 2735 5232 Unde
2763 5177 2818 5230 in
2851 5184 3004 5230 sexto
3034 5174 3174 5230 libro
3199 5173 3421 5231 Ovidius
3451 5177 3563 5231 ait:

2292 5279 2468 5328 Senior
2494 5279 2621 5330 inter
2642 5278 2981 5339 juvenemque
3009 5288 3305 5339 senemque.

2114 5360 2358 5417 Senioris
2386 5368 2572 5415 autem
2592 5373 2790 5413 nomen
2808 5366 2901 5412 aut
2924 5357 3239 5429 dignitatem
3253 5358 3571 5429 magisterii,
3598 5368 3699 5418 aut

2112 5452 2479 5507 maturitatem
2503 5450 2711 5506 consilii
2739 5448 3023 5521 signiﬁcat.
3056 5449 3210 5506 Unde
3238 5450 3295 5503 in
3321 5448 3560 5519 Epistula
3590 5464 3696 5505 sua

2112 5542 2303 5598 Petrus
2344 5540 2615 5612 apostolus
2651 5541 2781 5596 dicit
2814 5559 2826 5595 :
2862 5540 3127 5604 Seniores,
3158 5540 3248 5609 qui
3282 5541 3337 5593 in
3370 5541 3511 5594 vobis
3544 5550 3693 5607 sunt,

2111 5634 2319 5688 obsecro
2340 5633 2612 5688 consenior
2630 5642 2677 5688 et
2698 5634 2840 5689 testis
2864 5630 3056 5687 Christi
3075 5632 3379 5701 passionum
3399 5631 3451 5702 (1
3476 5630 3690 5794 Ροδνζ.

2111 5726 2178 5782 Ει
2204 5726 2459 5793 Joannes,
2488 5724 2698 5793 Senior,
2729 5725 2923 5794 inquit,
2951 5722 3106 5781 electe
3128 5722 3349 5780 Dorum
3367 5722 3450 5793 (11
3470 5722 3631 5780 Joan.
3665 5760 3687 5780 .

2110 5726 2178 5782 Et
2204 5726 2459 5793 Joannes,
2488 5724 2698 5793 Senior,
2729 5725 2923 5795 inquit,
2951 5722 3106 5781 electe
3128 5722 3349 5780 Dorum
3367 5722 3450 5793 (11
3470 5722 3687 5794 10am).
