3930 6372
341 341 446 397 185

1315 331 1404 388 DE
1439 329 1794 389 UNIVERSO
1832 331 2014 388 LIBRI
2051 330 2210 388 XXII.
2250 364 2319 374 —
2356 332 2484 389 LIB.
2528 334 2636 390 VII.

3490 341 3593 399 186

341 456 411 512 Et
438 473 452 508 :
484 453 672 510 Senior
698 451 832 504 Gaio
858 450 1157 504 cliarissimo
1180 447 1300 520 (III
1322 447 1525 520 Joan.).
1546 447 1714 503 Senes
1737 456 1919 502 autem
1944 458 2000 515 Α
2021 451 2265 517 masculi,
2292 451 2434 505 unde
2458 451 2769 506 animalium
2797 451 3141 509 ethominum
3160 469 3387 525 corpora
3414 460 3593 516 conci-

343 551 561 624 qnidam
592 546 768 601 dictos
793 553 981 615 putant
1006 560 1035 598 a
1069 558 1258 599 sensus
1281 541 1658 606 diminutione,
1688 556 1752 595 eo
1779 542 1923 610 quod

343 645 452 712 iam
493 656 602 710 pra:
655 646 922 695 vetustate
974 637 1258 705 desipiant.
1313 634 1447 688 Nam
1489 633 1698 703 physici
1737 633 1924 687 dicunt

343 733 538 790 stultos
571 746 690 787 esse
719 731 965 785 homines
990 727 1282 799 frigidioris
1324 724 1602 795 sanguinis
1633 741 1646 777 :
1687 723 1921 793 pruden-

344 835 460 892 tes,
489 823 664 880 calidi.
712 823 866 878 Unde
891 830 944 876 et
969 835 1155 885 senes,
1192 819 1248 874 in
1274 819 1469 888 quibus
1499 815 1612 884 iam
1646 815 1836 887 friget,
1867 824 1923 871 et

340 919 524 988 pueri,
547 918 602 971 in
628 918 822 987 quibus
849 915 1075 971 necdum
1105 914 1271 978 calet,
1313 913 1491 966 minus
1532 913 1766 982 sapiunt.
1794 913 1922 969 Inde

339 1020 462 1075 est,
495 1011 634 1080 quod
682 1009 931 1065 convenit
968 990 1072 1062 sibi
1119 1007 1392 1061 infantum
1430 1015 1561 1060 aetas
1609 1016 1664 1060 et
1710 1021 1916 1061 senum.

343 1099 517 1156 Senes
547 1101 690 1156 enim
719 1114 816 1169 per
845 1098 1065 1152 nimiam
1097 1105 1312 1151 aetatem
1351 1096 1609 1158 delirant,
1647 1095 1798 1164 pueri
1824 1110 1921 1164 per

338 1188 640 1254 lasciviam,
671 1199 725 1243 et
767 1189 1000 1243 infantes
1057 1189 1305 1258 ignorant
1345 1187 1473 1256 quid
1515 1193 1694 1256 agant.
1744 1184 1918 1241 Senex

339 1290 527 1337 autem
573 1281 779 1335 tantum
811 1279 1088 1334 masculini
1115 1280 1324 1350 generis
1352 1286 1467 1343 est,
1498 1278 1636 1332 sicut
1677 1293 1811 1332 anus
1841 1276 1918 1331 fe-

337 1373 552 1427 minini.
585 1371 758 1426 Senex
787 1372 1012 1441 mystice
1041 1370 1253 1438 quando
1278 1370 1332 1423 in
1357 1369 1552 1424 bonam
1583 1375 1793 1437 partem
1823 1382 1916 1421 ac-

337 1466 556 1535 cipitur,
590 1471 968 1518 consummatae
987 1461 1209 1531 iustitiae
1233 1460 1503 1532 significat
1537 1459 1830 1523 hominem,
1864 1466 1918 1513 et

336 1559 579 1628 probatae
599 1556 835 1610 scientia:
861 1573 873 1608 :
900 1567 958 1608 ut
984 1563 1066 1609 est
1087 1554 1217 1608 illud
1239 1555 1292 1607 in
1312 1554 1509 1609 Genesi
1536 1571 1547 1606 :
1581 1553 1822 1607 Mortuus
1843 1563 1917 1607 est

333 1645 604 1699 Abraham
636 1660 790 1698 senex
837 1653 884 1697 et
933 1643 1113 1712 plenus
1147 1643 1349 1696 dierum
1380 1641 1530 1714 (Gen.
1576 1642 1726 1714 xxv).
1767 1643 1832 1697 Et
1861 1644 1916 1698 in

336 1735 624 1791 Salomone
649 1753 662 1788 :
692 1732 823 1789 Cani
846 1743 965 1788 sunt
987 1734 1209 1787 hominis
1230 1749 1429 1797 sensus,
1457 1742 1506 1786 et
1535 1741 1662 1786 tetas
1684 1742 1917 1787 senectu-

332 1827 423 1891 tis,
453 1826 558 1879 vita
588 1823 924 1878 immaculata
952 1821 1100 1893 (Sap.
1131 1822 1226 1893 ιν).
1265 1821 1489 1888 Quando
1521 1837 1649 1877 vero
1690 1823 1744 1876 in
1790 1824 1916 1878 alte-

333 1931 455 1969 ram
491 1924 697 1985 partem
721 1914 955 1984 ponitur,
990 1912 1258 1983 significat
1284 1913 1667 1967 hebetudinem
1700 1929 1914 1981 sensus,

331 2014 389 2060 et
416 2004 779 2072 insipientiam
813 2002 1032 2055 erroris.
1065 2001 1218 2055 Unde
1245 2001 1301 2054 in
1330 2000 1620 2055 Salomone
1656 2003 1915 2071 scriptum

327 2102 416 2148 est
445 2112 458 2146 :
491 2092 702 2162 Cunque
715 2093 830 2161 jam
860 2109 1014 2145 senex
1038 2100 1188 2156 esset,
1211 2093 1545 2163 depravatum
1575 2102 1650 2148 est
1680 2111 1770 2148 cor
1801 2095 1913 2163 ejus

329 2180 456 2252 (III
492 2180 616 2250 Reg.
646 2179 746 2248 ιι).
781 2179 1040 2234 Senectus
1068 2189 1246 2234 autem
1274 2182 1441 2235 multa
1474 2198 1658 2237 secum
1689 2193 1742 2237 et
1770 2183 1911 2237 bona

327 2271 490 2329 aﬂ’ert
513 2279 567 2326 et
586 2269 744 2324 mala.
781 2268 947 2334 Bona,
977 2270 1102 2339 quia
1126 2285 1223 2324 nos
1251 2286 1280 2323 a
1311 2271 1706 2340 potentissimis
1739 2271 1912 2326 domi-

326 2363 416 2419 nis
447 2361 663 2424 liberat,
712 2359 1072 2428 voluptatibus
1121 2359 1346 2427 imponit
1397 2361 1636 2425 modum,
1673 2360 1910 2414 libidinis

328 2449 531 2519 frangit
579 2451 826 2516 impetus,
888 2455 1046 2516 auget
1089 2448 1425 2515 sapientiam,
1483 2451 1574 2502 dat
1609 2451 1908 2504 maturiora

327 2539 574 2597 consilia.
607 2538 743 2592 Mala
780 2545 988 2603 autem,
1026 2537 1151 2606 quia
1180 2539 1390 2593 senium
1435 2540 1800 2594 miserrimum
1829 2549 1913 2597 est

326 2631 609 2687 debilitate
646 2639 700 2683 et
743 2629 883 2683 odio.
923 2627 1165 2683 Subeunt
1203 2630 1350 2683 enim
1395 2630 1590 2694 morbi,
1628 2630 1907 2700 tristisque

325 2729 603 2777 senectus.
630 2709 765 2773 Nam
794 2719 900 2772 duo
927 2725 1073 2781 sunt,
1101 2718 1293 2788 quibus
1324 2718 1641 2773 minuuntur
1665 2722 1908 2789 corporis

325 2812 489 2874 vires,
540 2817 788 2864 senectus
819 2817 873 2861 et
899 2808 1138 2863 morbus.
1194 2806 1456 2862 Senectus
1505 2809 1791 2879 aliquando
1829 2813 1908 2864 in-

325 2902 610 2957 commoda
640 2899 920 2969 praesentis
949 2899 1206 2968 temporis
1255 2899 1524 2970 significat
1560 2919 1572 2953 :
1619 2901 1904 2970 aliquando

325 2995 618 3049 candorem
661 2993 938 3047 virtutum.
994 2991 1128 3045 Nam
1163 2993 1425 3061 propheta
1462 2993 1754 3046 Dominum
1781 3010 1904 3062 pre-

324 3085 478 3137 catur
521 3084 578 3137 in
617 3082 897 3146 Psalterio,
947 3083 1022 3135 ita
1063 3083 1248 3136 dicens
1279 3097 1293 3134 :
1329 3082 1412 3136 Ne
1443 3084 1696 3152 projicias
1727 3103 1806 3138 me
1849 3087 1904 3140 in

323 3183 553 3242 tempore
582 3167 1041 3240 senectutis(Psal.
1067 3171 1214 3241 ιιι).
1248 3170 1545 3240 Supplicat,
1568 3188 1636 3227 ne
1667 3184 1904 3242 tempore
1932 3161 1975 3223 C
2007 3191 2125 3231 esse
2178 3191 2235 3229 se
2282 3176 2474 3230 dixerit
2523 3191 2537 3229 :

325 3261 622 3318 senectutis
653 3276 760 3315 sua:
782 3258 1095 3331 projiciatur
1134 3276 1165 3313 a
1201 3260 1429 3315 Domino
1463 3281 1474 3315 :
1509 3265 1722 3331 quando
1762 3263 1906 3319 fessa

324 3356 385 3410 fit
409 3357 585 3410 virtus
609 3356 851 3424 corporis
875 3395 889 3419 ,
928 3355 1046 3422 plus
1081 3354 1284 3424 indiget
1332 3355 1594 3425 adjuvari.
1631 3355 1738 3411 Sed
1765 3359 1904 3413 hanc

323 3455 661 3503 senectutem
688 3461 794 3500 non
814 3445 987 3500 solum
1011 3453 1223 3499 aetatem
1249 3446 1456 3499 finitam
1487 3447 1740 3500 debemus
1763 3447 1905 3501 acci-

323 3535 450 3610 pere
491 3556 503 3590 :
544 3538 639 3593 sed
676 3539 836 3592 etiam
864 3553 985 3592 cum
1027 3537 1460 3592 tribulationibus
1499 3537 1702 3592 crebris
1745 3546 1905 3607 atque

324 3630 603 3700 martyriis
626 3629 791 3683 robur
808 3629 1000 3682 animae
1021 3631 1379 3683 consenescit.
1399 3628 1700 3684 Candorem
1722 3637 1904 3683 autem

325 3723 586 3776 virtutum
615 3722 884 3792 significat
908 3722 1057 3786 illud,
1093 3723 1184 3778 ubi
1209 3724 1468 3793 scriptum
1497 3732 1578 3777 est
1609 3741 1618 3775 :
1656 3721 1903 3778 Senectus

326 3827 440 3864 mea
469 3811 520 3863 in
563 3813 922 3867 misericordia
966 3814 1111 3867 uberi
1140 3811 1312 3884 (Psal.
1337 3813 1466 3884 xei).
1498 3811 1759 3868 Senectus
1778 3828 1904 3867 can-

323 3902 506 3957 didum
532 3912 695 3973 caput
723 3904 902 3959 habet.
954 3904 1082 3970 Qua:
1107 3905 1400 3960 similitudo
1424 3904 1505 3976 (ut
1534 3904 1787 3974 arbitror)
1816 3905 1903 3958 hic

321 3993 462 4062 iuste
495 3997 656 4050 datur
679 3997 928 4051 Ecclesiae
957 4013 970 4050 :
996 3999 1248 4066 quoniam
1267 4000 1444 4052 omnia
1470 4001 1658 4052 merita
1687 4006 1900 4052 sancto-

321 4099 442 4138 rum
468 4094 726 4152 tanquam
756 4087 874 4140 cani
910 4088 1103 4156 capitis
1136 4088 1424 4156 purissima
1457 4088 1574 4142 luce
1603 4087 1897 4157 fulgebunt.

320 4173 432 4230 Nec
483 4175 755 4231 incassum
791 4177 1013 4242 addidit,
1042 4192 1201 4232 mea:
1232 4179 1355 4248 quia
1395 4189 1643 4233 senectus
1668 4180 1900 4234 humana

321 4266 525 4320 morbis
548 4267 880 4335 gravissimis
915 4269 1154 4321 sauciata
1203 4268 1375 4322 tendit
1403 4269 1472 4322 ad
1496 4270 1676 4335 finem,
1706 4284 1900 4338 quere-

318 4359 386 4414 lis
412 4374 665 4423 onerosa,
693 4360 870 4414 colore
894 4360 1147 4415 deformis
1171 4368 1270 4415 est.
1309 4360 1381 4414 At
1423 4369 1609 4414 contra
1650 4370 1899 4416 senectus

317 4452 575 4506 Ecclesiae
601 4451 670 4505 ad
683 4452 847 4504 vitam
889 4452 1037 4506 ducit
1063 4461 1396 4522 perpetuam,
1417 4452 1480 4505 ad
1510 4453 1892 4507 beatitudinem

317 4542 643 4605 mirabilem,
703 4542 769 4595 ad
817 4541 1270 4611 pulchritudinem
1321 4543 1669 4611 singularem,
1709 4552 1768 4597 ut
1810 4543 1892 4596 lu-

316 4641 500 4695 ceam,
532 4633 674 4685 sicut
721 4630 892 4700 angeli
945 4631 1061 4685 Dei.
1096 4631 1220 4685 Haec
1257 4632 1322 4686 de
1369 4647 1498 4686 sexu
1529 4633 1805 4686 hominum
1844 4643 1896 4688 et

314 4725 574 4814 gradibus
594 4732 808 4777 aetatum
838 4740 980 4814 nunc
1011 4723 1461 4814 dictasuﬂiciant.
1494 4723 1614 4779 Iam
1643 4727 1707 4781 de
1734 4741 1895 4795 gene—

316 4815 544 4869 rationis
565 4813 704 4868 serie
735 4813 955 4868 dicenda
980 4821 1106 4866 sunt
1125 4813 1320 4882 aliqua.

928 4925 1152 4980 CAPUT
1191 4926 1252 4979 ll.

727 5015 804 5068 De
833 5015 1176 5085 generationis
1203 5017 1474 5086 prosapia.

387 5126 551 5179 Pater
578 5132 682 5188 est,
715 5139 745 5177 a
774 5141 879 5193 quo
911 5127 1120 5180 initium
1165 5126 1408 5181 nascitur
1437 5130 1670 5198 generis.
1714 5130 1898 5201 Itaque

314 5220 361 5271 is
399 5215 790 5285 paterfamilias
837 5218 1123 5270 vocitatur.
1167 5217 1327 5271 Pater
1379 5226 1556 5272 autem
1605 5221 1778 5275 dictus
1833 5237 1897 5278 eo

313 5309 454 5379 quod
502 5306 811 5376 patratione
855 5315 1074 5374 peracta
1125 5307 1292 5361 filium
1354 5317 1623 5377 procreet.
1657 5310 1897 5367 Patratio

310 5397 457 5455 enim
483 5404 569 5450 est
593 5395 674 5451 rei
701 5394 927 5448 veneria:
956 5397 1368 5451 consummatio.
1404 5396 1682 5452 Lucretius
1716 5416 1727 5450 :

561 5528 626 5580 Et
648 5528 785 5579 bene
808 5529 1008 5591 patratio
1035 5535 1245 5590 patrum.

309 5637 598 5693 Genitores
619 5641 806 5687 autem
829 5649 860 5687 a
886 5633 1149 5704 gignendo
1175 5649 1187 5685 :
1218 5642 1271 5686 et
1295 5641 1547 5702 parentes
1567 5674 1580 5700 ,
1609 5635 1760 5702 quasi
1790 5651 1888 5704 pa-

307 5741 526 5804 rientes,
575 5742 636 5790 et
686 5740 976 5786 creatores.
1009 5731 1354 5787 Crementum
1392 5731 1534 5787 enim
1577 5739 1658 5785 est
1703 5745 1886 5785 semen

2021 539 2257 609 piuntur.
2303 539 2441 594 Hinc
2484 548 2755 597 creatores
2809 551 3060 611 parentes
3101 544 3369 619 dicuntur.
3409 535 3590 608 multis

2021 632 2192 686 modis
2216 631 2271 684 in
2296 630 2588 700 Scripturis
2609 641 2761 702 pater
2786 635 2993 702 positus
3023 636 3288 703 reperitur
3313 657 3325 691 :
3349 640 3474 709 quia
3498 649 3594 697 aut

2021 723 2333 778 naturaliter
2359 731 2513 792 pater
2553 724 2765 790 dicitur,
2812 735 2871 781 ut
2903 727 3044 782 Deus
3074 737 3226 797 pater
3262 732 3516 797 omnium,
3557 747 3591 788 a

2021 832 2126 886 quo
2157 824 2279 870 sunt
2305 815 2643 886 omnia,quia
2671 818 2737 872 ab
2768 833 2832 873 eo
2859 819 3039 873 omnia
3067 819 3327 891 originem
3350 823 3583 890 habent;

2021 916 2112 962 aut
2140 910 2500 978 generatione,
2534 911 2674 964 sicut
2712 911 3016 964 nominatur
3045 913 3112 966 ab
3140 927 3222 977 eo,
3243 914 3384 982 quod
3421 914 3590 970 filium

2021 1001 2222 1072 genuit,
2252 1009 2309 1053 ut
2342 1007 2423 1053 est
2476 999 2600 1053 illud
2646 1018 2656 1051 :
2703 1000 2968 1054 Abraham
3010 1004 3183 1071 genuit
3229 1002 3403 1069 Isaac,
3434 1003 3592 1059 Isaac

2021 1102 2193 1146 autem
2228 1095 2402 1163 genuit
2450 1093 2610 1147 Jacob
2643 1094 2860 1165 (Matth.
2895 1095 2957 1165 1),
2993 1105 3120 1160 etc.;
3164 1105 3255 1150 aut
3296 1100 3586 1167 posterita-

2021 1192 2130 1238 tem
2159 1184 2333 1253 gentis
2361 1185 2427 1238 ab
2457 1198 2522 1238 eo
2560 1193 2690 1238 ortae
2739 1204 2750 1237 :
2795 1186 2935 1240 sicut
2968 1186 3020 1239 in
3049 1186 3338 1256 Evangelio
3371 1188 3584 1259 legitur,

2020 1273 2230 1330 Judaeos
2264 1276 2488 1331 Domino
2532 1277 2728 1331 dixisse
2758 1295 2769 1330 :
2805 1276 2964 1331 Pater
3000 1288 3172 1332 noster
3215 1279 3478 1333 Abraham
3512 1288 3589 1336 est

2022 1363 2201 1435 (Joan.
2233 1363 2373 1434 VIII),
2402 1373 2455 1419 et
2478 1364 2625 1420 dives
2653 1366 2706 1419 in
2736 1365 2944 1419 inferno
2966 1367 3174 1434 positus
3193 1378 3401 1436 patrem
3424 1385 3592 1424 voca-

2018 1453 2097 1506 vit
2141 1452 2409 1506 Abraham
2453 1453 2601 1524 (Luc.
2641 1453 2776 1525 xvx).
2826 1455 2986 1510 Pater
3019 1471 3146 1511 vero
3179 1459 3340 1513 homo
3365 1460 3588 1529 primus,

2017 1541 2187 1595 Adam
2226 1541 2540 1610 intelligitur
2572 1561 2584 1595 :
2621 1550 2677 1596 ut
2718 1552 2800 1598 est
2829 1544 2956 1599 illud
2981 1545 3130 1600 Isaia
3170 1567 3181 1598 :
3222 1546 3382 1601 Pater
3429 1560 3593 1604 vester

2017 1634 2215 1704 primus
2239 1635 2464 1703 peccavit
2502 1633 2638 1705 (Isa.
2665 1636 2842 1705 xun).
2869 1635 3001 1691 Item
3033 1645 3206 1706 pater,
3234 1638 3461 1692 mundus
3481 1639 3594 1695 sive

2019 1723 2263 1778 diabolus
2285 1733 2385 1789 est,
2416 1732 2474 1777 ut
2517 1725 2570 1777 in
2609 1725 2900 1795 Evangelio
2935 1745 2948 1780 :
2997 1725 3097 1780 Vos
3127 1727 3190 1781 de
3217 1737 3361 1797 patre
3385 1728 3591 1783 diabolo

1941 1805 1988 1866 B
2016 1814 2136 1867 estis
2170 1813 2350 1883 (Joan.
2381 1813 2520 1884 vm).
2551 1814 2619 1868 Et
2645 1815 2701 1868 in
2735 1815 3000 1870 Zacharia
3038 1815 3282 1888 :‘Patres
3312 1820 3464 1872 vestri
3503 1819 3592 1873 ubi

2015 1914 2136 1956 sunt
2159 1903 2342 1974 (Zaclt.
2368 1904 2442 1976 1)?
2472 1904 2707 1959 Rursum
2728 1914 2907 1976 patres
2937 1908 3180 1977 apostoli,
3213 1909 3326 1962 sive
3356 1911 3586 1979 prophe-

2020 2003 2102 2058 tae,
2129 2002 2189 2047 ut
2220 1997 2272 2048 in
2297 1995 2503 2062 psalmo
2533 2012 2544 2046 :
2575 1995 2682 2048 Pro
2712 1997 2944 2065 patribus
2971 1999 3071 2050 tuis
3103 2000 3213 2050 nati
3235 2009 3352 2052 sunt
3376 2001 3464 2052 tibi
3495 2001 3593 2066 ﬁlii

1984 2127 1990 2132 ,
2022 2083 2192 2156 (Psal.
2230 2083 2397 2155 κων).
2425 2085 2493 2138 Et
2519 2085 2760 2139 doctrina
2796 2085 2994 2139 dicitur-
3021 2094 3195 2156 pater,
3229 2086 3366 2141 Sicut
3394 2087 3591 2162 Paulus
3659 2133 3663 2136 .

2013 2175 2278 2242 aliquibus
2300 2174 2546 2228 fidelibus
2569 2176 2675 2228 ait:
2705 2173 2849 2227 Licet
2873 2174 3062 2229 multos
3083 2178 3357 2246 magistros
3377 2177 3590 2232 habere-

2013 2265 2095 2330 tis,
2127 2272 2298 2317 tamen
2329 2281 2432 2316 non
2472 2262 2662 2316 multos
2690 2273 2881 2332 patres.
2931 2264 3046 2334 Ego
3072 2265 3211 2318 enim
3236 2281 3325 2335 per
3349 2265 3587 2335 Evange-

2013 2355 2141 2407 lium
2181 2355 2237 2406 in
2271 2351 2475 2406 Christo
2515 2369 2601 2406 vos
2631 2354 2786 2422 genui
2828 2353 2880 2423 (Ι
2913 2353 3033 2408 Cor.
3081 2357 3173 2426 Iv).
3216 2354 3326 2408 Aut
3361 2369 3587 2410 veneras-

2013 2445 2175 2510 tione,
2208 2445 2346 2499 sicut
2392 2445 2687 2500 monastica
2737 2445 3016 2514 disciplina
3061 2447 3216 2501 docet
3253 2450 3584 2505 monachos:

2011 2545 2070 2590 ut
2099 2536 2268 2602 illum,
2292 2532 2383 2605 qui
2408 2551 2568 2606 super
2597 2552 2688 2591 eos
2716 2546 2902 2606 pastor
2927 2538 3247 2593 constitutus
3285 2547 3390 2603 est,
3417 2539 3585 2596 abba-

2011 2636 2118 2682 tem
2150 2634 2202 2683 e't
2242 2629 2517 2683 dominum
2545 2637 2762 2684 vocent.
2797 2627 2904 2684 Sed
2935 2629 3213 2699 quaeritur,
3243 2646 3366 2685 cum
3398 2631 3582 2687 Domi-

2009 2737 2112 2776 nus
2156 2722 2431 2791 discipulis
2476 2723 2590 2776 suis
2620 2721 2866 2790 jusserit,
2909 2722 3134 2777 dicens:
3177 2723 3392 2777 Patrem
3426 2726 3586 2781 nolite

2007 2832 2187 2869 vocare
2209 2815 2346 2869 vobis
2369 2832 2524 2886 super
2546 2825 2759 2881 terram,
2793 2815 2916 2886 quia
2948 2832 3082 2868 unus
3103 2824 3177 2869 est
3208 2813 3370 2870 Pater
3399 2827 3583 2882 vester,

2007 2906 2094 2974 qui
2118 2906 2175 2958 in
2202 2905 2338 2959 caelis
2367 2913 2442 2958 est
2466 2920 2482 2955 :
2513 2922 2604 2958 nec
2639 2906 2889 2959 vocemini
2912 2906 3169 2975 magistri,
3191 2908 3314 2976 quia
3341 2909 3587 2977 magister

2008 3004 2171 3048 vester
2199 3012 2331 3049 unus
2361 3004 2435 3050 est
2459 2995 2695 3051 Christus
2722 2995 2936 3068 (Matth.
2967 2997 3128 3070 nm)
3149 3037 3163 3064 ,
3194 3013 3362 3066 quare
3387 3000 3578 3054 adver-

2007 3102 2125 3140 sum
2169 3086 2271 3142 hoc
2325 3094 2650 3156 praeceptum
2693 3089 2965 3142 doctorem
3011 3089 3248 3161 gentium
3292 3089 3580 3161 Apostolus

2590 3187 2682 3231 aut
2727 3178 2994 3247 quomodo
3044 3177 3259 3247 Vulgato
3305 3193 3577 3244 sermone,

2010 3267 2240 3321 maxime
2271 3267 2325 3320 in
2349 3266 2628 3321 Palestina:
2661 3276 2716 3321 et
2742 3267 2964 3338 Egypti
2990 3268 3333 3323 monasteriis
3356 3284 3413 3323 se
3440 3269 3581 3324 invi-

2008 3375 2124 3416 cem
2156 3367 2337 3429 patres
2361 3360 2588 3414 vocent?
2608 3359 2762 3425 Quod
2789 3360 2867 3414 sic
2894 3361 3139 3423 solvitur,
3171 3359 3317 3415 aliud
3344 3376 3462 3420 esse
3483 3375 3582 3416 na-

2005 3459 2127 3504 tura
2154 3459 2360 3519 patrem
2389 3450 2472 3503 vel
2500 3450 2835 3520 magistrum,
2864 3450 3005 3504 aliud
3031 3450 3382 3520 indulgentia.
3398 3449 3577 3508 Noui

2004 3540 2273 3594 hominem
2314 3549 2522 3609 patrem
2565 3555 2848 3606 vocamus,
2900 3542 3161 3596 honorem
3197 3543 3341 3597 aetati
3379 3541 3578 3600 deferi-

2006 3646 2145 3693 mus,
2197 3645 2302 3684 non
2331 3636 2605 3683 auctorem
2643 3637 2840 3683 nostrae
2877 3631 3211 3686 ostendimus
3244 3631 3369 3686 vita:
3399 3648 3412 3684 :
3450 3631 3578 3702 quia

2006 3742 2104 3780 nec
2129 3726 2339 3780 initium
2370 3726 2496 3779 vitae
2519 3739 2585 3778 ex
2614 3726 2692 3778 eis
2712 3725 2991 3790 habemus,
3023 3727 3116 3780 sed
3146 3727 3430 3780 transitum
3451 3728 3576 3782 vita

2004 3830 2100 3885 per
2123 3830 2214 3869 eos
2245 3815 2564 3882 accepimus.
2599 3814 2853 3884 Magister
2879 3829 3092 3884 quoque
3129 3816 3324 3872 dicitur
3349 3831 3416 3872 ex
3451 3833 3577 3873 con-

2003 3909 2169 3960 sortio
2210 3907 2320 3959 veri
2357 3906 2619 3974 magistri.
2669 3905 2737 3960 Et
2781 3922 2852 3961 ne
2898 3906 3108 3961 infinita
3138 3908 3412 3978 replicem,
3441 3925 3576 3980 quo-

2002 3998 2161 4051 modo
2187 4013 2324 4051 unus
2353 4011 2448 4065 per
2473 4004 2722 4050 naturam
2743 3997 2884 4052 Deus
2905 4007 2958 4052 et
2983 4015 3121 4054 unus
3144 3999 3285 4056 filius
3316 4017 3419 4056 non
3443 4017 3576 4071 prai-

1993 4085 2200 4153 judicat
2229 4086 2469 4150 exteris,
2503 4101 2569 4140 ne
2597 4102 2692 4156 per
2739 4087 3080 4156 adoptionem
3112 4089 3187 4143 dii
3228 4100 3486 4146 vocentur
3517 4101 3571 4147 et

2002 4173 2097 4228 ﬁlii
2127 4190 2140 4226 :
2173 4175 2246 4228 ita
2281 4183 2337 4229 et
2365 4191 2504 4230 unus
2541 4184 2696 4245 pater
2731 4184 2785 4230 et
2820 4178 3079 4247 magister
3109 4194 3216 4234 non
3261 4180 3573 4250 praejudicat

1999 4265 2136 4330 aliis,
2163 4282 2229 4320 ne
2251 4267 2476 4321 abusive
2499 4267 2832 4337 appellentur
2849 4277 3028 4339 patres
3046 4279 3101 4325 et
3120 4274 3380 4344 magistri.
3404 4273 3573 4330 Mater

1999 4358 2194 4413 dicitur
2239 4359 2380 4426 quod
2427 4358 2621 4412 exinde
2665 4357 2926 4414 eﬂiciatur
2969 4362 3188 4431 aliquid.
3228 4363 3570 4422 Mater'enim

2001 4448 2152 4518 quasi
2178 4449 2422 4502 materia.
2454 4449 2589 4503 Nam
2618 4465 2781 4505 causa
2804 4460 2958 4520 pater
2981 4460 3082 4507 est.
3113 4454 3283 4508 Mater
3305 4457 3573 4526 significat

2000 4539 2315 4604 Ecclesiam,
2335 4548 2395 4593 ut
2420 4549 2502 4595 est
2535 4539 2665 4594 illud
2692 4541 2989 4597 Psalmista:
3016 4562 3028 4597 :
3056 4543 3158 4609 Qui
3188 4546 3420 4601 habitare
3442 4549 3572 4616 facit

1997 4631 2221 4685 sterilem
2265 4633 2319 4684 in
2370 4631 2523 4684 domo
2553 4641 2772 4684 matrem
2819 4632 3048 4700 ﬁliorum
3094 4633 3353 4690 lwtantem
3395 4636 3565 4707 (Psal.

1997 4721 2149 4791 (εχει).
2184 4721 2314 4776 Item
2341 4730 2514 4775 mater
2539 4729 2622 4775 est
2650 4722 2884 4777 ccelestis
2906 4722 3222 4788 Jerusalem,
3252 4735 3311 4779 ut
3342 4726 3394 4779 in
3431 4727 3571 4796 Apo-

1997 4814 2133 4870 stolo
2166 4832 2180 4867 :
2222 4812 2350 4878 Quae
2397 4823 2569 4868 autem
2602 4830 2808 4868 sursum
2849 4824 2954 4880 est,
2986 4815 3149 4869 libera
3183 4826 3292 4881 est,
3330 4834 3444 4887 qua:
3491 4829 3568 4872 est

1996 4913 2161 4958 mater
2187 4905 2415 4956 omnium
2445 4911 2741 4958 nostrorum
2781 4902 2978 4975 (Galat.
3019 4890 3114 4976 tv).
3150 4906 3349 4961 Iterum
3395 4917 3568 4962 mater

2000 5011 2266 5066 synagoga
2306 4994 2610 5050 Iudaeorum
2657 4995 3010 5065 intelligitur,
3038 5004 3098 5049 ut
3142 5004 3226 5052 est
3251 4997 3381 5052 illud
3421 4996 3568 5052 Jere-

1999 5087 2118 5140 mia:
2138 5088 2413 5156 prophetae
2434 5101 2447 5139 :
2472 5086 2538 5139 In
2558 5085 2834 5139 sceleribus
2858 5087 3035 5140 vestris
3057 5087 3230 5141 dimisi
3249 5096 3463 5140 matrem
3486 5104 3568 5142 ve-

1999 5187 2157 5231 stram
2181 5177 2313 5248 (Jer.
2331 5177 2404 5245 L).
2421 5177 2651 5230 Rursum
2674 5185 2828 5245 pater
2841 5176 2924 5230 vel
2943 5184 3114 5229 mater
3137 5175 3426 5246 Babylonia
3456 5178 3565 5232 sive

1999 5270 2270 5341 generatio
2300 5269 2532 5323 carnalis
2561 5276 2664 5333 est,
2708 5275 2766 5321 ut
2790 5267 3072 5322 Psalmista
3105 5269 3234 5324 dicit
3265 5288 3277 5321 :
3305 5270 3562 5334 Quoniam

1997 5373 2142 5434 pater
2161 5379 2302 5416 meus
2321 5372 2367 5415 et
2386 5367 2551 5413 mater
2570 5375 2685 5412 mea
2706 5357 3086 5428 dereliquerunt
3109 5375 3189 5411 me
3203 5357 3370 5428 (Psal.
3387 5358 3559 5430 xxvi).

1997 5455 2389 5510 Paterfamilias
2423 5462 2603 5509 autem
2635 5453 2831 5518 dictus,
2869 5453 3009 5521 quod
3053 5452 3301 5531 omnibus
3327 5450 3380 5504 in
3408 5448 3563 5503 fami-

1995 5547 2066 5601 lia
2111 5563 2203 5601 sua
2259 5546 2446 5615 positis
2478 5546 2666 5609 servis,
2717 5554 2968 5615 tanquam
3002 5551 3156 5613 pater
3197 5542 3340 5607 filiis,
3386 5541 3558 5611 patria

1992 5636 2276 5692 dilectione
2302 5635 2549 5700 consulit,
2575 5649 2958 5703 servorumque
2978 5633 3335 5688 conditionem
3365 5646 3394 5684 a
3424 5629 3560 5685 filio-

1992 5743 2110 5783 rum
2132 5725 2324 5781 afl‘ectu
2355 5740 2462 5781 non
2484 5724 2760 5790 discernit,
2779 5723 2873 5779 sed
2898 5725 3050 5793 quasi
3072 5722 3370 5780 membrum
3393 5733 3560 5776 unum
