3930 6378
368 305 473 365 ιετ

1008 308 1068 364 Β.
1107 306 1359 364 RABANI
1398 305 1616 363 MAURJ
1654 300 1971 361 ARCHIEP.
2014 293 2324 359 IIOGUNT.
2365 290 2656 357 OPEHUI!
2690 296 2868 355 PARS
2903 297 2966 352 ll.

3526 294 3631 353 188

366 413 762 488 complectitur.
804 413 943 475 Hinc
970 419 1113 474 enim
1141 426 1390 475 exortum
1418 426 1502 475 est
1530 433 1724 474 nomen
1746 417 1943 488 patris-
1970 419 2023 477 Α
2044 415 2226 487 populi
2253 414 2438 469 ﬁdeles
2461 430 2560 484 per
2582 414 2943 485 apostolomm
2972 414 3410 483 pradicationem
3445 414 3500 468 in
3526 413 3635 471 Eo-

365 508 617 565 familias.
655 507 761 578 Qui
806 518 987 565 autem
1033 510 1215 579 inique
1263 508 1610 565 dominamur
1652 511 1707 563 in
1750 507 1939 572 servis,

365 600 468 656 hoc
495 615 553 655 se
577 599 796 656 nomine
832 608 1171 671 nequaquam
1210 606 1402 672 putent
1429 600 1711 672 appellari.
1744 598 1848 666 Qui
1876 599 1947 653 sit

351 700 546 755 autem
581 690 969 761 paterfamilias
998 691 1222 762 mystice
1256 691 1658 761 intelligendus,
1690 691 1944 761 parabole

364 780 674 853 evangelica
703 781 878 848 docet,
920 795 1043 835 cum
1079 780 1153 836 ibi
1185 782 1259 837 ita
1287 782 1484 851 legitur
1511 800 1525 836 :
1553 780 1735 837 Simile
1760 790 1836 836 est
1865 798 1947 837 re-

364 891 524 947 gnum
564 873 808 930 calorum
842 874 1238 945 patrifamilias,
1280 876 1370 947 qui
1416 876 1543 929 exiit
1586 876 1754 947 primo
1795 890 1947 929 mane

364 967 651 1023 conducere
676 969 941 1037 operarios
968 970 1023 1022 in
1048 968 1244 1023 vineam
1268 984 1419 1022 suam
1446 966 1657 1038 (Matth.
1676 965 1790 1038 xx).
1815 965 1949 1033 Quis

362 1074 492 1114 vero
517 1057 924 1128 patrisfamilias
946 1057 1352 1113 similitudinem
1378 1058 1575 1112 rectius
1594 1065 1759 1122 tenet,
1785 1072 1947 1127 quam

364 1150 610 1205 conditor
648 1158 853 1213 noster,
885 1149 978 1219 qui
1034 1149 1175 1220 regit
1204 1164 1340 1219 quos
1366 1149 1625 1213 condidit,
1657 1156 1712 1202 et
1749 1146 1950 1202 electos

364 1254 492 1295 suos
516 1239 595 1293 sic
629 1238 683 1291 in
715 1238 816 1291 hoc
840 1238 1042 1293 mundo
1070 1237 1331 1307 possidet,
1362 1238 1516 1308 quasi
1545 1237 1815 1306 subjectos

364 1330 542 1383 minus
571 1329 625 1383 ir.
662 1329 861 1383 domo?
899 1328 999 1395 Qui
1030 1329 1194 1383 habet
1213 1330 1448 1393 vineam,
1474 1329 1780 1382 universam
1809 1322 1952 1381 sciti?

364 1427 450 1474 cet
470 1420 787 1485 Ecclesium,
818 1420 946 1490 quia
977 1421 1045 1474 ab
1083 1419 1216 1475 Abel
1240 1421 1389 1490 justo
1413 1434 1583 1489 usque
1612 1418 1678 1473 ad
1702 1418 1951 1473 ultimum

364 1510 615 1575 electum,
658 1512 748 1581 qui
793 1512 848 1565 in
876 1512 983 1568 fine
1013 1513 1198 1566 mundi
1228 1520 1491 1567 venturus
1527 1520 1628 1577 est,
1658 1520 1787 1582 quot
1823 1526 1949 1565 san-

372 1613 489 1656 ctos
524 1602 762 1671 protulit,
789 1604 944 1672 quasi
970 1612 1049 1657 tot
1074 1603 1324 1673 palmites
1361 1602 1525 1657 misit.
1567 1598 1951 1655 Matremfami-

364 1691 467 1747 lias
494 1694 615 1748 inde
638 1695 840 1759 vocari,
871 1694 997 1764 quia
1034 1710 1129 1764 per
1167 1695 1452 1763 quamdam
1476 1692 1613 1763 juris
1636 1692 1950 1747 solemnita-

2044 507 2208 562 clesia
2243 506 2417 559 renati
2446 523 2458 559 :
2493 506 2634 560 sicut
2666 506 2742 561 ait
2773 504 3062 575 Apostolus
3097 523 3109 557 :
3154 503 3221 557 In
3258 502 3465 559 Christo
3499 503 3636 560 Iesu

2044 613 2137 667 per
2162 595 2503 665 Euangelium
2534 612 2626 666 ego
2658 613 2743 651 uos
2770 598 2924 667 genui
2953 595 3004 667 (Ι
3031 595 3151 649 Cor.
3178 596 3272 666 tv).
3304 596 3511 663 Quibus
3533 612 3633 668 per

2045 686 2384 742 Psalmistam
2416 685 2677 741 Dominus
2711 687 2841 741 dicit
2873 706 2885 741 :
2932 686 3134 752 Venite,
3173 686 3303 754 ﬁlii,
3342 690 3520 742 audite
3548 705 3635 746 me

2048 780 2218 854 (Psal.
2253 780 2469 851 xxxiii).
2524 780 2681 849 Filii,
2730 781 3104 835 haereticorum
3147 780 3425 849 discipuli,
3475 790 3535 836 ut
3578 785 3635 835 in

2046 872 2146 928 Job
2175 890 2187 925 :
2223 870 2280 925 Si
2322 870 2656 941 multiplicati
2685 871 2880 940 fuerint
2907 872 3005 940 ﬁlii
3029 873 3165 943 ejus,
3196 874 3250 925 iu
3283 872 3459 942 gladio
3481 883 3635 926 erunt

2049 963 2189 1036 (Job.
2227 965 2422 1034 xxvii).
2468 964 2625 1031 Filii,
2669 965 2884 1035 reprobi
2930 979 3117 1022 omnes
3152 985 3166 1021 :
3211 975 3270 1021 ut
3314 968 3368 1021 in
3398 967 3637 1037 Epistola

2046 1056 2272 1112 Joannis
2301 1076 2312 1111 :
2342 1057 2410 1111 In
2440 1058 2537 1112 hoc
2586 1060 2855 1128 manifesti
2878 1070 3000 1114 sunt
3043 1061 3144 1129 ﬁlii
3188 1061 3287 1115 Dei
3318 1072 3365 1115 et
3391 1061 3490 1131 ﬁlii
3518 1062 3638 1116 dia-

2050 1147 2151 1201 boli
2192 1146 2243 1219 (I
2270 1147 2433 1203 Joan.
2466 1149 2572 1222 ιιι).
2618 1150 2777 1215 Filia,
2818 1152 2998 1205 anima
3038 1152 3209 1208 ﬁdelis
3235 1154 3346 1208 sive
3377 1153 3638 1221 Ecclesia,

2050 1246 2111 1291 ut
2148 1237 2201 1291 in
2236 1239 2443 1307 psalmo
2474 1257 2486 1293 :
2513 1240 2672 1306 Audi,
2702 1240 2840 1309 ﬁlia,
2867 1251 2917 1295 et
2944 1243 3058 1296 vide
3080 1243 3251 1312 (Psal.
3283 1244 3449 1316 xuv).
3488 1246 3553 1297 Et
3576 1245 3630 1298 in

2050 1329 2249 1383 malam
2265 1340 2476 1398 partem
2495 1348 2508 1384 :
2528 1328 2675 1384 Filia
2692 1331 2978 1402 Babylonis
2999 1334 3188 1387 misera
3208 1334 3375 1405 (Psal.
3394 1333 3637 1404 cxxxvi).

2050 1419 2200 1475 Filiae
2220 1462 2233 1487 ,
2266 1422 2460 1478 anima:
2491 1431 2836 1489 sanctorum,
2862 1433 2921 1479 ut
2950 1425 3003 1478 in
3034 1426 3291 1494 propheta
3316 1443 3333 1478 ς
3363 1427 3473 1479 Ero
3500 1428 3641 1480 vobis

2052 1510 2106 1563 in
2132 1520 2349 1579 patrem,
2378 1520 2425 1565 et
2449 1529 2535 1566 vos
2558 1514 2702 1567 eritis
2726 1514 2856 1567 mihi
2877 1516 2934 1568 in
2957 1515 3095 1583 ﬁlios
3118 1526 3163 1570 et
3190 1516 3330 1584 ﬁlias
3361 1517 3493 1587 (Jer.
3520 1517 3641 1587 vit).

2053 1599 2186 1654 Item
2213 1600 2304 1655 lilii
2336 1604 2549 1673 reprobi
2569 1619 2777 1671 omnes,
2806 1614 2866 1659 ut
2891 1606 2945 1660 in
2972 1606 3108 1661 lsaia
3136 1605 3477 1679 :Prcrparate
3504 1610 3645 1678 ﬁlios

2056 1695 2329 1749 occisionis
2373 1698 2428 1750 in
2474 1699 2749 1767 iniquitate
2793 1708 3001 1768 patrum
3050 1716 3264 1753 suorum
3312 1700 3453 1770 (Isa.
3499 1702 3640 1774 xxv).

363 1796 474 1843 tem
499 1789 551 1843 in
582 1789 838 1843 familiam
866 1789 1079 1842 transit.
1112 1787 1328 1842 Tabulae
1357 1788 1499 1841 enim
1522 1786 1951 1841 matrimoniales
1980 1781 2027 1840 Β
2054 1786 2174 1841 Filii
2207 1796 2383 1841 autem
2412 1789 2532 1843 ideo
2562 1790 2617 1843 in
2648 1789 2855 1860 legibus
2884 1790 3037 1845 liberi
3067 1791 3425 1860 appellantur,
3455 1800 3514 1846 ut
3541 1793 3647 1849 isto

365 1878 723 1933 instrumenta
774 1877 1061 1947 emptionis
1107 1892 1216 1931 suae
1262 1886 1407 1932 sunt.
1462 1877 1610 1931 Alias
1659 1878 1798 1931 sicut
1838 1892 1953 1929 ma-

367 1975 521 2022 trona
569 1978 653 2021 est
702 1978 879 2022 mater
929 1968 1086 2037 primi
1128 1968 1303 2035 pueri,
1354 1967 1406 2021 id
1442 1976 1546 2033 est,
1598 1968 1751 2036 quasi
1783 1974 1954 2020 mater

366 2060 479 2113 nati
512 2072 527 2111 :
552 2058 625 2111 ita
650 2058 1057 2113 materfamilias
1082 2058 1168 2112 illa
1192 2067 1295 2123 est,
1320 2073 1439 2127 quae
1462 2058 1641 2127 plures
1666 2057 1821 2112 enixa
1849 2065 1950 2111 est.

364 2148 499 2204 Nam
526 2146 726 2202 familia
749 2162 812 2202 ex
834 2148 1043 2202 duobus
1057 2161 1176 2202 esse
1193 2148 1399 2216 incipit.
1431 2145 1760 2215 Spiritaliter
1773 2154 1954 2201 autem

365 2249 539 2296 mater
559 2241 797 2292 omnium
827 2239 1063 2294 fidelium
1085 2248 1273 2295 sancta
1297 2246 1382 2293 est
1403 2238 1664 2303 Ecclesia,
1688 2252 1807 2308 quae
1828 2254 1956 2309 quo-

367 2333 495 2387 tidie
520 2334 626 2386 Deo
656 2332 791 2386 filios
822 2343 1041 2403 generat
1073 2348 1167 2401 per
1189 2343 1529 2387 sacramenta
1549 2331 1731 2385 divina
1762 2339 1816 2385 et
1836 2342 1957 2386 ver-

367 2423 495 2479 bum
520 2424 815 2491 Evangelii.
838 2423 972 2477 ltem
994 2422 1293 2477 Jerusalem
1318 2422 1553 2477 caelestis
1576 2431 1749 2477 mater
1770 2431 1957 2478 nostra

368 2517 603 2572 dicitur:
646 2526 702 2569 ut
736 2526 818 2568 est
856 2516 982 2595 illud
1014 2515 1065 2568 in
1100 2514 1395 2585 Apostolo:
1441 2513 1568 2577 Illa,
1604 2515 1800 2583 inquit,
1839 2531 1957 2585 quia

366 2623 575 2663 sursum
597 2619 668 2659 est
696 2606 1015 2671 Jerusalem,
1040 2606 1199 2659 libera
1225 2616 1454 2677 est,qua:
1478 2616 1551 2659 est
1582 2616 1750 2659 mater
1778 2617 1956 2661 nostra

372 2699 512 2772 (Cal.
549 2703 643 2769 iv).
679 2698 809 2752 Nam
842 2699 1041 2752 familia
1073 2714 1170 2769 pro
1200 2699 1371 2753 servis
1397 2698 1620 2752 abusive
1643 2738 1657 2763 ,
1694 2711 1799 2758 non
1830 2713 1955 2767 pro-

369 2790 518 2858 prie,
610 2783 823 2842 dicitur.
898 2788 1057 2842 Juxta
1127 2787 1444 2857 allegoriam
1503 2796 1687 2841 autem
1753 2784 1955 2839 familia

370 2876 570 2930 Christi
610 2878 761 2946 plebs
790 2886 873 2930 est
904 2876 1237 2940 Christiana,
1272 2891 1391 2945 qum
1433 2878 1485 2930 in
1537 2884 1723 2931 sancta
1770 2890 1953 2931 versa-

372 2979 459 3023 tur
508 2970 743 3024 Ecclesia
768 3011 782 3034 ,
814 2976 872 3023 ut
910 2986 1068 3040 supra
1104 2971 1455 3026 ostendimus.
1491 2970 1644 3027 Unde
1672 2972 1867 3026 dicitur
1902 2972 1955 3025 in

368 3062 617 3116 oratione
662 3062 961 3117 sacerdotis
991 3063 1059 3115 ad
1089 3064 1374 3119 Dominum
1406 3081 1418 3117 :
1454 3062 1741 3118 Familiam
1769 3072 1913 3117 tuam
1937 3103 1951 3129 ,

348 3168 665 3224 qumsumus
685 3195 698 3220 ,
747 3154 993 3223 Domine,
1022 3158 1268 3212 continua
1313 3159 1503 3229 pietate
1546 3158 1749 3212 custodi
1779 3170 1796 3208 :
1826 3157 1953 3227 quia

371 3244 529 3299 aliter
554 3245 715 3299 illaesa
749 3247 954 3300 servari
984 3264 1089 3302 non
1118 3255 1316 3318 potest,
1347 3249 1448 3303 nisi
1477 3246 1593 3316 ejus
1618 3248 1955 3317 protectionc

367 3336 665 3391 muniatur.
699 3335 849 3391 Avus
884 3338 1053 3407 patris
1096 3347 1250 3408 pater
1284 3346 1369 3394 est
1397 3342 1464 3394 ab
1493 3355 1609 3394 aevo
1642 3342 1817 3396 dictus
1846 3382 1860 3406 ,
1902 3342 1955 3395 id

368 3433 473 3490 est,
503 3427 571 3480 ab
626 3426 965 3495 antiquitate.
1020 3430 1260 3483 Proavus
1316 3429 1402 3483 avi
1450 3440 1605 3499 pater
1647 3438 1770 3496 est,
1801 3430 1955 3501 quasi

367 3528 533 3585 prope
562 3529 739 3569 avum.
771 3519 987 3572 Abuvus
1019 3519 1200 3588 proavi
1232 3526 1386 3589 pater
1406 3521 1519 3590 jam
1549 3520 1705 3591 longe
1733 3522 1800 3575 ab
1830 3535 1949 3574 avo.

373 3607 579 3660 Alavus
609 3608 761 3661 abavi
802 3620 971 3677 pater.
1005 3610 1261 3666 Tritavus
1288 3614 1429 3666 atavi
1472 3622 1648 3681 pater,
1688 3614 1840 3681 quasi
1870 3620 1951 3666 te-

371 3704 557 3751 travus
583 3737 596 3759 ,
648 3698 697 3750 id
727 3706 829 3762 est,
861 3709 1087 3767 quartus
1131 3716 1294 3769 supra
1347 3716 1527 3754 avum.
1571 3700 1679 3755 Sed
1725 3701 1954 3755 tritavus

368 3788 620 3844 ultimum
647 3790 980 3858 cognationis
1003 3803 1197 3845 nomen
1224 3800 1325 3845 est.

989 3900 1214 3956 CAPUT
1253 3900 1335 3956 Ill.

836 3988 912 4044 De
942 3990 1209 4045 ordinibus
1240 3991 1491 4060 ﬁliorum.

441 4077 869 4149 Quadripartitus
908 4088 990 4134 est
1024 4079 1203 4134 autem
1243 4081 1376 4135 ordo
1414 4078 1643 4133 liliorum
1685 4084 1759 4133 ita
1791 4098 1803 4133 :
1839 4082 1955 4135 uni-

368 4170 600 4240 genitus,
636 4170 1042 4240 primogenitus,
1086 4171 1315 4236 medius,
1359 4171 1702 4225 novissimus.
1750 4170 1957 4225 Primo.

367 4258 599 4329 genitus,
645 4266 768 4311 ante
804 4273 962 4327 quem
1001 4257 1175 4312 nullus
1219 4276 1232 4311 :
1277 4259 1606 4329 unigenitus,
1639 4267 1760 4329 post
1794 4272 1953 4328 quem

366 4348 545 4404 nullus
576 4367 587 4401 :
621 4350 849 4413 medius,
883 4350 1021 4403 inter
1049 4360 1237 4405 omnes
1267 4369 1277 4403 :
1310 4352 1653 4416 novissimus,
1693 4363 1811 4420 post
1840 4365 1955 4407 om-

367 4454 483 4503 nes,
515 4440 651 4493 idem
675 4450 729 4494 et
762 4441 1018 4496 minimus
1046 4457 1074 4494 a
1105 4444 1353 4496 monaile.
1391 4442 1722 4499 Novissimus
1748 4452 1947 4509 autem,
1981 4481 2029 4539 Β

366 4535 585 4598 propter
622 4531 763 4597 quod
808 4541 994 4593 novus,
1041 4530 1164 4598 quia
1196 4530 1377 4585 cancri
1423 4535 1771 4599 praecedenth
1814 4536 1951 4586 anti-

367 4622 585 4689 quiores
630 4621 884 4675 existunt.
930 4622 1175 4688 Quatuor
1212 4622 1376 4677 etiam
1427 4625 1597 4678 modis
1636 4624 1728 4677 lilii
1774 4626 1951 4694 appel-

368 4709 550 4762 lantur
596 4728 607 4762 :
660 4720 887 4769 natura.
939 4712 1267 4776 imitatione,
1314 4713 1629 4781 adoptione,
1683 4715 1947 4767 doctrina.

370 4798 569 4853 Natura
607 4800 766 4853 veluti
798 4814 917 4853 eum
950 4802 1201 4856 dicuntur
1232 4802 1323 4856 lilii
1352 4803 1581 4857 Abrahze
1608 4802 1793 4856 Judaei.
1826 4803 1952 4857 lmi-

369 4893 592 4953 tatioue,
624 4901 681 4946 ut
719 4894 884 4961 ipsius
923 4887 1150 4948 Abraha:
1190 4894 1348 4948 fidem
1382 4895 1652 4949 imitantes
1686 4909 1749 4947 ex
1782 4896 1953 4965 genti-

368 4983 469 5037 bus
494 4984 699 5037 dicente
727 4986 1014 5052 Evangelia
1047 5002 1058 5037 :
1104 4982 1291 5039 Potens
1328 4996 1400 5039 est
1433 4985 1569 5039 Deus
1600 4988 1661 5039 de
1691 4988 1947 5053 lapidibus

366 5072 479 5126 istis
523 5075 773 5125 suscitare
816 5072 952 5141 ﬁlios
1000 5074 1222 5128 Abralne
1269 5074 1482 5145 (Matth.
1529 5075 1638 5146 tu);
1688 5077 1767 5129 vel
1813 5078 1951 5130 sicut

368 5166 586 5221 eosdem
641 5161 851 5220 Iudaeos
906 5163 1165 5219 Dominus
1219 5166 1355 5221 filios
1403 5181 1522 5221 esse
1573 5169 1702 5222 dicit
1752 5169 1947 5223 diaboli

369 5257 548 5327 (Joan.
578 5256 723 5326 vin),
767 5271 796 5309 a
824 5271 929 5325 quo
959 5270 1063 5309 non
1093 5258 1199 5310 nati
1218 5298 1232 5323 ,
1275 5258 1367 5311 sed
1395 5270 1554 5327 quem
1584 5258 1793 5312 fuerant
1825 5260 1946 5312 imi-

371 5348 483 5400 tati.
528 5346 825 5415 Adoptionc
850 5361 1081 5415 quoque,
1120 5348 1266 5417 quod
1304 5349 1536 5402 humana
1567 5350 1951 5403 consuetudine

370 5433 497 5487 nulli
542 5433 664 5487 licet
705 5436 956 5499 nescire:
989 5435 1067 5488 vel
1108 5436 1248 5488 sicut
1282 5451 1380 5489 nos
1423 5436 1551 5499 Deo,
1592 5452 1695 5490 non
1738 5447 1949 5499 natura,

370 5525 461 5579 sed
492 5526 775 5593 adoptione
808 5528 1035 5581 dicimus
1064 5545 1075 5579 :
1117 5527 1272 5580 Pater
1298 5538 1490 5591 noster,
1530 5530 1618 5600 qui
1654 5546 1705 5583 es
1734 5532 1783 5582 in
1814 5528 1951 5581 caelis

372 5616 583 5685 (Matth.
628 5618 722 5683 vi).
772 5617 1055 5684 Doctrina,
1108 5621 1245 5673 sicut
1295 5621 1583 5690 Apostolus
1638 5622 1772 5675 ﬁlios
1826 5637 1952 5676 suos

374 5708 602 5776 appellat
646 5724 761 5775 eos,
817 5707 1012 5779 quibus
1056 5710 1402 5784 Evangelium
1450 5713 1780 5784 praedicavit.
1833 5712 1954 5770 Filii

2053 1878 2313 1933 vocabulo
2342 1888 2694 1935 secernuntur
2733 1896 2763 1934 a
2807 1882 2978 1935 servis
3009 1900 3020 1935 :
3053 1883 3178 1950 quia
3210 1883 3347 1937 sicut
3375 1899 3564 1940 servus
3588 1885 3645 1940 in

2053 1977 2318 2038 potestate
2342 1979 2425 2025 est
2452 1972 2683 2037 Domini,
2711 1972 2791 2027 sic
2820 1972 2959 2027 illius
2984 1974 3037 2026 in
3066 1982 3329 2042 potestate
3349 1984 3431 2030 est
3454 1978 3643 2045 patris.

2055 2060 2182 2115 Inde
2212 2062 2376 2115 etiam
2406 2062 2464 2116 tit
2496 2063 2605 2117 lilio
2632 2064 3012 2133 emancipatio,
3044 2074 3104 2119 ut
3132 2065 3204 2118 sit
3228 2065 3365 2120 liber
3390 2083 3421 2121 a
3446 2078 3601 2136 patre
3627 2086 3642 2124 :

2055 2152 2195 2206 sicut
2225 2150 2284 2204 fit
2314 2165 2469 2207 servo
2499 2168 2663 2208 manu
2706 2155 2975 2220 remissio,
3018 2164 3078 2208 ut
3122 2156 3193 2210 sit
3226 2155 3449 2212 libertus
3485 2174 3516 2212 a
3546 2166 3649 2214 Do-

2056 2244 2222 2299 mino.
2260 2244 2392 2299 Item
2419 2246 2575 2301 liberi
2606 2246 2765 2309 dicti,
2796 2248 2889 2317 qui
2917 2263 2983 2302 ex
3013 2246 3181 2303 libero
3209 2258 3334 2303 sunt
3368 2252 3649 2306 matrimo-

2058 2336 2148 2389 nio
2174 2335 2302 2390 orti.
2334 2336 2468 2391 Nam
2496 2337 2588 2391 lilii
2616 2353 2683 2392 ex
2708 2338 2879 2393 libero
2906 2348 2961 2394 et
2992 2339 3185 2394 ancilla
3218 2353 3428 2396 servnis
3463 2344 3646 2397 condi-

2058 2428 2220 2482 tionis
2261 2436 2385 2482 sunt
2416 2445 2428 2482 ;
2460 2444 2673 2501 semper
2710 2432 2854 2485 enim
2894 2432 2985 2500 qui
3024 2433 3282 2499 nascitur,
3323 2434 3641 2490 deteriorem

2056 2520 2297 2589 parentis
2319 2528 2515 2575 statum
2554 2523 2738 2576 sumit.
2767 2522 3051 2579 Naturales
3083 2534 3262 2578 autem
3290 2527 3542 2580 dicuntur
3568 2543 3645 2580 in-

2057 2624 2356 2680 genuarum
2394 2612 2815 2666 concubinarum
2852 2612 2977 2679 lilii,
3012 2625 3148 2683 quos
3177 2616 3287 2669 sola
3325 2624 3518 2670 natura
3553 2633 3644 2688 ge-

2058 2703 2206 2767 nuit,
2256 2716 2362 2757 non
2412 2704 2667 2759 honestus
2710 2704 2977 2777 coniugii,
3024 2708 3163 2762 idem
3208 2712 3360 2778 pueri
3407 2725 3437 2763 a
3483 2712 3641 2777 pube.

2056 2796 2352 2865 Adoptivus
2381 2796 2523 2852 filius
2551 2804 2662 2862 est,
2700 2799 2790 2868 qui
2818 2807 2911 2852 aut
2938 2809 3092 2869 patre
3117 2799 3266 2866 justo
3298 2809 3390 2853 aut
3419 2817 3521 2856 avo
3552 2808 3643 2857 aut

2057 2899 2261 2956 proavo
2284 2885 2435 2955 cujus
2462 2894 2727 2955 potestate
2762 2902 2856 2957 per
2884 2890 3335 2958 mancipationem
3365 2900 3449 2945 est
3476 2892 3641 2946 tradi-

2060 2984 2145 3029 tus
2170 2977 2224 3029 in
2251 2976 2477 3029 alienam
2508 2985 2846 3044 potestatem,
2870 2978 2959 3048 qui
2986 2980 3265 3047 utriusque
3293 2980 3397 3033 fert
3423 2995 3637 3045 nomen,

2060 3072 2120 3119 ut
2150 3064 2348 3120 Fabius
2384 3066 2627 3131 Emilius,
2659 3067 2744 3122 vel
2776 3068 2955 3137 Scipio
2990 3066 3266 3124 Paulinus.
3301 3070 3524 3141 Mystice
3554 3089 3619 3127 au

1984 3134 2028 3197 C
2060 3162 2166 3210 tem
2211 3156 2449 3226 adoptivi
2490 3157 2581 3212 lilii
2623 3134 2993 3229 intelliguntur
3021 3172 3140 3214 esse
3168 3134 3480 3227 Christiani,
3513 3178 3646 3233 quos

2056 3246 2196 3300 Deus
2244 3246 2406 3300 Pater
2458 3248 2677 3301 mittens
2713 3248 3046 3318 unigenitum
3093 3249 3287 3304 Filium
3333 3266 3487 3306 suum
3542 3253 3644 3307 im-

2057 3352 2242 3391 mensa
2286 3338 2457 3408 gratia
2499 3349 2597 3408 per
2636 3338 2867 3408 Spiritus
2911 3341 3081 3394 sancti
3127 3342 3323 3395 donum
3368 3343 3422 3396 in
3469 3344 3647 3398 locum

2056 3430 2333 3498 adoptavit
2371 3429 2621 3484 filiorum.
2659 3429 2812 3485 Unde
2848 3440 2903 3485 et
2939 3431 3228 3502 Apostolus
3265 3435 3331 3488 ad
3362 3436 3649 3492 credentes

2056 3520 2131 3573 ait
2158 3532 2174 3571 τ
2200 3519 2265 3571 At
2288 3520 2373 3572 ubi
2394 3521 2527 3574 venit
2546 3519 2814 3589 plenitudo
2835 3524 3098 3591 temporis,
3126 3526 3263 3577 misit
3283 3524 3424 3579 Deus
3448 3525 3648 3581 Filium

2056 3624 2242 3674 suum,
2284 3611 2481 3678 factum
2519 3628 2582 3665 ea:
2618 3611 2859 3675 muliere,
2898 3614 3096 3682 factum
3132 3616 3226 3669 sub
3282 3616 3410 3687 lege,
3457 3629 3514 3671 ut
3559 3638 3647 3675 eos

2054 3705 2141 3773 qui
2176 3704 2283 3757 snb'
2314 3704 2422 3774 lege
2462 3716 2641 3770 erant,
2684 3706 2953 3760 redimeret
2994 3723 3013 3761 :
3055 3718 3113 3761 ut
3148 3709 3480 3779 adoptionem
3509 3712 3650 3781 ﬁlio-

2056 3811 2171 3848 rum
2210 3796 2570 3866 reciperemus.
2611 3797 2870 3862 Quoniam
2902 3810 3075 3853 autem
3111 3803 3231 3856 estis
3260 3803 3358 3871 ﬁlii
3386 3806 3516 3871 Dei,
3550 3810 3651 3861 mi-

2054 3890 2120 3943 sit
2158 3886 2299 3943 Deus
2328 3889 2585 3959 Spiritum
2618 3889 2746 3943 Filii
2779 3892 2859 3944 sui
2890 3893 2945 3945 in
2974 3893 3133 3946 corda
3172 3904 3374 3960 nostra,
3408 3896 3648 3953 claman-

2056 3990 2176 4045 tem,
2206 3980 2338 4033 abba
2374 3979 2549 4035 Pater.
2574 3980 2761 4050 Itaque
2779 3983 2897 4051 jam
2925 4000 3026 4036 non
3051 3993 3124 4037 est
3147 4001 3345 4050 seruus,
3373 3988 3463 4040 sed
3478 3988 3643 4057 ﬁlius.

2059 4071 2211 4137 Quod
2243 4074 2287 4125 si
2312 4072 2475 4139 ﬁlius,
2507 4089 2548 4125 et
2590 4074 2756 4127 ltwres
2792 4090 2884 4143 per
2921 4074 3086 4129 Deum
3114 4074 3255 4148 (Gal.
3298 4080 3392 4148 tv).
3435 4078 3647 4136 Gemini

2056 4174 2182 4219 sunt
2221 4179 2325 4217 non
2357 4166 2463 4219 duo
2492 4174 2698 4219 tantum
2736 4168 2893 4222 simul
2925 4171 3036 4222 nati
3059 4209 3073 4233 ,
3114 4170 3207 4224 sed
3245 4172 3403 4225 etiam
3443 4172 3642 4241 plures.

2056 4259 2131 4312 De
2162 4258 2388 4327 geminis
2429 4262 2607 4312 autem
2645 4274 2784 4313 unus
2816 4260 3090 4315 abortivus
3127 4274 3141 4313 :
3182 4262 3337 4326 alter,
3378 4264 3466 4332 qui
3510 4263 3643 4332 legi-

2057 4350 2187 4402 time
2209 4356 2367 4401 natus
2392 4346 2569 4411 fuerit,
2598 4347 2836 4417 volpieus
2863 4350 3189 4403 nominatur.
3221 4349 3432 4404 Gemini
3459 4361 3638 4406 autem

2057 4438 2112 4491 in
2145 4437 2438 4507 Scripturis
2467 4437 2621 4505 juxta
2650 4439 2957 4509 allegoriam
2986 4441 3089 4494 duo
3113 4441 3292 4511 populi
3330 4442 3638 4512 intelligun-

2058 4535 2165 4589 tur,
2209 4528 2308 4579 hoc
2332 4535 2442 4589 est,
2478 4526 2785 4581 Judzeorum
2828 4538 2881 4581 et
2919 4529 3216 4597 gentilium.
3258 4530 3363 4583 Hos
3394 4536 3642 4604 prmiigu-

2054 4616 2247 4671 rabant
2288 4618 2363 4671 illi
2407 4621 2603 4687 gemini
2642 4620 2930 4685 Rebeccae,
2972 4638 3106 4691 quos
3134 4624 3319 4691 genuit
3362 4625 3508 4679 Isaac
3549 4643 3641 4697 pa-

2052 4709 2321 4763 triarchae.
2369 4710 2519 4765 Unde
2562 4712 2675 4780 ipsa
2727 4712 2966 4767 Rebecca
3006 4714 3133 4768 dum
3180 4714 3539 4785 perrexisset,
3584 4727 3642 4771 ut

2054 4800 2301 4853 adorat-et
2339 4810 2393 4853 et
2422 4802 2729 4856 consuleret
2759 4800 3064 4867 Dominum,
3116 4803 3220 4856 tale
3249 4804 3313 4856 ab
3338 4818 3402 4856 eo
3433 4804 3641 4874 accepit

2053 4906 2371 4959 reSpousum
2414 4910 2425 4943 :
2475 4891 2606 4944 Dure
2642 4901 2812 4961 gentes
2849 4894 2902 4943 in
2943 4902 3086 4945 utero
3130 4903 3217 4945 tuo
3255 4902 3419 4944 sunt:
3451 4902 3499 4945 et
3533 4895 3639 4948 duo

2056 4978 2231 5047 pepuli
2266 4996 2329 5032 ea:
2368 4989 2537 5033 uentre
2566 4990 2653 5032 tuo
2690 4979 3005 5044 dividentur,
3047 4981 3365 5049 pOpulusque
3388 4982 3639 5051 populum

2056 5069 2339 5138 superabit,
2362 5079 2406 5121 et
2434 5070 2605 5138 major
2626 5071 2807 5123 serviet
2832 5070 3022 5122 minori
3048 5066 3197 5139 (Cen.
3228 5070 3374 5140 xxv).
3404 5070 3556 5137 Quod
3582 5084 3636 5128 et

2056 5158 2211 5213 aliter
2249 5158 2405 5227 juxta
2447 5159 2798 5229 tropologiam
2847 5159 3067 5230 intelligi
3112 5168 3307 5229 potest.
3357 5160 3635 5229 Siquidem

2056 5259 2109 5304 et
2140 5252 2191 5303 in
2215 5250 2437 5320 singulis
2462 5251 2616 5304 nobis
2647 5250 2749 5303 boc
2777 5249 2879 5303 dici
2909 5260 3105 5319 potest,
3133 5251 3274 5320 quod
3298 5251 3417 5305 dua:
3446 5262 3634 5322 gentes

2055 5357 2107 5400 et
2138 5345 2243 5399 duo
2278 5344 2455 5415 populi
2486 5346 2593 5397 sint
2623 5343 2762 5396 intra
2795 5359 2913 5408 nos,
2944 5345 3195 5398 vitiorum
3223 5343 3427 5398 scilicet
3462 5353 3626 5413 atque

2053 5437 2329 5488 virtutum.
2384 5434 2486 5487 Sed
2533 5435 2634 5488 iste
2675 5434 2851 5487 minor
2888 5443 2988 5498 est,
3038 5434 3124 5487 ille
3172 5431 3359 5501 major.
3408 5433 3637 5506 Semper

2053 5529 2195 5584 enim
2228 5528 2407 5598 plures
2438 5535 2561 5580 sunt
2587 5526 2736 5591 mali,
2769 5534 2927 5594 quam
2954 5525 3099 5589 boni,
3136 5533 3189 5579 et
3222 5526 3351 5579 vitia
3376 5541 3633 5583 numero-

2054 5622 2196 5675 siora
2238 5628 2362 5673 sunt
2404 5619 2691 5673 virtutibus
2724 5636 2735 5671 :
2766 5618 2859 5673 sed
2903 5625 3081 5671 tamen
3113 5626 3167 5672 et
3196 5619 3246 5673 in
3280 5619 3431 5673 nobis
3458 5620 3632 5689 gratia

2051 5710 2147 5767 Dei
2176 5709 2403 5782 populus
2437 5708 2690 5782 populum
2723 5716 2975 5779 superat,
3011 5716 3064 5763 et
3097 5710 3270 5782 major
3297 5708 3496 5765 serviet
3522 5710 3630 5770 mi-
