3930 6344
261 311 365 373 i89

1255 311 1343 369 DE
1378 303 1722 369 UNWERSO
1756 296 1934 360 LIBRI
1974 289 2137 355 XXII.
2176 321 2245 340 -ι-
2280 288 2409 354 LIB.
2452 294 2565 354 VII.

3448 290 3554 349 I90

267 436 413 493 neri.
456 434 697 494 Serviat
738 436 881 494 enim
911 438 1033 491 caro
1068 420 1309 503 Spiritui,
1335 435 1391 483 et
1428 427 1557 483 vitia
1583 418 1872 481 virtutibus
1898 422 1951 484 Α
1974 413 2097 468 talis
2132 414 2188 468 in
2226 413 2330 503 ﬁde
2366 420 2421 468 et
2460 412 2616 467 bonis
2652 410 2905 482 operibus
2945 407 3240 481 coniungit.
3283 406 3435 503 Quod
3468 407 3548 503 ibi

280 530 505 587 cedunt.
545 524 888 585 Posthumus
921 527 1147 580 vocatur
1188 535 1254 575 eo
1282 518 1424 590 quod
1607 512 1875 570 humatio-

284 626 412 679 nem
449 614 630 691 patris
659 617 927 681 nascitur,
963 609 1019 671 id
1042 618 1126 669 est
1150 618 1269 684 post
1292 611 1516 667 obitum.
1557 607 1663 663 ISte
1702 614 1756 661 et
1783 605 1876 659 de—

289 711 459 769 functi
502 715 705 766 nomen
748 708 970 779 accepit.
1023 704 1113 761 Sic
1148 705 1289 760 enim
1331 704 1419 758 lex
1458 699 1644 765 'volult,
1686 703 1746 752 ut
1784 697 1875 767 qui

292 800 546 858 defuncto
586 784 851 861 nascitur,
896 795 1133 852 defuncti
1161 795 1375 849 nomine
1416 791 1730 862 appelletur.
1772 787 1874 843 No-

292 895 423 949 tbus
462 894 675 953 dicitur,
710 891 803 963 qui
843 889 911 943 de
951 889 1103 958 patre
1142 886 1304 943 nobili
1346 890 1400 940 et
1439 892 1612 938 matre
1656 880 1872 951 ignobili

293 984 553 1054 gignitur,
588 984 727 1038 sicut
755 997 822 1035 ex
849 980 1165 1035 concubina.
1198 978 1293 1031 Est
1321 984 1499 1031 autem
1535 973 1638 1028 hoc
1679 988 1872 1026 nomen

290 1072 563 1139 Graecum,
594 1078 648 1129 et
683 1072 735 1125 in
767 1070 1031 1125 latinitate
1059 1064 1439 1123 defecit..liuic
1466 1062 1765 1118 contrarius
1792 1069 1873 1115 est

292 1163 531 1234 spurius,
562 1164 653 1234 qui
681 1162 747 1217 de
776 1170 945 1216 matre
982 1158 1147 1215 nobili
1171 1166 1227 1213 et
1263 1167 1414 1227 patre
1452 1148 1669 1226 ignobili
1699 1152 1873 1208 nasci-

290 1258 405 1305 tur.
438 1250 572 1306 Item
594 1250 805 1322 s'p'urius
828 1258 983 1321 patre
1006 1248 1232 1312 incerto,
1261 1254 1434 1300 matre
1456 1236 1613 1301 vidua
1641 1238 1870 1314 genitus,

288 1341 439 1396 velut
474 1350 676 1396 tantum
707 1341 872 1411 spurii
900 1339 1043 1394 ﬁlius
1072 1356 1084 1391 :
1117 1336 1242 1407 quia
1278 1335 1595 1390 muliebrem
1628 1344 1873 1389 naturam

284 1442 505 1488 veteres
526 1432 762 1504 spuriam
782 1431 1065 1486 vocabant.
1092 1428 1282 1482 Latine
1306 1434 1479 1481 autem
1509 1425 1699 1494 spurii,
1720 1423 1871 1493 quasi

285 1533 447 1577 extra
476 1524 787 1593 puritatem,
819 1522 868 1575 id
895 1529 980 1576 est
1000 1520 1153 1590 quasi
1178 1518 1460 1574 immundi.
1485 1516 1705 1587 Legitur
1730 1516 1873 1571 enim

286 1610 342 1665 in
377 1612 517 1667 libro
541 1612 743 1684 Regum
769 1612 848 1666 vir
864 1613 1096 1681 spurius,
1120 1610 1326 1663 nomine
1348 1602 1573 1669 Goliath,
1599 1607 1662 1661 de
1688 1606 1871 1659 castris

287 1700 696 1757 Philistinorum
740 1702 1070 1773 processisse,
1113 1707 1263 1771 quem
1309 1698 1476 1752 David
1523 1698 1665 1761 vicit,
1720 1704 1872 1765 atque

1980 499 2330 571 monstratur,
2366 504 2456 559 ubi
2499 504 2680 561 ﬁdeles
2718 503 2784 558 de
2816 502 3065 575 gentibus
3099 516 3283 558 semen
3319 500 3550 556 Abrahae

1976 604 2376 669 nuncupantur.
2444 592 2597 650 Unde
2640 594 2925 665 Apostolus
2970 594 3098 649 dicit
3138 612 3152 647 :
3206 593 3328 647 Non
3375 608 3554 647 omnes

1973 689 2064 760 qui
2102 705 2165 742 ea:
2204 687 2465 741 Abraham
2504 686 2613 739 nati
2658 695 2795 750 sunt,
2821 686 2921 755 ﬁlii
2964 686 3211 738 dicuntur
3249 684 3552 739 Abraham:

1974 780 2063 835 sed
2101 780 2190 852 qui
2228 792 2292 834 ea:
2329 777 2433 848 ﬁde
2468 778 2692 832 Abrahae
2728 788 2876 843 sunt,
2917 772 2997 831 illi
3027 777 3355 831 aestimantur
3378 778 3434 830 in
3466 792 3550 829 se-

1974 874 2113 927 mine
2138 887 2156 924 :
2184 873 2432 944 quoniam
2456 873 2546 941 qui
2578 888 2643 926 ex
2663 870 2766 939 fide
2787 879 2926 934 sunt,
2953 870 3034 923 illi
3060 869 3160 939 ﬁlii
3183 879 3305 925 sunt
3331 869 3552 924 Abrahw

1975 962 2152 1034 (Rom.
2198 964 2297 1035 ιι).
2344 962 2579 1017 Proximi
2621 973 2800 1017 autem
2850 962 3072 1033 mystice
3116 961 3219 1017 ﬁde
3264 960 3551 1032 propinqui

1974 1053 2383 1123 intelliguntur:
2413 1061 2472 1107 ut
2514 1062 2597 1109 est
2641 1054 2767 1107 illud
2811 1054 2868 1108 in
2916 1052 3243 1109 Salomone:
3283 1051 3457 1105 Venite
3504 1058 3553 1105 et

1972 1148 2285 1202 manducata
2309 1157 2358 1203 et
2396 1148 2549 1202 bibite
2578 1156 2623 1202 et
2652 1149 3003 1216 inebriamini,
3028 1151 3254 1221 proximi
3286 1148 3436 1219 (Sap.
3467 1146 3547 1219 tt).

1977 1238 2183 1305 Vicini,
2229 1241 2543 1311 propinqui,
2592 1248 2653 1294 ut
2689 1240 2740 1294 in
2782 1238 3005 1295 Exodo:
3042 1242 3281 1295 Assumet
3327 1240 3551 1293 vicinum

1973 1346 2157 1394 suum,
2191 1330 2277 1401 qui
2305 1331 2611 1399 conjunctus
2649 1342 2721 1385 est
2757 1332 2935 1385 domui
2962 1347 3072 1385 sua:
3105 1330 3297 1401 (Exod.
3326 1331 3447 1401 xu).
3486 1328 3556 1383 Et

1976 1421 2029 1474 in
2066 1420 2393 1476 Salomone:
2428 1422 2613 1477 Melius
2653 1435 2725 1477 est
2765 1424 2959 1478 vicinus
2991 1424 3171 1493 juxta,
3207 1440 3363 1493 quam
3392 1423 3556 1492 frater

1971 1510 2156 1579 procul
2198 1508 2377 1581 (Prov.
2414 1512 2605 1581 xxv”).
2655 1512 2870 1567 Fratres
2920 1514 3046 1567 dicti
3080 1528 3144 1568 eo
3182 1514 3324 1580 quod
3354 1512 3459 1567 sint
3486 1527 3552 1566 ex

1973 1599 2161 1655 eodem
2191 1600 2386 1667 fructu,
2412 1601 2463 1656 id
2486 1610 2587 1666 est,
2615 1617 2680 1657 ex
2701 1586 2887 1657 eodem
2915 1605 3027 1657 nati
3051 1605 3272 1658 semine.
3298 1602 3553 1659 Germani

1972 1707 2100 1747 vero
2124 1692 2194 1747 de
2223 1692 2411 1747 eadem
2442 1694 2702 1763 genitrice
2728 1696 3025 1757 manantes;
3056 1708 3162 1748 non
3192 1693 3272 1763 (ut
3298 1693 3450 1747 multi
3477 1693 3557 1747 di-

283 1792 541 1859 percussit
572 1791 620 1863 (1
647 1789 773 1861 Reg.
802 1791 957 1862 xvn),
984 1792 1126 1861 quod
1163 1788 1432 1860 signiﬁcat
1458 1788 1870 1856 Redemptorcm
1901 1793 1948 1853 Β
1975 1781 2123 1852 cunt)
2151 1782 2217 1836 de
2250 1782 2435 1837 eodem
2474 1785 2731 1853 germine,
2766 1784 2857 1853 qui
2888 1792 3094 1838 tantum
3137 1784 3330 1838 fratres
3359 1798 3555 1838 vocan-

284 1890 569 1942 nostrum,
598 1884 687 1949 qui
717 1881 868 1936 fortis
905 1898 1066 1935 manu
1094 1880 1309 1934 Goliath
1328 1921 1342 1945 ,
1371 1879 1461 1947 qui
1495 1880 1871 1946 transmigrans

285 1970 692 2041 interpretatur,
722 1979 775 2025 et
801 1970 1066 2040 signiﬁcat
1094 1960 1290 2023 diaboli
1323 1966 1649 2037 superbiam,
1687 1966 1871 2035 singue-

283 2061 387 2113 lari
418 2062 712 2115 certamine
744 2076 1089 2132 congressum
1116 2059 1495 2127 prostravisse,
1526 2063 1589 2111 ac'
1619 2057 1869 2126 populum

282 2149 384 2205 Dei
418 2162 448 2203 a
480 2150 671 2205 timore
702 2150 815 2217 ejus
843 2150 1123 2219 eripuisse.
1171 2146 1345 2217 Nepos
1386 2156 1502 2212 est,
1541 2146 1631 2216 qui
1661 2162 1721 2200 ex
1764 2145 1872 2198 ﬁlio

282 2238 451 2297 natus
477 2251 578 2297 est.
618 2236 801 2297 Dictus
830 2249 1041 2305 autem,
1074 2242 1227 2310 quasi
1270 2244 1427 2294 natus
1456 2244 1595 2309 post.
1631 2236 1868 2289 Primum

280 2335 434 2388 enim
485 2334 627 2388 filius
672 2334 929 2396 nascitur,
987 2328 1177 2387 deinde
1224 2347 1411 2400 nepos.
1466 2329 1676 2384 Gradus
1728 2328 1871 2381 enim

282 2426 687 2480 substitutionis
716 2432 817 2479 est.
864 2423 1001 2479 Hinc
1040 2431 1095 2479 et
1136 2420 1443 2495 pesteritas,
1475 2420 1626 2490 quasi
1659 2429 1871 2488 postera

282 2523 441 2570 astas.
493 2515 670 2585 Nepos
722 2523 903 2570 autem
950 2516 1231 2584 utriusque
1279 2528 1438 2568 sexus
1482 2519 1583 2565 est.
1634 2510 1767 2563 Nam
1814 2518 1872 2562 ut

282 2607 466 2676 neptis
509 2607 780 2671 dicamus,
832 2606 884 2659 in
928 2604 1051 2674 jure
1097 2614 1180 2659 est
1226 2612 1446 2674 propter
1493 2601 1869 2655 discretimem

282 2696 649 2751 successionis
684 2696 958 2749 amissam.
1006 2692 1276 2762 Pronepos
1304 2699 1408 2757 est,
1450 2691 1540 2760 qui
1582 2701 1649 2744 ex
1678 2696 1871 2758 nepote

281 2795 580 2855 conceptus
624 2793 888 2854 natusque
929 2793 1033 2850 est,
1076 2795 1130 2839 et
1168 2782 1343 2837 dictus
1382 2792 1669 2851 pronepos,
1716 2779 1871 2849 quasi

282 2880 447 2929 natus
474 2883 635 2945 porro
672 2884 813 2945 post.
854 2875 931 2928 Ex
972 2874 1075 2929 hoc
1106 2886 1316 2943 quoque
1351 2870 1520 2940 gradu
1562 2862 1745 2937 incipit
1772 2880 1868 2921 vo-

284 2967 399 3021 cari
426 2972 483 3020 et
508 2967 814 3037 progenies,
846 2965 971 3035 quia
1012 2979 1118 3019 non
1146 2971 1228 3018 est
1263 2963 1315 3017 in
1346 2963 1425 3016 eis
1452 2961 1609 3029 longa
1638 2959 1867 3029 posteri-

284 3061 390 3110 tas.
436 3053 588 3110 Sicut
628 3064 806 3108 autem
848 3055 1068 3109 inferius
1106 3053 1262 3124 longe
1301 3053 1431 3107 editi
1470 3051 1754 3122 progenies
1786 3049 1867 3103 di-

1974 1884 2081 1931 tur.
2120 1878 2261 1950 Ergo
2302 1879 2497 1934 fratres
2527 1894 2593 1933 ex
2628 1880 2813 1934 eodem
2852 1879 3061 1944 fructu,
3103 1878 3343 1949 germani
3372 1893 3435 1931 ex
3463 1891 3555 1931 ea-

1976 1967 2097 2022 dem
2133 1968 2395 2038 genitrice
2429 1976 2729 2023 manantes.
2770 1968 2976 2025 Uterini
3020 1971 3223 2035 vocati,
3266 1969 3406 2037 quod
3448 1968 3555 2021 sint

1974 2057 2300 2119 exdiversis
2327 2059 2567 2127 patribus
2597 2067 2651 2112 ct
2686 2067 2837 2113 utero
2872 2074 2979 2112 uno
3006 2059 3135 2112 editi
3166 2077 3180 2111 :
3219 2072 3340 2112 nam
3373 2067 3556 2112 uterus

1973 2153 2179 2201 tantum
2212 2149 2453 2203 mulieris
2492 2158 2593 2205 est.
2632 2150 2871 2219 Quatuor
2904 2158 3081 2205 autem
3112 2149 3286 2205 modis
3323 2152 3374 2204 in
3405 2148 3553 2204 Scri-

1970 2238 2143 2307 pturis
2189 2239 2383 2295 divinis
2422 2241 2617 2297 fratres
2650 2242 2751 2297 dici
2792 2250 3003 2297 constat
3044 2252 3055 2297 ὲ
3095 2246 3318 2308 natura,
3364 2249 3550 2313 gente,

1972 2329 2311 2397 cegnatione,
2352 2329 2564 2385 affectu.
2608 2332 2826 2397 Natura,
2863 2332 2920 2386 ut
2959 2330 3099 2387 Esau
3140 2335 3193 2387 et
3229 2331 3411 2397 Jaeob,
3444 2332 3555 2385 An-

1974 2418 2131 2474 dreas
2158 2428 2214 2473 et
2239 2419 2451 2485 Petrus,
2483 2421 2710 2476 Iacobus
2737 2431 2789 2476 et
2832 2420 3087 2477 Joannes.
3126 2422 3317 2486 G'ente,
3352 2427 3408 2475 ut
3433 2437 3549 2475 om—

1971 2522 2068 2561 nes
2103 2504 2271 2563 Judaei
2311 2496 2505 2593 fratres
2550 2512 2689 2564 inter
2729 2527 2785 2565 se
2822 2522 3101 2565 vocantur.
3147 2502 3296 2568 Unde
3332 2512 3460 2566 dicit
3497 2510 3553 2565 in

1974 2596 2428 2655 Denteronomio:
2470 2598 2527 2653 Si
2564 2610 2737 2655 autem
2778 2604 2961 2655 emeris
2992 2602 3207 2670 fratrem
3251 2612 3421 2668 tuum,
3463 2602 3553 2672 qui

1969 2696 2047 2741 est
2076 2686 2331 2743 Hebrwus
2362 2689 2537 2760 (Deut.
2568 2693 2677 2762 xv).
2715 2692 2780 2747 Et
2806 2692 3091 2763 Apostolus
3119 2696 3132 2747 ξ
3163 2693 3441 2765 Optabam,
3470 2694 3553 2747 in-

1970 2781 2116 2849 quit,
2145 2798 2240 2850 ego
2268 2782 2545 2835 anathema
2575 2800 2682 2837 esse
2710 2800 2739 2836 a
2769 2782 2977 2838 Christo
3003 2798 3095 2855 pro
3128 2783 3376 2853 fratribus
3401 2782 3550 2849 meis,

1969 2871 2059 2937 qui
2110 2880 2232 2924 sunt
2282 2873 2485 2941 cognati
2530 2876 2633 2927 mei
2684 2875 2965 2927 secundum
3012 2872 3389 2947 carnem,'qai
3431 2883 3552 2929 sunt

1970 2958 2231 3014 lsraelittb
2264 2960 2438 3031 (Rom.
2468 2965 2567 3031 ix).
2598 2964 2766 3018 Porro
2794 2966 3110 3034 cognatione
3136 2964 3330 3020 fratres
3358 2972 3553 3021 vocan-

1969 3060 2076 3115 tur,
2105 3052 2194 3119 qui
2217 3060 2341 3105 sunt
2368 3052 2433 3106 de
2458 3068 2561 3107 una
2589 3052 2809 3120 familia,
2842 3054 2895 3108 id
2925 3063 3025 3121 est,
3056 3050 3253 3125 patria,
3282 3064 3416 3125 quas
3443 3055 3549 3110 La-

285 3154 487 3201 cnntur
524 3164 535 3199 :
578 3145 651 3199 ita
680 3145 924 3213 superius
957 3144 1165 3214 proavi,
1212 3145 1375 3207 atavi,
1410 3144 1499 3213 qui
1528 3153 1582 3198 et
1618 3142 1869 3213 progeni-
1898 3133 1942 3197 C
1975 3142 2071 3196 tini
2107 3143 2458 3212 paternitates
2494 3145 2933 3213 interpretantur,
2974 3158 3095 3201 cum
3127 3157 3194 3202 ex
3226 3153 3333 3201 una
3372 3148 3552 3202 radice

290 3245 437 3293 tores
467 3234 824 3307 appellantur,
854 3234 1006 3304 quasi
1039 3247 1200 3303 porro
1229 3240 1567 3304 generantes.
1598 3232 1871 3302 Pronepos

286 3328 486 3395 dietus,
535 3330 661 3399 quia
709 3336 876 3398 prope
926 3336 1031 3381 non
1076 3333 1270 3394 potest.
1314 3324 1587 3395 Abnepos,
1632 3324 1756 3392 Quia
1786 3337 1871 3377 se-

280 3421 529 3491 iungitur
571 3436 600 3473 a
646 3426 859 3489 nepote.
900 3408 1113 3471 Etenim
1158 3416 1298 3469 inter
1341 3414 1489 3467 illum
1531 3424 1583 3469 et
1621 3420 1869 3483 nepotem

284 3524 574 3583 pronepos.
619 3509 885 3580 Aduepos,
932 3508 1212 3577 abnepotis
1263 3503 1423 3560 ﬁlius.
1476 3496 1733 3575 Trinepo's
1778 3507 1868 3560 ad-

287 3600 501 3671 nepotis
541 3600 681 3654 ﬁlius
716 3599 837 3667 quia
877 3606 999 3667 post
1039 3605 1288 3665 nepotem
1327 3602 1551 3663 quartus
1592 3593 1644 3647 in
1682 3594 1869 3649 ordine

289 3702 393 3755 est,
441 3692 592 3761 quasi
620 3699 948 3758 tetranepos.
986 3688 1220 3742 Minores
1250 3694 1426 3740 autem
1472 3700 1577 3737 non
1620 3686 1867 3749 dicimus,

287 3782 392 3837 nisi
423 3783 637 3851 quoties
685 3781 944 3850 graduum
974 3779 1153 3833 deﬁcit
1197 3792 1407 3839 nomen,
1442 3781 1501 3827 ut
1545 3782 1670 3843 puta
1704 3772 1862 3833 ﬁlius,

288 3887 477 3943 nepos,
526 3885 815 3942 pronepos,
865 3872 1119 3939 abnepos,
1162 3876 1403 3935 atnepOs,
1452 3864 1709 3932 trinepos.
1764 3860 1863 3917 Ubi

288 3963 376 4018 isti
405 3966 603 4031 gradus
636 3960 943 4018 defecerint,
977 3958 1166 4011 merito
1204 3955 1314 4023 jam
1362 3956 1589 4008 dicimus
1636 3952 1869 4004 minores

287 4054 430 4107 sicut
462 4054 515 4105 et
545 4049 776 4117 majores
810 4046 1037 4101 dicimus
1070 4059 1168 4115 pro
1198 4052 1350 4114 patre
1379 4044 1570 4112 patris,
1601 4040 1713 4105 avi,
1744 4050 1869 4108 pro-

288 4143 394 4207 avi,
430 4140 610 4204 abavi,
640 4139 803 4203 atavi,
841 4136 1129 4194 tritaviaue
1158 4134 1490 4189 vocabulum.

907 4266 1131 4323 CAPUT
1168 4266 1253 4320 IV.

745 4378 823 4431 De
849 4377 1055 4447 agnatis
1082 4385 1130 4429 et
1156 4373 1404 4444 cognatis.

356 4491 555 4561 Agnatl
592 4488 717 4543 dicti
746 4503 811 4542 eo
836 4487 979 4557 quod
1008 4488 1265 4539 accedant
1296 4500 1393 4553 pro
1422 4483 1583 4545 natis,
1615 4484 1737 4537 dum
1767 4482 1863 4536 (ιε-
1892 4471 1942 4529 D

284 4594 413 4639 sunt
460 4582 578 4636 ﬁlii.
623 4582 722 4647 Qui
770 4580 890 4634 ideo
938 4579 1086 4648 prius
1122 4577 1174 4630 in
1220 4592 1413 4647 genere
1456 4585 1861 4646 agnoscuntur:

285 4678 412 4746 quia
450 4674 674 4728 veniunt
712 4681 805 4740 per
829 4671 999 4724 virilis
1040 4685 1200 4723 sexus
1235 4684 1493 4737 personas
1520 4689 1531 4722 :
1562 4670 1721 4723 veluti
1752 4668 1864 4721 fra-

286 4774 372 4819 ter
400 4766 593 4818 eodem
633 4770 784 4831 patre
825 4768 1002 4823 natus,
1033 4758 1116 4812 vel
1151 4758 1331 4811 fratris
1362 4758 1520 4824 ﬁlius,
1568 4774 1750 4827 nepos,
1782 4759 1865 4812 vel

286 4867 351 4906 ex
381 4870 445 4905 eo
471 4854 670 4905 iterum
700 4859 938 4921 patruus.
972 4849 1194 4919 Cognati
1230 4850 1379 4911 dicti,
1400 4849 1523 4917 quia
1548 4858 1744 4902 suntet
1766 4850 1863 4916 ipsi

286 4944 691 5013 propinquitate
731 4943 1065 5013 cognationis
1102 4941 1407 5011 conjuncti,
1452 4943 1542 5010 qui
1584 4942 1704 4995 inde
1747 4950 1869 5009 post

288 5041 510 5102 agnatos
540 5032 833 5099 habentur,
878 5034 999 5103 quia
1031 5048 1126 5104 per
1153 5032 1391 5088 feminini
1422 5048 1581 5087 sexus
1612 5047 1867 5101 personas

289 5126 508 5178 veniunt
552 5142 566 5177 :
612 5140 715 5177 nec
751 5134 873 5177 sunt
915 5128 1122 5195 agnati,
1167 5128 1259 5181 sed
1304 5126 1433 5179 alias
1481 5125 1708 5178 naturali
1746 5124 1867 5193 jure

290 5213 522 5281 cognati.
575 5212 862 5265 Proximus
905 5224 1124 5281 propter
1160 5215 1553 5283 proximitatem
1594 5214 1867 5283 sanguinis

287 5304 603 5373 appellatus.
641 5303 1036 5371 Consanguinei
1082 5320 1144 5358 eo
1174 5307 1315 5373 quod
1344 5321 1406 5359 ex
1446 5320 1549 5358 uno
1586 5304 1862 5373 sanguine,

286 5393 336 5449 id
366 5403 480 5459 est,
517 5410 584 5447 ex
620 5409 731 5447 uno
759 5393 926 5463 patris
960 5394 1165 5447 semine
1188 5396 1297 5448 nati
1326 5405 1468 5449 sunt.
1500 5395 1555 5448 In
1588 5393 1865 5463 Scriptura

281 5500 405 5558 ergo
447 5500 609 5539 sacra
667 5498 773 5536 non
824 5492 1027 5537 tantum
1074 5484 1149 5537 illi
1196 5487 1405 5553 cognati
1458 5485 1724 5547 dicuntur,
1776 5487 1865 5554 qui

276 5576 638 5631 historialiter
698 5574 928 5641 quatiam
989 5575 1327 5645 proximitate
1388 5577 1867 5647 consanguinitatis

271 5670 463 5731 sociati
489 5668 764 5722 videntur
792 5681 804 5719 :
836 5667 927 5719 sed
953 5668 1115 5722 etiam
1144 5667 1239 5733 illi,
1267 5683 1399 5740 quos
1428 5670 1673 5739 cognatio
1704 5670 1863 5740 spiri-

1973 3233 2140 3288 multa
2175 3241 2388 3305 generis
2414 3237 2567 3292 turb‘a
2614 3236 2943 3292 diffunditur.
2990 3236 3057 3293 Et
3099 3239 3153 3293 in
3192 3238 3382 3295 Genesi
3418 3239 3552 3294 dixit

1970 3322 2245 3379 Abraham
2274 3324 2341 3380 ad
2372 3325 2473 3380 Lot
2505 3345 2517 3380 :
2554 3320 2677 3381 Non
2706 3329 2771 3381 sit
2802 3330 2918 3381 rixa
2950 3330 3085 3382 inter
3114 3345 3194 3382 me
3222 3340 3269 3383 et
3300 3339 3367 3394 te,
3398 3337 3446 3382 et
3472 3330 3553 3382 in—

1970 3420 2049 3465 ter
2072 3423 2304 3482 pastores
2326 3424 2441 3469 tuos
2462 3424 2511 3469 et
2534 3426 2765 3486 pastores
2793 3426 2951 3483 ineas,
2973 3421 3094 3488 quia
3123 3432 3297 3473 omnes
3321 3436 3413 3474 nos
3438 3418 3549 3492 fra-

1971 3512 2072 3556 tres
2098 3520 2276 3557 sumus
2314 3502 2463 3574 (Gen.
2496 3509 2632 3576 χιιι).
2678 3506 2921 3562 Ειεεετιε
2957 3510 3059 3563 Lot
3083 3525 3191 3565 non
3226 3520 3344 3566 erat
3383 3510 3552 3565 frater

1969 3592 2201 3647 Abrahae
2234 3613 2245 3647 :
2276 3596 2369 3648 sed
2408 3596 2545 3649 ﬁlius
2574 3596 2757 3652 fratris
2787 3599 2902 3668 eius
2930 3599 3129 3653 Aaron.
3163 3598 3363 3666 Quarto
3395 3602 3549 3657 modo

1971 3682 2162 3737 affectu
2191 3684 2388 3739 fratres
2424 3685 2549 3751 dici,
2584 3689 2673 3755 qui
2716 3689 2769 3741 in
2800 3689 2904 3742 duo
2937 3691 3275 3755 scinduntur,
3307 3692 3549 3761 spiritale

1968 3780 2023 3843 et
2055 3788 2340 3827 commune
2378 3793 2391 3827 ;
2434 3775 2701 3843 spiritale,
2750 3778 3002 3845 quoniam
3045 3796 3231 3835 omnes
3258 3779 3547 3836 Christiani

1968 3862 2164 3918 fratres
2189 3877 2445 3919 vocamur
2472 3884 2483 3919 :
2512 3876 2607 3920 ut:
2643 3867 2777 3921 Ecce
2803 3877 2958 3937 quam
2986 3870 3173 3925 bonum
3204 3883 3250 3925 et
3278 3891 3432 3943 quam
3457 3874 3549 3943 ju-

1969 3956 2198 4009 cundum
2236 3956 2471 4011 habitare
2510 3957 2698 4026 fratres
2736 3960 2787 4011 in
2820 3972 2977 4013 unum
3010 3961 3180 4031 (Psal.
3208 3965 3442 4029 cxxxn);
3491 3967 3542 4019 in

1970 4059 2271 4110 commune,
2304 4060 2427 4102 cum
2458 4058 2510 4103 et
2539 4062 2723 4104 omnes
2758 4052 2999 4105 homines
3026 4069 3090 4105 ex
3115 4070 3221 4107 uno
3252 4064 3404 4123 patre
3435 4057 3545 4109 nati

1967 4142 2083 4212 pari
2130 4142 2269 4194 inter
2314 4156 2410 4195 nos
2453 4143 2805 4211 germanitate
2846 4142 3235 4213 coniungimus,
3267 4142 3543 4213 Scriptura

1966 4232 2219 4300 loquente
2244 4249 2261 4284 ι
2294 4231 2459 4285 Dicite
2493 4234 2572 4286 Itis
2600 4233 2689 4303 qui
2719 4233 2939 4287 oderant
2968 4242 3052 4289 vas
3081 4251 3097 4287 :
3132 4228 3346 4289 Fratres
3387 4236 3548 4289 nostri

1966 4332 2054 4375 vos
2086 4322 2228 4375 estis.
2259 4320 2523 4376 Gerntana
2560 4322 2631 4375 ita
2673 4323 3005 4390 intelligitur,
3036 4332 3095 4376 ut
3133 4336 3418 4393 germanus
3454 4340 3546 4378 ca-

1967 4410 2086 4463 dem
2116 4411 2375 4479 genitrice
2414 4421 2656 4464 manans.
2706 4410 2925 4481 MyStice
2954 4408 3202 4467 Christus
3242 4413 3411 4469 frater
3441 4424 3544 4481 est,

1972 4502 2037 4555 de
2064 4513 2168 4568 quo
2199 4501 2253 4554 in
2284 4500 2519 4555 Camicis
2547 4502 2876 4555 canticorum
2906 4502 3035 4555 dicit
3064 4518 3077 4554 :
3114 4500 3300 4556 Frater
3329 4521 3471 4557 meus
3499 4516 3545 4558 θ’

1972 4606 2065 4660 ego
2093 4589 2171 4642 illi
2204 4590 2380 4661 (Cant.
2411 4590 2547 4659 Vill).
2586 4590 2713 4644 Item
2746 4590 2961 4656 fratres,
2989 4592 3229 4661 Apostoli
3248 4635 3261 4656 ,
3293 4596 3404 4648 sive
3427 4610 3544 4648 om-

1973 4696 2069 4736 nes
2094 4684 2298 4745 sancti,
2332 4691 2388 4736 ttt
2415 4683 2466 4735 in
2499 4684 2703 4751 psalmo
2731 4703 2742 4737 :
2778 4682 3017 4737 Narrabo
3048 4692 3230 4737 namen
3260 4696 3402 4737 tuum
3431 4686 3542 4753 fra-

1972 4772 2135 4825 tribus
2178 4773 2305 4825 meis
2347 4768 2516 4842 (Psal.
2550 4774 2680 4840 xxi).
2722 4770 2787 4826 Et
2828 4775 2879 4826 in
2922 4772 3081 4826 aliam
3121 4784 3357 4843 partem,
3394 4785 3451 4829 ιιι
3492 4776 3541 4830 in

1972 4859 2069 4913 Job
2098 4877 2111 4911 :
2149 4857 2364 4912 Fratres
2394 4861 2493 4912 mei
2521 4862 2876 4929 prrrterierunt
2908 4879 2984 4914 me
3009 4863 3142 4915 sicut
3170 4874 3369 4917 torrens
3400 4862 3539 4929 (Job.

1970 4950 2067 5017 vr).
2110 4948 2281 5002 Amici
2304 4989 2317 5011 ,
2361 4949 2583 5017 apostoli
2621 4950 2703 5003 vel
2737 4964 2923 5005 omnes
2952 4954 3163 5006 sancti:
3200 4962 3255 5005 ut
3287 4955 3336 5006 in
3371 4954 3543 5006 Evan-

1971 5038 2107 5107 gelio
2132 5056 2143 5090 :
2168 5038 2291 5091 Iam
2314 5055 2415 5091 non
2436 5038 2551 5092 dico
2576 5057 2660 5093 vos
2683 5057 2871 5105 servos,
2895 5043 2982 5094 sed
3005 5045 3197 5094 amicos
3226 5042 3403 5111 (Joan.
3428 5046 3537 5111 xv).

1973 5127 2036 5182 Et
2062 5129 2111 5180 in
2136 5127 2295 5181 aliam
2320 5137 2525 5197 partem
2551 5129 2781 5192 :,Amice,
2806 5132 3058 5199 quomoda
3087 5132 3187 5185 huc
3208 5134 3417 5186 intrain
3441 5152 3540 5186 non

1970 5218 2162 5271 habens
2191 5227 2376 5271 vestem
2413 5220 2690 5282 nuptialem
2724 5219 2933 5290 (Matth.
2966 5222 3139 5291 xxrt)?
3161 5222 3381 5277 Sodales
3408 5239 3537 5292 apo-

1972 5306 2111 5367 stoli,
2146 5314 2203 5358 ut
2229 5306 2280 5358 in
2304 5306 2543 5359 Canticis
2568 5310 2899 5363 canticorum
2928 5324 2945 5363 :
2983 5310 3064 5363 Ne
3089 5312 3268 5379 vagari
3296 5313 3537 5379 incipiam

1974 5411 2064 5466 per
2091 5412 2265 5465 greges
2296 5397 2552 5450 sodalium
2588 5409 2790 5451 tuorum
2828 5400 2999 5470 (Cant.
3032 5402 3091 5471 ι).
3143 5401 3308 5457 Soror
3338 5413 3535 5468 autem,

1975 5496 2033 5542 ut
2062 5488 2246 5541 frater.
2296 5490 2426 5543 Nam
2473 5506 2627 5545 soror
2664 5502 2844 5547 estex
2890 5494 3075 5549 eodem
3123 5499 3353 5561 semine,
3399 5500 3537 5553 dicta

1974 5581 2114 5650 quod
2156 5580 2268 5633 sola
2315 5597 2434 5636 cum
2466 5582 2718 5637 fratribus
2762 5584 2813 5637 in
2845 5595 2987 5639 sorte
3018 5588 3315 5657 agnationis
3346 5588 3539 5642 habea-

1974 5679 2077 5727 tur.
2383 5681 2559 5729 autem
2594 5676 2795 5729 sororis
2832 5677 3047 5731 nomina
3088 5687 3273 5733 sancta
3302 5678 3538 5741 Ecclesia
