3930 6378
406 371 505 430 l9!

1051 367 1111 420 B.
1153 364 1658 432 RABANIMAURI
1692 363 2011 421 ARCHIEP.
2051 363 2360 422 MOGUNT.
2402 362 2686 448 OPERUM
2721 365 2900 421 PARS
2936 366 3000 421 ll.

3557 371 3660 430 l9‘I

404 485 489 543 ml
519 491 698 543 anima
727 483 900 540 ﬁdelis
926 481 1094 550 accipi
1119 489 1312 551 potest.
1340 479 1490 536 Unde
1521 480 1574 533 in
1596 478 1816 533 Cantico
1846 492 1974 532 can-
1999 480 2054 539 Α
2077 475 2232 548 xxu).
2275 476 2407 531 ltem
2444 446 2642 546 nuptiae
2683 478 2913 533 societas
2948 481 3257 548 angelorum
3285 491 3339 536 et
3375 482 3654 540 hominum

402 575 636 633 tlcorum
672 588 898 644 sponsus
933 572 1001 627 ad
1033 585 1285 640 sponsam
1317 569 1444 624 dicit
1477 587 1490 623 :
1534 566 1704 634 Quam
1738 566 1971 637 pulchra:

404 673 526 720 sunt
549 678 789 717 mammia
802 670 928 727 tute,
942 676 1093 715 soror
1114 676 1229 713 mea
1245 659 1467 728 sponsa!
1483 656 1795 712 Pulchriora
1814 657 1975 710 ubera

404 767 496 811 tua
529 745 691 809 vino}
720 762 768 809 et
806 753 936 809 odor
964 759 1341 826 unguentorum
1379 761 1587 804 tuorum
1615 765 1768 819 super
1799 749 1976 802 omnia

403 853 642 900 aromata
671 842 847 916 (Cant.
882 842 977 914 1v).
1021 841 1080 895 In
1111 841 1359 896 mammis
1397 840 1566 895 sancti
1588 840 1851 895 doctores
1893 839 1975 894 in-

403 938 714 1008 telliguntur
761 942 981 1006 propter
1032 934 1445 990 consolationem
1495 933 1864 999 inﬁmorum,
1919 939 1975 986 et

401 1027 749 1096 parvulorum
788 1025 1225 1080 sustentationem
1246 1065 1259 1090 ,
1300 1039 1419 1094 quae
1457 1024 1595 1078 lacte
1635 1024 1969 1093 exprimitur.

401 1115 463 1176 In
505 1117 755 1173 uberibus
801 1118 1034 1172 suavitas
1080 1116 1264 1186 gratiae
1309 1116 1812 1195 designaturnqua:
1856 1116 1977 1185 pul-

402 1206 585 1264 chrior
611 1213 694 1260 est
731 1205 1044 1260 austeritate
1080 1204 1231 1274 legis.
1279 1203 1336 1258 In
1377 1202 1542 1260 odore
1577 1206 1973 1274 unguentorum

403 1291 544 1349 fama
585 1294 901 1347 suavissima
945 1294 1248 1348 insinuatur
1273 1291 1479 1348 diﬁ‘usa:
1521 1294 1674 1358 fidei,
1719 1310 1839 1370 qua:
1869 1310 1974 1364 per

400 1388 572 1436 totum
599 1380 782 1434 orbem
811 1381 1097 1452 spargitur.
1127 1380 1252 1435 Haec
1279 1379 1490 1450 quoque
1515 1381 1619 1453 legi
1645 1383 1812 1436 veteri
1837 1399 1972 1453 pne-

401 1469 590 1536 fertur,
630 1487 748 1540 quae
782 1472 838 1525 in
875 1470 984 1525 sola
1019 1470 1202 1525 Iudaea
1230 1480 1582 1540 coangustata
1621 1472 1710 1526 diu
1751 1472 1967 1527 latebat.

398 1563 647 1617 Fratrum
681 1563 951 1632 patrueles
980 1563 1108 1618 dicti
1141 1578 1206 1618 eo
1258 1563 1399 1641 quod
1434 1571 1616 1633 patres
1640 1579 1826 1618 eorum
1853 1580 1973 1634 ger-

397 1655 540 1708 mani
565 1654 759 1725 fratres
785 1655 924 1709 inter
946 1669 1006 1728 se
1028 1654 1262 1709 fuerunt.
1287 1654 1603 1725 Consobrini
1623 1670 1749 1709 vero
1768 1656 1968 1722 vocati,

396 1743 522 1812 quia
548 1751 640 1797 aut
663 1760 728 1799 ex
751 1757 940 1821 sorore
961 1752 1016 1798 et
1043 1742 1228 1810 fratre,
1258 1752 1350 1798 aut
1375 1760 1439 1798 ex
1466 1745 1670 1799 duabus
1695 1746 1970 1801 sororibus

2077 580 2174 636 per
2201 566 2483 620 Dominum
2509 565 2781 622 Christum
2819 567 2992 635 facta,
3032 579 3094 624 ut
3130 572 3186 625 in
3223 571 3511 645 Evangelio
3540 592 3552 628 :
3585 572 3657 628 Et

2078 674 2163 711 vos
2190 657 2382 711 similes
2412 659 2704 713 hominibus
2730 663 3144 730 exspectantibus
3169 663 3438 720 dominum
3477 683 3654 735 suum,

2077 748 2284 819 quando
2332 757 2619 802 revertatur
2669 767 2701 803 a
2755 754 2947 822 nuptiis
3000 753 3150 824 (Luc.
3197 754 3317 825 xu).
3367 757 3656 814 Thalamus

2077 846 2261 892 uterus
2290 837 2516 908 virginis
2545 838 2760 906 Mariae,
2801 849 2860 894 ut
2899 841 2956 895 in
2992 841 3202 898 Psalmo
3240 861 3253 896 :
3297 844 3368 898 Et
3399 847 3507 915 ipse
3537 857 3660 902 tan-

2076 946 2232 998 quam
2257 945 2472 997 sponsus
2500 930 2780 998 procedens
2806 931 2869 984 de
2902 933 3130 987 thalamo
3155 951 3249 988 suo
3277 934 3451 1005 (Psal.
3475 938 3652 1008 va).

2077 1016 2316 1070 Thalami
2344 1019 2505 1072 corda
2533 1028 2859 1082 sanctorum,
2887 1028 2947 1074 ut
2971 1021 3026 1074 in
3052 1022 3331 1076 Ezechiele
3358 1042 3370 1076 :
3404 1022 3656 1078 Osculum

2076 1105 2427 1159 reconciliatio
2460 1106 2681 1160 hominis
2713 1109 2766 1160 in
2796 1107 2960 1161 Deum
2988 1124 3006 1160 :
3038 1111 3176 1165 sicut
3204 1112 3269 1166 de
3291 1113 3516 1183 prodigo
3544 1113 3656 1168 ﬁlio

2075 1194 2271 1248 dicitur
2301 1215 2311 1247 :
2344 1195 2416 1248 Et
2447 1196 2711 1250 osculatus
2747 1206 2822 1250 est
2849 1215 2966 1252 eum
2997 1198 3147 1268 (Luc.
3175 1201 3288 1273 xv).
3327 1203 3395 1256 Et
3423 1204 3477 1255 in
3505 1203 3653 1271 Apo-

2073 1287 2210 1341 stolo
2242 1307 2254 1338 :
2296 1286 2636 1341 Reconciliati
2663 1305 2843 1342 sumus
2869 1289 2978 1342 Deo
3007 1307 3098 1359 per
3127 1300 3340 1346 mortem
3369 1292 3500 1347 Filii
3539 1295 3654 1362 ejus

2075 1375 2246 1452 (liam.
2274 1375 2349 1446 v).
2396 1376 2462 1430 Et
2490 1378 2545 1430 in
2573 1378 2766 1431 malam
2809 1388 3017 1447 partem
3047 1399 3058 1433 :
3088 1379 3254 1447 Iuda,
3273 1384 3448 1436 osculo
3485 1385 3656 1451 ﬁlium

2074 1466 2296 1519 hominis
2320 1460 2520 1520 tradis!
2551 1466 2700 1536 (Luc.
2727 1469 2888 1540 xxu.)
2911 1471 3079 1548 Risus
3093 1472 3344 1541 gaudium
3371 1476 3652 1543 sempiter—

2074 1570 2225 1620 num,
2253 1556 2392 1610 sicut
2423 1557 2476 1610 in
2507 1555 2796 1613 Salomone
2821 1575 2920 1628 pro
2948 1560 3184 1616 Ecclesia
3213 1563 3410 1618 dicitur
3437 1583 3450 1616 :
3485 1564 3553 1618 Et
3579 1567 3654 1618 ri-

2073 1645 2211 1698 debit
2238 1647 2293 1698 in
2326 1647 2409 1699 die
2446 1648 2719 1702 novissimo
2750 1649 2932 1719 (Prov.
2965 1652 3136 1723 XXXI).
3165 1653 3232 1706 Et
3259 1654 3313 1707 in
3342 1655 3501 1708 aliam
3527 1671 3654 1724 par-

2075 1745 2186 1791 tem
2232 1755 2244 1789 :
2295 1736 2406 1807 Ego
2445 1755 2646 1808 quoque
2691 1740 2903 1793 interitu
2948 1752 3112 1796 vestro
3163 1744 3338 1796 ridebo
3374 1742 3555 1814 (Prov.
3592 1744 3652 1815 ι).

395 1840 520 1888 sum
549 1835 690 1896 nati,
725 1834 879 1902 quasi
908 1833 1198 1887 consorini.
1238 1831 1524 1888 Matrueles
1553 1843 1733 1889 autem
1767 1844 1967 1890 mater-
1997 1824 2045 1882 B
2070 1826 2280 1882 Arrabo
2301 1827 2462 1891 dicta.
2480 1827 2633 1896 quasi
2661 1830 2822 1882 arrha
2849 1829 3008 1904 bonat
3026 1829 3179 1896 Quod
3204 1832 3348 1886 enim
3375 1832 3533 1885 datur
3560 1847 3659 1900 pm

394 1925 525 1977 teras
549 1921 643 1974 lilii
674 1931 814 1976 sunt.
852 1921 1089 1988 Sobrini,
1123 1924 1569 1978 consobrinorum
1599 1925 1714 1978 ﬁlii.
1739 1924 1974 1982 Patruus

394 2009 563 2067 frater
591 2013 760 2081 patris
784 2022 890 2080 est,
915 2013 1072 2082 quasi
1092 2022 1247 2083 pater
1273 2014 1428 2069 alius.
1455 2001 1610 2070 Unde
1633 2024 1688 2070 et
1713 2017 1976 2072 moriente

393 2115 547 2176 patre
576 2106 833 2176 pupillum
857 2107 1008 2176 prior
1031 2116 1254 2175 patruus
1283 2107 1520 2175 suscipit,
1547 2117 1602 2161 et
1624 2110 1776 2177 quasi
1803 2109 1970 2165 ﬁlium

393 2195 510 2265 lege
536 2204 733 2272 tuetur.
772 2194 1083 2250 Avunculus
1118 2205 1201 2249 est
1244 2193 1413 2272 frater
1449 2194 1656 2259 matris,
1689 2195 1844 2264 cujus
1868 2213 1973 2252 no-

394 2302 519 2342 men
565 2271 788 2340 form—am
843 2286 1145 2341 diminutivi
1195 2271 1396 2340 habere
1440 2285 1673 2352 videtur,
1726 2287 1852 2356 quia
1901 2288 1970 2343 ab

395 2389 495 2429 avo
520 2375 703 2429 venire
724 2382 1074 2430 monstratur.
1096 2374 1277 2429 Amita
1305 2383 1386 2429 est
1413 2389 1566 2429 soror
1594 2376 1785 2445 patris,
1813 2377 1969 2446 quasi

395 2466 498 2520 alia
529 2473 720 2520 mater.
748 2465 1059 2530 Matertera,
1088 2480 1242 2520 soror
1268 2465 1458 2519 matris
1482 2465 1636 2534 quasi
1666 2465 1835 2520 altera
1860 2481 1975 2521 ma-

396 2563 495 2610 ter.
533 2553 716 2619 Socer,
754 2542 881 2624 quia
912 2554 1075 2608 ﬁliam
1105 2556 1267 2610 dedit.
1306 2554 1499 2618 Gener,
1533 2557 1659 2624 quia
1689 2556 1854 2610 ﬁliam
1877 2557 1975 2610 du-

395 2647 492 2701 xit.
532 2645 709 2717 Gener
736 2654 913 2719 autem
945 2646 1140 2712 dictus,
1181 2645 1323 2714 quod
1359 2645 1656 2715 asciscatur
1681 2647 1749 2701 ad
1774 2660 1974 2717 augen-

394 2737 519 2792 dum
547 2752 732 2807 genus.
780 2735 948 2791 Socer
986 2745 1166 2791 autem
1208 2723 1262 2790 et
1302 2750 1510 2801 socrus,
1538 2736 1688 2804 quod
1716 2749 1972 2805 generum

395 2825 480 2882 vel
506 2842 702 2882 nurum
730 2827 835 2882 sibi
868 2827 1120 2882 associat.
1151 2825 1380 2882 Vitricus
1407 2834 1508 2891 est,
1535 2827 1628 2895 qui
1650 2842 1874 2881 uxorem
1901 2844 1971 2882 ex

395 2916 637 2973 alioviro
661 2917 830 2973 ﬁlium
855 2924 954 2972 aut
979 2903 1146 2977 ﬁliam
1174 2918 1462 2972 habentem
1488 2918 1640 2971 duxit
1668 2935 1680 2970 :
1713 2924 1769 2972 et
1796 2918 1974 2974 dictus

393 3007 634 3074 vitricus,
667 3010 821 3078 quasi
849 2993 1165 3080 novitricus,
1203 3009 1345 3077 quod
1373 3023 1402 3060 a
1441 3015 1616 3062 matre
1641 3007 1971 3077 superduca-

394 3105 485 3156 tur
507 3113 699 3176 novus.
722 3097 1003 3166 Privignus
1028 3106 1130 3163 εει,
1157 3098 1249 3166 qui
1273 3113 1336 3152 ex
1362 3097 1469 3152 alio
1492 3105 1644 3168 patre
1669 3106 1828 3153 natus
1852 3107 1968 3176 est;

2076 1917 2345 1987 conjugio,
2387 1919 2524 1972 bene
2561 1918 2720 1972 datur
2756 1937 2767 1971 :
2812 1920 2939 1988 quia
2977 1920 3284 1991 conjugium
3322 1921 3522 1977 bonum
3551 1933 3654 1977 est.

2078 2006 2229 2072 Quod
2254 2021 2382 2060 vero
2411 2021 2574 2061 causa
2609 2006 2978 2062 fornicationis
3019 2019 3111 2062 aut
3147 2010 3425 2077 adulterii,
3457 2011 3657 2066 malum

2077 2106 2159 2152 est
2185 2117 2197 2152 :
2227 2098 2428 2152 idcirco
2471 2098 2665 2153 arrabo
2691 2114 2797 2153 non
2821 2109 2922 2154 est.
2953 2101 3106 2156 Dicta
3129 2111 3307 2157 autem
3325 2105 3490 2158 arrha
3516 2121 3544 2157 a
3577 2119 3656 2171 re,

2073 2203 2173 2257 pro
2195 2195 2300 2256 'qua
2328 2189 2577 2242 traditur.
2601 2189 2700 2243 Est
2724 2199 2902 2244 autem
2930 2193 3091 2245 arrha
3118 2208 3224 2254 non
3247 2194 3419 2250 solum
3441 2197 3658 2266 sponsio

2075 2273 2388 2345 conjugalis,
2426 2278 2519 2332 sed
2543 2279 2707 2332 etiam
2736 2295 2834 2348 pro
2863 2281 3102 2349 qualibet
3131 2284 3395 2352 promissa
3426 2300 3486 2339 re
3510 2287 3655 2355 data,

2076 2375 2136 2420 ut
2167 2367 2518 2436 compleatur.
2555 2367 2734 2433 Proci,
2780 2372 3091 2438 nuptiarum
3129 2374 3416 2442 petitores,
3462 2391 3495 2430 a
3535 2391 3655 2445 pre-

2077 2458 2248 2514 cando
2276 2468 2330 2513 et
2359 2464 2587 2530 petendo
2613 2464 2760 2519 dicti.
2791 2465 3043 2522 Pronuba
3071 2469 3217 2524 dicta
3245 2485 3414 2539 eoque
3449 2473 3655 2526 nuben-

2077 2546 2219 2600 tibus
2247 2558 2461 2616 praeest,
2493 2567 2718 2621 quaaque
2742 2555 3034 2609 nubentem
3063 2558 3180 2611 viro
3203 2557 3514 2630 conjungit,
3546 2563 3655 2632 ipsa

2075 2643 2158 2688 est
2182 2644 2238 2689 et
2261 2641 2646 2709 paranympha.
2681 2641 2814 2695 Nam
2845 2647 3081 2714 nympha
3110 2663 3305 2716 sponsa
3344 2649 3398 2703 in
3433 2653 3652 2721 nuptiis,

2074 2734 2129 2780 et
2172 2729 2404 2796 nympha
2450 2731 2836 2800 prolabatiouis
2860 2735 3050 2801 ofﬁcio,
3079 2740 3223 2807 quod
3267 2749 3323 2796 et
3349 2742 3418 2796 ad
3461 2758 3655 2799 nomen

2073 2816 2326 2872 nubentis
2360 2819 2565 2876 alludit.
2612 2822 2879 2896 Coujuges
2903 2829 3156 2898 appellati
3202 2842 3424 2901 propter
3443 2832 3654 2905 jugum,

2074 2910 2216 2978 quod
2243 2910 2532 2980 imponitur
2553 2915 2897 2971 matrimonio
2918 2917 3321 2990 coniungendis.
3349 2921 3485 2992 Jugo
3513 2925 3656 2981 enim

2075 3000 2338 3054 nubentes
2363 3002 2554 3072 subjici
2578 3004 2753 3057 solent
2778 3015 2998 3076 propter
3026 3008 3259 3064 futuram
3290 3014 3654 3082 concordiam,

2075 3105 2143 3144 ne
2172 3100 2508 3159 separentur.
2554 3094 2818 3165 Conjuges
2847 3106 3025 3152 autem
3052 3102 3231 3156 verius
3261 3105 3601 3173 appellantur
3627 3120 3659 3161 ι

395 3197 452 3246 et
491 3173 770 3267 privignus
816 3188 919 3243 dici
969 3197 1207 3266 putatur,
1260 3189 1414 3259 quasi
1457 3189 1797 3259 privigenus,
1847 3173 1975 3258 quia
2002 3177 2046 3241 C
2076 3181 2250 3249 prima
2284 3181 2649 3251 dispositionis
2693 3186 2825 3251 ﬁde,
2874 3190 3118 3256 quamvis
3155 3192 3332 3247 adhuc
3376 3196 3518 3250 inter
3565 3212 3658 3253 eos

391 3278 544 3353 prius
584 3280 813 3349 genitus.
890 3269 1042 3335 Unde
1086 3288 1139 3334 et
1181 3279 1340 3349 vulgo
1386 3288 1512 3334 ante
1555 3288 1713 3336 natus
1756 3281 1969 3337 dicitur.

393 3369 663 3427 Vocabula
705 3371 820 3426 haec
863 3385 894 3424 a
936 3378 1092 3442 gente
1131 3371 1382 3425 videntur
1425 3370 1729 3444 declinata:
1764 3372 1975 3442 genitor

392 3465 642 3536 genitrix,
669 3467 849 3536 agnati
878 3474 1105 3536 agnataa,
1139 3465 1348 3535 cognati
1375 3475 1635 3536 cognatm,
1659 3465 1970 3536 progenito-

394 3570 482 3612 res
505 3556 910 3627 progenitrices,
939 3556 1182 3626 germani
1207 3570 1490 3627 germanae.

1012 3685 1238 3742 CAPUT
1276 3687 1340 3742 ν.

988 3794 1067 3850 De
1094 3795 1370 3866 conjugiis.

461 3906 557 3961 Vir
585 3922 772 3962 sexum
806 3906 1106 3978 signiﬁcat,
1150 3923 1259 3963 non
1299 3907 1636 3979 coniugium,
1679 3909 1785 3966 nisi
1823 3911 1969 3982 adje-

390 4001 551 4064 ceris,
580 4002 658 4054 vir
693 4004 828 4070 ejus.
875 3999 1098 4053 Maritus
1136 4013 1264 4054 vero
1303 4000 1466 4054 etiam
1507 4002 1623 4055 sine
1668 4002 1970 4071 adjectione

391 4093 673 4164 coniugem
699 4078 884 4158 sonat,
925 4101 981 4147 et
1008 4108 1038 4146 a
1063 4106 1214 4147 mare
1228 4093 1489 4160 anaritus,
1521 4091 1677 4163 quasi
1704 4109 1842 4149 mas.
1875 4096 1971 4152 Est

391 4188 536 4245 enim
562 4167 757 4241 nomen
782 4185 970 4256 primae
993 4185 1296 4255 positionis,
1325 4185 1466 4255 quod
1494 4185 1625 4241 facit
1651 4187 1707 4240 in
1733 4187 1965 4243 diminu-

392 4262 539 4334 tione
573 4277 864 4340 masculus,
892 4275 962 4346 in
1001 4274 1331 4330 derivatione
1358 4276 1603 4330 maritus.
1636 4275 1876 4346 Sponsus
1901 4279 1969 4335 ab

393 4367 700 4437 spondendo
726 4373 967 4422 vocatus.
993 4363 1130 4420 Nam
1169 4371 1294 4419 ante
1333 4380 1487 4422 usum
1513 4366 1830 4433 tabellarum
1857 4384 1969 4424 ma-

395 4458 630 4514 trimonii
657 4456 937 4512 cautiones
962 4455 1064 4511 sibi
1086 4455 1316 4511 invicem
1337 4457 1674 4536 emittebant,
1696 4459 1752 4512 in
1772 4459 1968 4529 quibus

2074 3270 2354 3340 ignoretur
2397 3272 2692 3343 conjugalis
2735 3279 3050 3334 concubitus
3087 3299 3098 3334 :
3139 3283 3276 3337 sicut
3317 3270 3483 3340 Maria
3529 3303 3660 3343 con-

2067 3361 2165 3432 jux
2215 3361 2411 3432 Joseph
2440 3374 2683 3430 vocatur,
2739 3367 2877 3424 inter
2915 3384 3051 3438 quos
3085 3387 3184 3428 nec
3223 3373 3400 3430 fuerat
3436 3392 3539 3434 nec
3569 3377 3659 3433 fu-

2074 3459 2192 3506 tura
2217 3460 2333 3508 erat
2375 3455 2555 3508 carnis
2596 3455 2702 3509 ulla
2746 3459 3066 3516 commistio.
3116 3461 3359 3519 Matrona
3401 3475 3506 3532 est,
3538 3484 3664 3538 qua

2067 3540 2178 3610 jam
2213 3543 2414 3611 nupsit,
2450 3551 2504 3598 et
2533 3543 2675 3598 dicta
2701 3556 2967 3614 matrona,
3002 3552 3156 3618 quasi
3183 3560 3359 3607 mater
3383 3556 3496 3609 nati
3527 3575 3539 3609 :
3573 3557 3664 3614 vel

2071 3633 2198 3701 quia
2239 3632 2352 3700 jam
2396 3627 2569 3690 mater
2594 3636 2708 3691 ﬁeri
2744 3647 2936 3707 potest.
2985 3641 3139 3697 Unde
3166 3652 3222 3698 et
3247 3647 3661 3706 matrimonium

2071 3724 2292 3779 dictum.
2325 3725 2680 3797 Distinguitur
2721 3738 2900 3785 autem
2939 3731 3082 3787 inter
3121 3742 3424 3792 matronam
3459 3749 3514 3794 et
3542 3755 3666 3796 ma-

2070 3812 2463 3870 tremfamilias.
2520 3815 2655 3870 Nam
2686 3827 2965 3887 matronae,
2994 3836 3114 3892 quae
3147 3822 3261 3891 jam
3290 3826 3344 3879 in
3373 3829 3662 3884 matrimo-

2069 3902 2220 3957 nium
2246 3915 2614 3962 convenerunt
2635 3926 2650 3963 :
2675 3918 2897 3975 matres,
2924 3929 3042 3982 quae
3067 3925 3368 3988 genuerunt
3395 3937 3407 3972 :
3431 3929 3662 3978 matres-

2068 3992 2306 4060 familize,
2333 4011 2452 4065 quae
2472 4012 2570 4067 per
2593 4001 2879 4068 quamdam
2895 4001 3037 4070 juris
3068 4004 3463 4062 solemnitatem
3489 4010 3544 4063 in
3574 4009 3662 4066 fa-

2070 4084 2273 4138 miliam
2320 4089 2498 4142 mariti
2546 4092 2898 4148 transierunt.
2943 4095 3292 4168 Monogamus
3333 4101 3530 4168 dictus,
3562 4101 3658 4172 qui

2070 4175 2162 4229 uni
2191 4183 2398 4230 tantum
2427 4181 2624 4248 nupsit.
2659 4180 2844 4238 Monos
2888 4185 3033 4238 enim
3075 4187 3216 4256 apud
3242 4187 3458 4245 Graecos
3487 4206 3657 4247 unum

2070 4269 2268 4326 dicitur
2296 4287 2310 4324 :
2342 4286 2527 4342 gamos
2556 4275 2755 4344 nuptiae
2783 4276 3224 4346 interpretantur.
3274 4281 3529 4351 Digamus
3559 4299 3658 4339 au-

2070 4368 2180 4415 tem
2221 4368 2276 4416 et
2316 4362 2573 4432 trigamus
2617 4378 2647 4417 a
2687 4380 2912 4421 numero
2952 4381 3180 4422 uxorum
3208 4378 3453 4436 vocatus,
3496 4374 3657 4442 quasi

2070 4455 2294 4507 duarum
2317 4452 2403 4508 vel
2441 4455 2603 4508 trium
2640 4455 2887 4511 maritus.
2919 4455 3089 4512 Vidua
3117 4467 3330 4526 vocata,
3357 4461 3500 4529 quod
3529 4477 3656 4518 cum

391 4550 722 4621 spondebant
759 4563 817 4604 se
867 4548 1094 4604 invicem
1122 4549 1425 4603 consentire
1453 4548 1508 4602 in
1531 4532 1655 4617 jura
1682 4520 2045 4606 matrimo-«D
2070 4549 2189 4604 viro
2225 4550 2331 4603 duo
2359 4548 2590 4616 fuerint,
2631 4559 2730 4605 nec
2761 4551 2906 4607 circa
2940 4553 3270 4608 consortium
3300 4553 3520 4608 alterius
3550 4553 3657 4610 viri

393 4644 488 4708 uii,
518 4651 573 4698 et
609 4643 728 4714 ﬁdei
763 4642 1006 4711 jussores
1039 4642 1255 4698 dabant.
1291 4639 1443 4696 Unde
1465 4650 1520 4696 et
1544 4642 1836 4697 admissum
1862 4652 1965 4709 est,

391 4743 452 4790 ut
487 4749 738 4804 sponsum
779 4733 1023 4788 dicamus
1051 4734 1223 4788 virum
1253 4732 1321 4787 ab
1360 4734 1688 4813 spondendo,
1717 4741 1774 4788 et
1807 4749 1968 4804 spon-

391 4842 504 4884 sam
540 4824 1106 4882 similiter.’Caaterum
1134 4825 1350 4896 proprie
1383 4826 1647 4896 spondere
1683 4825 1819 4881 velle
1860 4833 1963 4881 est.

392 4916 532 4988 Ergo
556 4931 830 4986 sponsum,
859 4930 970 4971 non
999 4915 1125 4985 quia
1154 4917 1501 4985 permittitur,
1530 4916 1624 4973 sed
1649 4917 1777 4986 quia
1804 4932 1966 4987 spon-

395 5009 486 5063 det
511 5016 566 5062 et
591 5022 877 5078 sponsores
905 5008 1014 5062 dat.
1054 5006 1293 5077 Sponsus
1319 5007 1563 5063 Christus
1590 5009 1731 5074 ideo,
1763 5010 1909 5079 quod
1939 5025 1971 5064 a

394 5096 553 5151 Patre
583 5095 651 5149 ab
675 5095 826 5150 initio
865 5096 937 5150 sit
969 5097 1348 5165 repromissus,
1391 5104 1448 5150 ut
1487 5087 1540 5150 in
1581 5096 1795 5152 Psalmo
1840 5116 1852 5152 :
1902 5097 1971 5152 Et

394 5186 501 5258 ipse
522 5195 770 5254 tanquam
792 5201 1009 5254 sponsus
1033 5186 1313 5255 procedens
1337 5185 1401 5239 de
1421 5185 1651 5239 thalamo
1675 5203 1770 5241 suo
1794 5185 1966 5259 (Psal.

395 5274 571 5344 xvru).
607 5273 814 5342 Sponsa
847 5274 1106 5341 Ecclesia,
1145 5278 1264 5346 quae
1290 5275 1475 5345 utique
1501 5274 1696 5331 divinis
1724 5278 1971 5348 sponsio-

395 5364 554 5419 nibus
587 5364 656 5417 sit
680 5364 965 5433 promissa,
992 5372 1054 5432 ut
1081 5365 1136 5419 in
1162 5364 1386 5421 Cantica
1426 5366 1757 5422 canticorum
1788 5386 1800 5420 :
1841 5366 1970 5421 Veni

395 5471 428 5507 a
459 5452 675 5518 Libano,
712 5472 923 5525 sponsa,
953 5457 1067 5509 veni
1096 5473 1130 5509 a
1158 5455 1354 5511 Libano
1394 5454 1688 5529 (Cant.1v),
1722 5458 1826 5513 hoc
1853 5465 1968 5524 est,

395 5563 427 5604 ιι
467 5546 698 5602 candore
738 5547 1096 5617 baptismatis.
1141 5545 1346 5617 Nuptiae
1384 5547 1651 5618 copulatio
1677 5548 1840 5613 Verbi
1874 5548 1970 5603 Dei

396 5648 452 5696 et
475 5640 672 5705 carnis,
705 5648 764 5694 ut
787 5641 841 5694 in
877 5640 1164 5711 Evangelio
1193 5658 1208 5695 :
1240 5639 1422 5696 Simile
1458 5650 1532 5696 est
1560 5658 1776 5713 regnum
1812 5641 1970 5696 calo-

396 5748 514 5787 rum
551 5733 749 5788 luomini
789 5732 929 5804 regi,
963 5733 1054 5803 qui
1083 5733 1204 5802 fecit
1238 5733 1443 5804 nuptias
1480 5732 1592 5801 [ilio
1620 5749 1716 5788 suo
1752 5731 1966 5805 (Matth.

2074 4651 2194 4708 post
2235 4647 2463 4694 mortem
2528 4640 2768 4711 conjugis
2807 4643 2967 4710 primi
3011 4643 3314 4698 adhaeserit.
3358 4644 3494 4699 Nam
3533 4659 3658 4714 qua

2075 4727 2230 4782 alteri
2268 4736 2389 4797 post
2424 4737 2652 4784 mortem
2682 4731 2880 4800 prioris
2907 4732 3009 4785 viri
3038 4733 3311 4801 nupserit,
3340 4734 3515 4788 vidua:
3544 4749 3656 4788 non

2075 4817 2341 4873 dicuntur.
2370 4818 2684 4897 [tem-vidua
2710 4823 2852 4891 quod
2879 4823 2991 4878 sola
3014 4824 3102 4889 sit,
3132 4839 3234 4879 nec
3259 4825 3406 4879 circa
3431 4840 3658 4880 consor-

2074 4911 2206 4966 tium
2248 4909 2468 4967 alterius
2501 4914 2605 4968 viri
2640 4915 2936 4984 conjugalia
2961 4901 3084 4985 jura
3114 4916 3401 4972 custodiat.
3444 4915 3655 4973 Fratris

2071 5016 2208 5056 uxor
2236 5001 2480 5058 fratrissa
2503 5013 2730 5059 vocatur
2762 5023 2774 5058 :
2820 5007 2999 5060 mariti
3041 4996 3227 5061 frater
3253 5007 3388 5062 levir
3431 5008 3649 5064 dicitur.

2072 5093 2308 5172 Duorum
2337 5095 2478 5148 inter
2509 5110 2567 5150 se
2595 5094 2822 5150 fratrum
2850 5111 3044 5152 uxores
3061 5096 3341 5164 janitrices
3365 5108 3650 5167 vocantur,

2073 5185 2225 5254 quasi
2249 5185 2489 5241 eamdem
2521 5185 2745 5253 januam
2776 5194 3028 5251 terentes,
3051 5187 3135 5241 vel
3162 5203 3260 5258 per
3286 5188 3529 5242 eamdem
3567 5189 3654 5259 ja-

2054 5290 2233 5329 -nuam
2260 5277 2363 5330 iter
2381 5276 2658 5331 habentes.
2675 5277 2790 5332 Viri
2817 5293 2968 5332 soror
2993 5279 3106 5350 glos
3137 5279 3453 5349 appellatur.
3480 5280 3648 5337 Soro-

2074 5367 2149 5421 ris
2175 5367 2259 5420 vir
2284 5367 2515 5436 speciale
2544 5382 2740 5422 nomen
2772 5383 2877 5423 non
2906 5370 3086 5434 habet,
3121 5384 3220 5423 nec
3243 5371 3431 5426 uxoris
3458 5369 3646 5428 frater.

2077 5455 2469 5512 Matrimonium
2495 5465 2578 5513 est
2603 5459 2864 5514 nubilium
2902 5459 3048 5529 justa
3075 5463 3359 5516 conventio
3382 5470 3438 5517 et
3460 5463 3651 5519 condi-

2077 5546 2169 5601 tio.
2203 5545 2521 5618 Cunjugium
2547 5556 2629 5603 est
2654 5549 3012 5619 legitimarum
3042 5565 3394 5619 personarum
3426 5553 3566 5608 inter
3591 5570 3651 5611 se

2076 5639 2298 5695 coeundi
2325 5648 2378 5694 et
2409 5640 2688 5710 copulandi
2729 5643 2944 5712 nuptiae.
2980 5643 3174 5699 Tribus
3205 5652 3383 5700 autem
3426 5646 3497 5700 ob
3521 5662 3653 5702 cau-

2075 5729 2149 5785 sis
2174 5731 2385 5787 ducitur
2405 5746 2557 5789 uxor.
2586 5731 2766 5788 Prima
2789 5739 3048 5790 estcausa
3075 5735 3261 5804 prolis,
3290 5736 3356 5791 de
3377 5751 3483 5807 qua
3517 5735 3653 5809 legi-
