3930 6324
191 393 291 449 105

1149 382 1240 439 DE
1279 377 1630 438 UNIVERSO
1670 376 1848 433 LIBRI
1890 376 2052 432 XXII.
2089 405 2161 418 —
2197 377 2325 432 LIB.
2366 375 2476 432 ιιι.

3329 369 3460 431 λιαι

192 514 278 559 tur
318 502 373 556 in
401 500 600 557 Genesi
633 517 645 553 :
689 499 760 553 Et
800 499 1055 554 benedixit
1084 515 1170 554 eos
1200 499 1374 552 dicens
1404 515 1422 552 :
1460 497 1684 552 Crescite
1725 504 1783 554 et.
1801 501 1854 561 Α
1877 495 2004 549 tiam
2031 493 2085 564 (I
2116 492 2239 548 Cor.
2274 491 2336 560 ι).
2383 491 2451 544 Ει
2479 488 2739 560 propheta
2769 505 2781 542 :
2809 485 3227 552 Generationem,
3261 487 3460 558 inquit,

190 591 610 664 multiplicamini
639 588 792 662 (Cen.
824 589 882 662 ι).
931 589 1176 645 Secunda
1215 604 1377 644 causa
1403 587 1676 656 adjutorii,
1707 586 1774 640 de

188 698 291 756 qua
319 682 390 737 ibi
418 683 473 734 in
503 679 705 736 Genesi
735 681 931 735 dicitur
956 699 968 731 :
1005 679 1124 732 Non
1158 688 1231 734 est
1256 680 1445 734 bonum
1475 695 1583 733 esse
1608 677 1774 736 homi-

187 795 300 835 nem
333 775 507 831 solum
536 791 555 829 :
587 776 844 845 faciamus
873 774 920 828 ei
943 773 1263 842 adjutorium
1291 771 1461 828 simile
1489 772 1586 826 sibi
1618 769 1770 843 (Gen.

187 871 264 944 ιι).
297 866 482 921 Tertia
519 882 688 922 causa
725 865 1143 921 incontinentiae.
1185 865 1339 919 Unde
1387 863 1517 918 dicit
1544 861 1775 931 Aposto-

185 958 283 1021 lus,
329 963 391 1008 ut
435 955 530 1023 qui
571 971 631 1010 se
677 971 783 1010 non
810 955 1068 1019 continet,
1117 953 1283 1008 nubat
1327 952 1379 1023 (Ι
1406 951 1525 1006 Cor.
1561 950 1680 1021 vn).
1713 951 1772 1006 In

187 1047 426 1118 eligendo
469 1046 672 1100 marito
701 1053 930 1114 quatuor
971 1044 1274 1114 exspectari
1321 1042 1534 1104 solent:
1575 1044 1770 1108 virtus,

185 1153 366 1209 genus,
402 1135 779 1206 pulchritudo,
817 1135 1098 1205 sapientia.
1130 1134 1210 1187 Ex
1247 1134 1331 1187 his
1380 1134 1773 1202 sapientiapo-

187 1229 375 1283 tentior
403 1235 508 1281 est.
551 1226 636 1280 Ad
667 1227 866 1280 amoris
893 1224 1144 1280 effectum
1189 1223 1356 1279 refert
1395 1225 1512 1278 haec
1541 1232 1773 1291 quatuor

184 1317 432 1388 Virgilius
477 1317 544 1370 de
594 1316 791 1381 1Enea,
833 1317 975 1387 quod
1019 1316 1103 1370 his
1153 1316 1288 1371 Dido
1319 1315 1548 1384 impulsa
1587 1321 1670 1368 est
1713 1314 1769 1367 in

183 1424 415 1463 amorem
442 1406 562 1475 ejus
597 1427 608 1460 :
641 1407 1037 1477 pulchritudine
1066 1426 1077 1460 :

301 1521 458 1580 Quem
501 1531 621 1570 sese
654 1531 742 1568 ore
767 1517 969 1567 ferens!
999 1553 1015 1567 .
1043 1549 1058 1566 .
1087 1553 1101 1566 .

184 1605 378 1658 virtute
411 1622 424 1656 :

305 1730 318 1742 .
362 1728 376 1743 .
423 1729 437 1742 .
478 1694 640 1751 Quam
665 1690 780 1742 torti
804 1696 1005 1752 pectore
1024 1693 1076 1741 et
1098 1689 1278 1738 armis!

181 1776 416 1830 oratione
445 1794 458 1829 :

615 1902 627 1913 .
677 1902 690 1912 .
745 1899 757 1911 .
808 1896 821 1910 .
861 1897 875 1912 .
911 1861 1023 1924 Heu
1063 1863 1240 1924 quibus
1279 1861 1365 1909 ille

303 1934 524 1977 iactatus
539 1923 680 1975 fatis!
705 1924 826 1983 Qua
851 1923 982 1973 bella
1006 1919 1242 1973 exhausta
1266 1919 1503 1972 canebat!

216 2025 373 2065 euere
400 2027 412 2060 Σ

216 2025 373 2065 enere
400 2027 412 2060 :

183 2024 215 2078 8
301 2117 462 2168 Credo
481 2113 720 2178 equidem
744 2114 861 2173 (nec
883 2123 1001 2162 vana
1026 2109 1167 2171 ﬁdes)
1187 2121 1346 2172 genus
1365 2120 1476 2159 esse
1497 2113 1717 2158 deorum.

182 2222 305 2277 Item
337 2222 392 2274 in
417 2220 673 2290 eligenda
703 2233 872 2273 uxore
895 2224 1127 2286 quatuor
1157 2229 1245 2269 res
1270 2213 1551 2283 impellunt
1596 2211 1771 2266 homi-

183 2327 299 2366 nem
327 2311 394 2365 ad
423 2325 670 2366 amorem
697 2329 710 2364 :
739 2310 1101 2380 pulchritudo,
1154 2297 1341 2377 genus,
1387 2305 1610 2370 divitiae,
1650 2319 1769 2358 mo-

185 2416 284 2456 res.
329 2402 521 2456 Melius
548 2412 735 2457 tamen
760 2402 806 2455 si
835 2401 890 2454 in
926 2414 988 2453 ea
1038 2413 1218 2453 mores
1263 2397 1435 2464 magis
1468 2409 1631 2464 quam
1660 2393 1774 2463 pul-

183 2493 425 2550 chritudo
472 2499 774 2561 queratur.
825 2490 980 2544 Nunc
1035 2497 1213 2544 autem
1269 2487 1372 2542 illae
1419 2493 1770 2556 quaeruntur,

186 2597 314 2653 quas
356 2589 452 2635 aut
480 2582 689 2637 divitia:
727 2589 820 2636 aut
863 2580 1050 2636 formae
1080 2595 1186 2633 non
1214 2594 1350 2648 quas
1383 2579 1627 2647 probitas
1658 2592 1772 2631 mo-

188 2687 302 2726 rum
323 2671 695 2726 commendat.
743 2670 866 2724 Ideo
903 2676 1081 2723 autem
1118 2667 1333 2721 feminae
1355 2668 1454 2722 sub
1480 2667 1581 2720 viri
1622 2676 1774 2735 pote—

188 2771 318 2818 state
353 2763 700 2828 consistunt,
730 2761 857 2832 quia
899 2760 1114 2814 levitate
1142 2759 1308 2812 animi
1344 2759 1662 2827 plerumque
1683 2759 1774 2811 de-

187 2853 467 2923 cipiuntur.
502 2853 663 2909 Unde
703 2862 759 2908 et
782 2869 995 2922 aequum
1039 2862 1158 2906 erat
1191 2866 1283 2906 eas
1312 2851 1414 2905 viri
1455 2850 1775 2904 auctoritate

189 2948 422 3015 reprimi.
457 2947 702 3001 Proinde
728 2955 783 3000 et
811 2955 1020 2999 veteres
1054 2945 1338 2999 voluerunt
1363 2943 1592 2998 feminas
1624 2943 1776 2995 innu-

187 3045 320 3107 ptas,
345 3037 601 3105 quamvis
620 3035 872 3105 perfectae
901 3036 1074 3089 aetatis
1104 3043 1305 3099 essent,
1331 3035 1554 3104 propter
1601 3034 1774 3101 ipsam

190 3132 345 3186 animi
383 3131 667 3184 levitatem
697 3131 753 3183 in
785 3128 949 3183 tutela
981 3128 1297 3183 consistere.
1325 3127 1548 3196 Mystice
1587 3133 1771 3179 autem

1879 584 1993 653 ejus
2020 584 2136 654 quis
2163 580 2468 636 enarrabit?
2496 579 2633 651 (Isa.
2663 578 2806 649 un.)
2845 577 2913 632 Et
2935 577 2990 630 in
3017 576 3223 648 psalmo
3250 577 3316 632 de
3345 578 3465 648 ipso

1877 673 2111 744 legitur:
2138 671 2413 743 Speciosus
2460 670 2631 738 forma
2669 685 2778 740 prae
2812 667 2940 738 ﬁliis
2979 669 3248 723 hominum
3281 667 3457 740 (Psal.

1877 748 2044 835 xuv').
2073 763 2132 816 ln
2159 767 2518 824 uxoreautem
2539 758 2656 828 ejus
2684 759 2934 814 similiter
2961 758 3052 813 illa
3073 768 3324 829 quatuor,
3341 775 3463 830 quae

1876 861 2002 908 ante
2040 852 2464 916 numeravimus,
2523 850 2889 918 inveniuntur,
2938 852 3042 906 hoc
3075 859 3179 916 est,
3228 852 3463 922 pulchri-

1878 945 2024 1010 tudo,
2056 960 2246 1014 genus,
2293 942 2510 1006 divitiae,
2542 956 2742 996 mores.
2788 941 2922 995 Nam
2968 942 3024 995 in
3073 941 3296 997 Cantica
3332 957 3461 1001 can-

1875 1034 2106 1088 ticorum
2149 1035 2214 1089 de
2255 1033 2371 1102 ejus
2413 1032 2810 1102 pulchritudine
2840 1032 2916 1085 ita
2956 1031 3186 1087 dicitur:
3219 1030 3456 1086 Pulchra

1874 1141 1946 1190 es,
1989 1126 2162 1178 antica
2207 1141 2359 1190 mea,
2411 1124 2583 1177 suavis
2632 1132 2679 1178 et
2723 1123 2934 1189 decora,
2981 1123 3115 1176 sicut
3166 1121 3462 1177 Jerusalem

1875 1212 2052 1285 (Cant.
2087 1230 2129 1279 ι,
2158 1213 2253 1282 1v).
2284 1212 2360 1266 De
2398 1226 2604 1284 genere.
2619 1212 2832 1280 quoque
2874 1211 2991 1281 ejus
3017 1211 3227 1265 dicitB.
3267 1211 3462 1266 Petrus

1873 1306 2182 1376 apostolus:
2215 1304 2320 1358 Vos
2348 1304 2741 1375 genuslregium
2781 1312 2828 1357 et
2867 1303 3193 1358 sacerdotale
3227 1303 3280 1370 (1
3309 1301 3457 1357 Petr.

1873 1400 1956 1472 ιι).
1989 1400 2066 1453 De
2102 1399 2304 1453 divitiis
2345 1397 2485 1452 illius
2529 1397 2791 1466 scriptum
2829 1403 2951 1450 est:
2976 1395 3046 1448 In
3075 1395 3456 1466 operibuszma-

1875 1509 2036 1547 nuum
2054 1491 2196 1544 illius
2225 1491 2417 1544 divitiae
2439 1489 2635 1543 multae.
2673 1489 3019 1542 Honestatem
3045 1495 3225 1541 autem
3241 1501 3461 1541 morum

1874 1561 2016 1638 illius
2036 1598 2173 1654 pene
2192 1582 2370 1637 omnis
2390 1580 2668 1650 Scriptura
2689 1595 2847 1634 sacra
2868 1580 3142 1650 praedicat.
3167 1579 3319 1634 Unde
3351 1594 3459 1634 non

1873 1683 1959 1729 est
2014 1689 2238 1729 necesse
2287 1672 2504 1741 aliquod
2562 1671 2864 1739 exemplum
2920 1671 3044 1725 inde
3093 1685 3310 1739 ponere.
3361 1669 3461 1725 Hic

1873 1783 2004 1839 ergo
2029 1770 2114 1822 vir
2136 1769 2288 1837 virgo
2316 1778 2399 1821 est
2418 1767 2471 1819 in
2503 1779 2684 1829 carne,
2711 1772 2765 1819 et
2794 1779 3145 1835 monogemus
3167 1765 3221 1818 in
3243 1764 3457 1834 spiritu,

1799 1859 1847 1919 B
1871 1863 2000 1931 quia
2031 1861 2191 1916 aliam
2240 1875 2491 1932 sponsam
2550 1859 2722 1913 nescit
2757 1867 2955 1928 praeter
3005 1867 3249 1913 sanctam
3275 1857 3461 1913 Eccle-

1875 1953 2013 2008 siam
2052 1951 2394 2007 catholicam.
2432 1949 2530 2003 Cui
2578 1949 2691 2018 ipsa
2742 1964 2939 2018 sponsa
2965 1936 3102 2004 dicit
3151 1950 3204 2002 in
3234 1947 3462 2004 Cantica

1875 2045 2241 2100 Canticorum.
2271 2040 2502 2095 Dilectus
2523 2056 2666 2093 meus
2695 2041 2842 2104 mihi,
2868 2048 2915 2092 et
2943 2056 3036 2109 ego
3064 2039 3143 2093 illi
3163 2037 3341 2110 (Cant.
3374 2039 3458 2110 ιι).

1875 2133 1979 2200 Qui
2017 2132 2174 2187 uxori
2208 2122 2327 2186 sua:
2364 2131 2546 2185 dotem
2596 2129 2762 2194 dedit,
2795 2129 3010 2198 quando
3055 2129 3289 2199 pretium
3334 2144 3462 2183 san-

1875 2223 2054 2294 guinis
2081 2223 2164 2277 sui
2194 2237 2292 2290 pro
2321 2236 2384 2276 ea
2408 2220 2562 2275 fudit.
2594 2220 2826 2272 Arrham
2859 2219 3066 2283 tribuit,
3094 2221 3309 2287 quando
3333 2236 3458 2290 gra-

1877 2316 2008 2369 tiam
2048 2313 2284 2384 Spiritus
2313 2313 2489 2366 sancti
2530 2310 2604 2363 illi
2636 2311 2767 2364 dans
2799 2318 3054 2364 :eternam
3083 2309 3138 2363 in
3164 2310 3316 2364 caelis
3355 2311 3464 2364 hae-

1874 2408 2161 2462 reditatem
2189 2403 2458 2473 promisit.
2506 2385 2661 2456 Unde
2697 2401 2985 2469 Apostolus
3023 2400 3089 2455 de
3118 2401 3311 2455 eodem
3357 2403 3462 2471 spi-

1875 2497 1984 2551 ritu
2007 2496 2122 2550 ait:
2149 2493 2270 2564 Ipse
2305 2501 2380 2548 est
2408 2492 2595 2563 pignus
2625 2491 2945 2544 hereditatis
2984 2499 3178 2546 nostra:
3209 2491 3372 2562 (Eph.
3391 2491 3456 2563 1).

2485 2609 2712 2668 CAPUT
2751 2607 2837 2666 Vl.

2520 2682 2593 2735 De
2629 2692 2814 2736 morte.

1946 2778 2090 2833 Mors
2124 2777 2288 2843 dicta,
2315 2776 2457 2846 quod
2497 2775 2567 2830 sit
2608 2790 2812 2839 amara,
2838 2775 2925 2830 vel
2965 2789 2996 2829 a
3024 2782 3223 2840 marte,
3252 2776 3344 2844 qui
3377 2781 3464 2829 est

1876 2865 2096 2925 eti'eCtor
2120 2869 2398 2932 mortium,
2436 2868 2549 2922 sive
2570 2881 2602 2920 a
2632 2875 2816 2924 morSu
2845 2866 3082 2922 hominis
3108 2865 3287 2936 primi,
3316 2864 3460 2934 quod

1875 2960 2055 3014 vetita:
2102 2959 2315 3014 arboris
2364 2973 2583 3027 pomum
2633 2957 2887 3012 mordens
2945 2964 3176 3011 mortem
3231 2953 3461 3009 incurrit

1878 3049 2028 3123 (Cen.
2063 3050 2324 3122 m).,l‘ria
2371 3061 2495 3104 sunt
2531 3058 2708 3104 autem
2732 3064 2926 3119 genera
2973 3049 3197 3114 mortis;
3245 3049 3461 3112 acerba,

1877 3144 2191 3209 immatura,
2242 3142 2524 3196 naturalis.
2568 3142 2776 3196 Acerba
2820 3139 3131 3195 infantum:
3171 3141 3460 3194 immatura

191 3226 286 3278 vin
314 3226 533 3278 nomine
577 3232 671 3277 aut
699 3223 944 3278 Christus
980 3224 1320 3294 intelligitur,
1361 3223 1453 3292 qui
1483 3231 1566 3277 est
1607 3236 1770 3291 spon-

1882 3231 2164 3297 iuvenum:
2190 3232 2404 3297 merita,
2432 3232 2484 3286 id
2524 3239 2625 3296 est,
2670 3230 2931 3288 naturalis
2972 3245 3181 3285 senum.
3215 3228 3333 3283 Vivi
3368 3227 3466 3280 ali-

191 3328 278 3367 sus
299 3313 581 3376 Ecclesiae,
608 3321 702 3366 aut
725 3313 945 3382 spiritus
972 3314 1226 3378 hominis,
1255 3314 1309 3366 id
1330 3323 1413 3367 est
1436 3328 1588 3368 mens
1614 3320 1667 3367 et
1689 3327 1774 3366 ra-

191 3399 281 3464 tio,
305 3417 421 3468 quze
451 3402 696 3454 animam
727 3401 886 3470 regit,
916 3409 970 3455 et
1000 3402 1053 3454 in
1079 3416 1139 3455 ea
1169 3403 1494 3457 dominatur.
1530 3401 1665 3454 Nam
1693 3401 1775 3454 vir

192 3500 243 3545 et
270 3507 401 3545 uxor
440 3493 566 3562 ejus
598 3489 850 3546 Christus
880 3499 934 3545 et
963 3491 1225 3546 Ecclesia.
1261 3491 1414 3546 Unde
1451 3489 1580 3546 dicit
1625 3491 1771 3560 Apo-

191 3582 389 3636 stolus:
429 3581 574 3646 Viri,
605 3582 805 3651 diligite
839 3599 1029 3637 uxores
1057 3592 1271 3648 vestras,
1302 3585 1436 3636 sicut
1460 3592 1507 3636 et
1537 3581 1773 3638 Christus

191 3672 365 3725 dilexit
414 3671 714 3724 Ecclesium
745 3671 904 3743 (Eph.
938 3672 1014 3744 v).
1061 3672 1319 3728 Similiter
1355 3684 1410 3728 et
1455 3690 1684 3744 sponsus
1723 3685 1778 3729 et

192 3778 381 3832 sponsa
422 3764 678 3816 eamdem
724 3778 840 3817 rem
880 3763 1218 3832 signiﬁcant:
1249 3765 1505 3834 quoniam
1549 3780 1778 3834 sponsus

192 3853 434 3910 Christus
477 3855 608 3909 inde
634 3863 719 3909 est
742 3855 935 3919 dictus,
968 3863 1029 3908 ut
1056 3870 1217 3924 supra
1257 3856 1614 3919 ostendimus,
1651 3857 1777 3924 quia

194 3956 224 3995 a
254 3942 415 3996 Patre
447 3944 518 3996 ab
544 3943 704 3997 initio
732 3942 833 3996 fuit
857 3942 1174 4012 promissus.
1207 3942 1362 3998 Unde
1391 3952 1446 3997 et
1482 3943 1537 3996 in
1571 3943 1778 4011 psalmo

192 4034 420 4105 legitur:
448 4035 521 4090 In
547 4035 659 4089 sole
688 4035 1081 4089 tabernaculum
1107 4053 1282 4106 suum,
1309 4045 1357 4089 et
1392 4038 1499 4105 ipse
1528 4046 1779 4106 tanquam

193 4142 408 4194 sponsus
461 4127 752 4195 procedens
809 4125 873 4177 de
930 4125 1159 4178 thalamo
1211 4141 1305 4178 suo
1368 4122 1540 4195 (Psal.
1597 4125 1776 4196 xvnn).

196 4214 398 4286 Sponsa
431 4230 570 4272 vero
613 4215 730 4284 ejus
762 4224 846 4270 est
891 4216 1152 4282 Ecclesia,
1202 4232 1320 4286 qua:
1355 4218 1541 4286 utique
1586 4217 1781 4271 divinis

195 4308 581 4378 sponsionibus
605 4307 707 4360 fuit
732 4307 1017 4376 promissa.
1039 4307 1191 4364 Unde
1211 4308 1266 4362 in
1291 4307 1514 4363 Cantico
1537 4307 1782 4363 Canticov

193 4412 308 4451 rum
348 4398 594 4452 dicitur:
638 4395 762 4450 Veni
810 4397 874 4449 de
916 4396 1134 4463 Libano,
1164 4415 1354 4467 sponsa
1387 4415 1522 4464 mea,
1573 4401 1686 4452 veni
1719 4399 1782 4452 de

195 4487 387 4542 Libano
423 4531 439 4554 ,
478 4487 600 4541 veni
627 4486 803 4559 (Cant.
828 4487 924 4557 tv).
947 4487 1184 4542 Libanus
1205 4489 1422 4555 candor,
1452 4490 1778 4560 interprete.-

195 4585 299 4643 tur,
341 4578 394 4632 id
429 4584 542 4639 est,
584 4577 762 4629 anima
803 4577 960 4631 bonis
1011 4577 1217 4632 actibus
1256 4578 1561 4633 candidata.
1609 4578 1782 4644 Quam

196 4670 354 4723 tertio
391 4683 630 4738 sponsus
658 4669 928 4733 hortatur,
959 4675 1018 4721 ut
1063 4668 1276 4734 veniat;
1309 4669 1485 4738 primo
1513 4669 1782 4724 viventem

198 4758 248 4813 in
269 4775 432 4814 carne
461 4773 567 4827 per
592 4760 730 4814 bona
756 4774 952 4828 opera;
987 4760 1221 4814 secundo
1250 4758 1493 4813 absoluta
1519 4774 1682 4814 carne
1715 4760 1785 4814 ad

197 4849 605 4918 percipiendam
634 4849 800 4902 vitam
829 4850 1079 4914 beatam;
1113 4850 1276 4904 tertio
1309 4858 1526 4919 recepto
1561 4866 1786 4920 corpore

205 4944 266 4996 ad
293 4943 686 5012 perimendum
726 4953 846 5012 post
882 4944 1338 4998 resurrectionem
1379 4946 1575 5014 gaudio
1613 4944 1790 5014 perfe-

206 5044 303 5089 cto.
328 5036 464 5089 ltem
519 5036 570 5088 in
603 5036 934 5090 contrariam
978 5043 1187 5106 partem
1215 5036 1302 5089 vir
1321 5037 1537 5105 ponitur
1564 5055 1576 5090 :
1611 5043 1672 5089 ut
1703 5043 1789 5097 est

207 5124 328 5178 illud
370 5127 424 5178 in
453 5124 657 5179 Genesi
682 5144 693 5178 :
720 5123 954 5178 Pulchra
983 5125 1118 5194 facie
1154 5125 1302 5179 valde
1328 5128 1494 5196 virgo,
1519 5143 1676 5197 quam
1709 5127 1788 5180 vir

209 5230 307 5268 non
334 5221 650 5283 cognoverat
685 5210 835 5281 (Gen.
864 5214 1037 5284 xxxv),
1071 5215 1124 5269 id
1150 5223 1234 5270 est
1255 5215 1521 5280 diabolus,
1551 5217 1645 5285 qui
1677 5216 1790 5286 ple-

213 5317 432 5372 rumque
477 5311 714 5356 mentem
746 5304 1072 5374 cogitatione
1105 5308 1421 5376 corrumpit.
1468 5307 1790 5378 Conjugium

209 5408 335 5450 vero
358 5396 630 5464 spiritale,
662 5395 764 5449 hoc
805 5405 905 5459 est,
943 5396 1248 5465 conjunctio
1277 5398 1480 5453 Christi
1527 5407 1580 5454 et
1607 5399 1791 5456 Eccle-

216 5486 304 5542 sia:
326 5488 494 5540 multa
517 5488 660 5541 bona
684 5488 740 5542 in
766 5503 823 5542 se
850 5488 1031 5555 habet,
1058 5491 1182 5558 quia
1207 5491 1358 5556 illud,
1388 5491 1532 5561 quod
1560 5491 1793 5547 diximus

219 5575 270 5630 in
299 5577 412 5631 viro
440 5574 710 5646 eligendo,
751 5580 984 5634 maxime
1013 5581 1157 5651 viget
1193 5582 1250 5636 in
1285 5580 1522 5646 Christo,
1557 5583 1660 5636 hoc
1687 5590 1790 5648 est,

223 5666 386 5722 virtus
403 5677 460 5722 et
487 5669 772 5738 sapientia,
802 5686 971 5740 genus
1002 5681 1058 5726 et
1089 5672 1450 5743 pulchritudo.
1484 5674 1561 5729 De
1585 5689 1690 5744 qua
1719 5675 1794 5728 ait

227 5754 502 5824 Apostolus
528 5779 543 5816 :
571 5760 841 5815 Christum
870 5763 983 5817 dico
1005 5762 1102 5821 Dei
1127 5765 1366 5819 virtutem
1391 5776 1438 5821 et
1463 5766 1561 5822 Dei
1590 5769 1795 5837 sapien-

1876 3323 2239 3393 quandojusti
2281 3323 2667 3394 intelliguntur,
2703 3325 2794 3392 qui
2833 3325 3134 3378 consistunt
3172 3323 3226 3375 in
3256 3330 3461 3375 aeterna

1874 3414 2006 3467 vita.
2039 3413 2191 3468 Unde
2208 3420 2291 3468 est
2310 3412 2441 3466 illud
2466 3428 2478 3465 :
2503 3410 2726 3466 Placebo
2759 3412 2982 3466 Domino
3008 3413 3063 3465 in
3094 3413 3299 3482 regione
3319 3412 3462 3464 vivo-

1876 3519 1993 3555 rum
2025 3502 2177 3574 (Sap.
2210 3503 2306 3574 iv).
2347 3504 2415 3557 Et
2447 3503 2500 3556 in
2544 3503 2701 3557 aliam
2748 3512 2960 3572 partem
2989 3521 3000 3555 :
3025 3501 3267 3554 Laudavi
3295 3501 3463 3570 magis

1875 3601 2108 3644 mortuos
2132 3608 2290 3661 quam
2344 3593 2562 3645 viventes
2593 3590 2760 3661 (Eccl;
2793 3589 2889 3661 tv),
2928 3591 3034 3646 hoc
3059 3600 3163 3656 est,
3188 3591 3330 3644 bono
3354 3589 3462 3644 ﬁne

1879 3689 2304 3746 consummatos,
2352 3697 2513 3750 quam
2562 3682 2802 3735 viventes
2856 3682 2908 3734 iu
2952 3682 3215 3750 peccatis.
3269 3680 3465 3735 Mortui

1879 3773 2023 3826 enim
2070 3771 2360 3840 aliquando
2389 3777 2703 3840 peccatores
2736 3771 2821 3824 vel
2853 3771 3098 3825 inﬁdeles
3137 3771 3464 3840 significant,

1879 3871 1941 3914 ut
1964 3869 2045 3917 est
2071 3862 2124 3915 in
2154 3862 2445 3931 Evangelio
2471 3880 2482 3913 ε
2510 3860 2636 3915 Sine
2658 3870 2913 3923 mortuos,
2946 3869 3001 3913 ut
3041 3860 3292 3930 sepeliant
3322 3877 3466 3914 mor-

1882 3964 1997 4007 tuos
2026 3970 2149 4006 suos
2178 3951 2393 4022 (Matth.
2426 3951 2565 4022 Vill).
2609 3951 2692 4012 Et,
2715 3953 2768 4005 iu
2811 3951 3008 4006 bonam
3037 3961 3250 4020 partem
3276 3971 3288 4006 :
3314 3952 3468 4008 Beati

1881 4044 2074 4096 mortui
2111 4044 2202 4111 qui
2235 4043 2291 4094 in
2331 4041 2554 4095 Domino
2599 4042 2895 4095 moriuntur
2925 4040 3109 4112 (Apoc.
3150 4042 3284 4114 xw).
3313 4043 3468 4099 Unde

1884 4135 2146 4202 scriptum
2171 4141 2256 4188 est
2277 4133 2331 4186 in
2359 4132 2620 4186 Psalterio
2646 4151 2657 4184 :
2690 4131 2932 4187 Pretiosa
2963 4135 3018 4186 in
3055 4145 3330 4204 conspectu
3351 4133 3462 4188 Do-

1883 4227 2012 4280 mini
2048 4243 2189 4280 mors
2224 4235 2525 4282 sanctorum
2569 4225 2684 4295 ejus
2711 4223 2885 4295 (Psal.
2911 4227 3086 4296 CXIII).
3133 4228 3200 4281 Et
3230 4229 3283 4282 in
3328 4229 3470 4298 Apo-

1884 4319 2022 4373 Stolo
2046 4336 2058 4370 :
2085 4317 2283 4372 Mortui
2322 4319 2478 4382 enim,
2503 4318 2695 4386 inquit,
2726 4320 2868 4383 estis,
2912 4329 2959 4372 et
3004 4320 3108 4373 vita
3149 4330 3316 4373 vestra
3355 4321 3473 4374 abs-

1886 4412 2098 4474 condita
2141 4420 2214 4464 est
2259 4427 2376 4463 cum
2404 4409 2611 4463 Christo
2653 4410 2708 4462 in
2735 4409 2845 4463 Deo
2872 4409 3008 4480 (Col.
3035 4412 3139 4481 ιιι).
3189 4412 3332 4468 Mors
3369 4428 3467 4466 au-

1887 4512 1997 4558 tem
2027 4519 2135 4558 non
2163 4503 2337 4558 solum
2365 4502 2544 4556 carnis
2585 4501 2810 4568 obitum,
2850 4504 2944 4557 sed
2986 4505 3149 4558 etiam
3191 4505 3470 4559 interitum

1887 4595 2082 4648 anima:
2109 4602 2164 4649 et
2193 4594 2564 4648 damnatorum
2601 4591 2798 4648 inferni
2831 4593 3117 4664 significat.
3151 4595 3304 4650 Unde
3329 4597 3467 4650 scri-

1886 4693 2040 4755 ptum
2068 4691 2184 4739 est:
2213 4682 2535 4753 Quocunque
2585 4683 2667 4736 die
2713 4683 3039 4737 comederitis
3078 4702 3143 4738 ea:
3185 4702 3267 4750 eo,
3308 4697 3473 4740 morte

1889 4773 2185 4826 moriemini
2215 4771 2367 4842 (Cen.
2418 4773 2503 4842 ιι).
2559 4771 2626 4825 Ει
2656 4771 2783 4825 alibi
2836 4771 3084 4826 Salvator
3118 4774 3224 4826 ait.
3251 4772 3328 4827 Si
3350 4775 3466 4843 quis

1890 4878 2176 4916 sermonem
2217 4878 2388 4914 meum
2432 4864 2729 4928 servaverit,
2773 4873 2989 4917 mortem
3039 4880 3143 4917 non
3185 4864 3371 4918 videbit
3414 4867 3470 4920 in

1895 4963 2146 5007 (sternunt
2187 4951 2368 5024 (Joan.
2399 4955 2541 5024 vm).
2577 4954 2644 5007 Et
2674 4970 2888 5009 rursum
2915 4969 2929 5007 :
2953 4954 3067 5025 Ego
3102 4972 3236 5021 sum,
3272 4956 3467 5025 inquit,

1898 5048 2208 5100 resurrectio
2233 5055 2279 5100 et
2303 5047 2448 5100 vita:
2474 5047 2564 5116 qui
2591 5047 2753 5100 credit
2791 5049 2847 5100 in
2876 5065 2974 5113 me,
3013 5065 3117 5103 non
3147 5051 3398 5103 morietur
3416 5051 3473 5105 in

1898 5148 2149 5193 teternum
2178 5136 2360 5208 (Ioan.
2405 5138 2504 5210 ιι).
2547 5138 2612 5192 Ει
2653 5138 2710 5193 in
2745 5136 3007 5194 Psalterio
3045 5141 3305 5210 scriptum
3343 5151 3468 5196 est:

1898 5228 2044 5283 Mors
2068 5239 2398 5298 peccatorum
2437 5230 2662 5299 pessima
2692 5240 2766 5283 est
2796 5227 2966 5301 (Psal.
2995 5230 3210 5303 χχχιιι).
3244 5231 3470 5287 Mortem

1898 5329 2240 5392 peccatorum
2270 5322 2414 5376 illam
2454 5322 2606 5387 dicit,
2637 5336 2756 5391 qua:
2803 5323 2871 5378 ab
2901 5323 3119 5377 homine
3155 5338 3261 5377 non
3294 5332 3474 5393 potest

1899 5415 2116 5480 intueri,
2149 5430 2313 5484 quam
2350 5430 2457 5470 non
2503 5415 2676 5469 solum
2716 5414 2934 5481 malam,
2981 5416 3076 5470 sed
3111 5416 3274 5469 etiam
3302 5415 3476 5486 pessi-

1895 5521 2040 5560 mam
2070 5514 2190 5560 eSse
2212 5504 2516 5574 proﬁtetur.
2549 5505 2756 5560 Revera
2791 5506 3048 5574 pessima,
3075 5505 3332 5575 quoniam
3350 5520 3475 5562 eam

1895 5597 2095 5650 aeterna
2120 5610 2279 5664 ptena
2306 5597 2614 5650 comitatur.
2646 5593 2900 5648 Viventes
2935 5595 3134 5650 mundo
3177 5602 3233 5648 et
3272 5594 3470 5650 mortui

1896 5686 2338 5754 Deopeccatores
2375 5686 2744 5754 intelliguntur
2771 5684 2825 5739 in
2861 5683 3103 5754 psalmo:
3143 5685 3471 5740 Descendunt

1895 5778 1952 5830 in
1985 5775 2249 5832 infernum
2272 5779 2490 5832 viventes
2519 5775 2692 5838 (Psal.
2722 5774 2852 5842 LIV).
2886 5775 3140 5832 Cadaver
3165 5783 3344 5831 autem
3365 5785 3467 5836 est.
