3930 6352
437 439 543 504 495

1069 444 1131 503 Β.
1170 442 1424 500 RABANI
1461 440 1681 500 MAURI
1716 440 2033 500 ARCIBEP.
2075 435 2389 502 MOGUNT.
2430 430 2716 497 OPERUI
2753 437 2933 495 PARS
2968 428 3031 494 ll.

3587 426 3685 494 106

435 567 483 625 si
508 566 829 637 insepultum
866 566 1033 635 jacet.
1073 564 1205 619 Nam
1232 565 1465 620 cadaver
1488 564 1820 619 nominatum
1848 578 1879 617 ιι
1904 578 1999 618 ca-
2029 569 2081 630 Α
2105 562 2187 633 gis
2209 558 2669 624 interfectionem;
2690 554 3100 628 supervixerant
3120 554 3265 609 enim
3285 552 3555 610 deteriora
3574 568 3687 610 me-

436 660 631 726 dendo,
671 660 795 729 quia
839 658 953 727 jam
1001 666 1145 712 stare
1172 672 1279 711 non
1307 663 1501 725 potest.
1547 655 1698 723 Quod
1724 656 1850 709 dum
1892 670 2012 725 por-

436 760 602 816 tatur,
624 750 910 820 exsequias
933 749 1181 813 dicimus,
1212 756 1510 802 crematum
1532 746 1806 817 reliquias,
1832 746 2015 801 condi-

436 850 570 909 tum,
593 841 704 913 jam
735 841 1019 911 sepultum.
1050 837 1257 907 Corpus
1276 846 1451 892 autem
1474 836 1860 892 consuetudine
1882 835 2014 890 dici-

436 942 541 999 tur,
585 942 646 988 ut
684 939 767 988 est
806 931 974 985 illud:
1001 927 1131 983 Cum
1173 943 1391 999 corpora
1426 927 1539 981 luce
1569 936 1855 981 carentum.
1900 925 2015 997 My‘

435 1028 567 1083 stice
598 1026 862 1081 cadavera
901 1020 1198 1077 inﬁdelium
1238 1035 1463 1091 corpora
1492 1018 1819 1091 signiﬁcant,
1847 1026 1906 1072 ut
1932 1024 2016 1073 est

434 1115 562 1172 illud
588 1114 641 1169 in
669 1112 940 1185 Propheta
966 1131 979 1166 :
1006 1111 1074 1166 Et
1119 1110 1361 1182 intpleant
1392 1109 1573 1164 vallem
1604 1107 1859 1179 Iosophat
1893 1123 2012 1162 cum

431 1205 771 1261 cadaveribus
789 1213 1113 1258 mortuorum
1141 1199 1299 1272 (laet.
1326 1202 1429 1271 ιιι).
1462 1199 1593 1255 item
1622 1199 1677 1253 in
1705 1197 1866 1252 aliam
1889 1212 2023 1283 par-l

432 1303 540 1351 tem
564 1302 857 1365 ponuntur,
901 1298 959 1345 ut
996 1290 1128 1345 illud
1169 1290 1221 1344 in
1253 1288 1516 1344 Psalterlo
1546 1302 1560 1341 :
1591 1285 1890 1342 Paruerant
1920 1304 2011 1341 ca-

429 1385 620 1439 davera
658 1398 925 1439 servorum
958 1392 1171 1437 tuorum
1214 1380 1386 1453 (Pent.
1423 1378 1675 1449 LXXVIII).
1720 1378 2015 1434 Defunctus

428 1486 674 1541 vocatur,
698 1476 827 1547 quia
864 1473 1151 1545 complevit
1175 1473 1297 1527 vitm
1326 1471 1583 1527 cilicium.
1618 1469 1755 1524 Nam
1784 1469 2015 1525 dicimus

428 1568 642 1624 functos
688 1565 901 1631 oﬁcio,
966 1566 1057 1635 qui
1113 1564 1286 1619 ofﬁcia
1342 1560 1521 1618 debita
1585 1561 2011 1632 compleverunt.

430 1657 582 1715 Unde
628 1666 750 1713 est:
780 1655 846 1711 Et
896 1655 1179 1709 honoribus
1208 1655 1438 1724 functus.
1490 1653 1627 1708 Hine
1656 1667 1787 1723 ergo
1824 1651 2015 1707 defun-

426 1759 565 1813 ctus,
598 1747 740 1818 quod
769 1749 837 1805 ab
885 1746 1059 1803 oﬁicio
1088 1749 1161 1804 sit
1204 1750 1327 1803 vitae
1364 1747 1659 1817 depositus,
1703 1746 1817 1801 sive
1859 1744 2015 1815 quasi

426 1840 569 1896 diem
613 1842 852 1897 functus.
897 1840 1152 1912 Sepultus
1195 1850 1371 1895 autem
1400 1840 1577 1894 dictus
1609 1839 1869 1908 eo,vquod
1898 1837 2012 1906 iam

2113 652 2355 707 lioribus.
2384 649 2490 705 Sed
2538 651 2655 705 base
2683 656 2941 714 monstra,
2970 662 3091 717 quae
3117 646 3171 700 in
3204 645 3689 718 signiﬁcationibus

2113 746 2330 811 dantur,
2367 760 2474 799 non
2520 744 2613 799 diu
2657 743 2861 807 vivunt,
2895 742 2990 797 sed
3030 740 3306 806 continuo,
3337 750 3399 796 ut
3426 749 3552 795 nata
3582 741 3692 797 fue-

2113 838 2245 903 rint,
2284 836 2556 892 occidunt.
2584 834 2729 890 Inter
2763 843 3071 906 portentum
3101 842 3279 888 autem
3307 842 3363 889 et
3381 843 3694 903 portentuo-

2113 946 2231 987 sum
2272 929 2469 985 diﬁ’ert.
2514 929 2648 983 Nam
2690 936 2935 998 portenta
2966 935 3115 993 sunt,
3159 939 3279 996 qua
3305 926 3696 998 transfiguran-

2114 1032 2224 1085 tur,
2262 1020 2401 1075 sicut
2430 1018 2618 1075 fertur.
2638 1018 2693 1072 in
2722 1017 2942 1073 Umbria
2971 1017 3250 1073 mulierem
3278 1017 3553 1088 peperisse
3580 1032 3693 1071 ser-

2112 1119 2348 1182 pentem.
2380 1108 2533 1166 Unde
2570 1108 2818 1164 Lucanus
2844 1123 2857 1161 :
2888 1107 3214 1179 Matremque
3244 1120 3370 1163 suus
3410 1103 3695 1162 conterruit

2113 1198 2312 1269 infans.
2336 1198 2694 1254 Portentuosa
2716 1212 2845 1254 vero
2868 1196 3042 1254 levem
3065 1204 3286 1253 sumunt
3308 1198 3694 1261 mutationem;

2114 1299 2175 1345 ut
2195 1290 2425 1361 exempli
2454 1304 2616 1345 causa
2638 1302 2759 1345 cum
2789 1304 2883 1345 sex
2917 1288 3101 1361 digitis
3137 1288 3271 1343 nati.
3304 1288 3564 1345 Portenta
3595 1287 3695 1360 lgi-

2116 1394 2205 1440 tur
2227 1385 2314 1439 vel
2341 1393 2693 1455 portentuosa
2722 1385 2980 1451 existunt,
3008 1383 3113 1437 alia
3135 1381 3509 1454 magnitudine
3534 1379 3699 1435 totius

2116 1476 2360 1546 corporis
2384 1475 2523 1529 ultra
2565 1490 2904 1531 communem
2939 1474 3221 1530 hominum
3250 1474 3487 1536 modum,
3513 1480 3700 1543 quate-

2117 1583 2220 1622 nus
2260 1567 2361 1620 fuit
2386 1566 2542 1621 Titan
2582 1566 2636 1621 in
2676 1582 2870 1621 novem
2910 1564 3193 1637 iugeribus
3214 1565 3427 1635 iacens,
3466 1563 3699 1618 Homero

2120 1666 2375 1713 testante.
2421 1657 2541 1712 Alia
2575 1659 2843 1728 pravitate
2874 1658 3037 1712 totius
3065 1658 3332 1728 corporis,
3355 1664 3414 1710 ut
3444 1656 3592 1719 nani,
3616 1653 3701 1709 vel

2118 1765 2253 1819 quos
2299 1749 2471 1805 Graeci
2500 1748 2783 1821 Pygmaeos
2822 1757 3039 1815 vocant,
3085 1764 3151 1804 eo
3175 1750 3319 1819 quod
3353 1749 3702 1804 sintstaturte

2120 1839 2388 1895 cubitalis.
2429 1838 2573 1904 Alia,
2617 1840 2987 1909 magnitudine
3028 1840 3286 1910 partium,
3321 1839 3485 1895 veluti
3526 1839 3710 1909 capite

388 1950 397 1959 '
426 1935 544 1990 sine
565 1936 721 2005 pulsu
749 1945 805 1989 et
845 1934 1199 2005 palpitatione
1224 1940 1326 1998 est,
1354 1933 1406 1986 id
1434 1940 1536 1997 est,
1573 1933 1688 1988 sine
1716 1939 1884 1986 motu.
1913 1929 2010 1986 Se-
2038 1922 2087 1982 B
2114 1931 2355 1997 informi,
2393 1939 2485 1985 aut
2510 1930 2794 2001 superfluis
2821 1932 3188 1989 membrorum
3222 1931 3487 2000 partibus,
3522 1940 3581 1984 ut
3624 1930 3709 1984 bia

426 2025 594 2097 pelire
644 2034 727 2081 est
789 2032 968 2080 autem
1017 2025 1251 2079 condere
1310 2040 1525 2095 corpus.
1589 2022 1723 2079 Nam
1783 2023 2012 2077 humare

428 2117 661 2172 obruere
693 2116 944 2180 dicimus,
972 2115 1077 2168 hoc
1096 2123 1205 2179 est,
1234 2114 1455 2167 humum
1488 2114 1729 2184 injicere.
1760 2112 2014 2184 Sepultus

432 2218 611 2262 autem
642 2224 748 2262 non
776 2207 925 2262 vitiis
954 2207 1205 2261 obrutum
1249 2214 1341 2259 aut
1370 2205 1681 2259 damnatum
1718 2204 1772 2257 in
1802 2201 2014 2258 inferno

427 2297 711 2367 signiﬁcat.
742 2295 895 2350 Unde
924 2295 1121 2348 dicitur
1148 2313 1159 2346 :
1189 2292 1433 2346 Mortuus
1470 2301 1544 2345 est
1583 2300 1630 2344 et
1660 2291 1824 2355 dives,
1850 2300 1899 2344 et
1932 2308 2015 2345 se-

426 2386 601 2457 pultus
626 2394 697 2440 est
726 2385 782 2437 in
811 2383 1015 2453 inferno
1040 2382 1193 2452 (Luc.
1221 2380 1334 2451 xv).
1376 2380 1694 2451 Sepulcrum
1725 2395 1852 2436 vero
1887 2374 2016 2436 aue--~

427 2478 610 2549 goricc
639 2492 837 2546 corpus
866 2476 1169 2544 peccatoris
1196 2473 1535 2543 intelligitur,
1573 2482 1839 2526 mortuam
1870 2472 2017 2526 vitiis

428 2569 667 2621 animam
715 2566 1047 2618 intrinsecus
1080 2564 1342 2617 retinens.
1385 2562 1452 2617 Et
1480 2562 1533 2616 in
1568 2560 1859 2631 Evangelio
1884 2560 2017 2614 dici-

428 2663 550 2711 tur:
588 2654 723 2721 Quia
756 2655 952 2737 similes
983 2656 1102 2707 estis
1132 2653 1382 2724 sepulcris
1420 2652 1697 2716 dealbatis,
1723 2669 1842 2721 qua?
1869 2670 1900 2704 α
1940 2651 2019 2719 fo-

429 2746 499 2801 rt's
536 2754 718 2815 parent
758 2744 1056 2797 hominibus
1092 2743 1341 2813 speciosa,
1390 2743 1528 2795 intus
1558 2759 1674 2795 vero
1708 2742 1861 2811 plena
1896 2750 2019 2795 sunt

429 2836 630 2891 ossibus
672 2844 998 2889 mortuorum
1026 2833 1240 2903 (Matth.
1288 2832 1467 2903 χχιιι).
1512 2830 1815 2901 Aliquando
1840 2841 2017 2885 tamen

429 2926 733 2997 sepulcrum
777 2924 1093 2979 memoriam
1138 2923 1328 2976 mortis
1375 2931 1430 2976 et
1470 2922 1879 2977 resurrectionis
1910 2919 2018 2974 Do-

432 3017 561 3072 mini
601 3015 889 3086 significat,
948 3015 1080 3069 utin
1120 3013 1258 3069 Isaia
1286 3032 1297 3065 :
1326 3012 1394 3066 Et
1434 3014 1556 3079 erit,
1604 3012 1799 3081 inquit,
1842 3010 2018 3081 sepul-

430 3126 578 3164 crum
608 3108 721 3179 ejus
752 3107 1036 3178 gloriosum
1061 3104 1196 3179 (Isa.
1230 3105 1328 3178 ιι).

1028 3216 1254 3273 CAPUT
1304 3215 1414 3270 Vll.

1030 3287 1108 3342 De
1138 3288 1407 3358 portentis.

499 3379 754 3436 Portenta
778 3394 896 3435 esse
924 3378 1097 3435 Varro
1123 3381 1217 3444 ait,
1250 3394 1370 3449 quae
1396 3386 1584 3433 contra
1613 3384 1864 3432 naturam
1889 3385 2018 3429 nata

433 3472 683 3528 videntur
714 3490 727 3527 :
759 3472 853 3526 sed
878 3486 981 3525 non
1008 3483 1134 3526 sunt
1160 3480 1345 3525 contra
1375 3479 1622 3523 naturam
1648 3486 1661 3523 :
1685 3468 1810 3537 quia
1835 3466 2018 3521 divina

436 3562 708 3617 voluntate
757 3560 928 3622 fiunt,
986 3576 1107 3616 cum
1156 3560 1403 3615 voluntas
1448 3558 1717 3613 Creatoris
1757 3555 2017 3624 cujusque

368 3719 380 3727 _
432 3654 663 3710 condita:
705 3652 782 3707 rei
812 3660 1005 3706 natura
1042 3652 1129 3706 sit.
1172 3650 1323 3706 Unde
1352 3658 1406 3703 et
1445 3650 1543 3717 ipsi
1583 3648 1808 3719 gentiles
1846 3647 2015 3701 Deum

433 3747 591 3801 modo
634 3755 903 3809 naturam,
961 3743 1119 3797 modo
1154 3741 1313 3796 deum
1359 3741 1648 3810 appellant.
1699 3738 2015 3792 Portentum

431 3853 561 3906 ergo
588 3835 648 3890 iit
675 3852 782 3889 non
816 3841 1004 3888 contra
1052 3841 1319 3894 naturam,
1360 3831 1452 3883 sed
1499 3837 1685 3883 contra
1730 3842 1894 3895 quam
1933 3832 2019 3880 est

433 3937 559 3982 nota
599 3934 814 3981 natura.
837 3924 1093 3977 Portenta
1120 3930 1295 3975 autem
1325 3928 1379 3974 et
1405 3929 1637 3985 ostenta,
1665 3926 1905 3974 monstra
1929 3925 2014 3970 at-

433 4035 539 4089 que
587 4016 830 4088 prodigia
877 4015 997 4068 ideo
1054 4019 1447 4080 nuncupantur,
1504 4011 1644 4079 quod
1692 4009 2017 4078 portendere

435 4118 597 4176 atque
626 4106 927 4169 ostendere,
968 4110 1273 4158 monstrare
1299 4116 1362 4154 ac
1388 4100 1681 4168 praedicere
1718 4099 1899 4168 aliqua
1927 4096 2013 4152 fu-

438 4212 555 4254 tura
607 4199 874 4251 videntur.
923 4193 1057 4247 Nam
1097 4199 1344 4261 portenta
1395 4190 1537 4243 dicta
1584 4189 1937 4259 perhibentur
1984 4203 2015 4242 a

438 4290 807 4362 portendendo
835 4329 849 4352 ,
907 4286 960 4340 id
1014 4296 1098 4339 est
1142 4283 1604 4354 prmostendendo.
1652 4279 1879 4337 Ostenta
1922 4296 2018 4335 au-

440 4393 570 4445 tem,
598 4382 739 4451 quod
772 4378 1057 4433 ostendere
1102 4377 1392 4445 quidquam
1436 4374 1673 4429 futurum
1711 4374 2013 4429 videantur.

437 4473 707 4541 Prodigia,
746 4469 887 4539 quod
936 4482 1099 4537 porro
1140 4467 1343 4530 dicant,
1386 4467 1437 4521 id
1487 4474 1570 4519 est
1602 4464 1781 4519 futura
1822 4464 2017 4532 praedi-

440 4573 584 4619 cant.
618 4563 854 4618 Monstra
890 4575 1019 4614 vero
1056 4576 1085 4613 a
1120 4560 1324 4614 monitu
1354 4560 1519 4623 dicta,
1551 4558 1691 4627 quod
1716 4558 1915 4626 aliquid
1944 4558 2017 4613 si-

2078 2074 2090 2107 ι
2115 2026 2305 2096 cipites
2330 2034 2383 2079 et
2405 2024 2643 2088 trimani,
2668 2024 2751 2079 vel
2774 2024 3121 2095 cynodentes,
3139 2022 3334 2093 quibus
3355 2023 3554 2093 gemini
3574 2038 3699 2092 pro-

2116 2117 2316 2170 cedunt
2351 2117 2559 2171 dentes.
2590 2114 2708 2168 Alia
2754 2113 2965 2169 defectu
2998 2115 3256 2183 partium,
3288 2114 3343 2169 in
3390 2114 3588 2185 quibus
3628 2112 3703 2166 al-

2118 2217 2232 2263 tera
2284 2224 2412 2277 pars
2458 2208 2748 2278 plurimum
2786 2206 2982 2262 defecit
3015 2208 3083 2262 ab
3113 2205 3303 2273 altera,
3355 2214 3415 2260 ut
3451 2222 3644 2262 manus
3670 2223 3700 2261 a

2116 2311 2302 2363 manu,
2337 2297 2421 2352 vel
2463 2298 2626 2367 pedes
2665 2312 2694 2350 a
2730 2296 2887 2366 pede.
2931 2296 3051 2351 Alia
3081 2296 3436 2362 discissione,
3482 2304 3544 2352 ut
3588 2298 3702 2353 sine

2116 2406 2280 2445 manu
2314 2399 2405 2444 aut
2438 2392 2613 2461 capite
2637 2398 2912 2461 generata,
2947 2401 3082 2459 quos
3105 2388 3291 2445 Graece
3318 2390 3579 2444 steresios
3606 2405 3700 2444 vo-

2118 2488 2264 2535 cant.
2291 2480 2409 2533 Alia
2436 2493 2534 2550 per
2554 2478 2797 2533 numeria
2829 2478 2967 2549 (sic),
2994 2478 3209 2547 quando
3233 2476 3401 2533 solum
3428 2485 3591 2547 caput
3613 2488 3702 2532 aut

2121 2585 2248 2624 crus
2269 2570 2529 2623 nascitur.
2554 2568 2695 2633 Alia,
2720 2583 2836 2637 qua:
2860 2568 2911 2621 in
2936 2576 3089 2637 parte
3111 2567 3564 2638 transﬁgurantur
3584 2588 3596 2620 :
3613 2568 3702 2637 qui

2119 2660 2289 2714 leonis
2334 2659 2498 2713 habet
2528 2658 2735 2713 vultum
2774 2658 2857 2711 vel
2886 2659 3059 2723 canis,
3101 2658 3187 2712 vbl
3223 2660 3499 2712 taurinum
3544 2665 3705 2727 caput

2123 2758 2218 2803 aut
2245 2763 2461 2818 corpus,
2498 2757 2558 2801 ut
2588 2746 2761 2801 Erfasi
2790 2747 3159 2802 dememorant
3184 2748 3424 2818 genitum
3448 2746 3705 2802 Minotau-

2124 2850 2265 2907 rum,
2286 2843 2426 2911 quod
2442 2840 2615 2896 Graeci
2633 2840 3105 2912 beteromorphian
3119 2850 3330 2897 vocant.
3351 2841 3488 2907 Alia,
3505 2856 3625 2911 qua:
3638 2857 3703 2897 ex

2120 2933 2267 2987 omni
2293 2940 2445 3002 parte
2475 2931 2857 3003 transﬁgantur
2878 2931 2930 2985 in
2956 2931 3144 2986 alienae
3166 2932 3459 2987 creationis
3483 2940 3701 3001 perteu-

2123 3031 2257 3085 tum,
2303 3030 2362 3076 ut
2405 3036 2472 3075 ex
2508 3022 2734 3077 muliere
2772 3022 2997 3076 vitulum
3045 3022 3175 3077 dicit
3216 3021 3442 3076 historia
3482 3032 3703 3091 genera-

2122 3123 2255 3170 tum.
2280 3115 2421 3180 Alia,
2449 3128 2568 3183 quae
2588 3114 2704 3168 sine
2727 3112 3199 3183 transﬁguratione
3224 3112 3576 3165 mutationem
3606 3111 3700 3169 ha-

2119 3205 2251 3259 bent
2284 3204 2545 3269 locorum,
2576 3214 2636 3258 ut
2679 3203 2864 3258 oculos
2908 3203 2962 3256 in
3001 3210 3238 3272 pectore,
3267 3203 3352 3257 vel
3396 3203 3451 3257 in
3481 3200 3699 3257 fronte:

2045 3276 2091 3340 C
2122 3309 2282 3348 aures
2310 3307 2471 3362 supra
2503 3292 2556 3345 in
2581 3304 2822 3361 tempore
2849 3310 2860 3344 :
2887 3289 2974 3345 vel
3008 3289 3151 3345 sicut
3175 3290 3495 3346 Aristoteles
3534 3290 3701 3346 tradi-

2128 3382 2209 3437 dit
2237 3383 2523 3452 quemdam
2551 3382 2605 3435 in
2634 3381 2851 3436 sinistra
2877 3388 3032 3451 parte
3054 3379 3230 3449 jecur,
3256 3382 3308 3435 in
3338 3382 3531 3438 dextra
3554 3390 3705 3453 parte

2123 3472 2278 3542 splen
2328 3472 2603 3527 habuisse.
2647 3472 2788 3538 Alia,
2831 3472 3128 3526 secundum
3174 3474 3703 3539 connaturationem,

2120 3573 2181 3617 ut
2208 3564 2262 3617 in
2300 3564 2405 3617 alia
2454 3571 2618 3617 manu
2655 3561 2808 3632 digiti
2835 3562 3017 3631 plures
3062 3564 3404 3618 connaturati
3444 3571 3500 3618 et
3532 3564 3707 3619 cobte»

2120 3664 2303 3708 rentes
2335 3654 2633 3723 reperiunt,
2664 3652 2836 3706 inalia
2866 3652 3063 3717 minus,
3095 3653 3209 3707 sive
3230 3653 3283 3706 in
3308 3652 3557 3722 pedibus.
3589 3652 3704 3707 Alia

2119 3745 2413 3799 secundum
2455 3745 2801 3798 immaturam
2828 3752 2883 3799 et
2910 3744 3323 3816 intemperatam
3350 3745 3703 3810 creationem,

2122 3842 2263 3895 sicut
2286 3840 2361 3904 hi,
2387 3839 2479 3908 qui
2504 3839 2707 3893 dentati
2731 3846 3044 3904 nascuntur,
3069 3840 3182 3893 sive
3209 3838 3420 3894 barbati
3455 3837 3541 3892 vel
3564 3838 3703 3892 cani.

2117 3932 2236 3986 Alia
2255 3931 2536 4001 complexu
2558 3930 2912 4001 plurimarum
2934 3929 3377 3995 diﬁ'erentiarum,
3403 3929 3545 3984 sicut
3556 3928 3704 3995 illud,

2120 4023 2265 4094 quod
2315 4022 2548 4076 diximus
2587 4021 2642 4074 in
2670 4019 2974 4075 Alexandro
3004 4019 3332 4074 multiforme
3372 4028 3701 4090 portentum.

2116 4111 2234 4166 Alia
2252 4112 2625 4167 commistione
2648 4111 2880 4182 generis,
2901 4118 2959 4164 ut
2979 4112 3273 4182 androgyni
3288 4119 3341 4166 et
3355 4112 3707 4181 hermaphro-

2118 4205 2244 4258 ditae
2282 4212 2679 4273 nuncupantur.
2731 4204 3159 4274 Ermapbrodilae
3198 4212 3378 4257 autem
3415 4204 3707 4271 nuncupati

2118 4308 2184 4348 eo
2204 4293 2346 4361 quod
2375 4293 2428 4345 in
2462 4292 2542 4346 eis
2568 4300 2797 4360 uterque
2832 4302 2992 4346 sexus
3017 4301 3290 4361 appareat.
3320 4290 3483 4345 Erma
3510 4293 3706 4361 quippe

2120 4384 2259 4453 apud
2277 4382 2492 4438 Gracos
2506 4381 2800 4447 masculus,
2817 4382 3039 4451 aphrodi
3058 4381 3254 4435 femina
3268 4389 3630 4449 nuncupatur.
3644 4380 3707 4434 ili

2118 4477 2363 4531 dextram
2388 4473 2679 4528 mamillam
2702 4472 2937 4537 virilem,
2965 4472 3235 4527 sinistram
3261 4470 3580 4524 muliebrem
3614 4470 3705 4523 ha-

2125 4567 2343 4632 bentes,
2366 4566 2603 4621 vicissim
2624 4565 2868 4619 coeundo
2894 4573 2947 4619 et
2968 4565 3195 4633 gignunt
3218 4572 3273 4618 et
3294 4563 3530 4632 pariunt.
3557 4560 3710 4616 Sicut

438 4654 737 4725 gniﬁcando
778 4654 1145 4705 demonstrent
1170 4668 1181 4701 ε
1209 4650 1319 4703 sive
1344 4649 1485 4717 quod
1510 4650 1687 4702 statim
1722 4657 2024 4702 monstrent
2050 4624 2101 4682 Ι)
2127 4667 2309 4712 autem
2341 4658 2395 4711 in
2420 4657 2644 4726 singulis
2667 4658 2914 4726 gentibus
2933 4657 3178 4725 quasdam
3202 4664 3443 4710 monstra
3458 4664 3586 4710 sunt
3611 4656 3710 4716 hos

442 4746 570 4816 quid
610 4749 883 4812 appareat.
917 4742 985 4794 Et
1022 4741 1123 4795 hoc
1149 4740 1494 4809 proprietatis
1520 4748 1622 4803 est,
1655 4737 1914 4791 abusione
1942 4748 2022 4792 ta-

443 4855 566 4893 men
609 4835 930 4903 scriptorum
984 4832 1299 4901 plerumque
1340 4831 1718 4900 corrumpitur.
1760 4830 2019 4894 Quaedam

442 4936 619 4981 autem
668 4930 1043 4994 portentorum
1090 4922 1391 4975 creationes
1436 4921 1487 4973 in
1535 4918 2020 4989 signiﬁcationibus

442 5015 637 5069 futuris
672 5014 976 5067 constitutae
1006 5012 1270 5065 videntur.
1308 5008 1429 5063 Vult
1472 5010 1615 5062 enim
1658 5008 1801 5062 Deus
1845 5007 2017 5061 inter-

444 5108 568 5160 dum
592 5115 811 5159 ventura
838 5104 1141 5173 significare
1155 5119 1250 5172 per
1272 5102 1445 5171 aliqua
1472 5103 1807 5156 nascentium
1832 5101 2016 5165 noxia,

442 5199 580 5251 sicut
608 5212 701 5265 per
728 5210 945 5249 somnos
980 5202 1033 5248 et
1062 5195 1159 5262 per
1202 5194 1420 5247 oracula
1461 5209 1565 5261 qua
1607 5201 1937 5262 prtetnoneat
1963 5199 2021 5245 et

441 5286 707 5358 signiticet
738 5285 1056 5355 quibusdam
1086 5286 1167 5338 vel
1198 5285 1464 5354 gentibus,
1493 5285 1573 5338 vel
1604 5285 1909 5341 hominibus
1931 5285 2017 5340 fu-

442 5389 620 5433 turam
665 5378 908 5441 cladem;
953 5376 1094 5445 quod
1149 5376 1394 5444 plurimis
1430 5376 1590 5430 etiam
1633 5376 2020 5446 experimentis

438 5468 721 5539 probatum
748 5474 850 5520 est.
882 5464 1097 5519 Xerxen
1136 5466 1333 5533 quippe
1368 5465 1554 5533 vulpes
1580 5479 1646 5518 ex
1669 5480 1803 5533 equa
1835 5474 2019 5519 creata

444 5555 578 5610 solvi
608 5571 829 5626 regnum
861 5557 1154 5626 portendit.
1182 5556 1489 5611 Alexandro
1513 5572 1580 5612 ex
1616 5557 1838 5612 muliere
1863 5574 2019 5612 mon-

441 5655 615 5703 strum
640 5655 898 5712 creatum,
930 5647 1073 5716 quod
1115 5649 1421 5718 superiores
1455 5650 1693 5718 corporis
1722 5657 1903 5718 partes
1924 5650 2022 5703 bo-

445 5737 624 5802 minis,
663 5737 755 5790 sed
782 5746 1019 5791 mortuas
1067 5738 1313 5792 habuerit
1341 5736 1654 5793 inferiorum
1686 5740 2018 5794 diversarum

446 5827 755 5895 beuiarum,
788 5831 877 5884 sed
918 5830 1153 5884 viventes
1190 5831 1517 5899 significasse
1548 5834 1881 5901 repentinam
1928 5850 2014 5887 re-

2127 4751 2361 4803 minum:
2384 4748 2457 4802 ita
2496 4755 2551 4801 et
2583 4748 2650 4816 in;
2673 4749 2921 4801 universo
2961 4760 3157 4817 genere
3196 4746 3431 4799 humano
3458 4747 3710 4814 quaedam

2126 4846 2365 4894 monstra
2411 4848 2535 4893 sunt
2587 4838 2847 4909 gentium,
2895 4842 2953 4891 ut
2996 4844 3277 4908 gygantes,
3332 4816 3705 4907 cynocephali,

2124 4930 2389 4999 cyclopes,
2419 4936 2475 4982 et
2494 4935 2711 4982 caetera.
2735 4926 2990 4998 Gigantes
3012 4927 3185 4981 dictos
3206 4926 3360 4995 juxta
3390 4924 3565 4979 Graeci
3587 4938 3706 4978 ser—

2125 5020 2301 5074 monis
2326 5018 2727 5089 etymologiam,
2777 5019 2867 5087 qui
2904 5033 2996 5073 eos
3028 5019 3246 5089 gegines
3284 5016 3621 5080 existimant,
3654 5016 3708 5071 id

2125 5116 2227 5175 est,
2264 5110 2560 5179 terrigenas
2615 5124 2680 5163 eo
2724 5108 2866 5177 quod
2909 5123 3001 5161 eos
3028 5106 3271 5161 fabulose
3312 5106 3525 5175 pariens
3564 5114 3710 5160 terra

2128 5199 2391 5253 immensa
2440 5199 2579 5253 moIe
2630 5207 2685 5251 et
2740 5198 2943 5251 similes
2988 5198 3091 5251 sibi
3132 5197 3398 5268 genuerit.
3448 5193 3528 5250 Ge
3562 5196 3709 5249 enim

2130 5300 2275 5347 terra
2305 5292 2637 5360 appellatur:
2667 5306 2852 5360 genus,
2888 5300 3056 5361 genus
3081 5308 3093 5343 :
3118 5290 3243 5345 licet
3271 5298 3325 5344 et
3369 5298 3529 5342 terrae
3569 5287 3710 5342 ﬁlios

2132 5383 2321 5453 vulgus
2346 5391 2521 5447 vocet,
2551 5397 2779 5451 quorum
2809 5396 2977 5451 genus
3002 5381 3267 5437 incertum
3294 5386 3397 5433 est.
3424 5377 3587 5431 Falso
3613 5392 3712 5431 au-

2132 5483 2240 5528 tem
2268 5475 2557 5543 opinantur
2596 5473 2811 5541 quidam
2854 5472 3087 5541 imperiti
3117 5471 3183 5524 de
3218 5468 3514 5538 Scripturis
3537 5468 3712 5523 sacris

2132 5566 2591 5635 praevaricatores,
2627 5562 2845 5633 angelos
2876 5579 2997 5617 cum
3034 5561 3245 5615 ﬁliabus
3280 5558 3558 5613 hominum
3580 5565 3713 5613 ante

2129 5658 2386 5713 diluvium
2434 5655 2810 5722 concubuisse,
2845 5663 2899 5709 et
2930 5652 3123 5710 exinde
3162 5659 3321 5707 natos
3356 5651 3626 5723 gigantes,
3654 5647 3712 5704 id

2129 5758 2233 5809 est,
2262 5748 2485 5802 nimium
2518 5746 2754 5818 grandes
2776 5754 2829 5801 et
2855 5744 3020 5800 fortes
3042 5743 3207 5808 viros,
3237 5743 3303 5798 de
3330 5739 3525 5812 quibus
3563 5747 3711 5794 terra

2130 5838 2392 5907 completa
2418 5847 2519 5891 est.
2561 5836 2920 5907 Cynocephali
2968 5834 3305 5906 appellantur
3340 5846 3405 5888 eo
3441 5828 3582 5900 quod
3611 5844 3707 5885 ea.
