3930 6326
242 446 341 507 19³1

1194 444 1281 500 DE
1318 440 1670 501 UNIVERSO
1706 437 1888 497 LIBRI
1924 433 2089 492 XXII.
2127 466 2198 477 —
2232 437 2361 492 LIB.
2408 432 2515 493 VII.
2555 467 2559 471 ν

3384 431 3488 491 198

237 557 359 615 nina
397 555 574 626 capita
625 552 879 616 habeant,
918 567 1158 625 quosque
1198 555 1313 624 ipse
1363 555 1591 608 latratus
1634 552 1807 625 magis
1832 555 1881 613 Α
1908 555 2096 618 gantes
2122 546 2222 601 sub
2259 554 2422 601 cantu
2453 548 2507 601 iu
2530 546 2809 619 naufragia
2840 547 3143 603 trahebant.
3179 546 3485 602 Secundum

236 646 431 701 bestias
475 658 639 713 quam
684 643 930 698 homines
972 645 1295 699 confitetur:
1325 645 1377 699 hi
1417 646 1470 698 in
1518 646 1663 700 India
1710 662 1806 700 na-

235 745 471 790 scuntur.
518 733 780 803 Cyclopes
814 749 1026 805 quoque
1078 737 1267 791 eadem
1316 737 1464 790 india
1515 737 1706 808 gignit,
1753 746 1807 792 et

232 826 357 879 dicti
407 826 659 895 cyclopes
704 838 770 880 eo
816 828 959 895 quod
1024 844 1188 880 unum
1238 828 1437 883 habere
1488 828 1703 882 oculum
1749 829 1806 883 in

232 913 403 971 fronte
432 914 607 969 media
635 915 1004 983 perhibentur.
1023 916 1087 971 Hi
1122 926 1177 973 et
1198 918 1586 988 agriophagitaa
1612 919 1806 973 dicur-

234 1013 316 1058 tur
368 1013 595 1073 propter
656 1006 798 1060 solas
858 1005 1094 1060 ferarum
1148 1022 1373 1073 carnes,
1427 1024 1563 1079 quas
1618 1009 1803 1063 edunt.

232 1095 476 1151 Lemnias
505 1097 560 1151 in
589 1096 756 1168 Libya
780 1098 1009 1152 credunt
1035 1106 1254 1152 truncos
1283 1101 1397 1153 sine
1424 1101 1598 1170 capite
1634 1101 1803 1165 nasci,

233 1195 286 1239 et
314 1200 376 1239 os
409 1194 466 1238 et
490 1187 678 1241 oculos
712 1188 914 1242 habere
944 1188 997 1241 in
1029 1198 1267 1257 pectore.
1308 1189 1457 1243 Alios
1494 1190 1611 1244 sine
1640 1191 1808 1245 cervi-

230 1276 378 1330 cibus
400 1276 545 1345 gigni
592 1277 778 1331 oculos
818 1279 1077 1333 habentes
1118 1278 1173 1332 in
1209 1279 1470 1333 humeris.
1518 1279 1576 1332 In
1615 1280 1805 1335 ultimo

230 1375 403 1421 autem
433 1365 673 1421 Orientis
702 1378 1057 1423 monstruosa:
1079 1370 1317 1439 gentium
1356 1368 1525 1424 facies
1558 1369 1808 1424 scribun-

230 1467 331 1512 tur.
352 1457 491 1512 Mia:
518 1459 637 1513 sine
663 1458 883 1512 naribus
912 1460 1101 1527 aequali
1140 1461 1303 1514 totius
1339 1460 1450 1514 oris
1481 1460 1702 1530 planitie
1730 1460 1808 1513 in-

228 1550 426 1604 formes
466 1550 731 1605 habentes
766 1549 962 1605 vultus.
1012 1550 1117 1604 Alii
1157 1550 1311 1604 labro
1336 1552 1637 1606 subteriore
1672 1552 1807 1606 adeo

226 1643 585 1711 prominente,
612 1649 671 1695 ut
694 1642 749 1695 in
778 1641 906 1696 solis
927 1642 1211 1697 ardoribus
1238 1650 1405 1696 totam
1433 1656 1500 1695 ex
1529 1640 1804 1696 eofaciem

227 1740 511 1801 contegant
555 1733 903 1787 dormientes.
954 1732 1088 1786 Aliis
1126 1743 1379 1787 concreta
1407 1748 1503 1787 ora
1539 1747 1659 1787 esse
1691 1747 1807 1786 mo-

226 1823 343 1877 dico
372 1832 584 1878 tantum
612 1823 893 1889 foramine,
922 1826 1143 1880 calamis
1167 1842 1460 1880 avenarum
1493 1827 1806 1881 haurientes

1908 640 2189 694 veritatem
2219 646 2398 693 autem
2441 641 2754 696 meretrices
2791 639 3024 707 fuerunt,
3058 655 3177 711 qua:
3213 650 3488 693 transeun-

1911 736 2011 793 tes,
2062 728 2316 797 quoniam
2359 728 2696 784 deducebant
2734 731 2800 784 ad
2842 740 3155 801 egestatem,
3202 734 3287 787 his
3347 732 3488 788 fictae

1908 831 2033 877 sunt
2070 820 2269 877 inferre
2313 819 2609 891 naufragia.
2639 822 2767 878 Aias
2793 832 2973 877 autem
3016 824 3265 880 habuisse
3304 835 3361 880 et
3388 841 3490 880 un-

1908 914 2080 984 gulas,
2107 913 2236 983 quia
2269 928 2422 969 amor
2447 922 2503 967 et
2522 912 2668 967 volat
2706 921 2760 967 et
2796 915 3074 980 vulnerat;
3106 923 3268 985 atque
3300 915 3354 968 in
3390 915 3491 968 ilu-

1909 1004 2086 1058 ctibus
2117 1016 2486 1057 commorasse
2528 990 2804 1069 dicuntur,
2848 1005 2970 1073 quia
3002 1003 3196 1059 fluctus
3226 1005 3491 1060 Venerem

1908 1102 2246 1149 creaverunt.
2293 1092 2526 1165 Scyllam
2555 1108 2769 1164 quoque
2795 1093 2975 1149 ferunt
3014 1094 3270 1149 feminam
3304 1093 3498 1165 capiti-

1906 1186 2008 1242 bus
2033 1188 2364 1243 succinctam
2399 1187 2609 1241 caninis
2634 1202 2756 1242 cum
2794 1186 3079 1240 latratibus
3127 1187 3333 1257 magnis
3362 1200 3491 1256 pro-

1906 1284 2028 1346 pter
2058 1276 2255 1331 fretum
2295 1274 2463 1331 Siculi
2494 1276 2681 1342 maris,
2710 1276 2765 1330 in
2794 1292 2902 1346 quo
2932 1276 3249 1347 navigantes
3275 1276 3496 1331 vertici-

1911 1367 2008 1421 bus
2050 1370 2102 1421 in
2133 1383 2191 1424 se
2232 1369 2674 1423 concurrentium
2705 1368 2971 1423 undarum
3019 1367 3265 1423 exterriti
3295 1366 3495 1422 latrare

1909 1457 2224 1511 existimant
2244 1458 2435 1525 undas,
2464 1473 2601 1529 quas
2626 1458 2897 1514 sorbentis
2925 1466 3089 1513 testas
3113 1472 3314 1528 vorago
3345 1456 3497 1511 colli-

1911 1547 2006 1601 dit.
2067 1546 2307 1617 Fingunt
2360 1556 2417 1602 et
2465 1556 2708 1603 monstra
2748 1550 2993 1619 quaedam
3047 1545 3496 1602 irrationabilium

1910 1638 2287 1701 animantium,
2346 1646 2406 1691 ut
2457 1636 2751 1691 Cerberum
2800 1637 3098 1693 inferorum
3143 1652 3333 1693 canem
3392 1636 3497 1691 tria

1911 1730 2087 1799 capita
2118 1719 2404 1783 nabentem
2432 1746 2445 1781 :
2471 1726 2839 1798 signiﬁcantes
2869 1745 2967 1799 per
2996 1743 3119 1782 eum
3146 1736 3256 1783 tres
3286 1735 3495 1793 :etates,

1908 1806 2007 1892 per
2036 1836 2172 1890 quas
2200 1832 2347 1876 mors
2375 1820 2648 1874 hominem
2689 1820 2934 1886 devorat,
2966 1819 3019 1874 id
3049 1826 3151 1883 est,
3192 1817 3495 1882 infantiam,

226 1926 426 1985 pastus.
449 1914 705 1969 Nonnulli
737 1917 853 1970 sine
882 1917 1078 1987 linguis
1106 1931 1227 1972 esse
1249 1918 1519 1982 dicuntur,
1551 1918 1603 1971 in
1631 1917 1803 1971 vicem
1836 1929 1883 1991 Β
1906 1914 2269 1984 juventutem,
2307 1920 2671 1978 senectutem;
2702 1926 2861 1981 quem
2888 1911 3103 1982 quidem
3135 1910 3253 1965 itho
3295 1909 3501 1964 dictum

226 2008 487 2061 sermonis
523 2016 740 2061 utentes
777 2017 907 2061 nutu
958 2010 1071 2063 sive
1132 2018 1301 2063 motu.
1353 2009 1605 2063 Panotios
1665 2010 1805 2077 apud

227 2096 501 2159 Scythiam
536 2112 656 2151 esse
700 2096 899 2163 ferunt,
940 2106 1049 2151 tam
1077 2098 1269 2153 diffusa
1306 2099 1674 2169 magnitudine
1704 2114 1801 2153 au-

226 2188 383 2252 rium,
431 2198 491 2243 ut
521 2204 686 2243 omne
736 2204 932 2257 corpus
959 2198 1247 2259 contegant
1273 2209 1283 2243 :
1310 2206 1411 2258 pan
1444 2192 1587 2245 enim
1614 2190 1804 2246 Grzeco

225 2291 471 2331 sermone
494 2292 680 2342 omne,
710 2278 880 2331 othim
909 2292 1069 2331 aures
1094 2280 1364 2332 dicuntur.
1405 2279 1717 2334 Artabatice
1750 2279 1804 2333 in

224 2364 496 2437 Ethiopia
547 2368 741 2437 proni,
800 2378 858 2422 ut
913 2384 1144 2439 pecora,
1197 2370 1472 2425 ambulare
1526 2372 1799 2426 dicuntur.

223 2454 709 2527 Quadragesimum
748 2460 847 2512 aevi
898 2475 1097 2512 annum
1144 2461 1322 2515 nullus
1376 2463 1799 2531 supergreditur.

224 2545 399 2619 Satyri
422 2550 814 2605 homunciones
840 2558 964 2604 sunt
992 2552 1214 2628 aduncis
1243 2553 1482 2617 naribus,
1512 2568 1712 2607 cornua
1746 2554 1801 2627 in

225 2639 508 2707 frontibus,
557 2652 614 2697 et
654 2659 937 2713 caprarum
981 2644 1205 2713 pedibus
1244 2645 1720 2714 simileszqualem
1748 2648 1803 2701 in

225 2732 508 2788 solitudine
556 2733 823 2787 Autumus
866 2733 1173 2805 (Antonius)
1232 2744 1450 2790 sanctus
1503 2736 1655 2800 vidit,
1711 2736 1803 2806 qui

225 2823 383 2877 etiam
418 2822 786 2893 interrogatus
812 2838 841 2876 a
884 2823 975 2876 Dei
1024 2838 1200 2887 servo,
1236 2824 1575 2892 respondisse
1609 2823 1801 2889 fertur,

228 2913 448 2967 dicens:
490 2912 739 2968 Mortalis
787 2930 879 2983 ego
918 2930 1055 2978 sum,
1102 2931 1239 2967 unus
1289 2930 1353 2967 ex
1396 2914 1585 2968 accolis
1624 2916 1805 2981 eremi,

226 3019 347 3072 quos
374 3004 521 3056 vario
557 3003 739 3057 delusa
782 3019 956 3056 errore
983 3003 1245 3073 gentilitas
1273 3004 1463 3073 faunos
1505 3014 1807 3075 salyrosque

227 3092 362 3145 colit.
401 3092 600 3147 Dicunt
630 3094 848 3163 quidam
885 3108 1006 3149 esse
1052 3093 1325 3149 silvestres
1366 3095 1632 3159 homines,
1673 3110 1808 3164 quos

225 3183 463 3238 nonnulli
492 3184 676 3239 fatuos
706 3184 919 3240 ficarios
946 3194 1161 3240 vocant.
1194 3184 1516 3256 Sciopodum
1546 3201 1677 3257 gens
1707 3186 1811 3242 fer-

1910 2005 2201 2060 Cerberutn
2233 2013 2447 2072 putant,
2475 2019 2632 2073 quam
2676 2019 3016 2069 ereovorum,
3044 2003 3098 2057 id
3135 2010 3242 2067 est,
3276 2016 3499 2057 carnem

1906 2109 2123 2149 vorans.
2177 2093 2375 2147 Dicunt
2418 2100 2474 2147 et
2514 2091 2750 2163 Hydram
2798 2100 3107 2162 serpentem
3136 2106 3260 2145 eum
3305 2104 3500 2145 novem

1906 2188 2195 2257 capitibus,
2226 2200 2346 2256 quae
2374 2185 2567 2239 Latine
2596 2184 2783 2240 Caedra
2810 2185 3029 2250 dicitur,
3062 2183 3204 2253 quod
3231 2197 3338 2237 uno
3358 2196 3503 2237 caeso

1908 2278 2007 2333 tria
2032 2278 2212 2349 capita
2237 2278 2645 2333 excrescebant.
2685 2275 2791 2331 Sed
2817 2281 3028 2332 constat
3056 2274 3293 2346 Hydram
3322 2272 3500 2328 locum

1909 2369 2078 2425 fuisse
2104 2378 2449 2425 emanantem
2478 2384 2669 2437 aquas,
2701 2375 3005 2422 vastantem
3050 2366 3285 2421 vicinam
3314 2364 3503 2420 civita-

1910 2471 2039 2525 tem,
2074 2462 2127 2515 in
2154 2476 2284 2530 quo,
2312 2476 2419 2515 uno
2464 2470 2644 2515 meatu
2693 2460 2898 2525 clauso,
2928 2460 3081 2513 multi
3125 2460 3496 2528 erumpebant.

1910 2552 2064 2620 Quod
2090 2551 2347 2607 Hercules
2374 2552 2583 2615 videns,
2618 2551 2733 2605 loca
2764 2551 2879 2620 ipsa
2918 2549 3144 2614 exussit,
3181 2558 3235 2603 et
3256 2548 3336 2603 sic
3362 2563 3500 2616 aqua

1908 2648 2102 2703 clausit
2126 2655 2359 2700 meatus.
2389 2645 2523 2699 Nam
2555 2644 2735 2715 Hydra
2759 2646 2825 2699 ab
2854 2658 2994 2713 aqua
3020 2643 3160 2698 dicta
3198 2650 3301 2697 est.
3332 2640 3501 2710 Hujus

1909 2738 2239 2792 mentionem
2275 2736 2401 2791 facit
2429 2736 2749 2790 Ambrosius
2790 2735 2845 2789 in
2886 2734 3294 2789 similitudinem
3338 2734 3505 2788 heare-

1909 2831 2047 2884 sium
2077 2832 2263 2885 dicens
2288 2849 2300 2884 :
2328 2830 2559 2884 Haeresis
2581 2830 2726 2883 enim
2752 2829 2906 2899 quasi
2936 2828 3181 2898 quaedam
3215 2825 3393 2897 Hydra
3420 2823 3503 2881 fa-

1909 2923 2157 2978 bularum
2184 2923 2497 2978 vulneribus
2524 2922 2636 2976 suis
2671 2922 2868 2987 crevit,
2896 2928 2949 2976 et
2975 2919 3102 2974 dum
3130 2935 3271 2990 saepe
3310 2918 3502 2987 recipi-

1911 3023 2019 3080 tur,
2043 3015 2271 3085 pullulat
2310 3014 2417 3085 igni
2449 3014 2650 3079 debita,
2692 3013 3047 3082 incendioque
3080 3012 3335 3082 peritura.
3365 3009 3498 3065 Fin-

1909 3118 2041 3178 gunt
2061 3116 2116 3163 et
2143 3108 2467 3163 Chimaeram
2499 3105 2801 3161 triformem
2844 3105 3096 3169 bestiam,
3122 3121 3240 3174 qua:
3275 3120 3369 3159 ore
3415 3112 3500 3159 est

1908 3196 2013 3261 leo,
2048 3198 2337 3266 postremis
2376 3198 2621 3267 partibus
2663 3197 2843 3261 draco,
2876 3196 3051 3249 media
3098 3210 3279 3265 capra.
3326 3194 3500 3260 Quam

223 3286 307 3333 tur
335 3279 388 3333 in
430 3278 712 3350 Ethiopian
754 3280 977 3350 singulis
1016 3282 1267 3335 cruribus
1305 3289 1359 3335 et
1388 3280 1662 3335 celeritate
1706 3280 1807 3333 mi-
1832 3280 1877 3343 C
1910 3289 2127 3360 quidam
2157 3289 2459 3360 physiologi
2504 3306 2609 3343 non
2641 3287 2861 3353 animal,
2888 3288 2982 3341 sed
3018 3285 3221 3341 Cilicia:
3256 3293 3500 3339 montem

226 3368 396 3435 rabili,
446 3386 586 3438 quos
630 3371 752 3425 inde
782 3371 1063 3440 sciopodas
1090 3369 1265 3425 Graeci
1318 3380 1513 3424 vocant
1553 3388 1618 3426 eo
1660 3372 1804 3441 quod

223 3474 316 3529 per
341 3468 532 3514 aestum
558 3461 611 3514 in
646 3470 785 3514 terra
819 3460 1055 3529 resupini
1078 3463 1320 3529 jacentes
1354 3462 1550 3529 pedum
1582 3476 1804 3515 suorum

226 3550 590 3618 magnitudine
618 3549 1029 3604 adumbrantur.
1062 3549 1359 3620 Antipodas
1385 3552 1438 3605 in
1460 3552 1627 3623 Libya
1653 3553 1805 3623 plan-

224 3644 303 3691 tas
320 3652 509 3692 versas
556 3639 758 3693 habent
800 3650 922 3709 post
951 3656 1133 3705 crura,
1164 3650 1218 3694 et
1248 3650 1471 3696 octenos
1505 3642 1703 3711 digitos
1749 3644 1803 3696 in

221 3727 434 3797 plantis.
466 3728 696 3797 lppodes
730 3730 784 3783 in
821 3728 1039 3800 Scythia
1072 3738 1218 3795 sunt,
1252 3731 1543 3785 humanam
1574 3730 1805 3786 formam

224 3824 275 3871 et
306 3819 531 3886 equinos
565 3820 727 3888 pedes
756 3819 1033 3875 habentes.
1066 3821 1125 3875 in
1150 3820 1295 3875 ludia
1323 3821 1502 3875 ferunt
1530 3838 1649 3878 esse
1677 3840 1805 3894 gen-

223 3918 345 3973 tem,
386 3912 480 3982 qui
522 3912 780 3967 Macrobii
832 3921 1232 3984 nuncupantur,
1281 3917 1563 3972 duodecim
1606 3920 1843 3987 pedum'

222 4010 479 4057 staturam
535 4005 821 4061 habentes.
888 4008 983 4062 Est
1027 4016 1081 4062 et
1131 4024 1261 4079 gens
1314 4010 1387 4063 ibi
1447 4019 1655 4065 statura
1706 4028 1802 4067 cu-

225 4092 423 4159 bitalis,
456 4111 595 4165 quos
629 4097 801 4151 Graeci
829 4112 859 4151 a
881 4098 1063 4152 cubito
1106 4098 1384 4169 Pygmaeos
1418 4111 1634 4167 vocant,
1670 4117 1807 4171 quos

224 4184 409 4254 vulgus
438 4188 893 4253 scptemcaulinos
938 4199 1132 4244 vocant
1174 4206 1239 4245 eo
1290 4193 1432 4270 quod
1464 4195 1805 4263 septem‘sub

226 4290 325 4328 uno
371 4275 526 4330 caule
575 4279 960 4346 requiescunt:
995 4280 1060 4333 de
1087 4296 1191 4348 qua
1237 4296 1395 4351 supra
1436 4284 1690 4339 diximus.
1738 4284 1803 4337 Hi

226 4375 469 4420 montana
510 4367 673 4421 lndiae
701 4376 900 4423 tenent.
934 4370 1127 4438 quibus
1166 4370 1377 4426 vicinus
1405 4382 1489 4427 est
1534 4372 1799 4428 Oceanus.

224 4456 510 4515 Perhibent
535 4470 593 4515 et
618 4463 669 4515 in
699 4463 886 4516 eadem
916 4464 1061 4518 ludia
1088 4481 1208 4520 esse
1234 4476 1443 4535 gentem
1483 4468 1802 4523 feminarum

224 4563 336 4616 quae
379 4552 757 4620 quinquennes
801 4554 1113 4622 concipiunt
1155 4564 1209 4610 et
1258 4567 1506 4613 octavum
1548 4562 1669 4616 vitae
1710 4580 1805 4616 an-

1909 3397 2028 3437 esse
2070 3383 2237 3448 aiunt,
2280 3381 2600 3452 quibusdam
2642 3382 2774 3437 locis
2816 3381 3001 3435 leones
3036 3388 3093 3434 et
3139 3392 3363 3446 capreas
3406 3392 3504 3429 nu-

1908 3474 2185 3539 trientem,
2210 3473 2531 3543 quibusdam
2562 3472 2864 3537 ardentem,
2893 3469 3213 3540 quibusdam
3240 3467 3503 3536 serpenti-

1909 3561 2011 3615 bus
2058 3562 2292 3631 plenam.
2331 3561 2483 3617 Hunc
2512 3560 2941 3629 Bellerophontis
2971 3557 3318 3613 lnbitabilem
3349 3556 3497 3611 fecit.

1911 3650 2063 3707 Unde
2091 3651 2416 3707 Chimaeram
2454 3652 2653 3706 dicitur
2682 3652 2977 3706 occidisse:
3004 3648 3290 3704 Centauris
3320 3654 3502 3702 autem

1909 3743 2121 3812 species
2149 3744 2469 3801 vocabulum
2502 3744 2716 3808 indidit,
2749 3743 2801 3797 id
2826 3750 2928 3806 est,
2960 3740 3237 3795 hominem
3276 3740 3501 3793 mictum

1909 3847 2069 3901 equo.
2122 3832 2267 3899 Quos
2319 3834 2536 3903 quidem
2581 3834 2790 3904 equites
2844 3832 3228 3886 Thessalorum
3270 3831 3495 3884 dicunt:

1909 3925 2001 3979 sed
2048 3941 2146 3994 pro
2175 3941 2239 3980 eo
2294 3927 2436 3994 quod
2472 3927 2837 3980 discurrentes
2878 3924 2931 3977 in
2975 3924 3117 3978 bello
3153 3923 3297 3977 velut
3337 3937 3501 3977 unum

1909 4031 2103 4085 corpus
2144 4030 2403 4085 equorum
2442 4024 2498 4070 et
2543 4016 2822 4070 hominum
2851 4014 3184 4078 viderentur,
3219 4014 3343 4068 inde
3380 4029 3502 4069 cen-

1908 4114 2091 4161 tauros
2121 4104 2294 4161 factos
2328 4114 2661 4161 asseverant.
2705 4104 2877 4161 Porro
2908 4105 3371 4161 Minocentaurum
3402 4120 3502 4161 no-

1908 4213 2030 4252 men
2063 4199 2359 4268 sumpsisse
2390 4214 2455 4254 ex
2487 4206 2643 4253 tauro
2671 4206 2726 4253 et
2751 4199 3004 4253 homine:
3030 4198 3241 4267 qualem
3268 4199 3499 4254 bestiam

1908 4290 2093 4345 dicunt
2138 4288 2379 4345 fabulose
2428 4289 2481 4344 in
2513 4288 2845 4355 Labyrintho
2879 4288 3144 4343 inclusum
3186 4289 3372 4345 fuisse.
3420 4291 3498 4345 De

1908 4396 2013 4451 qua
2039 4379 2261 4435 Ovidius
2286 4396 2299 4434 :

2035 4472 2445 4533 Semibovemque
2470 4473 2642 4533 virum,
2671 4470 3058 4531 setnlvirumque
3084 4470 3279 4521 bovem.

1908 4552 2341 4607 Onoeentaurum
2363 4561 2538 4606 autem
2575 4552 2756 4606 vocari
2786 4568 2851 4607 co
2883 4553 3025 4621 quod
3057 4554 3231 4607 media
3264 4554 3496 4609 hominis

226 4654 343 4691 num
383 4656 490 4694 non
516 4642 803 4694 excedunt.
840 4643 1034 4697 Dicunt
1074 4656 1255 4700 autem
1281 4657 1337 4701 et
1378 4650 1483 4703 alia
1522 4652 1799 4708 hominum

1908 4646 2108 4714 specie,
2146 4645 2320 4698 inedia
2355 4643 2492 4697 asini
2518 4658 2637 4697 esse
2661 4643 2873 4697 dicatur
2899 4661 2911 4697 :
2937 4644 3078 4697 sicut
3109 4653 3163 4697 et
3192 4644 3493 4714 llippoeen-

228 4727 457 4785 fabulose
489 4740 762 4799 portenta,
805 4748 923 4803 quas
953 4750 1057 4789 non
1084 4745 1227 4801 sunt,
1259 4739 1351 4792 sed
1380 4739 1502 4793 ficta
1540 4742 1593 4794 in
1623 4746 1803 4801 causis

228 4834 396 4874 rerum
430 4821 878 4890 interpretantur,
907 4834 966 4878 ιιι
994 4826 1294 4897 Geryonem
1325 4828 1595 4899 Hispaniae
1621 4849 1802 4904 regem

226 4914 407 4981 triplici
446 4914 624 4969 forma
670 4919 950 4986 prteditum
977 4934 991 4972 :
1018 4918 1235 4974 fuerunt
1282 4922 1426 4975 enim
1460 4933 1570 4979 tres
1609 4909 1805 4981 fratres

229 5015 378 5061 tanta!
403 5010 732 5073 concordize,
759 5018 819 5063 ut
866 5012 917 5063 in
965 5011 1136 5066 tribus
1161 5014 1475 5081 corporibus
1505 5019 1656 5085 quasi
1699 5034 1804 5072 una

229 5098 395 5151 anima
423 5108 588 5153 esset.
622 5099 897 5170 Gorgones
932 5118 1146 5173 quoque
1174 5106 1486 5160 meretrices
1505 5106 1715 5163 crinitae
1740 5127 1801 5165 os

229 5196 604 5257 serpentesque
656 5192 977 5258 aspicientes
1021 5195 1409 5249 convertebant
1463 5196 1517 5249 in
1573 5197 1797 5268 lapides,

229 5274 479 5333 habentes
499 5295 665 5333 unum
689 5281 925 5347 oculum,
950 5300 1056 5352 quo
1078 5285 1304 5339 invicem
1330 5288 1637 5342 utebantur.
1664 5289 1802 5343 Fue-

230 5373 345 5417 runt
382 5376 565 5421 autem
599 5376 712 5424 tres
737 5386 952 5425 sorores
980 5374 1140 5427 unius
1171 5374 1603 5444 pulcln'itudinis,
1646 5380 1801 5447 quasi

228 5457 377 5511 unius
398 5460 562 5523 oculi,
594 5478 714 5531 quin
750 5463 822 5516 ita
857 5473 1189 5531 spectatores
1219 5482 1345 5522 suos
1384 5479 1692 5537 stupescere
1716 5470 1797 5524 fa-

229 5545 452 5615 ciebant,
484 5560 777 5609 utvertere
822 5570 913 5609 eos
945 5564 1264 5623 putarentur
1307 5560 1360 5613 in
1401 5559 1621 5629 lapides.
1658 5561 1799 5616 Sire-

227 5654 320 5696 nas
346 5652 455 5699 tres
494 5644 705 5716 fingunt
726 5648 890 5704 fuisse
918 5662 983 5703 ex
1010 5659 1164 5720 parte
1187 5651 1447 5722 virgines,
1478 5664 1533 5707 et
1558 5669 1621 5708 ex
1645 5663 1800 5723 parte

227 5733 486 5804 volucres,
506 5738 767 5795 habentes
787 5743 900 5797 alas
920 5752 976 5797 et
989 5743 1247 5814 ungulas:
1272 5746 1617 5814 quarum'una
1645 5763 1796 5815 voce,

229 5820 388 5880 altera
420 5826 585 5896 tibiis,
617 5830 776 5885 tertia
803 5830 914 5900 lyra
952 5833 1209 5900 canebat;
1242 5850 1361 5904 quae
1388 5835 1595 5893 illectos
1641 5823 1794 5893 navi-

1906 4745 2124 4799 taurus;
2167 4736 2308 4805 quod
2354 4751 2620 4805 equorum
2666 4736 3053 4805 hominumque
3104 4736 3156 4790 in
3189 4738 3267 4791 eis
3304 4746 3493 4791 natura

1908 4828 2191 4899 conjuncta
2224 4827 2389 4882 fuisse
2417 4836 2658 4897 putatur.
2691 4827 2803 4884 Hoc
2826 4844 3041 4899 quoque
3066 4832 3361 4884 notandum
3388 4838 3491 4893 est,

1907 4921 2049 4990 quod
2075 4920 2363 4988 aliquando
2404 4921 2703 4990 prophetici
2745 4930 2898 4977 actus
2938 4932 3185 4992 portenta
3220 4923 3491 4986 dicuntur,

1908 5029 2029 5067 cum
2074 5013 2275 5081 aliquid
2321 5013 2385 5067 de
2433 5012 2631 5067 futuris
2668 5016 3128 5087 prtesignantmt
3172 5016 3320 5080 illud,
3350 5015 3496 5084 quod

1912 5104 2170 5158 Dominus
2197 5104 2265 5158 ad
2294 5103 2629 5159 Ezechielem
2661 5106 2771 5160 ait:
2803 5106 2907 5161 Fili
2944 5108 3188 5173 hominis,
3217 5107 3337 5160 dedi
3358 5119 3407 5161 te
3438 5109 3493 5168 in

1908 5195 2112 5264 signum
2141 5204 2189 5248 et
2215 5205 2509 5265 portentum
2540 5197 2722 5250 domui
2751 5198 2920 5252 Israel
2942 5196 3157 5269 (Ezech.
3192 5200 3311 5270 xu).
3342 5197 3493 5255 Unde

1911 5288 2050 5341 idem
2122 5288 2385 5357 propheta
2441 5288 2635 5359 legitur
2675 5289 2859 5357 jussus
2901 5289 3137 5343 dormire
3207 5290 3260 5343 in
3323 5288 3492 5345 latere

1909 5382 2101 5438 dextro
2128 5384 2193 5438 ad
2236 5393 2465 5453 tempus,
2499 5393 2553 5439 et
2574 5386 2701 5439 item
2729 5386 2781 5439 in
2824 5385 2993 5441 latere
3018 5386 3239 5441 sinistro
3261 5386 3328 5440 ad
3357 5392 3493 5440 tem-

1909 5489 2025 5542 pus,
2057 5483 2118 5528 ut
2159 5475 2553 5545 prtefiguraret,
2584 5478 2730 5547 quod
2754 5477 3019 5533 Dominus
3052 5473 3247 5547 populo
3282 5474 3492 5531 Israeli-

1909 5567 2017 5621 tico
2053 5568 2106 5621 in
2148 5569 2440 5623 vindictam
2472 5571 2690 5626 evenire
2734 5571 2969 5626 volebat.
3014 5562 3149 5627 item
3184 5571 3383 5643 legitur
3423 5570 3491 5626 de

1906 5658 2065 5724 lsaia,
2118 5659 2260 5727 quod
2314 5662 2488 5717 nudus
2533 5671 2588 5717 et
2629 5662 2973 5718 discalciatus
3019 5663 3371 5720 ambulaverit
3420 5663 3489 5719 ad

1904 5749 2355 5820 praefigurandum
2386 5755 2741 5809 vastationem
2767 5765 2927 5812 terra:
2952 5755 3279 5824 Iudaeorum,
3306 5764 3359 5813 et
3398 5773 3490 5813 ca-

1905 5842 2207 5912 ptivitatem
2258 5847 2438 5919 pepuli
2494 5847 2798 5906 Israelitici.
2842 5850 2913 5907 Et
2954 5850 3035 5907 sic
3080 5850 3171 5906 alii
3206 5851 3483 5922 prophetae
