3930 6318
160 445 269 504 901

1152 443 1239 498 DE
1282 437 1626 497 UNIVERSO
1664 437 1840 495 LIBRI
1879 440 2039 496 XXII.
2082 472 2150 481 ——
2187 442 2315 498 LIB.
2359 443 2469 499 VII.

3318 440 3427 500 ειη

159 565 341 613 mlta
362 556 418 608 in
445 563 669 606 stercore
700 567 793 605 suo
817 550 975 622 (Joel.
1010 550 1072 621 ι).
1114 551 1248 605 Item
1285 548 1589 619 jumentum
1624 564 1742 603 cor-
1772 564 1818 617 Α
1846 550 1961 604 duae
1988 552 2226 621 gentium
2248 552 2476 623 populos
2501 553 2827 623 signiﬁcant,
2851 570 2985 624 quas
3011 553 3214 609 nutriet
3237 554 3423 622 homo,

157 660 266 717 pus
302 654 385 701 est
424 644 657 708 Christi,
697 652 756 697 ut
795 644 1012 712 quidam
1048 643 1255 698 volunt.
1305 641 1455 696 Unde
1494 650 1576 695 est
1619 640 1746 694 illud

160 735 546 805 Evangelicum
582 752 593 787 :
627 733 882 803 Imposuit
910 732 1059 786 illum
1088 734 1143 785 in
1162 731 1456 799 jumentum
1482 746 1634 783 suum
1654 769 1667 793 ,
1698 738 1745 782 et

160 827 315 881 duxit
345 824 495 877 illum
524 825 580 877 in
604 824 867 877 stabulum
898 822 1051 893 (Luc.
1090 823 1169 893 x).
1208 821 1448 877 Pecudes
1474 831 1655 877 autem
1676 821 1749 875 si-

160 913 425 985 gniﬁcant
439 912 711 982 simplices
730 912 975 967 homines
989 919 1043 965 et
1054 911 1233 966 minus
1247 910 1485 966 calentes
1510 910 1746 982 ingenio,

160 1022 300 1077 quos
324 1008 582 1063 Dominus
605 1022 702 1076 per
713 1006 943 1076 gratiam
966 1004 1199 1075 Spiritus
1221 1006 1393 1061 sancti
1419 1005 1749 1059 illuminatos

159 1096 329 1153 ellicit
356 1114 572 1170 gregem
604 1112 761 1153 suum
790 1106 846 1152 et
874 1097 1013 1150 inter
1037 1110 1167 1151 oves
1197 1112 1320 1151 suas
1367 1094 1641 1149 numerari
1670 1093 1749 1148 fa-

160 1187 258 1243 cit.
299 1187 453 1243 Unde
480 1186 769 1241 Psalmista
797 1186 863 1241 de
887 1184 1103 1241 Christo
1134 1184 1264 1240 dicit
1296 1203 1309 1238 :
1350 1183 1543 1238 Omnia
1570 1182 1744 1252 subje-

160 1276 283 1331 cisti
306 1276 400 1332 sub
434 1276 652 1346 pedibus
687 1275 833 1344 ejus,
878 1291 995 1329 oves
1034 1285 1081 1329 et
1121 1274 1267 1328 boves
1287 1314 1302 1339 ,
1332 1275 1573 1327 universa
1605 1274 1746 1327 insu-

160 1382 257 1436 per
294 1374 343 1420 et
380 1381 569 1435 pecora
604 1365 772 1433 campi
804 1361 977 1434 (Psal.
1007 1364 1148 1436 vIIl).
1202 1363 1406 1418 Pecora
1440 1370 1619 1417 autem
1654 1361 1743 1416 ali.

160 1455 378 1526 quando
401 1460 741 1524 peccatores,
772 1460 827 1508 et
854 1452 947 1522 qui
983 1452 1349 1522 voluptatibus
1381 1452 1543 1506 dediti
1589 1458 1743 1515 sunt;

160 1554 221 1599 ut
246 1546 303 1600 in
340 1544 600 1599 Zacharia
632 1559 647 1597 :
679 1544 848 1597 Pasce
883 1560 1069 1613 pecora
1104 1545 1378 1598 occisionis
1409 1542 1604 1615 (Zaclt.
1635 1542 1743 1613 ιιι).

161 1632 229 1689 Et
250 1624 305 1688 in
333 1632 625 1688 Psalterio:
650 1631 781 1685 Oves
805 1642 852 1685 et
873 1632 1269 1702 boves,insuper
1294 1641 1341 1686 et
1361 1647 1549 1701 pecora
1572 1628 1743 1698 (Psal.

157 1722 302 1794 vui).
331 1721 555 1786 Pecora,
590 1720 862 1790 simplices
911 1722 1109 1791 quique
1139 1722 1316 1776 minus
1342 1720 1552 1790 przediti
1583 1720 1748 1773 ratio-

158 1811 379 1868 cinandi
396 1810 714 1876 subtilitate,
737 1819 797 1865 ut
817 1812 871 1866 in
886 1810 1204 1867 Salomone:
1222 1811 1508 1882 Diligenter
1527 1826 1747 1880 agnosce

1849 642 1903 697 id
1931 653 2034 709 est,
2064 645 2331 711 Christus,
2354 647 2421 701 de
2446 663 2553 717 quo
2574 648 2768 719 legitur
2802 650 2853 702 in
2884 649 3152 718 Propheta
3186 667 3197 703 ;
3232 649 3299 703 In
3326 649 3433 704 die-

1848 730 1940 786 bus
1976 733 2079 786 illis
2111 735 2299 788 nutriet
2324 736 2477 790 homo
2508 754 2718 791 vaccam
2753 740 2940 804 boum,
2966 749 3015 792 et
3045 739 3178 793 duas
3205 756 3318 794 oves
3339 780 3354 805 ,
3378 750 3429 795 et

1845 839 1954 890 pra:
1994 825 2222 877 ubertate
2263 824 2410 879 lactis
2439 825 2666 881 comedet
2703 829 2944 898 butyrum
2974 830 3109 900 (Isa.
3142 840 3260 901 vn).
3298 831 3429 887 Item

1846 926 1972 967 oves
1998 913 2211 981 reprobi
2248 914 2301 967 in
2330 913 2594 971 Psalterio
2631 934 2644 970 :
2680 916 2830 972 Sicut
2863 935 2978 972 oves
3013 920 3068 972 in
3098 920 3304 989 inferna
3333 935 3432 990 pou

1846 1003 1931 1056 siti
1956 1012 2109 1068 sunt,
2138 1013 2185 1056 et
2217 1020 2357 1058 mors
2395 1006 2633 1075 depascet
2666 1025 2751 1061 eos
2781 1008 2954 1080 (Psal.
2988 1010 3211 1079 XLVIII),
3244 1010 3296 1065 id
3322 1022 3431 1077 est,

1848 1092 2110 1148 diabolus.
2150 1095 2356 1149 Vervex
2393 1096 2478 1150 vel
2508 1113 2538 1150 a
2569 1097 2772 1153 viribus
2809 1100 2984 1155 dictus
3004 1140 3017 1165 ,
3046 1100 3186 1168 quod
3224 1102 3435 1157 caiteris

1847 1183 2036 1238 ovibus
2064 1184 2134 1238 sit
2160 1182 2387 1250 fortior;
2412 1186 2498 1242 vel
2522 1187 2667 1256 quod
2696 1189 2764 1241 sit
2783 1190 2886 1254 vir,
2919 1191 2972 1244 id
2994 1200 3095 1255 est,
3121 1192 3393 1247 masculus
3418 1210 3432 1258 ;

1846 1274 1931 1330 vel
1959 1275 2103 1344 quod
2137 1289 2347 1331 vermes
2378 1277 2433 1331 ill
2469 1280 2643 1347 capite
2673 1280 2928 1345 habeant,
2962 1297 3191 1351 quorum
3214 1287 3435 1342 excitati

1845 1366 2056 1433 pruritu
2102 1365 2333 1420 invicem
2379 1382 2438 1422 se
2486 1369 2833 1435 concutiunt,
2881 1378 2937 1424 et
2973 1382 3276 1441 pugnantes
3310 1390 3434 1430 cum

1847 1468 2043 1522 magno
2073 1454 2272 1523 impetu
2295 1454 2515 1511 feriunt.
2543 1458 2633 1513 Sic
2659 1468 2713 1513 et
2740 1461 2884 1515 aries
2905 1462 2987 1516 vel
3018 1478 3119 1532 apo
3142 1472 3231 1519 tou
3255 1480 3433 1531 arcos,

1848 1541 1901 1596 id
1928 1551 2039 1607 est,
2071 1558 2102 1597 a
2125 1544 2294 1599 Marte
2320 1556 2564 1603 vocatus.
2599 1548 2751 1604 Unde
2790 1554 2929 1620 apud
2962 1570 3062 1609 nos
3094 1555 3149 1609 in
3181 1558 3436 1628 gregibus

1847 1632 2127 1689 masculini
2172 1649 2352 1690 mares
2392 1636 2645 1691 dicuntur
2685 1656 2696 1691 :
2745 1640 2859 1695 sive
2895 1643 3038 1710 quod
3076 1644 3178 1699 hoc
3216 1661 3379 1714 pecus
3403 1665 3434 1703 a

1846 1722 2134 1792 gentilibus
2162 1725 2398 1794 primum
2426 1728 2537 1782 aris
2562 1738 2647 1783 est
2680 1730 3034 1787 immolatum.
3072 1734 3223 1791 Unde
3256 1746 3338 1791 cst
3368 1737 3432 1791 il-

1846 1810 1937 1864 lud
1964 1828 1976 1864 :
2005 1812 2154 1867 Aries
2180 1824 2444 1868 mactatur
2472 1818 2541 1869 ad
2570 1835 2741 1873 aram.
2778 1821 2990 1877 Arietes
3024 1833 3202 1879 autem
3230 1827 3435 1897 signiﬁ-

156 1902 360 1957 vultum
396 1902 592 1972 pecoris
637 1903 748 1969 tui,
774 1912 990 1974 tuosque
1024 1921 1202 1975 greges
1242 1903 1516 1959 considera
1558 1900 1739 1975 (Prov.
1772 1920 1818 1978 Β
1846 1910 1972 1957 cant
2008 1906 2278 1973 apostolos
2323 1908 2408 1961 vel
2460 1909 2812 1965 ecclesiarum
2853 1914 3144 1983 principes.
3184 1916 3337 1972 Unde
3376 1920 3431 1973 in

156 1992 356 2064 xxvii).
393 1990 533 2048 Oves
571 1992 802 2048 electum
839 1993 1094 2065 populum
1132 1993 1498 2049 Christianum
1535 1992 1740 2062 signiﬁ-

157 2089 291 2137 cant
321 2099 335 2135 :
366 2082 504 2136 sicut
541 2082 595 2136 in
627 2081 919 2153 Evangelio
957 2082 1216 2137 Dominus
1255 2081 1416 2137 Petro
1457 2080 1589 2137 dicit
1618 2094 1744 2149 apo-

159 2168 302 2225 stolo
329 2187 342 2222 :
371 2168 537 2223 Pasce
561 2186 677 2224 oves
704 2186 845 2224 meas
872 2169 1052 2239 (Joan.
1084 2169 1219 2239 XXI).
1246 2169 1349 2236 Qui
1378 2168 1497 2223 ideo
1521 2182 1740 2236 compa—

159 2267 357 2313 rantur
399 2258 609 2324 ovibus,
645 2258 899 2328 quoniam
927 2271 1006 2325 se,
1035 2264 1326 2328 praestante
1366 2255 1624 2321 Domino,
1663 2256 1745 2310 in-

157 2347 325 2403 noxia
386 2346 797 2403 conversatione
853 2346 1233 2411 moderantur;
1284 2345 1478 2400 deinde
1524 2343 1745 2400 exuvias

157 2437 282 2492 sine
308 2435 489 2506 aliquo
523 2450 685 2492 sensu
728 2435 929 2492 doloris
963 2436 1237 2493 amittunt.
1276 2434 1413 2491 Nam
1452 2436 1593 2492 sicut
1626 2435 1744 2491 ovis

159 2524 474 2581 tendentem
501 2539 560 2580 se
588 2540 696 2580 non
719 2526 984 2595 increpat,
1039 2526 1116 2582 ita
1152 2540 1252 2582 nec
1272 2526 1450 2596 justus
1474 2526 1742 2596 cupidita-

158 2623 271 2671 tem
302 2630 361 2669 se
392 2613 743 2683 exspoliantis
769 2624 1004 2670 accusat.
1034 2615 1206 2670 Boves
1227 2623 1405 2671 autem
1423 2616 1742 2685 praedicato—

159 2716 250 2758 res
286 2701 603 2770 designant,
634 2702 727 2773 qui
765 2702 999 2758 humana
1034 2714 1255 2775 pectora
1281 2705 1551 2761 mandatis
1580 2702 1743 2760 cccle-

159 2792 339 2847 stibus
383 2792 641 2847 virtutum
690 2807 922 2849 messem
967 2794 1273 2864 germinare
1318 2792 1585 2850 fecerunt.
1635 2792 1746 2850 Nec

159 2888 320 2935 vacat
346 2881 489 2950 quod
513 2880 665 2943 dicit,
693 2881 906 2952 insuper
926 2894 945 2933 :
972 2882 1098 2951 quia
1145 2896 1252 2936 non
1278 2882 1453 2937 solum
1473 2881 1552 2938 illi
1574 2884 1745 2939 sancti

160 2972 393 3043 subjecti
420 2981 576 3037 sunt,
613 2972 707 3027 sed
737 2973 900 3029 etiam
937 2982 1268 3044 peccatores.
1316 2974 1469 3046 Saepe
1505 2977 1651 3032 enim
1678 2977 1745 3034 de

161 3064 439 3119 conversis
478 3063 675 3119 talibus
710 3065 902 3135 majori
941 3065 1111 3136 gloria
1155 3066 1454 3135 triumphat
1488 3067 1745 3124 Dominus

162 3151 429 3208 Christus.
456 3152 661 3208 Pecora
682 3154 824 3208 enim
849 3161 995 3219 sunt,
1021 3156 1149 3208 dum
1172 3155 1227 3210 in
1253 3170 1563 3225 camporum
1586 3157 1747 3213 liber-

1844 1993 1979 2047 Isaia
2004 1993 2201 2065 legitur
2224 2015 2236 2049 :
2262 1996 2462 2052 Arietes
2490 1998 2758 2054 Nabaiotlt
2783 2002 3151 2058 ministrabant
3173 2006 3267 2058 tibi
3276 2037 3279 2041 -
3296 2006 3432 2077 (Isa.

1845 2081 1955 2153 Lx).
1990 2083 2058 2137 Et
2093 2085 2145 2139 in
2183 2084 2443 2141 Psalterio
2490 2106 2505 2142 :
2546 2089 2744 2157 Aﬁ‘erte
2782 2091 3002 2148 Domino
3039 2093 3177 2161 ﬁlios
3209 2097 3435 2154 arietant

1848 2170 2019 2240 (Psal.
2047 2174 2261 2244 xxvnl).
2297 2175 2388 2241 lli,
2415 2184 2673 2246 tanquam
2694 2180 2858 2236 duces
2882 2197 3125 2254 gregum,
3155 2186 3212 2241 in
3240 2202 3435 2245 causas

1847 2257 2059 2311 Domini
2105 2259 2476 2328 perduxerunt
2524 2262 2781 2333 populum
2831 2265 3215 2325 Christianum.
3266 2271 3435 2329 Filios

1845 2357 2025 2402 autem
2055 2350 2283 2404 arietum
2307 2351 2609 2409 offerendos
2637 2354 2788 2422 dicit,
2814 2372 2950 2426 quos
2987 2360 3213 2429 apostoli
3239 2363 3434 2433 praedi-

1845 2439 2056 2495 catione
2075 2453 2394 2510 genuerunt,
2425 2459 2531 2499 non
2554 2447 2646 2515 qui
2667 2463 2836 2518 pravo
2865 2451 3115 2522 dogmate
3134 2448 3435 2524 probantur

1845 2532 2111 2586 extranei.
2144 2532 2355 2590 Arietes
2393 2544 2574 2592 autem
2600 2539 2740 2595 bene
2770 2550 2898 2596 sunt
2926 2545 3183 2613 apostolis
3210 2562 3433 2619 compa-

1847 2620 1977 2684 rati,
2029 2621 2284 2689 quoniam
2316 2624 2399 2693 (ut
2425 2624 2681 2699 diximus)
2708 2630 2961 2686 animalia
2990 2633 3104 2703 ipsa
3140 2635 3433 2705 plurimum

1847 2705 2024 2764 fronte
2044 2708 2239 2776 valent,
2256 2721 2311 2767 et
2324 2711 2534 2782 objecta
2552 2730 2766 2787 semper
2780 2719 3122 2792 impingendo
3142 2722 3432 2793 dejiciunt:

1847 2800 1991 2870 quod
2016 2801 2358 2871 praedicando
2402 2804 2650 2863 fecerunt
2674 2810 2923 2880 apostoli,
2949 2813 3044 2882 qui
3073 2813 3317 2871 diversas
3340 2831 3434 2873 su-

1846 2891 2193 2959 perstitiones
2212 2932 2225 2957 ,
2254 2901 2309 2948 et
2336 2894 2477 2950 idola
2506 2896 2815 2953 ﬁrmissima
2854 2900 3091 2957 caelestis
3116 2905 3266 2961 verbi
3294 2921 3433 2976 qua-

1847 2978 1972 3033 dam
2001 2977 2180 3033 flente
2206 2994 2487 3051 ruperunt.
2517 2985 2677 3041 Aries
2705 2988 2849 3042 enim
2877 2989 3052 3045 dictus
3077 3000 3192 3059 est,
3225 2996 3380 3063 quasi
3403 3012 3436 3051 a

1846 3068 2025 3126 fronte
2054 3088 2236 3127 ruens.
2276 3074 2342 3127 Et
2377 3075 2431 3129 in
2476 3076 2635 3131 aliam
2683 3090 2893 3148 partem
2931 3082 3130 3140 arietes
3166 3085 3439 3157 principes

1848 3170 1975 3215 sunt
2001 3165 2256 3231 pravi,de
2284 3166 2481 3233 quibus
2510 3168 2704 3233 legitur
2806 3173 3083 3229 Ezechiel:
3111 3173 3243 3232 Cum
3271 3180 3439 3236 Iliadis

162 3252 309 3309 late,
345 3243 399 3298 id
431 3251 544 3307 est,
577 3244 634 3298 in
666 3244 853 3299 mundi
892 3244 1049 3300 istius
1086 3245 1359 3315 voluptate
1392 3255 1686 3316 pascuntur
1724 3262 1739 3302 :
1770 3258 1814 3321 ο
1844 3262 1893 3305 et
1923 3255 2071 3321 agnis
2095 3264 2141 3307 et
2163 3256 2410 3310 arietibus
2428 3258 2643 3328 (Ezech.
2659 3264 3099 3334 xxanAgnum,
3126 3282 3436 3340 quanquam

163 3348 294 3390 oves
324 3342 482 3398 sunt,
508 3349 631 3389 cum
658 3333 772 3402 jam
798 3336 942 3389 intra
972 3336 1183 3390 Domini
1221 3347 1374 3407 septa
1404 3340 1743 3395 clauduntur.

163 3423 297 3478 Item
335 3422 464 3477 alibi
503 3437 608 3477 vox
642 3423 821 3477 divina
861 3424 992 3480 dicit
1031 3444 1044 3478 :
1090 3425 1223 3481 Meae
1255 3438 1375 3481 sunt
1413 3445 1588 3483 omnes
1622 3430 1749 3500 ferte

164 3512 448 3576 silvarum,
470 3512 714 3581 jumenta
737 3513 792 3566 in
821 3514 1101 3582 montibus,
1126 3525 1173 3570 et
1195 3515 1344 3572 boves
1370 3517 1540 3589 (Psal.
1575 3522 1745 3593 XLIX).

165 3600 319 3656 Ferae
342 3601 599 3655 silvarum
620 3609 807 3671 gentes
836 3602 1165 3671 signiﬁcant,
1188 3607 1281 3677 qui
1313 3608 1367 3662 in
1388 3609 1567 3664 saeculi
1594 3610 1750 3667 istius

166 3694 479 3749 nemoribus
498 3692 883 3762 superstitione
910 3693 1243 3751 ferocissima
1264 3698 1636 3755 versabantur.
1651 3700 1749 3756 Ju-

167 3789 350 3836 menta
368 3782 423 3836 in
436 3782 711 3838 montibus
725 3793 850 3838 sunt
862 3784 1132 3853 simplices
1151 3786 1206 3840 in
1220 3785 1463 3843 Ecclesia
1486 3791 1750 3847 catholica

166 3872 467 3937 constituti,
499 3872 591 3943 qui
614 3880 672 3926 tn
707 3876 987 3943 cacumine
1014 3874 1139 3931 ﬁdei
1165 3876 1410 3934 habitare
1432 3891 1747 3938 noscuntur.

166 3961 340 4018 Boves
376 3962 621 4017 indicans
660 3964 931 4034 apostolos
970 3975 1027 4020 et
1067 3967 1389 4039 prophetas,
1417 3971 1508 4039 qui
1540 3971 1594 4025 in
1622 3986 1751 4043 agro

168 4051 384 4108 Domini
406 4054 621 4109 assiduo
641 4053 892 4112 laborare
909 4058 1113 4114 versati
1136 4068 1279 4115 sunt.
1308 4061 1644 4134 Quapropter
1665 4064 1750 4120 his

169 4139 522 4197 allusionibus
550 4153 922 4215 competenter
942 4149 1200 4219 appositis
1224 4154 1533 4221 praeﬁgurat
1559 4155 1748 4213 Eccle-

168 4232 302 4287 siam
326 4232 652 4289 catholicam
684 4235 749 4291 de
770 4236 999 4294 diversis
1023 4242 1207 4297 mundi
1232 4244 1475 4312 partibus
1500 4246 1751 4315 colligen-

169 4320 310 4378 dam.
351 4321 620 4379 Discretio
657 4333 741 4380 est
776 4334 958 4382 autem
994 4328 1138 4385 inter
1176 4340 1421 4388 armenta
1446 4341 1501 4390 et
1536 4347 1746 4406 greges.

169 4411 300 4468 Nam
333 4421 586 4469 armenta
622 4428 882 4485 equorum
912 4425 967 4471 et
991 4418 1157 4474 boum
1198 4430 1354 4490 sunt;
1393 4438 1583 4496 greges
1620 4440 1749 4482 vero

171 4503 531 4572 camelorum,
577 4519 863 4576 caprarum
900 4516 957 4563 et
1006 4510 1187 4565 ovium
1229 4522 1372 4568 sunt.
1414 4514 1542 4571 Ovis
1586 4516 1749 4573 molle

1850 3341 2023 3397 Graeci
2048 3353 2241 3398 vocent
2277 3360 2379 3415 apo
2413 3356 2503 3402 tou
2547 3365 2743 3420 agnon,
2775 3356 2927 3424 quasi
2954 3356 3103 3425 pium
3132 3376 3145 3412 :
3176 3368 3229 3413 et
3256 3359 3437 3429 Latini

1849 3440 2029 3487 tamen
2051 3434 2154 3490 hoc
2175 3450 2371 3491 nomen
2392 3439 2594 3496 habere
2616 3451 2831 3511 putant,
2846 3460 2911 3500 eo
2929 3449 3071 3517 quod
3097 3464 3208 3519 pra:
3228 3452 3439 3509 caeteris

1850 3522 2172 3580 animalibus
2200 3537 2431 3584 matrem
2464 3544 2720 3602 agnoscat
2748 3535 2883 3591 adeo
2902 3576 2917 3603 ,
2966 3540 3131 3594 etiam
3161 3541 3207 3595 si
3238 3542 3293 3595 in
3319 3558 3435 3598 ma-

1849 3629 1955 3685 gno
1974 3632 2135 3687 grege
2154 3621 2437 3687 erraverit,
2455 3624 2645 3678 statim
2670 3626 2853 3683 balatu
2876 3642 3225 3699 recognoscat
3250 3649 3437 3690 vocem

1848 3707 2107 3773 parentis.
2140 3706 2323 3776 Agnus
2356 3720 2536 3766 autem
2564 3722 2657 3767 aut
2690 3730 2976 3783 personam
3011 3719 3305 3778 Salvatoris
3334 3740 3434 3780 no-

1850 3796 1951 3851 stri
1978 3798 2204 3867 mystice
2232 3802 2400 3870 gerit,
2434 3802 2588 3872 cujus
2625 3821 2773 3862 mors
2803 3808 3064 3866 innocens
3092 3812 3320 3869 salvavit
3346 3832 3438 3885 ge-

1851 3895 1954 3941 nus
2000 3887 2331 3957 humanum,
2373 3893 2439 3947 de
2483 3909 2590 3963 quo
2628 3895 2863 3955 Joannes
2908 3902 2986 3955 ait
3025 3921 3037 3956 :
3079 3902 3215 3958 Ecce
3255 3906 3437 3976 Agnus

1850 3978 1949 4032 Dei
1980 3994 1999 4033 ε
2031 3996 2144 4034 ecce
2173 3982 2263 4050 qui
2286 3982 2422 4037 tollit
2447 3997 2660 4053 peccata
2684 3990 2866 4043 mundi
2894 3991 3074 4062 (Joan.
3102 3992 3142 4065 I)
3176 4014 3189 4050 :
3216 4006 3311 4052 aut
3338 4013 3438 4052 cu-

1842 4065 2065 4135 juslibet
2098 4070 2347 4126 catholici
2390 4073 2556 4127 vitam
2598 4075 2906 4147 innoxiam,
2946 4084 3038 4151 qui
3078 4085 3268 4141 matris
3301 4102 3435 4155 suae,

1850 4157 1955 4211 hoc
1979 4167 2091 4223 est,
2127 4158 2381 4217 Ecclesiae
2418 4178 2605 4218 vocem
2646 4182 2946 4238 agnoscens
2984 4174 3282 4232 obediendo
3320 4176 3438 4247 ejus

1851 4249 2088 4305 adhaeret
2117 4250 2307 4318 lateri,
2337 4262 2392 4307 et
2421 4256 2603 4311 obedit
2639 4261 2926 4318 mandatis.
2960 4264 3097 4335 Agni
3134 4269 3340 4334 sancti,
3380 4270 3437 4325 in

1850 4342 2143 4413 Evangelio
2173 4361 2186 4396 :
2217 4344 2384 4399 Pasce
2417 4363 2581 4417 agnos
2616 4368 2758 4405 meos
2783 4353 2963 4423 (Joan.
3006 4357 3141 4428 ιιι).
3172 4358 3313 4429 Agni
3340 4361 3437 4416 ho-

1852 4433 2026 4488 mines
2058 4432 2400 4491 lascivientes
2431 4438 2486 4492 ill
2512 4437 2652 4494 Isaia
2693 4458 2707 4493 :
2752 4440 3088 4500 Incrassatus
3123 4457 3197 4502 est
3227 4448 3435 4519 gladius

1853 4541 1998 4579 meus
2024 4526 2087 4579 de
2115 4530 2369 4597 sanguine
2403 4547 2658 4601 agnorum
2693 4543 2743 4588 et
2771 4535 3036 4592 hircorum
3065 4538 3199 4612 (Isa.
3225 4544 3433 4616 xxxiv).

171 4594 540 4666 Pecus-131m.
580 4609 805 4666 corpore
841 4598 1080 4667 inerme.
1107 4601 1289 4659 animo
1324 4604 1595 4674 plaCidllm
1632 4624 1645 4660 ε
1682 4608 1751 4664 ab
1775 4591 1828 4652 Ῑ)
1852 4618 2004 4688 Ama
2033 4620 2140 4677 vita
2175 4622 2350 4676 activa
2384 4623 2439 4677 in
2473 4624 2713 4682 Levitico
2749 4643 2764 4681 :
2803 4631 2941 4701 Agat
2970 4591 3359 4708 paenitentiam,
3388 4591 3439 4694 λι

177 4684 436 4708 and---
472 4685 667 4708 42-.--..
724 4701 777 4708 --
984 4705 1033 4708 η
1101 4692 1115 4708 .
1206 4702 1217 4708 -
1375 4696 1386 4708 .
1460 4698 1471 4708 .
1518 4698 1573 4708 ..

175 4684 439 4742 oblatione
466 4685 671 4742 dictum
718 4701 785 4743 eo
809 4691 953 4759 quod
977 4692 1117 4761 apud
1136 4702 1345 4751 veteres
1372 4696 1427 4751 in
1456 4698 1612 4754 initio
1640 4714 1749 4755 non

176 4783 370 4843 tauros,
392 4778 494 4834 sed
512 4792 644 4835 oves
663 4778 719 4835 in
738 4781 1004 4838 sacriﬁcio
1025 4792 1346 4842 mactarent.
1371 4787 1453 4843 Ex
1473 4788 1560 4846 his
1583 4805 1746 4860 quas-

179 4865 289 4919 dam
308 4867 562 4922 bidentes
582 4877 798 4934 vocant,
823 4885 917 4926 eas
956 4888 1077 4942 quae
1100 4875 1241 4929 inter
1261 4884 1383 4932 octo
1406 4878 1595 4935 dentes
1617 4880 1748 4936 duas

181 4951 382 5010 altiores
412 4956 641 5022 habent,
662 4972 797 5026 quas
825 4961 1060 5017 maxime
1087 4966 1313 5034 gentiles
1337 4968 1393 5021 in
1422 4970 1747 5026 sacriﬁcium

181 5043 487 5103 olferebant.
532 5045 672 5104 Oves
706 5058 887 5105 autem
922 5051 1014 5123 (ut
1051 5054 1317 5128 diximus)
1355 5060 1671 5117 innocentes
1694 5071 1751 5117 et

183 5131 439 5203 simplices
471 5152 688 5208 quoque
717 5140 773 5196 in
811 5141 1006 5212 populo
1044 5143 1353 5204 Christiano
1394 5150 1701 5221 signiﬁcant
1730 5170 1744 5208 :

185 5234 375 5279 necnon
390 5236 449 5281 et
472 5226 644 5296 ipsius
661 5230 873 5286 Domini
896 5232 1184 5305 aliquando
1209 5242 1673 5300 mansuetudinem
1694 5252 1749 5299 et

185 5312 487 5379 patientiam
513 5317 632 5373 ovis
654 5322 831 5391 typice
858 5323 1218 5393 demonstrat;
1248 5338 1307 5385 ut
1331 5339 1416 5387 est
1440 5332 1571 5389 illud
1594 5334 1745 5392 Isaiae

189 5404 245 5461 de
267 5407 539 5468 innocenti
562 5425 735 5470 morte
764 5417 1059 5478 Salvatoris
1091 5443 1103 5477 :
1136 5421 1280 5479 Sicut
1307 5429 1432 5493 ovis,
1457 5430 1653 5501 inquit,
1678 5434 1746 5487 ad

190 5498 477 5597 accisionem
509 5503 729 5558 ducetur
753 5516 801 5560 et
832 5526 934 5565 non
962 5515 1154 5583 aperiet
1180 5531 1237 5571 os
1263 5534 1414 5571 suum
1440 5498 1574 5591 (Isa.
1604 5524 1743 5597 LIII).

193 5581 311 5644 Oves
345 5593 531 5663 pepuli
571 5594 755 5650 ﬁdeles
791 5597 847 5652 in
884 5581 1173 5675 Evangelia
1215 5625 1228 5661 :
1259 5606 1389 5664 Oves
1422 5581 1549 5666 mete
1574 5581 1747 5669 vocem

196 5693 339 5741 και
366 5686 584 5741 audient
613 5686 794 5759 (Joan.
820 5690 896 5762 x).
920 5693 988 5748 Et
1014 5696 1070 5751 in
1091 5697 1355 5758 Psalterio
1378 5720 1390 5757 :
1415 5703 1607 5759 Omnia
1632 5708 1747 5763 sub-

197 5765 339 5828 .‘edsti
358 5778 450 5832 sub
469 5776 692 5847 pedibus
716 5778 849 5846 ejus,
873 5799 986 5838 oves
1007 5794 1053 5838 et
1076 5786 1223 5844 boves
1248 5789 1416 5861 (Psal.
1442 5794 1581 5866 VIII).
1607 5794 1747 5856 Oves

647 5870 921 5935 PATROL.
966 5873 1128 5938 CXI.

1852 4711 2039 4780 o/ferat
2077 4727 2268 4782 agnam
2312 4714 2376 4769 de
2408 4732 2561 4787 grege
2600 4719 2705 4774 sive
2743 4737 2956 4791 capram
2987 4722 3170 4796 (Leuit.
3194 4727 3281 4800 v);
3314 4745 3437 4802 qua

1852 4810 1935 4857 est
1964 4805 2391 4874 mntemplativa:
2430 4808 2555 4864 vitae
2590 4809 2781 4882 ﬁgura.
2825 4812 3043 4884 Septem
3079 4818 3237 4889 agni,
3264 4828 3321 4875 et
3349 4836 3437 4878 se-

1851 4901 1998 4961 ptem
2035 4907 2213 4963 agnae,
2245 4910 2365 4965 quae
2405 4898 2461 4952 in
2496 4898 2613 4970 lege
2651 4902 2762 4957 Deo
2798 4902 2855 4958 in
2894 4906 3221 4963 sacriﬁcium
3250 4910 3435 4969 oﬂ'erri

1851 4983 2234 5052 praecipiuntur
2252 5025 2267 5052 ,
2293 4996 2603 5044 sanctorum
2632 4992 2872 5046 omnium
2901 4993 3288 5063 plenitudinem
3308 5039 3323 5065 ,
3351 5001 3434 5057 vel

1852 5073 2029 5141 operis
2074 5073 2396 5131 innocentiae
2450 5080 2697 5135 obtinent
2744 5084 3080 5153 mysterium.
3129 5087 3295 5145 Fetus
3342 5107 3436 5163 ge-

1851 5162 2017 5229 melli,
2048 5163 2153 5219 duo
2181 5165 2461 5223 charitatis
2489 5180 2779 5241 praecepta,
2810 5174 2864 5229 id
2885 5184 2991 5243 est,
3012 5176 3229 5236 dilectio
3259 5162 3363 5236 Dei
3379 5193 3434 5239 et

1849 5254 2098 5322 proximi.
2130 5257 2185 5311 In
2218 5256 2454 5315 Cantieis
2484 5263 2817 5319 canticorum
2842 5284 2856 5320 :
2882 5265 3073 5323 Omnes
3093 5271 3323 5339 gemellis
3349 5273 3431 5344 [e-

1847 5348 2003 5413 tibus,
2029 5358 2074 5401 et
2102 5350 2295 5404 sterilis
2336 5368 2438 5406 non
2468 5364 2541 5407 est
2562 5356 2693 5410 inter
2725 5373 2813 5413 eas
2840 5358 3019 5432 (Cant.
3050 5364 3145 5435 vI).
3176 5365 3327 5422 IIde
3360 5368 3432 5427 ab

1848 5436 2053 5492 edendo
2078 5441 2256 5494 vocati
2289 5458 2300 5494 :
2332 5444 2486 5512 parvi
2515 5446 2657 5499 enim
2676 5447 3016 5519 pinguissimi
3046 5464 3243 5511 suntet
3269 5472 3431 5527 sapo-

1847 5527 1921 5582 ris
1938 5526 2178 5595 jucundi.
2214 5530 2364 5587 Unde
2389 5541 2444 5588 et
2467 5535 2655 5601 edere;
2687 5538 2809 5593 inde
2833 5549 2889 5595 et
2915 5542 3149 5598 edulium
3178 5556 3425 5603 vocatur.

1848 5617 1913 5672 Hi
1953 5634 2165 5689 quoque
2195 5622 2349 5692 juxta
2389 5624 2699 5695 allegoriam
2742 5630 3045 5700 signiﬁcant
3088 5645 3426 5706 peccatores,

1846 5710 1939 5779 qui
1970 5710 2036 5764 ad
2062 5711 2336 5767 sinistram
2364 5715 2561 5784 judicis
2590 5718 2643 5770 in
2673 5717 2780 5774 line
2817 5724 3083 5777 statuendi
3107 5735 3251 5790 sunt,
3281 5727 3428 5785 sicut

1847 5798 1973 5864 iusti
2002 5800 2069 5858 ad
2093 5801 2401 5873 dexteram,
2432 5821 2568 5877 quos
2596 5822 2726 5866 oves
2763 5810 3088 5883 signiﬁcant.
3118 5813 3272 5872 Unde
3303 5814 3431 5891 ipsa

2947 5904 2988 5966 7
