3930 6346
1091 447 1149 502 Β.
1191 447 1444 504 RABANI
1480 449 1702 506 MAURI
1743 449 2062 507 ARCHIEP.
2105 451 2412 509 MOGUNT.
2453 452 2740 510 OPERUM
2778 455 2956 509 PARS
2990 456 3056 511 ιι.

3590 459 3701 522 904

440 557 656 621 Veritas
684 573 739 612 iu
768 557 1064 629 Evangelio
1096 559 1173 613 ait
1198 577 1210 612 :
1237 558 1444 614 Statuet
1475 561 1682 630 quidem
1705 577 1820 615 oves
1844 578 1875 614 a
1900 562 2024 614 dea:-
2049 569 2100 628 Α
2127 569 2279 624 runt;
2333 560 2423 614 alii
2462 561 2602 629 quod
2646 571 2874 630 carpunt
2901 544 3089 633 aspera
3109 604 3123 630 ,
3156 566 3397 622 nonnulli
3434 582 3464 622 a
3492 571 3700 640 crepitu

441 649 558 712 tris,
584 647 762 701 nudos
790 657 964 701 autem
999 665 1032 702 a
1061 649 1285 703 sinistris
1323 648 1534 720 (Matth.
1563 651 1711 722 xxv).
1744 651 2019 705 Interdum

442 748 620 796 autem
649 749 705 796 et
726 740 856 809 justi
899 742 1002 796 hoc
1030 741 1246 795 nomine
1281 741 1690 810 exprimuntur,
1714 741 1783 797 ob
1807 742 2021 798 confes-

441 831 648 886 sionem
698 840 1042 901 peccatorum
1065 869 1080 896 ,
1115 839 1176 885 ut
1210 831 1262 885 in
1302 829 1537 886 Jeremia
1572 850 1584 884 ε
1617 832 1891 897 Recedite,
1937 834 2021 887 in-

441 921 581 990 quit,
611 920 674 975 de
692 921 863 974 medio
889 919 1172 990 Babylonis
1199 937 1217 974 :
1241 921 1305 974 de
1327 931 1468 974 ter-ra
1488 919 1855 976 Chaldteorurn
1877 938 2022 991 egre-

441 1013 629 1067 dimini
649 1053 664 1079 ,
700 1023 750 1067 et
789 1022 947 1068 estote
988 1013 1139 1082 quasi
1169 1012 1309 1066 haedi
1345 1021 1464 1066 ante
1490 1029 1663 1083 greges
1698 1012 1912 1083 (Jerem.
1946 1013 2019 1084 ι).

443 1105 642 1161 Haedus
678 1105 925 1160 Christus
967 1111 1189 1173 propter
1229 1103 1634 1158 similitudinem
1680 1102 1861 1158 carnis
1901 1117 2026 1172 peo-

443 1198 550 1252 cati
567 1210 582 1248 :
598 1203 659 1249 ut
680 1196 732 1248 in
758 1193 1206 1261 Denteronomio:
1234 1193 1356 1246 Non
1379 1210 1564 1263 coques
1587 1194 1794 1248 ha’dum
1817 1194 1872 1246 in
1893 1193 2026 1247 lacte

441 1288 627 1342 matris
659 1286 836 1356 (Deut.
861 1285 993 1356 xiv).
1019 1284 1214 1339 Haedus
1235 1284 1626 1338 Anti-christum
1654 1281 1940 1353 significat,
1967 1292 2027 1337 ut

443 1378 571 1432 illud
604 1377 659 1431 in
689 1375 977 1444 Evangelio
1017 1392 1028 1428 :
1074 1373 1362 1444 Nunquam
1398 1374 1587 1432 dedisti
1621 1372 1747 1426 milii
1781 1373 1988 1426 luedum
2009 1411 2024 1438 ,

445 1481 502 1524 ut
529 1485 647 1522 cum
684 1467 868 1521 amicis
897 1467 1024 1520 meis
1061 1465 1302 1534 epularer
1328 1463 1476 1535 (Luc.
1507 1462 1619 1532 xv).
1659 1461 1810 1516 Ovile
1846 1461 2026 1516 ovium

444 1559 686 1614 Ecclesia
713 1568 795 1612 est
815 1597 830 1622 ,
859 1565 919 1611 ut
961 1557 1013 1610 in
1045 1556 1336 1627 Evangelia
1366 1573 1377 1608 :
1405 1555 1474 1608 Et
1499 1554 1595 1620 fiat
1625 1570 1785 1626 quam
1820 1553 1949 1608 ovile
1979 1562 2026 1606 et

445 1669 580 1707 unus
607 1660 788 1722 pastor
814 1648 995 1719 (Joan.
1023 1649 1099 1717 x).
1132 1648 1344 1711 Pastor,
1370 1645 1620 1700 Christus
1643 1662 1655 1697 :
1679 1653 1738 1698 ut
1764 1645 1820 1698 in
1845 1645 2024 1699 Evan-

444 1743 584 1812 gclio
611 1759 624 1794 :
659 1741 772 1811 Ego
803 1756 917 1794 sum
945 1748 1126 1809 pastor
1157 1738 1322 1792 bonus
1361 1736 1568 1808 (Ibid.).
1602 1735 1871 1798 Pastores,
1898 1750 2025 1805 apo-

515 1836 562 1886 =~li
585 1875 599 1899 ,
641 1833 723 1887 vel
762 1833 944 1888 caeteri
981 1832 1252 1901 principes
1295 1829 1676 1892 ecclesiarum;
1715 1835 1774 1881 ut
1806 1826 1860 1881 in
1893 1826 2026 1882 Pro-

2125 651 2360 705 crurium
2400 665 2494 705 eas
2525 653 2787 706 vocitatas
2814 661 3025 722 putant.
3054 654 3308 725 Agrestes
3335 673 3529 728 caprae,
3567 676 3702 730 quas

2126 739 2295 796 Crceci
2320 753 2419 810 pro
2447 754 2512 794 eo
2537 742 2680 810 quod
2713 742 3023 797 acutissime
3061 743 3299 811 videant,
3331 763 3433 816 apo
3473 756 3563 803 tou
3593 763 3701 804 σιω

2125 831 2430 886 derkestbai
2453 832 2716 887 dorcadas
2737 831 3156 903 appellaverunt.
3184 834 3462 891 Morantur
3481 843 3616 893 enim
3643 840 3699 892 iu

2126 921 2284 977 celsis
2309 923 2584 977 montibus
2602 963 2615 988 ,
2648 931 2702 977 et
2726 925 2970 992 quamvis
2999 923 3064 979 de
3091 924 3247 994 longe
3267 967 3281 990 ,
3312 929 3493 983 vident
3519 937 3701 982 tamen

2126 1028 2313 1068 omnes
2359 1013 2452 1083 qui
2504 1015 2740 1069 veniunt.
2792 1015 2935 1070 Idem
2982 1025 3165 1072 autem
3206 1026 3262 1072 et
3301 1033 3494 1088 caprae.
3552 1017 3702 1077 idem

2128 1104 2313 1168 ibices,
2351 1106 2500 1173 quasi
2533 1107 2733 1171 sbices,
2765 1119 2830 1160 eo
2877 1107 3020 1177 quod
3053 1108 3224 1163 instar
3249 1110 3429 1164 avium
3460 1113 3626 1170 ardua
3646 1120 3712 1170 et.

2127 1194 2338 1250 excelsa
2371 1203 2586 1250 teneant
2615 1196 2729 1251 ioca
2751 1238 2765 1260 ,
2797 1197 2930 1255 etin
2961 1199 3232 1254 montibus
3257 1200 3594 1269 inhabitant,
3622 1202 3708 1259 ita

2125 1289 2188 1336 ut
2204 1283 2274 1336 de
2289 1283 2616 1338 sublimitate
2631 1285 2716 1338 vix
2733 1286 2980 1340 humanis
2997 1287 3270 1343 obtutibus
3288 1301 3530 1359 pareant.
3551 1291 3707 1348 Unde

2127 1380 2182 1441 et
2204 1374 2500 1428 meridiana
2526 1390 2650 1445 pars
2674 1377 2840 1432 ibices
2886 1393 3013 1433 aves
3050 1389 3228 1446 vocat,
3255 1382 3347 1450 qui
3373 1381 3476 1437 Nili
3505 1384 3706 1441 ﬂuenta

2128 1462 2450 1517 inhabitant.
2496 1464 2621 1519 Haec
2652 1466 2833 1535 itaque
2861 1467 3110 1523 animalia
3142 1469 3223 1542 (ut
3250 1471 3513 1546 diximus)
3532 1475 3586 1529 in
3614 1491 3712 1545 pc-

2129 1556 2226 1609 tr‘is
2265 1555 2541 1611 altissimis
2577 1567 3012 1626 commorantur,
3041 1570 3095 1615 et
3130 1561 3176 1616 si
3214 1563 3428 1630 quando
3465 1563 3706 1620 ferarum

2129 1645 2212 1701 vel
2239 1647 2515 1702 hominum
2545 1649 2922 1706 adVersitatem
2962 1655 3358 1723 persenserint,
3399 1656 3465 1711 de
3504 1657 3708 1712 altissi-

2127 1736 2232 1790 mis
2255 1751 2509 1790 saxorum
2533 1739 2902 1794 cacuminibus
2929 1753 3046 1795 sese
3070 1743 3488 1813 praecipitantes,
3514 1738 3567 1798 in
3596 1747 3710 1800 suis

2128 1830 2381 1885 cornibus
2409 1831 2573 1887 illaesa
2603 1833 2918 1901 suscipiunt.
2948 1835 3123 1903 Capra
3147 1848 3363 1892 carnem
3408 1837 3709 1894 Salvatorls

443 1935 603 1995 pacta
645 1943 659 1980 :
701 1925 846 1978 Dabo
883 1924 1057 1987 vobis,
1095 1922 1301 1990 inquit,
1339 1928 1569 1988 pastores
1607 1917 1891 1971 secundum
1935 1933 2026 1971 cor
2052 1936 2100 1995 Β
2128 1917 2424 1988 signiﬁcat,
2461 1920 2562 1975 hoc
2589 1930 2702 1984 est,
2735 1922 3135 1978 similitudinem
3172 1926 3353 1979 carnis
3378 1927 3617 1995 peccati,
3648 1934 3708 1980 ut

443 2033 637 2080 meum,
665 2027 712 2069 et
742 2024 952 2082 pascent
975 2031 1064 2067 vos
1089 2013 1306 2067 scientia
1333 2019 1382 2064 et
1406 2010 1644 2064 doctrina
1671 2009 1893 2080 (Jerem.
1919 2008 2022 2081 ιιι).

443 2106 716 2172 Psstores,
743 2105 1056 2160 sacerdotes
1085 2102 1344 2171 improbi‘
1376 2109 1433 2154 ut
1459 2101 1511 2154 in
1547 2099 1816 2154 Hieremia
1846 2118 1857 2152 :
1890 2096 2028 2154 Cres:

443 2201 709 2270 dispersus
739 2207 814 2250 est
833 2235 848 2260 ,
875 2196 999 2264 quia
1028 2208 1134 2246 non
1153 2202 1228 2245 est
1257 2192 1345 2261 qui
1369 2191 1602 2258 dispersa
1639 2189 1876 2258 colligat,
1921 2197 2024 2244 etc.

445 2289 663 2361 (Jerem.
698 2285 777 2356 χ).
808 2283 1037 2347 Custos,
1078 2281 1374 2345 Dominus;
1407 2279 1461 2333 in
1482 2277 1582 2334 Job
1609 2295 1621 2330 :
1654 2277 1768 2331 Tibi
1801 2277 2026 2346 peccavi,

444 2397 475 2434 ο
502 2389 674 2433 custos
703 2375 973 2430 hominum
1000 2371 1143 2443 (Job.
1167 2370 1285 2440 vn).
1315 2369 1372 2423 In
1396 2368 1534 2423 lsaia
1563 2385 1574 2420 :
1599 2366 1806 2432 Custos,
1825 2368 1949 2436 quid
1966 2367 2030 2421 de

446 2481 592 2527 nocte
610 2470 633 2523 ?
653 2477 847 2532 custos,
875 2463 1001 2536 quid
1017 2464 1082 2518 de
1105 2471 1252 2516 nocte
1269 2460 1440 2532 7(Isa.
1473 2459 1608 2530 nt).
1626 2457 1887 2514 Custodes
1902 2473 2028 2528 apo-

444 2562 568 2618 stoli
597 2560 680 2616 vel
705 2559 886 2614 caueri
925 2555 1327 2625 praedicatores.
1354 2552 1412 2606 in
1439 2551 1576 2606 isaia
1607 2567 1620 2602 :
1651 2548 1825 2619 Super
1849 2564 2028 2603 muros

444 2664 582 2715 tuos,
603 2647 920 2711 Jerusalem,
943 2643 1188 2698 constitui
1209 2641 1467 2705 custodes,
1497 2649 1607 2693 tota
1625 2639 1710 2692 die
1737 2647 1787 2691 et
1816 2648 1921 2691 tota
1939 2654 2032 2692 no-

445 2753 524 2796 cte
548 2743 603 2794 in
624 2748 928 2811 perpetuum
956 2751 1061 2789 non
1082 2733 1322 2788 tacebunt
1343 2731 1478 2803 (Isa.
1504 2732 1658 2801 uti).
1685 2728 2028 2792 Merceuarii,

443 2834 674 2905 populus
699 2829 1037 2894 Iudaeorum;
1067 2826 1123 2879 in
1151 2823 1440 2893 Evangeiio
1465 2841 1477 2875 :
1505 2820 1702 2887 Quanti
1722 2821 2030 2874 mercenarii

443 2927 500 2979 in
525 2925 681 2981 domo
714 2921 879 2991 patris
907 2915 1178 2972 abundant
1200 2912 1462 2984 panibus?
1491 2909 1640 2982 (Luc.
1669 2908 1785 2980 xv.)
1812 2906 2030 2977 lnquili-

444 3032 547 3070 nus
576 3012 865 3068 hereticus
889 3049 904 3072 ,
941 3004 1308 3061 mercenarius
1346 3001 1572 3073 populus
1605 2999 1932 3055 Judteorum.
1971 2996 2031 3051 in

444 3104 685 3161 Levitico
728 3121 741 3157 :
794 3097 1094 3170 Inquilinus
1133 3093 1416 3151 sacerdotis
1451 3102 1498 3146 et
1538 3090 1888 3145 mercenarius
1928 3102 2033 3142 non

444 3197 674 3253 comedet
698 3210 762 3248 ea:
796 3209 855 3247 eo
882 3190 1068 3263 (Leuit.
1098 3184 1258 3255 xxu),
1282 3186 1384 3240 hoc
1404 3190 1491 3238 est
1519 3197 1585 3238 ex
1615 3180 1881 3237 sacrificio
1913 3193 2033 3234 cor-

2129 2007 2184 2060 in
2233 2005 2558 2063 Salomone:
2590 2007 2760 2079 Fuge,
2800 2007 2984 2064 dilecte
3017 2026 3087 2063 mt
3111 2052 3125 2076 ,
3172 2013 3464 2068 assimilare
3507 2021 3708 2086 caput!

2131 2098 2305 2170 (Cant.
2334 2099 2415 2172 ιι).
2447 2101 2576 2156 item
2597 2117 2792 2170 capra},
2818 2110 3130 2171 peccatores
3152 2104 3265 2158 sive
3285 2113 3494 2175 gentes,
3526 2100 3579 2160 in
3604 2105 3708 2160 Da-

2130 2191 2268 2247 nisie
2299 2209 2313 2244 :
2344 2192 2481 2246 Ecce
2504 2193 2678 2247 hircus
2703 2200 2981 2261 caprarum
3007 2193 3167 2265 (Dan.
3189 2195 3330 2264 vui),
3359 2196 3412 2250 id
3433 2203 3536 2261 est,
3560 2199 3710 2265 prin-

2131 2298 2256 2353 ceps
2279 2289 2640 2353 peccatorum.
2666 2283 2853 2352 Capra:
2876 2291 3004 2354 ergo
3020 2282 3154 2352 justi
3185 2285 3455 2340 interdum
3482 2297 3549 2341 ex
3580 2299 3709 2348 aen-

2131 2374 2274 2429 tibus
2292 2375 2571 2429 venientes
2590 2415 2605 2440 ,
2631 2375 2685 2428 in
2715 2373 3002 2428 Salomone
3045 2392 3057 2427 :
3098 2373 3429 2444 Capiltatur'a
3457 2382 3550 2430 tua
3578 2379 3709 2426 sinu

2129 2478 2256 2532 grex
2297 2470 2576 2533 caprarum
2600 2505 2614 2528 ,
2656 2476 2771 2529 qua:
2809 2463 3151 2518 ascenderunt
3189 2465 3252 2517 de
3293 2475 3465 2519 monte
3505 2463 3709 2520 Galaad

2133 2555 2311 2625 (Cant.
2337 2556 2431 2625 iv).
2462 2548 2599 2611 Hinc
2624 2556 2751 2611 item
2775 2556 2904 2610 dicit
2933 2567 3162 2625 sponsus
3184 2556 3251 2611 ad
3273 2567 3523 2626 spOnsam
3551 2575 3562 2610 :
3591 2557 3709 2611 Duo

2131 2647 2290 2700 ubera
2325 2658 2416 2700 tua
2454 2649 2584 2700 sicut
2613 2648 2716 2700 duo
2751 2647 2954 2700 hinnuli
2985 2662 3184 2717 caprea:
3208 2647 3412 2717 gemelli
3430 2689 3443 2713 ,
3472 2650 3562 2719 qui
3585 2666 3708 2718 pas-

2132 2733 2319 2788 cuntur
2348 2737 2403 2789 in
2432 2735 2579 2800 (illis,
2608 2737 2772 2799 donec
2799 2737 2988 2807 aspiret
3019 2737 3148 2792 dies.
3186 2745 3231 2789 et
3267 2736 3582 2792 inclinentur
3605 2748 3710 2792 um-

2134 2825 2238 2878 bra:
2282 2822 2491 2896 (Ibid)
2533 2825 2689 2892 Qqua
2729 2824 2872 2879 enim
2920 2827 3032 2880 haec
3068 2827 3316 2880 animalia
3360 2825 3593 2881 ferarum
3627 2829 3709 2884 vei

2133 2915 2411 2970 hominum
2437 2916 2760 2970 adversitate
2796 2917 3112 2984 perterrita,
3152 2916 3217 2971 de
3245 2915 3524 2972 altissimis
3560 2920 3708 2978 rupi-

2132 3005 2232 3060 bus
2252 3019 2311 3060 se
2333 3004 2739 3074 praecipitando,
2768 3005 3022 3060 cornibus
3046 3005 3157 3060 suis
3180 3005 3345 3061 illaesa
3389 3006 3708 3072 suscipiunt,

2133 3096 2400 3166 significat
2427 3096 2571 3166 quod
2597 3096 2726 3164 justi
2757 3096 2982 3164 quique,
3015 3101 3069 3150 et
3119 3096 3284 3149 Deum
3317 3095 3598 3157 inuentes.
3629 3097 3710 3153 le-

2135 3203 2254 3258 gem
2292 3188 2387 3243 Dei
2424 3187 2476 3242 in
2513 3188 2720 3242 duabus
2749 3188 3084 3242 testamentis
3115 3187 3468 3252 meditantes,
3499 3197 3554 3244 et
3579 3189 3696 3244 duo

443 3288 592 3360 poris
642 3283 870 3339 Domini.
919 3280 1150 3343 Hircus,
1204 3275 1464 3331 lascivum
1515 3271 1714 3327 animal
1762 3280 1816 3326 et
1860 3267 2025 3338 petul-

2133 3282 2234 3338 bus
2260 3282 2543 3352 praeceptis
2578 3280 2856 3336 charitatis
2891 3294 3008 3336 eam
3041 3279 3423 3348 adimpl'entes,
3464 3283 3531 3336 ab
3562 3281 3711 3336 omni

444 3359 600 3442 eum,
639 3385 694 3430 et
734 3374 948 3429 fervens
989 3384 1202 3439 semper
1244 3367 1311 3424 ad
1338 3366 1577 3431 coitum,
1604 3363 1758 3432 cujus
1793 3359 1934 3416 oculi
1960 3361 2028 3415 ob

445 3470 722 3526 libidinem
763 3468 816 3520 in
858 3474 1227 3518 transversum
1272 3457 1540 3528 aspiciunt
1584 3472 1598 3510 :
1640 3455 1781 3510 unde
1825 3461 1879 3509 et
1927 3468 2029 3507 nov-

445 3579 568 3620 men
600 3561 783 3615 traxit.
810 3557 942 3611 Nam
971 3553 1151 3623 hirqui
1178 3559 1302 3605 sunt
1331 3548 1610 3604 oculorum
1639 3546 1815 3617 anguli
1840 3559 2030 3600 secun-

443 3658 569 3712 dum
602 3650 938 3712 Suetonium,
992 3644 1144 3713 cujus
1172 3650 1367 3698 natura
1403 3641 1536 3696 adeo
1566 3638 1894 3695 calidissima
1923 3643 2026 3701 est,

445 3755 504 3801 ut
532 3745 598 3800 ad
629 3745 965 3797 adamantem
1007 3735 1238 3805 lapidem
1260 3772 1274 3797 ,
1304 3747 1465 3801 quem
1493 3745 1594 3785 nec
1632 3729 1768 3798 ignis
1799 3740 1899 3781 nec
1924 3725 2024 3779 fer-

443 3853 565 3894 rum
601 3835 820 3889 domare
844 3830 1009 3893 valet,
1039 3827 1186 3883 solus
1213 3824 1373 3892 hujus
1397 3836 1559 3878 cruor
1584 3819 1857 3878 dissolvat.
1892 3816 2021 3870 Nam

441 3930 648 3990 hircus,
680 3923 772 3992 qui
798 3923 852 3975 in
878 3920 993 3990 lege
1014 3931 1114 3987 pro
1137 3915 1376 3986 peccatis
1400 3910 1745 3974 oﬂ‘erebatur,
1773 3916 2026 3978 peccato-

444 4034 565 4074 rum
595 4013 830 4072 ostendit
854 4021 1162 4079 personam,
1191 4003 1282 4073 qui
1322 4001 1442 4056 fuso
1475 3999 1765 4071 sanguine,
1793 3997 1895 4052 hoc
1922 4002 2026 4060 est,

444 4102 777 4177 poenitentia:
835 4094 1088 4165 iacrymis
1138 4090 1297 4147 solvit
1356 4088 1610 4144 duritiam
1659 4095 2022 4177 peccatorum.

445 4173 598 4254 lJnde
625 4195 679 4248 in
705 4187 970 4246 Psalterio
993 4185 1061 4240 ad
1088 4182 1374 4238 Dominum
1403 4180 1535 4234 dicit
1560 4177 1801 4233 Ecclesia
1834 4195 1846 4230 :
1884 4173 2028 4244 Ole.-

444 4303 557 4342 ram
591 4283 683 4338 tibi
711 4281 860 4335 boves
887 4292 1005 4334 cum
1033 4274 1194 4329 hircis
1226 4269 1398 4342 (Psal.
1435 4268 1583 4338 va).
1611 4267 1756 4322 Hirci
1781 4273 2026 4336 peccato.-

444 4395 531 4435 rcs
560 4377 678 4432 sive
704 4371 954 4445 gentiles,
986 4367 1041 4421 in
1071 4362 1291 4420 Danielc
1315 4378 1334 4417 ‘:
1368 4358 1505 4414 Ecce
1534 4369 1709 4413 autem
1737 4359 1914 4412 hircus
1940 4373 2028 4410 ca-

441 4483 656 4540 prarum
681 4463 916 4519 veniebat
953 4460 1018 4512 ab
1059 4454 1302 4526 aquilone
1337 4452 1498 4524 (Dan.
1535 4449 1675 4520 vin).
1718 4449 1834 4504 Duo
1869 4448 2023 4512 hirci,

443 4569 672 4627 uterque
693 4553 952 4625 populus,
981 4547 1290 4602 Judaeorum
1326 4544 1532 4600 scilicet
1569 4550 1624 4596 et
1655 4543 1892 4612 gentium
1914 4579 1928 4604 ,
1958 4555 2023 4596 ex

441 4615 664 4710 tradtice
695 4615 1238 4717 peccativenientes
1285 4640 1340 4694 in
1387 4637 1648 4692 Levitico.
1695 4635 1799 4690 Alii
1846 4615 2102 4691 autemD

440 4746 576 4799 duos
612 4739 821 4800 hircos,
861 4731 1139 4789 Christum
1177 4736 1233 4782 et
1268 4726 1594 4788 Barrabam,
1623 4725 2021 4779 intellexerunt.

441 4832 613 4888 Boves
636 4827 718 4895 (ut
737 4837 900 4892 supra
924 4815 1203 4885 diximus),
1228 4814 1603 4882 intelliguntur
1619 4811 2021 4880 pradicatores,

441 4920 534 4992 qui
563 4923 780 4988 pectora
809 4913 1045 4966 humana
1074 4905 1305 4960 feliciter
1334 4909 1622 4957 exarantes
1641 4941 1656 4966 ,
1685 4915 1868 4956 eorum
1897 4914 2022 4953 sen-

441 4989 591 5069 sibus
636 5003 876 5063 caelestis
931 4999 1082 5053 verbi
1127 4995 1332 5052 semina
1385 4994 1658 5049 fructuosa
1700 4989 2019 5046 condebant.

441 5101 592 5159 Hirci
625 5111 754 5153 vero
785 5091 1188 5160 intelliguntur,
1227 5085 1320 5156 qui
1352 5082 1630 5140 diabolicis
1670 5080 2026 5152 pravitatibus

444 5193 721 5249 studentes
739 5228 756 5253 ,
790 5185 1017 5254 hispidis
1039 5182 1186 5236 vitiis
1213 5180 1534 5234 vestiuntur.
1561 5175 1755 5230 Hircus
1778 5174 1924 5229 enim
1948 5174 2029 5228 di-

445 5293 563 5340 ctus
596 5287 708 5342 est,
742 5277 896 5346 quasi
933 5276 1206 5334 hirsutus;
1250 5272 1341 5326 sed
1383 5278 1438 5323 et
1466 5283 1559 5323 eos
1587 5283 1709 5322 cum
1750 5267 1922 5322 bubus
1949 5263 2028 5318 oi-

446 5374 550 5428 fert
580 5368 841 5430 Ecclesia,
873 5364 1092 5434 quando
1122 5360 1366 5417 conversi
1396 5359 1612 5414 Christo
1643 5359 1866 5413 Domino
1896 5372 2024 5411 conn

446 5465 680 5520 fitentur.
715 5457 912 5512 Hircus
938 5453 1083 5508 enim
1116 5450 1216 5507 fuit
1243 5451 1381 5505 latro
1411 5449 1516 5511 ille,
1553 5449 1644 5518 qui
1680 5448 1946 5518 pendebat
1973 5447 2028 5503 in

447 5567 624 5616 cruce,
651 5556 706 5603 ct
728 5562 855 5602 mox
879 5544 1056 5598 factus
1077 5548 1161 5597 est
1181 5541 1298 5607 bos,
1316 5539 1526 5608 quando
1549 5538 1616 5591 ad
1639 5535 2027 5591 confessionem

448 5640 695 5695 veritatis
733 5635 1030 5706 respiciens
1064 5631 1328 5702 pervenit.
1377 5628 1522 5681 Dixit
1557 5627 1698 5681 enim
1726 5645 1736 5679 :
1770 5626 2027 5679 Memento

450 5734 569 5795 mei,
589 5731 826 5790 Domine,
842 5745 957 5780 cum
981 5726 1179 5780 veneris
1204 5725 1258 5775 in
1284 5736 1495 5790 regnum
1521 5731 1667 5772 tuum
1684 5717 1830 5786 (Luc.
1848 5717 2024 5784 χχιιι).

453 5825 653 5879 Caurus
678 5829 731 5877 ct
759 5834 948 5889 capras
977 5834 1006 5870 a
1033 5815 1316 5886 carpendis
1353 5813 1595 5884 virgultis
1626 5811 1847 5881 quidam
1875 5811 2027 5866 dixe-

2127 3371 2457 3427 adversitate
2485 3371 2634 3427 ilizesi
2660 3372 3050 3426 custodiuntur.
3074 3369 3216 3424 Grex
3239 3369 3553 3441 intelligitur
3578 3371 3710 3427 tide-

2131 3463 2261 3518 lium
2296 3463 2671 3533 congregatio,
2713 3470 2946 3516 veterem
2995 3461 3456 3515 conversationem
3510 3461 3564 3514 in
3611 3461 3710 3515 ba-

2126 3554 2327 3624 ptismo
2363 3552 2697 3619 relinquens,
2741 3559 2801 3604 ut
2841 3561 2924 3604 est
2963 3548 3091 3602 illud
3129 3549 3183 3600 in
3213 3546 3435 3602 Cantico
3459 3549 3707 3604 cantico-

2130 3657 2249 3697 rum
2283 3661 2294 3695 :
2321 3642 2507 3695 Dentes
2534 3641 2610 3692 tui
2637 3641 2770 3692 sicut
2797 3653 2971 3708 greges
2997 3645 3289 3702 tonsuram,
3319 3649 3436 3707 qua:
3463 3639 3710 3692 ascende-

2131 3741 2252 3785 runt
2290 3731 2352 3782 de
2392 3729 2596 3782 lavacro
2635 3727 2853 3798 (Ibid)
2899 3726 3030 3780 item
3073 3737 3202 3797 grex
3241 3734 3324 3781 est
3361 3736 3708 3797 peccatorum

2122 3823 2394 3880 collectio.
2423 3825 2479 3877 in
2510 3822 2744 3878 Jeremia
2774 3841 2786 3877 :
2818 3820 3084 3893 Congrega
3110 3837 3194 3877 eos
3221 3824 3372 3892 quasi
3406 3841 3609 3894 gregem
3638 3825 3708 3879 ad

2125 3915 2388 3967 uictimam
2419 3912 2552 3982 (Jer.
2584 3913 2703 3982 xu).
2747 3910 2902 3966 Cervi
2935 3912 3062 3966 dicti
3095 3922 3194 3981 apo
3235 3921 3325 3967 ton
3355 3922 3574 3969 ceratOn
3597 3956 3612 3980 ,
3654 3912 3709 3972 id

2126 4009 2243 4066 est,
2287 4016 2318 4054 a
2358 4002 2629 4056 cornibus.
2663 3997 2853 4054 Cerata
2893 4001 3036 4054 enim
3064 3999 3250 4056 Grzece
3286 4015 3486 4055 cornua
3514 4003 3706 4057 dicun-

2125 4101 2235 4146 tur.
2273 4091 2342 4145 Hi
2373 4092 2516 4146 enim
2553 4100 2860 4161 serpentum
2899 4089 3099 4146 inimici
3138 4100 3260 4146 cum
3298 4101 3418 4146 sese
3453 4103 3706 4163 gravatos

2128 4181 2440 4236 inﬁmitate
2478 4181 2861 4250 perseuserint,
2910 4181 3099 4250 spiritu
3137 4181 3350 4235 narium
3391 4190 3486 4237 eos
3526 4191 3710 4238 extra—

2127 4272 2262 4326 hunt
2291 4270 2359 4324 de
2383 4269 2660 4334 cavernis,
2689 4278 2772 4335 et,
2805 4277 3055 4340 superata
3081 4269 3320 4339 pernicie
3353 4272 3580 4336 veneni,
3607 4285 3708 4326 eo-

2129 4375 2245 4415 rum
2269 4359 2464 4429 pabulo
2487 4368 2821 4428 reparantur.
2845 4358 3186 4414 Dictamnum
3213 4359 3435 4414 herbam
3457 4359 3558 4430 ipsi
3585 4374 3710 4430 pro-

2127 4449 2396 4503 diderunt.
2431 4447 2568 4502 Nam
2597 4459 2663 4502 eo
2689 4448 2832 4516 pasti
2870 4448 3149 4501 excutiunt
3181 4455 3429 4515 acceptas
3458 4449 3706 4517 sagittas.

2129 4537 2390 4594 Mirantur
2418 4547 2599 4592 autem
2622 4537 2841 4592 sibilum
2871 4536 3170 4590 ﬁstularum
3196 4553 3208 4588 :
3235 4535 3460 4590 arrectis
3483 4536 3710 4592 auribus

2128 4642 2284 4689 acute
2309 4633 2552 4697 audiunt,
2576 4630 2855 4686 submissis
2883 4629 2977 4684 nil.
3003 4628 3060 4683 Si
3086 4627 3300 4700 quando
3319 4629 3580 4683 immensa
3603 4627 3710 4683 ﬂu-

2129 4725 2275 4778 mina
2299 4722 2384 4776 vel
2412 4722 2580 4775 maria
2610 4728 2981 4784 transnatant,
3023 4719 3198 4788 capita
3226 4714 3477 4774 clunibus
3504 4733 3708 4788 praece-

2129 4811 2369 4866 dentium
2400 4811 2700 4880 imponunt,
2722 4809 2930 4877 sibique
2959 4809 3185 4863 invicem
3211 4809 3706 4871 succedentesnub

2130 4903 2240 4956 ium
2268 4902 2508 4956 laborem
2537 4900 2772 4955 sentiunt
2798 4900 3071 4968 ponderis.
3096 4898 3299 4955 Cervus
3320 4901 3466 4954 enim
3489 4907 3708 4954 sanctos

2129 4994 2276 5048 viros
2303 4990 2584 5062 signiﬁcat,
2636 4989 2805 5044 Deum
2833 4989 3223 5045 desiderantes.
3256 4988 3408 5045 Unde
3436 4983 3706 5057 Propheta

2132 5085 2206 5138 ait
2238 5101 2250 5136 :
2295 5081 2442 5136 Sicut
2477 5096 2654 5134 certius
2694 5079 2952 5134 desiderat
2992 5079 3060 5132 ad
3102 5079 3266 5145 fontes
3308 5094 3592 5146 aquarum,
3625 5079 3708 5134 ita

2129 5175 2389 5230 desiderat
2428 5174 2606 5227 anima
2645 5189 2758 5226 mea
2800 5172 2867 5224 ad
2910 5182 2986 5235 te,
3031 5171 3171 5224 Deus
3208 5169 3388 5240 (Psal.
3426 5169 3568 5238 xu).
3607 5169 3708 5226 Est

2127 5267 2270 5321 enim
2295 5256 2427 5324 illud
2457 5263 2654 5318 animai
2683 5263 2857 5331 primo
2899 5262 3205 5325 innoxium,
3239 5259 3432 5315 deinde
3476 5261 3707 5316 velocis-

2129 5355 2323 5409 simum
2351 5393 2366 5416 ,
2417 5352 2575 5406 tertio
2617 5350 2882 5405 desiderio
2930 5350 3300 5403 inardescente
3345 5348 3705 5406 siticulosum.

2131 5444 2419 5513 Serpentes
2447 5441 2664 5497 naribus
2696 5440 2859 5493 trahit
2888 5457 2898 5492 :
2931 5454 3067 5508 quos
3091 5448 3150 5493 ut
3176 5441 3466 5504 voraverit,
3498 5447 3707 5498 venena

2135 5543 2393 5589 aestuante
2421 5540 2693 5603 permotus
2727 5531 2793 5584 ad
2820 5528 3019 5582 fontem
3053 5544 3341 5598 aquarum,
3376 5537 3574 5596 quanta
3601 5539 3705 5598 po-

2138 5637 2240 5681 test
2269 5626 2584 5687 velocitate,
2617 5622 2854 5676 festinat.
2893 5621 3052 5675 Amat
3078 5622 3220 5674 enim
3257 5635 3396 5689 aqua
3435 5619 3576 5675 dulci
3602 5636 3710 5690 pu-

2137 5717 2451 5784 rissimaque
2472 5715 2674 5769 satiari.
2703 5712 2869 5780 Hujus
2893 5714 3086 5768 decora
3109 5712 3438 5780 comparatio
3459 5718 3710 5768 nostrum

2134 5810 2456 5866 desiderium
2485 5808 2733 5863 ardenter
2764 5806 3002 5878 instigat,
3053 5811 3112 5859 ut
3136 5805 3349 5874 quando
3376 5818 3582 5860 venena
3607 5819 3711 5860 an-
