3930 6332
1220 411 1309 474 DE
1348 404 1694 465 UNIVERSO
1731 404 1911 459 LIBRI
1944 403 2108 459 XXII.
2146 432 2216 444 —
2253 403 2381 457 LIB.
2424 401 2538 456 VII.

231 522 367 595 tiqui
393 528 685 597 serpentis
713 527 1021 592 haurimus,
1050 533 1105 581 et
1142 525 1196 579 in
1225 522 1430 578 intimis
1457 520 1698 574 faucibus
1728 531 1830 572 aes-
1860 520 1914 579 Α
1937 515 2121 569 nacius
2148 527 2298 577 vero,
2325 526 2482 580 quem
2507 526 2763 567 vocamus
2792 510 3037 578 ericium,
3061 511 3261 566 animal
3287 513 3510 570 omnino

238 622 455 671 tuamns
476 656 490 681 ,
522 617 596 671 ad
629 617 836 673 fontem
872 617 1064 673 divinae
1091 613 1470 670 misericordiae
1497 610 1638 664 illico
1667 608 1823 663 festi-

243 722 466 772 nemus;
498 717 776 778 quatenus
800 709 942 778 quod
964 705 1174 777 peccati
1203 703 1525 757 adversitate
1559 698 1829 755 contrahi-

251 807 352 861 tur,
385 797 688 855 dulcissimi
721 802 944 855 haustus
968 798 1203 870 puritate
1226 796 1494 850 vincatur.
1539 792 1646 847 Nec
1672 796 1830 846 vacat

254 892 426 960 quod,
459 891 528 945 ad
565 891 734 960 fontes
777 905 1062 961 aquarum,
1091 888 1257 952 dixit,
1294 902 1433 952 non,
1475 902 1656 956 aquas.
1687 884 1831 937 Fons

257 983 398 1036 enim
439 997 702 1051 aquarum
741 980 987 1035 Christus
1014 988 1098 1034 est
1135 977 1393 1033 Dominus
1417 1016 1433 1042 ,
1472 977 1613 1030 unde
1649 974 1831 1029 omnia

255 1069 430 1125 ﬂuunt
466 1084 799 1141 quaecunque
833 1068 1099 1125 reﬁciunt.
1154 1068 1379 1122 Fluenta
1416 1067 1559 1120 enim
1599 1066 1834 1135 plerum-

255 1177 362 1232 que
398 1163 589 1216 siccari
631 1168 860 1233 possunt
899 1179 913 1215 :
953 1160 1073 1216 fons
1111 1170 1291 1214 autem
1331 1173 1594 1227 aquarum
1622 1171 1834 1225 semper

254 1253 493 1324 irriguus
530 1261 632 1309 est.
673 1253 826 1309 Unde
863 1253 1056 1307 merito
1094 1251 1297 1307 dictum
1327 1259 1441 1314 est,
1475 1250 1543 1304 ad
1571 1249 1833 1318 liquorem

255 1359 431 1400 sacra:
453 1343 676 1413 originis
700 1341 1057 1398 festinandum
1088 1359 1101 1396 :
1131 1342 1220 1396 ubi
1249 1339 1572 1396 desiderium
1595 1347 1834 1393 nostrum

254 1451 536 1506 nunquam
557 1435 758 1490 habere
782 1435 951 1506 possit
968 1435 1250 1504 jejunium.
1273 1434 1406 1488 Item
1427 1432 1552 1486 alibi
1578 1431 1834 1500 scriptum

256 1536 345 1582 est
377 1545 389 1579 :
424 1525 625 1580 Montes
662 1527 848 1581 excelsi
886 1527 1052 1580 cervis
1089 1523 1269 1597 (Psal.
1305 1524 1457 1596 cui).
1502 1525 1633 1578 Item
1669 1524 1834 1588 cervi,

255 1618 602 1689 patriarchae.
633 1618 788 1675 Unde
817 1619 871 1673 in
894 1617 1132 1673 Canticis
1162 1617 1495 1673 canticorum
1524 1631 1619 1685 pro
1657 1615 1840 1669 Salva-

257 1717 413 1774 tore,
440 1709 532 1780 qui
565 1724 632 1764 ex
675 1722 862 1764 eorum
901 1708 1066 1778 stirpe
1103 1707 1394 1762 secundum
1435 1721 1651 1762 carnem
1683 1713 1840 1760 natus

256 1809 377 1864 est,
417 1800 614 1854 dicitur
646 1818 659 1852 :
696 1799 878 1870 Fuge,
915 1799 1101 1853 dilecte
1142 1800 1249 1864 mi,
1291 1797 1582 1852 assimilare
1617 1813 1835 1868 capreat,

1929 604 2195 669 timidum,
2223 610 2414 656 natura
2435 602 2748 671 providente
2778 616 2993 670 semper
3019 611 3284 657 armatum
3318 623 3331 657 :
3357 606 3509 676 cujus

1927 702 2106 750 cutem
2128 692 2357 748 invicem
2378 699 2612 748 setarum
2631 692 2792 748 sudes
2806 691 3132 749 acutissima:
3151 694 3512 751 densissima:-

1931 804 2035 858 que
2061 786 2430 843 communiunt
2454 802 2469 851 ;
2501 787 2584 840 cui
2615 794 2794 840 tamen
2821 799 2930 841 non
2955 784 3148 841 suﬁicit
3170 788 3348 842 nativa
3386 803 3509 843 mu-

1932 880 2068 934 nitio
2101 897 2113 933 :
2145 879 2264 942 sed,
2295 891 2364 930 ne
2404 876 2579 945 aliqua
2624 874 2808 929 fraude
2852 877 3023 946 possit
3074 877 3338 948 intercipi,
3372 879 3516 933 refu-

1934 968 2080 1037 gium
2107 967 2271 1022 habet
2299 978 2513 1032 semper
2538 963 2592 1016 in
2629 962 2953 1018 saxis.'iluic
2972 971 3339 1034 competenter
3365 973 3518 1035 apta-

1934 1068 2046 1124 tur,
2077 1059 2170 1128 qui
2194 1055 2432 1125 peccatis
2461 1054 2572 1109 suis
2587 1054 2827 1124 hispidus
2840 1052 3020 1109 ﬁttu’ra
3049 1056 3248 1125 judicia
3270 1064 3516 1112 metuens

1932 1161 2144 1220 petram
2170 1147 2443 1202 Christum
2483 1145 2852 1200 ﬁrmissimum
2876 1146 3117 1200 noscitur
3146 1147 3346 1202 habere
3367 1146 3515 1203 refu-

1934 1241 2104 1311 gium.
2133 1238 2239 1292 Sus
2265 1237 2428 1302 dicta,
2461 1236 2600 1304 quod
2627 1249 2829 1304 pascua
2869 1235 3080 1305 subigat
3104 1253 3117 1288 :
3143 1235 3198 1289 id
3221 1243 3320 1300 est,
3372 1244 3518 1291 terra

1939 1329 2160 1384 subacta
2182 1341 2341 1381 escas
2367 1326 2620 1395 inquirat.
2653 1326 2848 1381 Verres
2873 1341 2957 1391 eo,
2985 1328 3127 1395 quod
3152 1327 3383 1398 grandes
3422 1328 3520 1382 ha-

1938 1417 2067 1471 beat
2094 1416 2255 1470 vires.
2290 1415 2510 1481 Porcus,
2538 1415 2695 1484 quasi
2739 1430 2992 1485 spurcus;
3044 1417 3336 1488 ingurgitat
3377 1417 3521 1472 enim

1941 1523 2000 1563 se
2025 1522 2208 1572 coeno;
2254 1505 2364 1561 luto
2399 1506 2695 1577 immergit;
2741 1505 2868 1560 limo
2910 1506 3083 1561 illinit.
3137 1506 3422 1562 Horatius:
3451 1506 3523 1560 Et

1943 1597 2112 1650 amica
2135 1595 2246 1649 luto
2270 1581 2382 1648 sus.
2436 1593 2572 1648 Hinc
2615 1595 2778 1648 etiam
2825 1595 3139 1664 spurcitiam
3182 1595 3266 1650 vel
3313 1595 3524 1665 spurios

1944 1699 2334 1753 nuncupamus.
2364 1683 2660 1738 Porcorum
2685 1681 2822 1752 pilos
2865 1692 3008 1738 setas
3059 1698 3342 1749 vocamus;
3381 1692 3525 1739 setas

1944 1789 1976 1828 a
2003 1790 2097 1830 sue
2125 1776 2320 1840 dictas,
2344 1789 2376 1828 a
2403 1775 2598 1844 quibus
2626 1782 2681 1828 et
2714 1782 2928 1828 sutores
2958 1782 3238 1839 vocantur,
3267 1775 3408 1843 quod
3456 1789 3525 1829 ex

256 1889 581 1958 hinnuloque
608 1864 874 1945 cervorum
912 1887 1098 1960 (Cant.
1142 1887 1235 1959 ιι).
1283 1888 1472 1952 Cervi,
1504 1864 1748 1957 apostoli.
1781 1888 1838 1940 In
1867 1867 1915 1927 Β
1943 1866 2272 1960 θέίίδξωηῑν
2305 1865 2358 1919 id
2385 1872 2491 1960 ξδδίν
2513 1864 2982 1960 οοηβυθηῖ-Ρξῖυθε·
3005 1864 3194 1960 ,δυθδ-
3214 1873 3528 1960 Ρθοίξξίωιᾫε

255 1977 525 2032 Psalterio
573 1996 585 2030 :
647 1976 761 2032 Vos:
800 1982 1147 2047 prteparantis
1182 1993 1354 2032 cervos
1399 1973 1580 2048 (Psal.
1614 1973 1836 2046 xxvm).

258 2067 438 2124 Cerva
461 2079 542 2122 est
571 2084 699 2124 caro
727 2067 958 2122 Domini.
989 2067 1047 2120 In
1086 2065 1371 2121 Salomone
1397 2085 1409 2121 :
1442 2063 1605 2119 Cerva
1638 2065 1838 2118 charis-

259 2157 400 2212 sima
445 2167 494 2211 et
534 2158 862 2227 gratissimus
902 2153 1181 2220 hinnulus,
1221 2155 1380 2208 ubera
1418 2154 1532 2223 ejus
1567 2153 1766 2206 ebriant
1796 2162 1844 2205 te

263 2246 454 2318 (Prov.
486 2246 540 2317 v)
559 2287 573 2311 ,
605 2247 657 2300 id
698 2254 814 2311 est,
848 2244 1154 2315 evangelica
1185 2245 1452 2298 doctrina.
1479 2243 1683 2307 Cervae,
1712 2257 1842 2311 apo-

264 2340 394 2395 stoli
435 2339 500 2393 ab
540 2339 672 2405 hoc,
712 2339 855 2409 quod
891 2338 1205 2408 spiritaliter
1240 2335 1564 2406 parturiunt.
1604 2335 1664 2389 lu
1697 2331 1796 2388 Job
1827 2349 1840 2387 :

268 2426 528 2498 Nunquid
567 2429 702 2482 nosti
745 2437 945 2497 tempus
984 2435 1165 2495 partus
1206 2427 1432 2491 ibicum,
1473 2423 1548 2477 vel
1587 2423 1846 2492 parientes

268 2533 450 2572 cervas
475 2516 794 2570 observasti?
822 2514 976 2586 (Job.
1005 2512 1216 2584 χχιιι.)
1257 2511 1458 2567 Cervus
1487 2518 1570 2564 est
1601 2514 1690 2579 (ut
1713 2508 1849 2562 dixi-

269 2606 427 2679 mus)
456 2620 847 2660 vencnosarum
874 2604 1208 2674 serpentium
1231 2617 1420 2667 vorax,
1445 2600 1660 2670 spinosa
1683 2607 1852 2653 trans-

271 2697 512 2750 centiens
540 2704 593 2749 et
626 2710 833 2750 summa
863 2693 1103 2764 agilitate
1136 2692 1419 2762 praeditus,
1453 2690 1698 2744 habitare
1727 2687 1848 2742 dili-

273 2786 356 2858 git
386 2786 436 2838 in
473 2785 742 2839 montibus
770 2783 1065 2838 altissimis.
1099 2782 1234 2836 Huic
1262 2779 1452 2834 merito
1475 2785 1853 2847 comparantur

275 2876 488 2943 ﬁdeles,
515 2877 607 2946 qui
643 2875 914 2931 diabolum
946 2883 1138 2928 vorant
1163 2914 1177 2938 ,
1202 2871 1416 2943 quando
1444 2870 1709 2939 nequitias
1737 2869 1854 2938 ejus

276 2969 348 3020 ad
397 2967 607 3022 Domini
654 2967 865 3022 laudem
915 2965 1247 3034 gloriamque
1291 2969 1645 3026 convertunt;
1694 2961 1852 3014 vitia-

278 3071 387 3126 que
421 3057 579 3126 hujus
621 3055 804 3110 saeculi
846 3055 1000 3124 quasi
1045 3055 1226 3122 spinas
1270 3054 1409 3107 bona
1453 3051 1856 3107 conversatione

279 3143 597 3198 transiliunt
628 3161 638 3196 :
669 3150 723 3198 et
751 3143 997 3198 habitant
1023 3142 1076 3196 in
1104 3142 1396 3206 montibus,
1421 3140 1476 3195 id
1503 3151 1601 3204 est,
1641 3145 1856 3210 aposto-

1947 1957 2278 2026 signiﬁcant,
2309 1966 2363 2011 et
2387 1956 2692 2010 immundos
2720 1953 2805 2009 vel
2833 1955 3131 2022 hazreticos,
3162 1955 3228 2010 de
3257 1957 3450 2026 quibus
3471 1957 3526 2011 in

1945 2045 2062 2117 lege
2085 2047 2412 2116 praecipitur,
2444 2044 2513 2099 ob
2540 2045 2662 2109 hoc,
2709 2045 2850 2113 quod
2885 2045 3139 2115 ungulam
3191 2045 3421 2113 ﬁndunt,
3473 2056 3529 2103 et

1947 2152 2056 2192 non
2081 2136 2375 2200 ruminant,
2407 2149 2472 2189 ne
2494 2149 2525 2188 a
2555 2133 2800 2189 ﬁdelibus
2843 2148 3036 2188 carnes
3084 2149 3270 2190 eorum
3319 2136 3529 2191 contin-

1947 2237 2159 2296 gantur.
2181 2225 2248 2280 Ili
2264 2225 2388 2280 licet
2405 2232 2689 2293 utrumque
2703 2231 3083 2279 testamentum
3098 2223 3254 2296 Legis
3275 2233 3330 2279 et
3348 2225 3524 2280 Evan-

1946 2319 2071 2390 gelii
2097 2316 2410 2386 suscipiant,
2442 2316 2536 2371 sed
2564 2315 2684 2384 quia
2709 2314 3002 2384 spiritalem
3026 2315 3206 2369 cibum
3224 2330 3332 2370 non
3361 2317 3530 2370 rumi-

1947 2417 2100 2475 nant,
2133 2407 2396 2462 immundi
2423 2414 2566 2461 sunt.
2596 2405 2728 2460 Item
2751 2421 2876 2461 sues
2898 2405 3224 2476 pmnitentes
3253 2405 3529 2476 negligent-

1949 2507 2052 2562 tes,
2077 2505 2132 2552 et
2158 2497 2226 2551 ad
2260 2511 2343 2562 ea,
2384 2511 2500 2566 qua
2528 2494 2803 2563 ﬁeverant,
2831 2505 3160 2552 revertentes
3183 2497 3523 2567 signiﬁcant:

1952 2589 2092 2644 sicut
2116 2586 2308 2643 Petrus
2335 2586 2390 2640 in
2420 2585 2656 2657 Epistola
2689 2600 2785 2641 sua
2829 2586 2906 2640 ait
2934 2604 2945 2639 :
2971 2584 3127 2639 Canis
3175 2602 3406 2641 reversus
3458 2588 3526 2641 ad

1950 2676 2195 2731 vomitum
2216 2691 2391 2740 suum,
2414 2684 2460 2728 et
2483 2691 2571 2728 sus
2596 2674 2700 2728 lota
2728 2675 2784 2728 in
2812 2673 3081 2728 volutabra
3117 2672 3216 2727 luti
3257 2672 3352 2746 (ΙΙ
3383 2673 3529 2731 Petr.

1952 2764 2048 2835 ιι).
2089 2764 2251 2820 Canis
2277 2778 2407 2834 ergo
2435 2778 2557 2816 cum
2586 2763 2773 2828 vomit,
2802 2762 3042 2832 profecto
3069 2764 3269 2829 cibum,
3298 2766 3391 2834 qui
3435 2780 3530 2835 pe-

1953 2863 2077 2911 ctus
2101 2855 2459 2926 deprimebat,
2489 2854 2735 2924 projicit;
2768 2855 2864 2910 sed
2887 2870 3008 2910 cum
3039 2856 3105 2910 ad
3129 2856 3391 2911 vomitum
3446 2873 3532 2912 re—

1953 2948 2198 3012 vertitur,
2225 2946 2367 3001 unde
2397 2946 2658 3016 levigatus
2685 2945 2881 3011 fuerat,
2906 2961 3099 3001 rursus
3124 2954 3397 3001 oneratur.
3442 2946 3533 3003 Sic

1957 3039 2049 3107 qui
2080 3037 2311 3092 admissa
2340 3037 2618 3107 plangunt,
2642 3035 2881 3106 profecto
2909 3038 3105 3093 mentis
3130 3039 3444 3108 nequitiam,
3468 3041 3536 3095 de

1957 3139 2065 3197 qua
2093 3125 2232 3180 male
2259 3125 2482 3180 saturati
2507 3124 2742 3191 fuerant,
2784 3140 2903 3194 qua:
2946 3141 3038 3181 eos
3083 3128 3228 3181 intus
3271 3127 3536 3196 deprime-

281 3235 352 3289 lis
371 3245 425 3289 et
444 3237 739 3306 prophetis,
755 3235 843 3303 qui
865 3234 1064 3288 sanctis
1083 3232 1550 3302 praedicationibus
1565 3233 1675 3288 suis
1689 3234 1742 3287 in
1754 3233 1853 3286 hoc

1957 3218 2069 3283 bat,
2095 3216 2386 3286 projiciunt
2425 3215 2758 3281 conﬁtendo;
2791 3231 2950 3285 quam
2981 3225 3101 3285 post
3119 3216 3533 3282 confessionem,

283 3326 487 3379 mundo
517 3326 685 3380 solida
711 3325 990 3380 cacumina
1025 3338 1146 3378 esse
1175 3331 1504 3378 meruerunt.
1539 3323 1858 3393 Tragelaphi
1961 3313 2088 3367 dum
2117 3319 2388 3382 Γθβθῑυηῐο
2425 3318 2720 3365 νεευωιωί·
2763 3309 2866 3364 5'13
2892 3309 2999 3366 Ῑθῑθ
3022 3311 3077 3364 in
3100 3310 3536 3378 νοῖυιεδτοΊυιῙν

283 3429 317 3467 a
348 3413 549 3468 Crtecis
575 3416 723 3479 dicti,
756 3416 847 3484 qui
873 3416 999 3468 dum
1020 3414 1206 3468 eadem
1236 3414 1413 3483 specie
1437 3413 1574 3478 sint,
1603 3421 1662 3467 ut
1691 3415 1853 3480 cervi,

1962 3402 2089 3458 dum
2132 3402 2365 3466 lavatur,
2415 3400 2682 3455 sordidior
2725 3399 3086 3454 redditur:et
3123 3401 3215 3470 qui
3249 3401 3541 3456 admissum

284 3503 507 3556 villosos
538 3511 714 3557 tamen
739 3503 939 3557 habent
966 3517 1167 3566 armos,
1188 3511 1249 3556 ut
1266 3502 1425 3566 hirci,
1451 3509 1504 3557 et
1532 3511 1708 3556 menta
1731 3517 1853 3571 pro-

1959 3493 2186 3563 plangit,
2211 3505 2312 3546 nec
2335 3498 2513 3545 tamen
2545 3489 2764 3555 deserit,
2795 3489 3026 3560 graviori
3050 3490 3535 3560 culpasesubjicit,

287 3590 417 3644 lixis
447 3591 656 3645 hirsuta
681 3591 889 3655 barbis,
925 3590 1016 3659 qui
1062 3605 1167 3643 non
1209 3589 1336 3643 alibi
1368 3597 1492 3642 sunt
1525 3604 1682 3658 quam
1715 3590 1861 3643 circa

287 3679 563 3734 Fasidem.
602 3679 818 3733 Hinnuli
840 3677 935 3732 ﬁlii
959 3687 1085 3732 sunt
1112 3691 1412 3733 cervorum.
1454 3675 1678 3729 Damula
1706 3690 1864 3728 voca-

290 3775 372 3832 ta,
397 3767 540 3835 quod
565 3768 630 3822 de
660 3783 820 3822 manu
843 3767 1032 3838 fugiat,
1058 3766 1303 3820 timidum
1330 3765 1529 3820 animal
1554 3773 1606 3820 et
1633 3764 1858 3820 imbelle.

291 3857 372 3912 De
400 3872 506 3926 quo
531 3857 788 3914 Martialis
825 3877 838 3911 :

1964 3582 2055 3651 qui
2084 3589 2140 3636 et
2173 3582 2344 3650 ipsam
2373 3581 2584 3634 veniam
2609 3579 2922 3643 contemnit,
2962 3593 3125 3647 quam
3153 3577 3327 3634 ﬂendo
3366 3581 3537 3650 impe-

1963 3682 2109 3728 trare
2137 3673 2340 3742 potuit;
2371 3680 2427 3726 et
2451 3671 2602 3739 quasi
2629 3671 2684 3724 in
2712 3669 2887 3724 lutosa
2912 3685 3051 3739 aqua
3079 3670 3426 3740 semetipsum
3462 3672 3540 3724 in-

1964 3763 2147 3828 volvit,
2177 3763 2302 3831 quia
2331 3762 2457 3815 dum
2483 3760 2595 3815 suis
2624 3759 2876 3828 lacrymis
2900 3760 3024 3813 vitae
3067 3760 3382 3814 munditiam
3414 3760 3540 3832 sub.-

1966 3851 2152 3916 trahit,
2181 3857 2305 3904 ante
2329 3848 2429 3902 Dei
2456 3847 2640 3903 oculos
2686 3847 2928 3902 sordidas
2974 3848 3118 3916 ipsas
3155 3847 3417 3918 lacrymas
3467 3847 3544 3902 fa-

419 3947 585 4010 De_ute
622 3948 821 4010 timetur
844 3961 964 4010 aper
993 3961 1006 3996 :
1028 3946 1298 4010 defendunt
1315 3957 1495 4010 cornua
1514 3955 1715 4010 cervum
1739 3956 1752 3991 :

1966 3942 2059 3996 cit.
2100 3940 2233 3994 Item
2270 3939 2441 4008 porci,
2468 3938 2712 3992 homines
2752 3938 3012 3993 immundi
3053 3946 3212 4007 atque
3261 3937 3542 3994 luxuriosi.

484 4008 720 4059 Imbelles
739 4005 891 4059 damn
922 4009 1038 4071 quid
1059 4043 1074 4069 ,
1101 4010 1192 4058 nisi
1216 4007 1392 4069 praeda,
1414 4017 1579 4054 sumus
1595 4005 1619 4052 ?

1965 4032 2027 4086 In
2052 4029 2341 4099 Evangelio
2368 4050 2380 4082 :
2413 4026 2471 4082 Si
2495 4027 2638 4097 ejicis
2667 4043 2782 4093 nos,
2810 4027 2954 4082 mitte
2993 4029 3048 4082 in
3096 4044 3280 4098 porcos
3329 4027 3542 4100 (Matth.

371 4112 493 4166 Ητεο
519 4126 730 4182 (ιυοιιυθ
757 4111 1010 4164 animalia
1036 4119 1126 4166 al“
1161 4110 1430 4165 Chrismm
1453 4109 1565 4164 Sive
1610 4109 1865 4162 ίηηοεθη·
1968 4120 2115 4192 vui).
2147 4121 2277 4174 Item
2307 4118 2380 4172 ibi
2407 4134 2420 4170 :
2451 4117 2534 4171 Ne
2567 4118 2780 4170 mittatis
2821 4120 3135 4188 margaritas
3183 4127 3378 4173 vestras
3423 4128 3544 4172 ante

296 4205 637 4261 teshomiues
652 4203 974 4274 signiﬁcant.
999 4203 1137 4258 Hinc
1157 4217 1366 4273 quoqne
1386 4216 1581 4271 sponsa
1596 4201 1661 4254 de
1676 4213 1869 4268 sponso
1971 4225 2152 4278 porcos
2184 4206 2396 4278 (Matth.
2432 4205 2563 4275 vn).
2603 4205 2806 4261 Porcus
2843 4205 3093 4260 similiter
3135 4206 3396 4261 immundi
3431 4207 3540 4277 spi-

298 4297 354 4351 in
373 4295 598 4350 Cantico
627 4296 959 4349 canticorum
985 4294 1062 4347 ait
1089 4308 1104 4346 :
1137 4292 1334 4348 Similis
1361 4300 1440 4346 est
1475 4290 1690 4344 dilectus
1727 4305 1870 4342 meus
1971 4299 2127 4353 ritus.
2155 4298 2213 4352 [n
2240 4294 2530 4367 Evangelio
2553 4314 2566 4349 :
2593 4295 2665 4350 Et
2700 4297 2840 4350 misit
2869 4295 3017 4350 illum
3059 4298 3114 4350 in
3144 4297 3317 4353 villam
3359 4315 3542 4366 suam,

299 4387 532 4442 damula:
581 4385 899 4456 hi'muloque
947 4401 1214 4441 cervorum
1265 4383 1448 4456 (Cant.
1474 4386 1563 4455 ιι).
1625 4381 1872 4436 Christus
1971 4400 2028 4444 ut
2055 4397 2283 4460 pasceret
2304 4404 2488 4458 porcos
2531 4385 2693 4459 (Luc.
2727 4385 2849 4459 xv).
2904 4387 3108 4443 Porcus
3151 4389 3398 4444 similiter
3445 4390 3546 4445 im-

300 4479 465 4549 igitur
494 4477 550 4529 in
577 4475 940 4544 assumptione
966 4475 1144 4529 carnis
1167 4484 1221 4528 et
1254 4473 1554 4528 humilitate
1576 4472 1745 4526 damas
1789 4486 1874 4526 as-
1898 4547 1910 4549 ξ
1973 4481 2202 4535 mundos
2230 4477 2495 4548 signiﬁcat
2515 4485 2570 4531 et
2589 4485 2928 4547 peccatores:
2960 4477 3026 4531 de
3049 4478 3311 4546 quibusin
3335 4480 3542 4549 psalmo

300 4547 569 4626 similatur
595 4584 610 4619 :
633 4565 688 4619 iu
715 4565 975 4620 varietate
1002 4579 1131 4619 vero
1156 4565 1414 4618 virtutum
1466 4572 1519 4618 et
1567 4562 1872 4619 innocentia
1896 4547 1949 4609 Β
1975 4570 2232 4639 scriptum
2254 4547 2338 4622 est
2366 4585 2379 4620 :
2406 4567 2484 4620 De
2509 4565 2823 4621 absconditis
2853 4567 2954 4619 tuis
2984 4566 3289 4637 adimpletus
3321 4547 3396 4621 est
3424 4585 3546 4622 ven-

301 4660 527 4721 hiunulo
553 4673 860 4724 cervorum,
888 4659 992 4713 hoc
1015 4666 1115 4723 est,
1147 4657 1594 4726 patriarcharum,
1639 4657 1705 4712 de
1752 4656 1873 4725 qui-
1974 4669 2052 4714 ter
2078 4671 2294 4713 eorum:
2320 4658 2543 4712 saturati
2570 4665 2689 4711 sunt
2715 4657 2948 4727 porcina,
2969 4665 3018 4710 et
3039 4656 3411 4728 relinquentur,
3424 4673 3543 4729 quat

301 4755 404 4810 bus
425 4751 724 4806 secundum
756 4764 974 4804 carnem
995 4749 1256 4818 originem
1283 4748 1455 4802 duxit.
1504 4747 1680 4816 Lepus
1721 4747 1874 4816 quasi

299 4845 526 4914 levipes,
568 4841 696 4912 quia
717 4840 970 4895 velociter
993 4839 1182 4893 currit.
1239 4838 1388 4894 Unde
1441 4847 1495 4892 et
1539 4837 1724 4893 Graece
1776 4852 1875 4908 pro

302 4951 462 4991 cursu
501 4933 652 5004 lagos
676 4931 892 4993 dicitur,
918 4928 1074 4982 velox
1099 4928 1239 4982 enim
1265 4927 1461 4980 animal
1487 4935 1540 4980 et
1562 4927 1693 4981 satis
1737 4927 1878 4980 timi-

299 5026 449 5077 dum.
474 5022 760 5094 Signiﬁcat
773 5029 951 5075 autem
972 5019 1122 5088 lepus
1141 5018 1386 5072 homines
1406 5017 1656 5072 timentes
1676 5017 1872 5071 Deum:

301 5115 392 5183 qui
416 5129 524 5166 non
551 5112 607 5164 in
640 5110 958 5179 semetipsis,
976 5107 1070 5163 sed
1093 5109 1146 5162 in
1182 5107 1435 5162 Creatore
1485 5121 1581 5160 suo
1631 5106 1879 5159 ﬁduciam

302 5202 526 5256 habent.
557 5198 713 5253 Unde
734 5198 929 5266 legitur
964 5197 1016 5250 in
1048 5195 1331 5250 Salomone
1361 5213 1374 5247 :
1399 5193 1716 5264 Lepusculus
1742 5193 1881 5264 plebs

304 5290 536 5345 invalida
556 5305 675 5358 qua:
695 5288 914 5340 collocat
933 5288 989 5340 in
1009 5295 1155 5356 petra
1175 5285 1340 5339 cubile
1359 5301 1510 5340 suum
1531 5285 1710 5354 (Prov.
1729 5285 1880 5355 xxx).

308 5379 459 5437 Unde
485 5382 687 5436 dicitur
720 5377 774 5430 in
799 5376 1009 5430 Psalmo
1041 5395 1052 5429 :
1090 5375 1248 5431 Petra
1278 5377 1532 5446 refugium
1561 5375 1816 5444 leporibus
1842 5386 1887 5430 et

305 5475 548 5533 uinariis
572 5470 760 5544 (Psal.
788 5469 933 5541 Clll).
964 5468 1121 5522 Petra
1152 5481 1330 5523 autem
1363 5468 1605 5523 Christus
1626 5476 1726 5522 est.
1753 5467 1889 5524 Hinc

303 5571 367 5629 de
395 5568 582 5638 Moyse
609 5563 866 5620 scribitur
907 5560 1111 5632 (Exod.
1135 5561 1334 5632 χχχιιι)
1359 5602 1374 5626 ,
1420 5562 1562 5631 quod
1589 5560 1888 5630 lepusculus

299 5661 517 5721 Domini
548 5659 772 5727 Moyses
801 5654 1010 5710 steterit
1033 5655 1086 5708 in
1127 5653 1389 5708 foramine
1431 5662 1594 5724 petrae
1626 5672 1637 5706 :
1664 5654 1788 5722 quia
1837 5653 1887 5707 in

291 5756 553 5831 passione
576 5747 963 5817 Redemptoris
990 5760 1139 5816 spem
1167 5744 1352 5801 salutis
1379 5760 1487 5800 suae
1521 5745 1720 5801 habuit.
1773 5744 1890 5799 Eri-

1975 4751 2337 4821 superfuerant
2361 4749 2588 4820 parvulis
2608 4750 2715 4805 suis
2757 4749 2936 4821 (Psal.
2972 4749 3114 4820 xv1).
3161 4749 3372 4807 Judzeos
3417 4752 3550 4808 dicit

1978 4842 2044 4896 de
2075 4840 2451 4906 immunditiis,
2477 4855 2596 4909 qua:
2627 4857 2656 4895 a
2695 4840 2923 4895 Domino
2960 4841 3288 4905 abscondita,
3336 4843 3390 4898 id
3437 4852 3543 4910 est,

1979 4936 2269 4985 noscuntur
2293 4943 2412 4984 esse
2441 4929 2728 5000 prohibita.
2779 4929 3004 4985 Porcina
3035 4931 3103 4984 ad
3141 4930 3342 5000 polluta
3378 4933 3549 5003 respi-

1979 5023 2073 5087 cit,
2103 5035 2220 5091 qua:
2260 5021 2402 5074 inter
2457 5030 2650 5075 caetera
2681 5019 2887 5076 Veteris
2928 5020 3253 5077 Testamenti
3281 5033 3547 5095 praecepta

1983 5109 2252 5164 immunda
2297 5119 2648 5180 praenotatur.
2723 5111 3157 5167 Transmiserunt
3203 5122 3382 5169 autem
3423 5115 3552 5170 reli-

1984 5201 2136 5272 quias
2156 5208 2495 5270 peccatorum
2520 5201 2642 5255 ﬁliis
2665 5202 2796 5266 suis,
2817 5203 3025 5271 quando
3046 5204 3348 5260 clamabant
3372 5223 3386 5260 :
3409 5205 3550 5263 Sau-

1985 5290 2098 5360 guis
2110 5289 2220 5358 ejus
2233 5306 2387 5358 super
2405 5306 2498 5344 nos
2517 5300 2563 5344 et
2578 5307 2732 5360 super
2741 5290 2876 5359 ﬁlios
2893 5301 3092 5346 nostros
3129 5293 3340 5364 (Matth.
3355 5293 3546 5367 xxvn).

1988 5379 2120 5435 Item
2144 5394 2236 5434 sus
2260 5387 2512 5450 peccator
2540 5387 2681 5434 recte
2704 5379 3024 5450 intelligens,
3071 5391 3126 5436 et
3160 5383 3428 5440 luxuriose
3472 5385 3553 5438 vi-

1990 5483 2120 5522 vens
2139 5467 2193 5521 in
2221 5466 2509 5523 Salomone
2540 5486 2553 5520 :
2580 5465 2818 5520 Circulus
2861 5484 3047 5521 aureus
3093 5471 3147 5522 in
3181 5470 3396 5524 naribus
3443 5471 3552 5526 suis

1993 5559 2177 5614 mulier
2195 5559 2412 5628 pulchra
2440 5568 2485 5612 et
2512 5558 2656 5627 fatua
2682 5555 2994 5627 (Prov.x1).
3050 5557 3179 5612 Item
3227 5575 3320 5613 sus
3362 5575 3548 5614 carna-

1995 5652 2123 5704 lium
2140 5650 2492 5719 cogitationes
2512 5649 2757 5711 sordidae,
2775 5661 2842 5700 ex
2865 5646 3057 5716 quibus
3077 5663 3238 5718 opera
3251 5664 3412 5718 prava
3433 5650 3552 5707 vel-

1996 5749 2054 5794 ut
2083 5739 2299 5794 decocta
2325 5739 2637 5810 procedunt,
2678 5737 2734 5792 in
2759 5737 2898 5793 Isaia
2930 5752 2945 5791 :
2996 5736 3097 5804 Qui
3135 5737 3407 5793 comedunt
3441 5753 3536 5794 car
