3930 6396
354 386 462 445 107

1038 388 1097 442 Β.
1140 387 1390 443 ΒΛΒΑΝΙ
1428 386 1645 443 MAURI
1681 387 2001 444 ARCHlEP.
2042 388 2348 446 MOGUNT.
2383 392 2666 451 OPERUM
2704 392 2881 448 PARS
2918 394 2979 449 ll.

3507 392 3617 452 208

354 520 477 560 nem
501 503 735 570 suillam,
763 513 810 558 et
848 520 938 572 Jus
982 503 1259 573 profanum
1283 504 1338 555 in
1380 502 1516 557 vasis
1565 518 1745 556 eorum
1790 501 1940 571 (Isa.
1968 506 2020 565 Α
2047 519 2165 573 qua:
2190 502 2427 572 perfidiae
2460 504 2727 570 doctores,
2771 513 3028 575 tanquam
3064 516 3270 574 tauros,
3296 515 3611 579 sequuntur.

355 594 515 665 ιη).
543 594 691 667 Aper
718 611 749 650 a
772 593 985 649 feritate
1014 601 1256 657 vocatus,
1293 590 1471 646 ablata
1494 591 1523 659 f
1536 591 1711 645 littera
1734 598 1790 644 et
1810 591 1935 645 sub-
2036 590 2233 646 Bovem
2266 590 2437 645 Graeci
2476 591 2618 646 boun
2650 593 2850 647 dicunt.
2876 594 3030 649 Hunc
3063 595 3236 651 Latini
3265 598 3490 653 trionem
3516 615 3615 656 vo—

354 694 542 755 rogata
560 702 614 754 p.
641 684 792 740 Unde
810 693 866 741 et
888 685 1027 756 apud
1051 683 1269 739 Graecos
1289 698 1536 754 suagros,
1562 683 1614 738 id
1643 690 1747 749 est,
1789 682 1936 738 ferus

353 780 571 834 dicitur.
603 776 775 834 Omne
793 779 960 844 enim,
984 776 1127 847 quod
1141 776 1313 832 ferum
1327 785 1411 832 est
1422 777 1695 832 etimmite
1717 775 1938 831 abusive

354 877 569 940 agreste
590 884 869 925 vocamus.
894 868 1000 923 Alii
1020 876 1201 923 autem
1224 882 1413 937 aprum
1444 868 1633 922 dicunt
1657 881 1776 921 esse
1801 881 1937 920 nun—

354 972 633 1032 cupatum,
661 961 804 1031 quod
830 962 885 1016 in
908 961 1043 1017 locis
1063 960 1270 1031 asperis
1291 967 1675 1015 commoratur.
1717 955 1935 1028 Signiﬁ-

351 1061 442 1107 cat
471 1060 654 1106 autem
675 1066 806 1121 aper
837 1050 1171 1108 ferocitatem
1206 1049 1511 1121 principum
1538 1045 1696 1116 huius
1734 1044 1935 1102 saaculi.

355 1142 507 1198 Unde
532 1143 585 1197 in
611 1143 820 1214 psalmo
848 1144 916 1199 de
940 1144 1098 1198 vinea
1126 1142 1340 1198 Domini
1380 1144 1640 1212 scriptum
1677 1146 1761 1194 est
1784 1153 1798 1192 :
1825 1137 1938 1192 Ea:-

354 1232 651 1286 terminavit
678 1249 792 1286 eam
823 1248 948 1302 aper
974 1232 1039 1291 de
1059 1230 1209 1296 silva,
1236 1240 1283 1286 et
1306 1230 1588 1302 singularis
1611 1228 1754 1298 ferus
1775 1227 1939 1297 depa-

354 1330 466 1373 stus
495 1330 570 1373 est
600 1337 715 1374 eam
747 1320 929 1393 (Psal.
958 1320 1175 1393 um).
1212 1320 1603 1376 Exterminavit
1635 1326 1790 1375 extra
1833 1326 1944 1372 ter—

353 1413 530 1468 minos
551 1422 712 1483 atque
737 1414 971 1483 patriam
996 1427 1148 1468 suam
1178 1412 1396 1482 ubique,
1414 1410 1668 1481 dispersit
1693 1409 1854 1480 quod,
1887 1407 1942 1462 in

353 1513 513 1574 gente
533 1503 798 1574 contingit
819 1502 1149 1558 Judaaorum.
1178 1501 1385 1572 Aprum
1412 1500 1801 1570 Vespasianum
1828 1497 1941 1553 for-

353 1595 499 1649 sitan
529 1594 787 1650 debemus
816 1594 1081 1664 accipere,
1110 1593 1201 1662 qui
1226 1592 1330 1647 illis
1357 1591 1543 1647 existit
1584 1587 1738 1645 fortis
1764 1596 1818 1643 et
1846 1602 1945 1642 sa:-

354 1701 474 1740 vus.
498 1684 604 1740 Per
636 1686 739 1739 hoc
787 1693 969 1740 autem
1018 1699 1215 1739 nomen
1261 1681 1531 1752 signiﬁcat
1578 1678 1778 1734 ludatis
1823 1690 1945 1732 esse

354 1774 713 1840 contrarium,
755 1774 882 1845 quia
931 1774 1035 1831 hoc
1076 1772 1277 1828 animal
1325 1773 1465 1826 inter
1510 1777 1709 1825 caetera
1743 1767 1946 1823 habere

2039 688 2181 745 cant,
2202 695 2267 735 eo
2287 682 2429 749 quod
2466 689 2667 737 terram
2692 690 2852 745 terat,
2870 683 3024 753 quasi
3046 685 3325 740 terionem.
3353 685 3565 743 Naevius
3598 704 3613 742 :

2040 772 2295 828 Trionum
2318 772 2405 827 hic
2439 773 2747 829 moderator
2774 775 3026 831 rusticus.
3054 774 3217 843 Cujus
3246 775 3474 833 latitudo
3508 778 3619 849 pel-

2038 866 2169 922 lium
2211 882 2241 921 a
2283 875 2464 922 mento
2512 868 2580 921 ad
2630 883 2787 922 crura
2840 867 3075 937 palearia
3128 868 3379 923 dicuntur
3423 886 3452 923 a
3483 870 3621 940 pelle

2042 959 2180 1028 ipsa,
2204 958 2356 1028 quasi
2392 958 2646 1029 pelearia.
2679 958 2738 1013 In
2763 959 2938 1016 bubus
2960 975 3089 1031 ergo
3119 960 3410 1030 aliquando
3459 962 3619 1016 luxu-

2041 1050 2308 1105 riosorum
2355 1050 2624 1105 dementia
2655 1090 2669 1115 ,
2706 1049 2993 1120 aliquando
3039 1049 3308 1108 laboriosa
3361 1051 3623 1108 fortitudo

2040 1141 2446 1211 pratdieantium
2475 1183 2489 1208 ,
2532 1142 2820 1212 aliquando
2853 1144 3127 1200 humilitas
3144 1145 3466 1215 exprimitur
3488 1145 3626 1200 Isra-

2042 1232 2289 1287 elitarum
2315 1273 2330 1299 ,
2367 1234 2507 1303 quod
2556 1233 2701 1289 enim
2742 1233 2897 1289 bovis
2934 1236 3152 1291 nomine
3192 1250 3294 1306 per
3345 1250 3624 1305 compara-

2045 1320 2248 1377 tionem
2283 1321 2680 1377 luxuriosorum
2704 1322 2974 1378 dementia
3006 1322 3340 1393 designatur,
3367 1323 3626 1378 Salomon

2044 1411 2263 1478 indicat,
2291 1412 2383 1481 qui
2410 1427 2530 1467 cum
2571 1412 2710 1467 male
2768 1412 3043 1468 suadentis
3096 1413 3340 1469 mulieris
3382 1413 3630 1484 petulan-

2044 1503 2174 1557 tiam
2212 1502 2581 1571 prsemisisset,
2615 1503 2896 1573 adjunxit:
2926 1501 3216 1572 Statimque
3236 1519 3351 1557 eam
3373 1504 3629 1573 sequitur,

2043 1593 2193 1665 quasi
2219 1592 2307 1647 bos
2333 1592 2520 1647 ductus
2555 1594 2623 1647 ad
2651 1594 2911 1648 victimant
2949 1591 3142 1655 (Prov.
3172 1592 3313 1664 vn).
3370 1593 3630 1661 Rursum,

2046 1683 2189 1753 quod
2212 1683 2366 1739 bovis
2407 1684 2625 1739 nomine
2671 1682 2825 1738 labor
2858 1683 3230 1754 prmdicatoris
3286 1682 3631 1753 exprimitur,

2046 1772 2207 1844 Legis
2237 1774 2401 1828 verba
2442 1782 2725 1840 testantur,
2770 1789 2890 1842 qua:
2940 1774 3056 1828 ait:
3086 1771 3211 1827 Non
3258 1774 3523 1828 obturabis
3573 1789 3633 1828 os

353 1865 642 1921 videbatur
667 1843 1060 1923 immunditiam
1082 1866 1147 1919 de
1170 1864 1324 1929 silva,
1349 1862 1556 1918 scilicet
1580 1863 1646 1918 de
1667 1860 1941 1932 gentibus,
1970 1843 2019 1905 Β
2048 1843 2162 1920 bovi
2194 1866 2464 1918 trituranti
2505 1864 2682 1934 (Deut.
2708 1879 2815 1918 xxv
2845 1880 2859 1929 ;
2888 1863 2919 1917 Ι
2942 1862 3065 1918 Cor.
3095 1864 3204 1936 ιχ).
3236 1864 3474 1921 Rursum
3504 1864 3632 1933 quia

352 1973 473 2028 quae
495 1958 688 2013 merito
714 1957 864 2013 silvis
886 1956 1147 2027 squalidis
1168 1963 1571 2025 comparantur,
1595 1953 1725 2023 quia
1768 1951 1945 2007 adhuc

354 2047 531 2102 insita:
559 2047 835 2104 fructuoso
866 2048 1109 2119 germine
1157 2061 1264 2100 non
1311 2044 1550 2100 fuerunt.
1604 2042 1946 2114 Singularem

354 2147 537 2191 autem
565 2138 741 2191 ferum
765 2136 945 2192 Titum
986 2136 1153 2191 ﬁlium
1185 2134 1303 2204 ejus
1346 2142 1637 2201 memorat,
1681 2134 1773 2203 qui
1816 2132 1945 2189 reli-

354 2239 490 2292 quas
515 2222 636 2277 belli
666 2230 812 2276 tanta
839 2221 1183 2291 populatione
1208 2219 1482 2284 contrivit,
1536 2227 1595 2273 ut
1634 2228 1847 2289 gentem
1892 2226 1947 2271 et

353 2313 651 2377 civitatem,
667 2312 821 2382 quasi
848 2310 1137 2365 herbarum
1157 2308 1373 2379 pabula,
1397 2306 1622 2363 terribili
1636 2305 1947 2375 depastione

354 2412 719 2459 consumeret.
749 2402 979 2459 Necesse
1004 2401 1149 2456 enim
1177 2398 1277 2455 fuit
1297 2398 1399 2453 hoc
1420 2397 1591 2453 vineae
1610 2396 1943 2468 contingere,

354 2491 507 2562 cujus
534 2492 770 2549 maceria
815 2492 1100 2547 videbatur
1147 2505 1267 2546 esse
1311 2488 1575 2558 deposita.
1622 2486 1949 2558 Spiritaliter

355 2591 537 2637 autem
561 2597 692 2651 aper
721 2591 942 2653 propter
990 2579 1326 2637 ferocitatem
1361 2585 1416 2633 et
1439 2577 1810 2633 fortitudinem
1860 2576 1947 2631 ni-

356 2673 522 2727 miam
556 2670 803 2726 diabolus
830 2671 1053 2741 intelligi
1081 2678 1277 2739 potest.
1311 2669 1389 2723 De
1416 2667 1549 2722 silva
1574 2673 1759 2721 autem
1791 2665 1946 2729 dixit,

356 2763 484 2834 quia
510 2761 866 2832 cogitationes
886 2760 1003 2830 ejus
1032 2768 1273 2832 agrestes
1301 2759 1543 2828 aviaeque
1584 2771 1799 2827 semper
1835 2754 1950 2811 exi-

357 2863 528 2912 stunt.
559 2851 829 2909 Iuvencus
858 2854 1035 2910 dictus
1066 2869 1151 2921 eo,
1179 2853 1324 2923 quod
1343 2852 1534 2921 juvare
1586 2850 1809 2919 incipiat
1852 2849 1949 2904 ho-

357 2945 566 3000 minum
598 2962 727 3001 usus
754 2946 805 2999 in
833 2944 1057 3001 colenda
1085 2955 1249 3009 terra,
1282 2952 1339 2999 et
1373 2942 1499 3012 quia
1534 2942 1674 3011 apud
1724 2939 1950 3011 gentiles

358 3035 478 3091 Jovi
528 3050 743 3106 semper
798 3037 997 3106 ubique
1042 3037 1307 3107 juveneus
1355 3033 1754 3100 immolabatur,
1806 3048 1949 3089 nun-

358 3143 521 3196 quam
556 3136 761 3193 taurus,
787 3144 913 3182 nam
944 3127 997 3180 in
1025 3128 1261 3182 victimis
1280 3136 1411 3182 mtas
1451 3126 1614 3181 etiam
1642 3124 1953 3180 considera-

2044 1956 2198 2011 bovis
2250 1954 2464 2011 nomine
2502 1954 2652 2023 plebs
2693 1953 2989 2009 Israelitica
3034 1955 3312 2026 ﬁguratur,
3361 1955 3631 2025 Propheta

2047 2047 2239 2103 asserit
2267 2048 2358 2116 qui
2384 2047 2762 2116 Redemptoris
2798 2049 3087 2103 adventum
3119 2047 3444 2103 denuntians
3466 2047 3631 2103 dicit:

2048 2137 2294 2209 Cognovit
2332 2137 2420 2192 bos
2465 2153 2807 2206 possessorem
2855 2153 3028 2203 suum,
3083 2147 3131 2191 et
3180 2137 3358 2192 asinus
3407 2151 3637 2208 prtesepe

2047 2229 2257 2283 Domini
2277 2229 2359 2283 sui
2382 2228 2528 2300 (Isa.
2558 2228 2631 2300 ι).
2661 2228 2795 2283 Item
2821 2229 2894 2283 ibi
2928 2247 2941 2283 :
2968 2229 3121 2283 Beati
3142 2229 3231 2301 qui
3256 2229 3523 2284 seminatis
3544 2245 3637 2284 stt-

2046 2336 2138 2391 per
2166 2335 2341 2373 omnes
2376 2336 2559 2390 aquas,
2600 2320 2931 2395 immittentes
2974 2320 3156 2390 pedem
3211 2321 3349 2376 bovis
3394 2331 3445 2376 et
3497 2322 3636 2376 asini

2048 2408 2193 2480 (Isa.
2224 2409 2425 2479 χχχιι).
2452 2410 2585 2466 ltcm
2606 2411 2705 2466 bos
2731 2410 2975 2466 diabolus
3002 2411 3055 2465 in
3084 2412 3361 2477 membris,
3394 2412 3500 2467 hoc
3528 2419 3633 2478 est,

2047 2500 2338 2556 haereticis.
2371 2501 2498 2556 lude
2530 2502 2582 2555 in
2605 2500 2705 2557 Job
2732 2519 2744 2555 :
2769 2501 2975 2557 Fenum
3001 2512 3056 2557 ut
3091 2503 3180 2558 bos
3206 2504 3435 2558 comedet
3478 2503 3632 2575 (Job.

2048 2592 2172 2663 XL).
2209 2592 2384 2648 Vacca
2415 2592 2568 2662 quasi
2602 2592 2822 2659 boacca,
2856 2602 2940 2650 est
2960 2595 3105 2650 enim
3134 2610 3200 2650 ex
3229 2594 3490 2664 qualitate
3526 2610 3637 2650 mo-

2048 2682 2237 2737 bilium
2260 2682 2561 2747 nominum,
2614 2683 2754 2738 sicut
2781 2683 2864 2739 leo
2912 2683 3100 2747 leaena,
3149 2685 3311 2740 draco
3364 2685 3633 2741 dracazna.

2049 2771 2177 2829 Haec
2227 2772 2515 2844 aliquando
2564 2775 2618 2829 in
2668 2774 2867 2830 bonam
2915 2776 3361 2847 signiﬁcationem
3417 2788 3635 2834 sensum

2048 2867 2237 2933 trahit,
2285 2878 2345 2922 ut
2383 2877 2465 2924 est
2494 2867 2625 2923 illud
2651 2868 2706 2923 in
2734 2868 2875 2940 Lege
2929 2868 3125 2941 (Num.
3153 2869 3277 2940 xix)
3300 2911 3315 2936 ,
3347 2870 3433 2925 ubi
3474 2885 3637 2926 vacca

2050 2956 2168 3012 rufa
2196 2958 2371 3014 aetatis
2419 2960 2650 3029 integra,
2681 2969 2735 3014 et
2768 2976 2888 3030 quat
2928 2975 3036 3014 non
3072 2961 3318 3026 traxerit,
3368 2960 3638 3017 immolari

2045 3048 2265 3120 jubetur
2294 3050 2347 3104 in
2378 3052 2685 3121 expiatione
2728 3052 3022 3106 sanctuarii
3074 3052 3307 3107 Domini.
3350 3050 3500 3109 Solet
3537 3066 3639 3122 per

2053 3138 2407 3194 masculinum
2452 3138 2727 3205 fortitudo,
2768 3154 2867 3209 per
2907 3138 3199 3196 femineum
3229 3154 3361 3196 vero
3412 3140 3638 3197 inﬁrmi-

355 3216 535 3271 batur.
567 3215 778 3270 Taurus
806 3214 1053 3270 Graecum
1084 3230 1303 3281 nomen,
1352 3215 1492 3269 sicut
1513 3222 1569 3271 et
1592 3213 1711 3269 bos.
1754 3213 1951 3268 Indicis
1976 3192 2022 3255 C
2054 3238 2140 3284 tas
2169 3228 2459 3298 designari.
2501 3228 2641 3295 Quid
2668 3192 2796 3298 erg;
2825 3242 2924 3298 per
2950 3244 3191 3293 vaccam,
3226 3229 3330 3283 nisi
3359 3238 3636 3299 “summa

358 3306 530 3360 tauris
568 3306 717 3362 color
766 3306 941 3361 fulvus
982 3316 1085 3371 est,
1122 3306 1360 3361 volucris
1385 3305 1701 3375 pernicitas,
1731 3304 1853 3374 pilis
1895 3305 1948 3359 in

358 3398 691 3451 contrarium
718 3397 913 3452 versis.
945 3396 1122 3466 Caput
1161 3395 1594 3452 circumﬁectunt
1647 3394 1945 3460 ﬁexilitate,

357 3508 461 3562 qua
491 3491 681 3545 volunt
709 3509 721 3544 :
754 3491 889 3557 tergi
921 3490 1116 3545 duritia
1147 3503 1307 3544 omne
1335 3489 1498 3543 telum
1539 3495 1816 3557 respuunt,
1846 3488 1950 3541 im-

357 3588 478 3642 miti
519 3585 753 3641 l‘eritate.
798 3585 1008 3640 Taurus
1055 3584 1323 3641 Christus.
1365 3584 1423 3637 ln
1472 3583 1670 3639 Genesi
1704 3583 1813 3637 :Et
1859 3584 1948 3653 fu-

358 3695 477 3732 rore
505 3694 600 3732 suo
624 3678 1060 3731 subnervaverunt
1110 3685 1322 3731 taurum
1385 3675 1557 3747 (Gen.
1580 3676 1764 3746 xmx).
1817 3676 1948 3731 Item

360 3768 523 3832 tauri,
552 3776 847 3838 potestates
870 3766 1051 3822 saeculi
1074 3766 1255 3836 hujus,
1284 3764 1454 3821 'eornu
1484 3766 1748 3834 superbia:
1768 3764 1947 3819 humi-

354 3859 435 3915 les
470 3858 657 3929 plebes
692 3857 1043 3921 ventilantes,
1066 3858 1133 3910 de
1158 3857 1355 3924 quibus
1402 3855 1457 3908 in
1509 3852 1746 3909 Jeremia
1778 3869 1793 3907 :
1830 3854 1949 3907 Mu-

356 3950 505 4021 gistis
535 3957 590 4000 ut
617 3947 759 3999 tauri
786 3946 931 4017 (Jer.
958 3962 989 3999 L
1008 3944 1048 4017 ).
1073 3945 1139 3999 Et
1164 3944 1289 4000 alibi
1320 3962 1333 3997 :
1358 3943 1425 3998 Et
1448 3944 1591 3998 tauri
1616 3960 1741 3999 cum
1763 3953 1947 4013 poten-

356 4040 495 4094 tibus
519 4037 666 4111 (lsa.
698 4037 915 4108 xxxrv).
940 4036 1103 4091 Tauri
1134 4045 1189 4090 et
1232 4036 1284 4090 in
1317 4035 1513 4090 bonam
1565 4045 1621 4089 et
1662 4035 1716 4088 in
1754 4035 1948 4090 adver-

352 4146 475 4188 sam
502 4137 712 4200 partem
736 4128 1183 4201 signiﬁcationem
1205 4127 1448 4181 trahunt.
1472 4126 1539 4180 1n»
1564 4128 1762 4180 bonam
1811 4139 1947 4193 quo-

358 4237 485 4294 que,
512 4231 572 4275 ut
599 4230 683 4275 est
714 4219 841 4275 illud
862 4219 916 4273 in
942 4217 1232 4289 Evangelio
1260 4235 1273 4273 :
1304 4217 1439 4271 Ecce
1465 4216 1747 4287 prandium
1776 4230 1948 4269 meum

355 4314 562 4384 paravi,
589 4322 636 4365 et
664 4310 835 4365 altilia
860 4310 1031 4364 occisa
1059 4318 1201 4373 sunt,
1231 4317 1280 4363 et
1310 4309 1485 4362 omnia
1508 4316 1697 4377 parata
1728 4305 1944 4378 (Matth.

356 4404 531 4470 χχιι).
565 4402 727 4467 Quid,
759 4414 888 4469 ergo
908 4414 1006 4467 per
1041 4408 1240 4461 tauros,
1275 4398 1380 4453 nisi
1406 4398 1596 4453 Patres
1636 4396 1948 4452 testamenti

356 4490 559 4545 veteris
585 4485 995 4558 signiﬁcantur?
1016 4500 1140 4540 nam
1164 4486 1290 4541 dum
1314 4500 1382 4540 ex
1416 4486 1773 4555 permissione
1807 4484 1943 4556 legis

357 4587 701 4650 acceperant,
726 4586 994 4647 quatenus
1027 4575 1367 4632 adversarios
1399 4590 1527 4630 suos
1562 4576 1672 4631 odii
1714 4576 1945 4630 retribu-

354 4676 502 4729 tione
529 4681 902 4743 percuterent,
942 4678 1003 4724 ut
1050 4670 1124 4724 ita
1172 4670 1347 4725 dicam
1373 4709 1387 4734 ,
1412 4668 1541 4737 quid
1592 4668 1736 4722 aliud
1781 4682 1944 4736 quam

357 4766 500 4819 tauri
522 4772 696 4827 erant,
723 4763 812 4831 qui
832 4761 1083 4815 inimicos
1102 4774 1228 4815 suos
1251 4759 1465 4813 virtutis
1489 4772 1761 4827 corporeae
1776 4772 1945 4813 cornu

356 4855 658 4913 feriebant?
681 4854 819 4920 Quid
845 4867 971 4909 vero
993 4866 1089 4920 per
1114 4850 1301 4913 altilia,
1334 4850 1434 4903 nisi
1465 4850 1587 4903 novi
1640 4846 1945 4903 testamenti

356 4948 549 5002 Patres
579 4945 898 5015 ﬁgurantur,
930 4941 1022 5010 qui
1054 4941 1178 4993 dum
1206 4939 1435 5009 gratiam
1476 4936 1817 5008 pinguetlinis
1866 4935 1947 4989 in-

357 5047 526 5094 terna:
563 5032 886 5103 percipiunt,
933 5031 1151 5085 aeternis
1198 5028 1483 5084 desideriis
1528 5028 1842 5091 innitentes,
1880 5025 1947 5080 ad

358 5124 612 5184 sublimia
664 5120 1133 5191 contemplationis
1187 5134 1299 5174 suae
1351 5132 1531 5187 penna
1574 5116 1943 5172 sublevantur.

356 5221 415 5277 In
445 5215 775 5274 contrariam
809 5228 939 5268 vero
961 5220 1167 5280 partem
1198 5210 1337 5265 tauri
1377 5208 1537 5277 positi
1585 5208 1944 5277 accipiuntur,

356 5319 417 5366 ut
443 5316 528 5365 est
555 5306 685 5360 illud
708 5306 761 5357 in
784 5302 988 5371 psalmo
1018 5318 1030 5353 :
1055 5300 1343 5355 Concilium
1366 5308 1637 5353 taurorum
1674 5301 1811 5353 inter
1832 5314 1949 5352 vac-

359 5416 448 5453 cas
478 5395 787 5466 populorum
822 5390 1004 5463 (Psal.
1034 5390 1237 5462 van).
1274 5388 1373 5444 llic
1399 5404 1494 5459 per
1517 5397 1699 5445 tauros
1734 5388 1947 5445 haereti-

360 5503 454 5542 cos
483 5485 753 5555 signiftcat
778 5482 1089 5548 indomitos,
1112 5482 1204 5550 qui
1224 5490 1404 5537 erecta
1444 5481 1655 5536 cervice
1685 5482 1945 5538 seducunt

362 5579 573 5632 animas
619 5576 952 5641 innocentes,
1006 5584 1060 5630 et
1107 5575 1173 5629 ad
1216 5590 1369 5629 suum
1430 5589 1644 5644 gregem
1704 5575 1942 5640 trahunt,

365 5685 499 5739 quos
530 5667 727 5723 infelici
750 5668 1099 5734 persuasione
1139 5667 1430 5737 decipiunt.
1496 5664 1684 5721 Vacca:
1731 5680 1945 5735 quoque

366 5758 682 5830 populorum
706 5765 831 5812 sunt
848 5758 1102 5817 mulieres
1123 5757 1309 5816 ductili
1336 5757 1612 5817 voluntate
1637 5757 1940 5827 levissimae,

1968 4537 2023 4598 D

2054 3320 2121 3374 ad
2172 3318 2499 3375 sacriﬁcium
2552 3318 2837 3374 inﬁrmitas
2880 3319 3266 3375 incarnationis
3319 3319 3633 3387 Dominicaa,

2052 3409 2331 3480 ﬁguratur.
2364 3407 2441 3463 De
2464 3421 2571 3479 quo
2603 3408 2862 3477 scriptum
2882 3416 3004 3464 est:
3040 3406 3177 3472 Quia
3214 3417 3261 3461 et
3306 3408 3352 3462 si
3399 3419 3633 3462 mortuus

2050 3508 2125 3553 est
2148 3499 2475 3568 inﬁmitate,
2498 3498 2587 3553 sed
2603 3498 2717 3553 vivit
2739 3514 2804 3552 ea:
2825 3499 3010 3552 virtute
3041 3497 3105 3569 (1
3110 3497 3138 3551 Ι
3172 3496 3293 3552 Cor.
3315 3514 3411 3553 xm
3427 3497 3469 3569 ).
3492 3498 3635 3554 Bene

2051 3598 2234 3645 autem
2268 3604 2429 3644 vacca
2451 3588 2567 3644 ὶιωο
2592 3587 2713 3643 rufa
2740 3588 2959 3653 dicitur,
2983 3588 3107 3658 quia
3128 3587 3379 3643 videlicet
3406 3587 3523 3657 ejus
3542 3588 3638 3643 hu-

2050 3682 2284 3736 manitas
2328 3681 2492 3735 rubra
2537 3695 2633 3751 per
2679 3695 2926 3736 cruorem
2972 3680 3243 3750 passionis
3297 3679 3417 3735 fuit.
3476 3680 3635 3739 IEtas

2050 3772 2402 3826 humanitatis
2438 3772 2651 3827 Domini
2686 3772 2894 3841 integra
2932 3780 3035 3836 est,
3063 3770 3244 3824 omnia
3273 3772 3391 3841 ejus
3443 3786 3634 3841 opera-

2052 3859 2128 3913 tio
2156 3858 2415 3929 perfecta.
2447 3859 2505 3913 ln
2535 3873 2640 3929 qua
2661 3858 2908 3914 videlicet
2933 3858 3268 3914 humanitate
3292 3859 3503 3915 macula
3527 3876 3632 3916 non
3728 3902 3731 3905 -

2050 3947 2152 4001 fuit
2192 3989 2206 4012 ,
2234 3949 2359 4016 quia
2388 3956 2441 4002 et
2464 3948 2730 4003 veraciter
2750 3948 2815 4003 de
2844 3961 2908 4003 eo
2930 3948 3189 4017 scriptum
3222 3957 3308 4004 est
3333 3968 3347 4004 :
3386 3949 3490 4014 Qui
3512 3966 3632 4019 pec-

2050 4047 2223 4090 catum
2254 4054 2355 4090 non
2385 4037 2525 4106 fecit,
2556 4052 2646 4091 nec
2697 4036 2847 4090 dolus
2903 4036 3138 4090 inventus
3181 4048 3252 4091 est
3280 4039 3336 4090 in
3389 4054 3478 4091 ore
3521 4038 3635 4109 ejus

2051 4126 2200 4194 (Isa.
2244 4126 2390 4197 ι.ιιι).
2446 4128 2588 4182 Bene
2638 4136 2818 4182 autem
2873 4128 3120 4183 subditur
3158 4127 3315 4182 :Nec
3352 4130 3635 4199 portaverit

2048 4216 2231 4287 iugum
2256 4214 2456 4285 (Num.
2486 4217 2630 4287 xix).
2660 4218 2795 4284 Quia
2828 4233 2956 4287 ergo
2984 4217 3247 4273 Dominus
3277 4217 3407 4272 nulli
3435 4233 3631 4275 succu-

2047 4307 2186 4372 buit,
2215 4310 2396 4377 jugnm
2431 4308 2652 4361 minime
2680 4310 2931 4377 portavit.
2968 4308 3110 4363 Bene
3154 4318 3335 4363 autem
3388 4310 3630 4366 dicitur:

2047 4396 2345 4452 Immolavit
2373 4416 2486 4452 eam
2516 4399 2570 4450 in
2591 4408 2864 4468 conspectu
2898 4397 3109 4453 Domini
3140 4399 3312 4471 (Ibid.
3328 4399 3370 4473 ).
3396 4401 3633 4459 Redem-

2047 4498 2169 4558 ptor
2188 4488 2331 4543 enim
2356 4497 2539 4544 noster
2558 4487 2612 4542 in
2639 4496 2928 4557 conspectu
2951 4489 3227 4544 hominum
3248 4491 3406 4561 quasi
3421 4494 3632 4548 exstin-

2051 4590 2172 4636 ctus
2213 4588 2319 4644 est,
2373 4579 2467 4634 sed
2503 4578 2557 4633 in
2592 4587 2882 4648 conspectu
2919 4578 3095 4634 Patris
3124 4580 3433 4636 immolatur
3460 4622 3480 4651 ,
3511 4583 3634 4653 quia

2052 4671 2197 4741 quod
2221 4678 2348 4724 ante
2376 4668 2561 4724 oculos
2602 4669 2879 4724 hominum
2916 4682 3097 4738 poena,
3138 4668 3242 4724 hoc
3279 4677 3408 4725 ante
3448 4670 3633 4728 oculos

2050 4756 2228 4812 Patris
2255 4757 2579 4813 sacriﬁcium
2618 4756 2735 4811 fuit.
2766 4757 2825 4811 In
2846 4758 3042 4811 malam
3071 4773 3200 4814 vero
3229 4766 3440 4828 partem
3468 4774 3634 4822 vacca

2053 4849 2335 4918 accipitur,
2364 4850 2577 4919 quando
2610 4848 2886 4905 lasciviam
2931 4851 3166 4907 hominis
3211 4853 3487 4921 peccantis
3534 4870 3630 4910 ex-

2051 4942 2257 5011 primit,
2287 4951 2346 4997 ut
2368 4952 2451 4998 est
2500 4942 2628 4999 illud
2676 4942 3100 5013 Pmpheticum:
3143 4942 3309 4997 Vacca
3359 4943 3631 5003 lasciviens

2048 5034 2300 5104 Epltraim
2328 5032 2480 5105 (Ose.
2506 5035 2611 5107 tv).
2644 5034 2709 5088 Et
2759 5038 2971 5101 iterum,
3014 5034 3287 5104 Ephraim,
3329 5036 3522 5107 inquit,
3558 5038 3633 5094 vi-

2048 5123 2161 5177 tula
2198 5123 2351 5177 docta
2400 5124 2613 5194 diligere
2668 5126 2912 5179 trituram
2941 5138 2959 5175 :
2984 5134 3033 5178 et
3075 5140 3167 5194 ego
3213 5127 3430 5180 transivi
3477 5145 3631 5198 super

2048 5213 2487 5285 pulchritudinem
2505 5216 2625 5270 colli
2638 5216 2750 5285 ejus
2780 5214 2934 5287 (Ose.
2950 5231 2982 5268 x
2997 5214 3035 5286 ).
3053 5214 3226 5270 Vacca
3240 5216 3390 5285 plebs
3404 5216 3629 5275 Judaica

2050 5304 2275 5359 credens
2303 5304 2358 5358 in
2382 5303 2614 5369 Christo,
2651 5306 2791 5360 utin
2831 5306 2969 5360 lsaia
3003 5323 3015 5358 :
3046 5305 3256 5359 Nutriet
3305 5307 3461 5361 homo
3512 5324 3631 5362 vac-

2051 5413 2165 5451 cam
2200 5396 2373 5463 boum,
2400 5394 2451 5451 id
2475 5405 2576 5462 est,
2608 5396 2873 5464 Christus,
2904 5407 2953 5451 et
2983 5383 3115 5450 duas
3160 5413 3296 5461 oves,
3322 5414 3433 5466 pra:
3478 5400 3630 5453 uber-

2051 5495 2153 5540 tate
2180 5484 2331 5541 lactis
2360 5487 2587 5542 comedet
2609 5487 2853 5558 butyrum
2885 5487 3027 5559 (Isa.
3053 5486 3184 5556 vn).
3209 5485 3397 5543 Vaccae
3446 5489 3631 5547 ﬁdeles

2050 5576 2104 5630 in
2130 5576 2389 5641 Ecclesia,
2446 5592 2674 5645 quorum
2714 5576 2940 5648 ﬁguram
2997 5590 3172 5631 vaccae
3199 5575 3299 5630 illae
3344 5579 3625 5647 gerebant,

2051 5682 2169 5736 quae
2198 5681 2378 5721 aream
2416 5666 2627 5721 Domini
2649 5667 2702 5721 in
2739 5678 2878 5722 terra
2928 5665 3335 5721 Philistinorum
3385 5675 3628 5736 reporta-

2049 5766 2193 5814 runt.
2223 5757 2433 5825 Vaccae,
2467 5757 2661 5814 animae
2705 5756 3009 5814 carnalibus
3054 5756 3196 5814 vitiis
3241 5757 3431 5826 plenae,
3479 5764 3539 5812 ut
3569 5756 3625 5814 in
