  <div class='ocr_page' id='page_1' title='image "/cluster/home/n/w/nwhite01/storage/ocr_20150623/111/uva.x000827067/112.png"; bbox 0 0 3930 6322; ppageno 0'>
   <div class='ocr_carea' id='block_1_1' title="bbox 214 377 315 435">
    <p class='ocr_par' dir='ltr' id='par_1_1' title="bbox 214 377 315 435">
     <span class='ocr_line' id='line_1_1' title="bbox 214 377 315 435; baseline 0 0"><span class='ocrx_word' id='word_1_1' title='bbox 214 377 315 435; x_wconf 64' lang='lat'><strong>209</strong></span> 
     </span>
    </p>
   </div>
   <div class='ocr_carea' id='block_1_2' title="bbox 1195 356 2512 426">
    <p class='ocr_par' dir='ltr' id='par_1_2' title="bbox 1195 356 2512 426">
     <span class='ocr_line' id='line_1_2' title="bbox 1195 356 2512 426; baseline -0.011 0"><span class='ocrx_word' id='word_1_2' title='bbox 1195 370 1280 426; x_wconf 86' lang='lat' dir='ltr'><strong>DE</strong></span> <span class='ocrx_word' id='word_1_3' title='bbox 1316 363 1664 425; x_wconf 80' lang='lat' dir='ltr'><strong>UNWERSO</strong></span> <span class='ocrx_word' id='word_1_4' title='bbox 1702 362 1879 420; x_wconf 85' lang='lat' dir='ltr'><strong>LIBRI</strong></span> <span class='ocrx_word' id='word_1_5' title='bbox 1922 361 2082 416; x_wconf 79' lang='lat' dir='ltr'><strong>XXII.</strong></span> <span class='ocrx_word' id='word_1_6' title='bbox 2123 390 2191 400; x_wconf 88' lang='lat'><strong><em>—</em></strong></span> <span class='ocrx_word' id='word_1_7' title='bbox 2230 358 2358 415; x_wconf 90' lang='lat' dir='ltr'><strong>LIB.</strong></span> <span class='ocrx_word' id='word_1_8' title='bbox 2402 356 2512 413; x_wconf 83' lang='lat' dir='ltr'><strong>VII.</strong></span> 
     </span>
    </p>
   </div>
   <div class='ocr_carea' id='block_1_3' title="bbox 3359 351 3465 409">
    <p class='ocr_par' dir='ltr' id='par_1_3' title="bbox 3359 351 3465 409">
     <span class='ocr_line' id='line_1_3' title="bbox 3359 351 3465 409; baseline 0.019 -3"><span class='ocrx_word' id='word_1_9' title='bbox 3359 351 3465 409; x_wconf 73' lang='lat'><strong>210</strong></span> 
     </span>
    </p>
   </div>
   <div class='ocr_carea' id='block_1_4' title="bbox 216 473 3469 562">
    <p class='ocr_par' dir='ltr' id='par_1_4' title="bbox 216 473 3469 562">
     <span class='ocr_line' id='line_1_4' title="bbox 216 473 3469 562; baseline -0.003 -21"><span class='ocrx_word' id='word_1_10' title='bbox 216 487 461 562; x_wconf 80' lang='lat' dir='ltr'><strong>psalterio</strong></span> <span class='ocrx_word' id='word_1_11' title='bbox 489 503 500 539; x_wconf 90' lang='lat'><strong>:</strong></span> <span class='ocrx_word' id='word_1_12' title='bbox 534 483 775 540; x_wconf 89' lang='lat' dir='ltr'><strong>Concilia</strong></span> <span class='ocrx_word' id='word_1_13' title='bbox 817 488 1089 537; x_wconf 86' lang='lat' dir='ltr'><strong>taurorum</strong></span> <span class='ocrx_word' id='word_1_14' title='bbox 1118 483 1253 535; x_wconf 89' lang='lat' dir='ltr'><strong>inter</strong></span> <span class='ocrx_word' id='word_1_15' title='bbox 1272 497 1454 536; x_wconf 79' lang='lat' dir='ltr'><strong>vaccas</strong></span> <span class='ocrx_word' id='word_1_16' title='bbox 1478 475 1785 550; x_wconf 85' lang='lat' dir='ltr'><strong>populorum</strong></span> <span class='ocrx_word' id='word_1_17' title='bbox 1814 473 1862 535; x_wconf 80' lang='grc' dir='ltr'>Α</span> <span class='ocrx_word' id='word_1_18' title='bbox 1889 494 1992 548; x_wconf 73' lang='lat' dir='ltr'><strong>hoc</strong></span> <span class='ocrx_word' id='word_1_19' title='bbox 2028 491 2312 562; x_wconf 65' lang='lat' dir='ltr'><strong>pervenire</strong></span> <span class='ocrx_word' id='word_1_20' title='bbox 2350 498 2684 555; x_wconf 60' lang='lat' dir='ltr'><strong>mel-uerum,</strong></span> <span class='ocrx_word' id='word_1_21' title='bbox 2724 495 2785 543; x_wconf 70' lang='lat' dir='ltr'><strong>ut</strong></span> <span class='ocrx_word' id='word_1_22' title='bbox 2819 486 3127 543; x_wconf 68' lang='lat' dir='ltr'><strong>deserentes</strong></span> <span class='ocrx_word' id='word_1_23' title='bbox 3188 498 3310 541; x_wconf 74' lang='grc' dir='ltr'>εωιι</span> <span class='ocrx_word' id='word_1_24' title='bbox 3359 494 3469 542; x_wconf 70' lang='lat' dir='ltr'><strong>ter.</strong></span> 
     </span>
    </p>
   </div>
   <div class='ocr_carea' id='block_1_5' title="bbox 216 568 1780 653">
    <p class='ocr_par' dir='ltr' id='par_1_5' title="bbox 216 568 1780 653">
     <span class='ocr_line' id='line_1_5' title="bbox 216 568 1780 653; baseline -0.007 -21"><span class='ocrx_word' id='word_1_25' title='bbox 216 577 392 653; x_wconf 70' lang='lat' dir='ltr'><strong>(Pcal.</strong></span> <span class='ocrx_word' id='word_1_26' title='bbox 412 576 603 647; x_wconf 81' lang='lat' dir='ltr'><strong>van).</strong></span> <span class='ocrx_word' id='word_1_27' title='bbox 627 575 832 639; x_wconf 60' lang='lat' dir='ltr'><strong>Vaccae,</strong></span> <span class='ocrx_word' id='word_1_28' title='bbox 847 573 1041 630; x_wconf 89' lang='lat' dir='ltr'><strong>divites</strong></span> <span class='ocrx_word' id='word_1_29' title='bbox 1056 570 1235 628; x_wconf 70' lang='lat' dir='ltr'><strong>saeculi</strong></span> <span class='ocrx_word' id='word_1_30' title='bbox 1250 571 1426 641; x_wconf 76' lang='lat' dir='ltr'><strong>huius,</strong></span> <span class='ocrx_word' id='word_1_31' title='bbox 1446 578 1508 625; x_wconf 90' lang='lat' dir='ltr'><strong>ut</strong></span> <span class='ocrx_word' id='word_1_32' title='bbox 1522 570 1576 624; x_wconf 93' lang='lat' dir='ltr'><strong>in</strong></span> <span class='ocrx_word' id='word_1_33' title='bbox 1590 568 1780 622; x_wconf 82' lang='lat' dir='ltr'><strong>Amos:</strong></span> 
     </span>
    </p>
   </div>
   <div class='ocr_carea' id='block_1_6' title="bbox 215 657 1783 733">
    <p class='ocr_par' dir='ltr' id='par_1_6' title="bbox 215 657 1783 733">
     <span class='ocr_line' id='line_1_6' title="bbox 215 657 1783 733; baseline -0.008 -9"><span class='ocrx_word' id='word_1_34' title='bbox 215 670 397 725; x_wconf 79' lang='lat' dir='ltr'><strong>Audite</strong></span> <span class='ocrx_word' id='word_1_35' title='bbox 417 668 626 722; x_wconf 77' lang='lat' dir='ltr'><strong>verbum</strong></span> <span class='ocrx_word' id='word_1_36' title='bbox 652 664 885 729; x_wconf 77' lang='lat' dir='ltr'><strong>Domini,</strong></span> <span class='ocrx_word' id='word_1_37' title='bbox 909 678 1078 718; x_wconf 62' lang='lat' dir='ltr'><strong>vaccis</strong></span> <span class='ocrx_word' id='word_1_38' title='bbox 1102 663 1316 733; x_wconf 76' lang='lat' dir='ltr'><strong><em>pingues</em></strong></span> <span class='ocrx_word' id='word_1_39' title='bbox 1345 661 1538 732; x_wconf 81' lang='lat' dir='ltr'><strong>(Amos</strong></span> <span class='ocrx_word' id='word_1_40' title='bbox 1557 659 1665 730; x_wconf 84' lang='lat' dir='ltr'><strong>tv).</strong></span> <span class='ocrx_word' id='word_1_41' title='bbox 1694 657 1783 713; x_wconf 90' lang='lat' dir='ltr'><strong>Vi-</strong></span> 
     </span>
    </p>
   </div>
   <div class='ocr_carea' id='block_1_7' title="bbox 215 750 1787 816">
    <p class='ocr_par' dir='ltr' id='par_1_7' title="bbox 215 750 1787 816">
     <span class='ocr_line' id='line_1_7' title="bbox 215 750 1787 816; baseline -0.008 -1"><span class='ocrx_word' id='word_1_42' title='bbox 215 760 355 815; x_wconf 88' lang='lat' dir='ltr'><strong>tulus</strong></span> <span class='ocrx_word' id='word_1_43' title='bbox 389 766 443 812; x_wconf 90' lang='lat' dir='ltr'><strong>et</strong></span> <span class='ocrx_word' id='word_1_44' title='bbox 462 756 633 811; x_wconf 88' lang='lat' dir='ltr'><strong>vitula</strong></span> <span class='ocrx_word' id='word_1_45' title='bbox 658 752 980 811; x_wconf 87' lang='lat' dir='ltr'><strong>aviriditate</strong></span> <span class='ocrx_word' id='word_1_46' title='bbox 1008 752 1184 807; x_wconf 82' lang='lat' dir='ltr'><strong>vocati</strong></span> <span class='ocrx_word' id='word_1_47' title='bbox 1213 760 1357 816; x_wconf 91' lang='lat' dir='ltr'><strong>sunt,</strong></span> <span class='ocrx_word' id='word_1_48' title='bbox 1393 750 1446 805; x_wconf 90' lang='lat' dir='ltr'><strong>id</strong></span> <span class='ocrx_word' id='word_1_49' title='bbox 1482 757 1587 816; x_wconf 86' lang='lat' dir='ltr'><strong>est,</strong></span> <span class='ocrx_word' id='word_1_50' title='bbox 1626 758 1787 805; x_wconf 77' lang='lat' dir='ltr'><strong>mtate</strong></span> 
     </span>
    </p>
   </div>
   <div class='ocr_carea' id='block_1_8' title="bbox 216 845 1788 919">
    <p class='ocr_par' dir='ltr' id='par_1_8' title="bbox 216 845 1788 919">
     <span class='ocr_line' id='line_1_8' title="bbox 216 845 1788 919; baseline -0.006 -12"><span class='ocrx_word' id='word_1_51' title='bbox 216 851 393 909; x_wconf 86' lang='lat' dir='ltr'><strong>viridi.</strong></span> <span class='ocrx_word' id='word_1_52' title='bbox 434 849 575 904; x_wconf 90' lang='lat' dir='ltr'><strong>sicut</strong></span> <span class='ocrx_word' id='word_1_53' title='bbox 623 848 795 919; x_wconf 84' lang='lat' dir='ltr'><strong>virgo.</strong></span> <span class='ocrx_word' id='word_1_54' title='bbox 818 845 998 902; x_wconf 78' lang='lat' dir='ltr'><strong>Vitula</strong></span> <span class='ocrx_word' id='word_1_55' title='bbox 1048 859 1177 915; x_wconf 89' lang='lat' dir='ltr'><strong>ergo</strong></span> <span class='ocrx_word' id='word_1_56' title='bbox 1214 859 1378 916; x_wconf 88' lang='lat' dir='ltr'><strong>parva</strong></span> <span class='ocrx_word' id='word_1_57' title='bbox 1436 853 1538 909; x_wconf 90' lang='lat' dir='ltr'><strong>est,</strong></span> <span class='ocrx_word' id='word_1_58' title='bbox 1564 850 1617 897; x_wconf 88' lang='lat' dir='ltr'><strong>et</strong></span> <span class='ocrx_word' id='word_1_59' title='bbox 1656 856 1788 897; x_wconf 89' lang='lat' dir='ltr'><strong>non-</strong></span> 
     </span>
    </p>
   </div>
   <div class='ocr_carea' id='block_1_9' title="bbox 217 932 1785 1005">
    <p class='ocr_par' dir='ltr' id='par_1_9' title="bbox 217 932 1785 1005">
     <span class='ocr_line' id='line_1_9' title="bbox 217 932 1785 1005; baseline -0.006 -7"><span class='ocrx_word' id='word_1_60' title='bbox 217 944 338 999; x_wconf 91' lang='lat' dir='ltr'><strong>dum</strong></span> <span class='ocrx_word' id='word_1_61' title='bbox 370 941 553 1005; x_wconf 89' lang='lat' dir='ltr'><strong>enixa,</strong></span> <span class='ocrx_word' id='word_1_62' title='bbox 584 954 711 995; x_wconf 88' lang='lat' dir='ltr'><strong>nam</strong></span> <span class='ocrx_word' id='word_1_63' title='bbox 740 937 901 994; x_wconf 83' lang='lat' dir='ltr'><strong>enixa</strong></span> <span class='ocrx_word' id='word_1_64' title='bbox 946 934 1174 1004; x_wconf 76' lang='lat' dir='ltr'><strong>iuvenca</strong></span> <span class='ocrx_word' id='word_1_65' title='bbox 1229 944 1332 999; x_wconf 88' lang='lat' dir='ltr'><strong>est,</strong></span> <span class='ocrx_word' id='word_1_66' title='bbox 1373 944 1432 990; x_wconf 93' lang='lat' dir='ltr'><strong>ut</strong></span> <span class='ocrx_word' id='word_1_67' title='bbox 1458 947 1640 989; x_wconf 81' lang='lat' dir='ltr'><strong>vacca.</strong></span> <span class='ocrx_word' id='word_1_68' title='bbox 1690 932 1785 989; x_wconf 76' lang='lat' dir='ltr'><strong>Vi-</strong></span> 
     </span>
    </p>
   </div>
   <div class='ocr_carea' id='block_1_10' title="bbox 215 1025 1790 1103">
    <p class='ocr_par' dir='ltr' id='par_1_10' title="bbox 215 1025 1790 1103">
     <span class='ocr_line' id='line_1_10' title="bbox 215 1025 1790 1103; baseline -0.006 -16"><span class='ocrx_word' id='word_1_69' title='bbox 215 1032 354 1087; x_wconf 90' lang='lat' dir='ltr'><strong>tulus</strong></span> <span class='ocrx_word' id='word_1_70' title='bbox 375 1046 505 1103; x_wconf 89' lang='lat' dir='ltr'><strong>ergo</strong></span> <span class='ocrx_word' id='word_1_71' title='bbox 528 1031 581 1085; x_wconf 90' lang='lat' dir='ltr'><strong>in</strong></span> <span class='ocrx_word' id='word_1_72' title='bbox 610 1030 804 1086; x_wconf 86' lang='lat' dir='ltr'><strong>bonam</strong></span> <span class='ocrx_word' id='word_1_73' title='bbox 825 1036 1035 1098; x_wconf 90' lang='lat' dir='ltr'><strong>partem</strong></span> <span class='ocrx_word' id='word_1_74' title='bbox 1067 1027 1349 1095; x_wconf 76' lang='lat' dir='ltr'><strong>accipitur,</strong></span> <span class='ocrx_word' id='word_1_75' title='bbox 1382 1025 1598 1094; x_wconf 86' lang='lat' dir='ltr'><strong>quando</strong></span> <span class='ocrx_word' id='word_1_76' title='bbox 1642 1025 1790 1079; x_wconf 77' lang='lat' dir='ltr'><strong>inno-</strong></span> 
     </span>
    </p>
   </div>
   <div class='ocr_carea' id='block_1_11' title="bbox 215 1114 1789 1182">
    <p class='ocr_par' dir='ltr' id='par_1_11' title="bbox 215 1114 1789 1182">
     <span class='ocr_line' id='line_1_11' title="bbox 215 1114 1789 1182; baseline -0.009 -1"><span class='ocrx_word' id='word_1_77' title='bbox 215 1124 441 1181; x_wconf 78' lang='lat' dir='ltr'><strong>centiam</strong></span> <span class='ocrx_word' id='word_1_78' title='bbox 465 1121 706 1177; x_wconf 84' lang='lat' dir='ltr'><strong>ﬁdelium</strong></span> <span class='ocrx_word' id='word_1_79' title='bbox 734 1120 1089 1182; x_wconf 86' lang='lat' dir='ltr'><strong>demonstrat,</strong></span> <span class='ocrx_word' id='word_1_80' title='bbox 1129 1124 1221 1171; x_wconf 89' lang='lat' dir='ltr'><strong>aut</strong></span> <span class='ocrx_word' id='word_1_81' title='bbox 1258 1117 1527 1170; x_wconf 88' lang='lat' dir='ltr'><strong>sinceram</strong></span> <span class='ocrx_word' id='word_1_82' title='bbox 1576 1114 1789 1169; x_wconf 87' lang='lat' dir='ltr'><strong>laudem</strong></span> 
     </span>
    </p>
   </div>
   <div class='ocr_carea' id='block_1_12' title="bbox 213 1205 1791 1285">
    <p class='ocr_par' dir='ltr' id='par_1_12' title="bbox 213 1205 1791 1285">
     <span class='ocr_line' id='line_1_12' title="bbox 213 1205 1791 1285; baseline -0.007 -16"><span class='ocrx_word' id='word_1_83' title='bbox 213 1216 312 1285; x_wconf 79' lang='lat' dir='ltr'><strong>pice</strong></span> <span class='ocrx_word' id='word_1_84' title='bbox 333 1212 661 1269; x_wconf 79' lang='lat' dir='ltr'><strong>devotionis.</strong></span> <span class='ocrx_word' id='word_1_85' title='bbox 689 1210 844 1267; x_wconf 85' lang='lat' dir='ltr'><strong>Unde</strong></span> <span class='ocrx_word' id='word_1_86' title='bbox 870 1210 1136 1279; x_wconf 90' lang='lat' dir='ltr'><strong>scriptum</strong></span> <span class='ocrx_word' id='word_1_87' title='bbox 1164 1215 1278 1262; x_wconf 89' lang='lat' dir='ltr'><strong>est:</strong></span> <span class='ocrx_word' id='word_1_88' title='bbox 1311 1205 1607 1260; x_wconf 89' lang='lat' dir='ltr'><strong>Reddemus</strong></span> <span class='ocrx_word' id='word_1_89' title='bbox 1654 1206 1791 1259; x_wconf 83' lang='lat' dir='ltr'><strong>vitu-</strong></span> 
     </span>
    </p>
   </div>
   <div class='ocr_carea' id='block_1_13' title="bbox 215 1297 1786 1371">
    <p class='ocr_par' dir='ltr' id='par_1_13' title="bbox 215 1297 1786 1371">
     <span class='ocr_line' id='line_1_13' title="bbox 215 1297 1786 1371; baseline -0.005 -13"><span class='ocrx_word' id='word_1_90' title='bbox 215 1305 319 1359; x_wconf 85' lang='lat' dir='ltr'><strong>lum</strong></span> <span class='ocrx_word' id='word_1_91' title='bbox 343 1304 603 1359; x_wconf 88' lang='lat' dir='ltr'><strong>labiorum</strong></span> <span class='ocrx_word' id='word_1_92' title='bbox 625 1312 920 1359; x_wconf 89' lang='lat' dir='ltr'><strong>nostrorum</strong></span> <span class='ocrx_word' id='word_1_93' title='bbox 943 1300 1097 1371; x_wconf 74' lang='lat' dir='ltr'><strong>(Ose.</strong></span> <span class='ocrx_word' id='word_1_94' title='bbox 1126 1301 1275 1367; x_wconf 78' lang='lat' dir='ltr'><strong>xlv).</strong></span> <span class='ocrx_word' id='word_1_95' title='bbox 1324 1298 1392 1351; x_wconf 92' lang='lat' dir='ltr'><strong>Et</strong></span> <span class='ocrx_word' id='word_1_96' title='bbox 1431 1298 1484 1351; x_wconf 90' lang='lat' dir='ltr'><strong>in</strong></span> <span class='ocrx_word' id='word_1_97' title='bbox 1535 1297 1741 1367; x_wconf 88' lang='lat' dir='ltr'><strong>psalmo</strong></span> <span class='ocrx_word' id='word_1_98' title='bbox 1773 1313 1786 1349; x_wconf 92' lang='lat'><strong>:</strong></span> 
     </span>
    </p>
   </div>
   <div class='ocr_carea' id='block_1_14' title="bbox 215 1387 1793 1469">
    <p class='ocr_par' dir='ltr' id='par_1_14' title="bbox 215 1387 1793 1469">
     <span class='ocr_line' id='line_1_14' title="bbox 215 1387 1793 1469; baseline -0.006 -17"><span class='ocrx_word' id='word_1_99' title='bbox 215 1396 483 1469; x_wconf 77' lang='lat' dir='ltr'><strong>Imponent</strong></span> <span class='ocrx_word' id='word_1_100' title='bbox 510 1412 666 1467; x_wconf 95' lang='lat' dir='ltr'><strong>super</strong></span> <span class='ocrx_word' id='word_1_101' title='bbox 683 1395 849 1450; x_wconf 88' lang='lat' dir='ltr'><strong>altare</strong></span> <span class='ocrx_word' id='word_1_102' title='bbox 870 1403 1019 1447; x_wconf 86' lang='lat' dir='ltr'><strong>tuum</strong></span> <span class='ocrx_word' id='word_1_103' title='bbox 1043 1389 1229 1445; x_wconf 83' lang='lat' dir='ltr'><strong>vitulos</strong></span> <span class='ocrx_word' id='word_1_104' title='bbox 1259 1388 1445 1460; x_wconf 84' lang='lat' dir='ltr'><strong>(Psal.</strong></span> <span class='ocrx_word' id='word_1_105' title='bbox 1468 1388 1553 1459; x_wconf 74' lang='grc' dir='ltr'><strong>ι).</strong></span> <span class='ocrx_word' id='word_1_106' title='bbox 1583 1387 1793 1442; x_wconf 80' lang='lat' dir='ltr'><strong>Vitnlos</strong></span> 
     </span>
    </p>
   </div>
   <div class='ocr_carea' id='block_1_15' title="bbox 215 1490 1793 1565">
    <p class='ocr_par' dir='ltr' id='par_1_15' title="bbox 215 1490 1793 1565">
     <span class='ocr_line' id='line_1_15' title="bbox 215 1490 1793 1565; baseline -0.01 -14"><span class='ocrx_word' id='word_1_107' title='bbox 215 1495 406 1565; x_wconf 83' lang='lat' dir='ltr'><strong>quippe</strong></span> <span class='ocrx_word' id='word_1_108' title='bbox 436 1496 620 1565; x_wconf 89' lang='lat' dir='ltr'><strong>posuit</strong></span> <span class='ocrx_word' id='word_1_109' title='bbox 651 1504 744 1549; x_wconf 89' lang='lat' dir='ltr'><strong>aut</strong></span> <span class='ocrx_word' id='word_1_110' title='bbox 786 1509 886 1565; x_wconf 92' lang='lat' dir='ltr'><strong>pro</strong></span> <span class='ocrx_word' id='word_1_111' title='bbox 941 1492 1334 1553; x_wconf 85' lang='lat' dir='ltr'><strong>innocentibus,</strong></span> <span class='ocrx_word' id='word_1_112' title='bbox 1388 1500 1617 1557; x_wconf 89' lang='lat' dir='ltr'><strong>quorum</strong></span> <span class='ocrx_word' id='word_1_113' title='bbox 1660 1490 1793 1538; x_wconf 77' lang='lat' dir='ltr'><strong>aetas</strong></span> 
     </span>
    </p>
   </div>
   <div class='ocr_carea' id='block_1_16' title="bbox 213 1577 1790 1658">
    <p class='ocr_par' dir='ltr' id='par_1_16' title="bbox 213 1577 1790 1658">
     <span class='ocr_line' id='line_1_16' title="bbox 213 1577 1790 1658; baseline -0.008 -16"><span class='ocrx_word' id='word_1_114' title='bbox 213 1587 381 1657; x_wconf 88' lang='lat' dir='ltr'><strong>prima</strong></span> <span class='ocrx_word' id='word_1_115' title='bbox 428 1598 537 1653; x_wconf 91' lang='lat' dir='ltr'><strong>est,</strong></span> <span class='ocrx_word' id='word_1_116' title='bbox 561 1597 618 1642; x_wconf 90' lang='lat' dir='ltr'><strong>et</strong></span> <span class='ocrx_word' id='word_1_117' title='bbox 639 1604 669 1643; x_wconf 89' lang='lat' dir='ltr'><strong>a</strong></span> <span class='ocrx_word' id='word_1_118' title='bbox 686 1585 818 1658; x_wconf 89' lang='lat' dir='ltr'><strong>jugo</strong></span> <span class='ocrx_word' id='word_1_119' title='bbox 846 1586 1056 1656; x_wconf 87' lang='lat' dir='ltr'><strong>peccati</strong></span> <span class='ocrx_word' id='word_1_120' title='bbox 1083 1585 1259 1640; x_wconf 81' lang='lat' dir='ltr'><strong>cervix</strong></span> <span class='ocrx_word' id='word_1_121' title='bbox 1292 1582 1554 1652; x_wconf 85' lang='lat' dir='ltr'><strong>probatur</strong></span> <span class='ocrx_word' id='word_1_122' title='bbox 1597 1577 1790 1643; x_wconf 90' lang='lat' dir='ltr'><strong>aliena,</strong></span> 
     </span>
    </p>
   </div>
   <div class='ocr_carea' id='block_1_17' title="bbox 214 1668 1794 1748">
    <p class='ocr_par' dir='ltr' id='par_1_17' title="bbox 214 1668 1794 1748">
     <span class='ocr_line' id='line_1_17' title="bbox 214 1668 1794 1748; baseline -0.006 -16"><span class='ocrx_word' id='word_1_123' title='bbox 214 1685 267 1732; x_wconf 90' lang='lat' dir='ltr'><strong>et</strong></span> <span class='ocrx_word' id='word_1_124' title='bbox 299 1678 418 1733; x_wconf 88' lang='lat' dir='ltr'><strong>ideo</strong></span> <span class='ocrx_word' id='word_1_125' title='bbox 466 1679 523 1733; x_wconf 91' lang='lat' dir='ltr'><strong>in</strong></span> <span class='ocrx_word' id='word_1_126' title='bbox 572 1679 664 1733; x_wconf 90' lang='lat' dir='ltr'><strong>tali</strong></span> <span class='ocrx_word' id='word_1_127' title='bbox 714 1678 880 1734; x_wconf 84' lang='lat' dir='ltr'><strong>verbo</strong></span> <span class='ocrx_word' id='word_1_128' title='bbox 936 1676 1251 1748; x_wconf 86' lang='lat' dir='ltr'><strong>permansit,</strong></span> <span class='ocrx_word' id='word_1_129' title='bbox 1305 1682 1366 1728; x_wconf 90' lang='lat' dir='ltr'><strong>ut</strong></span> <span class='ocrx_word' id='word_1_130' title='bbox 1409 1679 1588 1727; x_wconf 90' lang='lat' dir='ltr'><strong>actum</strong></span> <span class='ocrx_word' id='word_1_131' title='bbox 1644 1668 1794 1723; x_wconf 91' lang='lat' dir='ltr'><strong>illum</strong></span> 
     </span>
    </p>
   </div>
   <div class='ocr_carea' id='block_1_18' title="bbox 213 1760 1790 1841">
    <p class='ocr_par' dir='ltr' id='par_1_18' title="bbox 213 1760 1790 1841">
     <span class='ocr_line' id='line_1_18' title="bbox 213 1760 1790 1841; baseline -0.008 -16"><span class='ocrx_word' id='word_1_132' title='bbox 213 1768 497 1839; x_wconf 77' lang='lat' dir='ltr'><strong>praeteritae</strong></span> <span class='ocrx_word' id='word_1_133' title='bbox 525 1769 662 1841; x_wconf 89' lang='lat' dir='ltr'><strong>legis</strong></span> <span class='ocrx_word' id='word_1_134' title='bbox 686 1768 954 1824; x_wconf 90' lang='lat' dir='ltr'><strong>indicaret</strong></span> <span class='ocrx_word' id='word_1_135' title='bbox 982 1768 1150 1823; x_wconf 79' lang='lat' dir='ltr'><strong>fuisse</strong></span> <span class='ocrx_word' id='word_1_136' title='bbox 1178 1781 1361 1822; x_wconf 90' lang='lat' dir='ltr'><strong>rerum</strong></span> <span class='ocrx_word' id='word_1_137' title='bbox 1384 1764 1674 1833; x_wconf 78' lang='lat' dir='ltr'><strong>imaginem</strong></span> <span class='ocrx_word' id='word_1_138' title='bbox 1704 1760 1790 1813; x_wconf 80' lang='lat' dir='ltr'><strong>fu-</strong></span> 
     </span>
    </p>
   </div>
   <div class='ocr_carea' id='block_1_19' title="bbox 1890 574 3469 652">
    <p class='ocr_par' dir='ltr' id='par_1_19' title="bbox 1890 574 3469 652">
     <span class='ocr_line' id='line_1_19' title="bbox 1890 574 3469 652; baseline -0.003 -14"><span class='ocrx_word' id='word_1_139' title='bbox 1890 597 2068 652; x_wconf 69' lang='lat' dir='ltr'><strong>razque</strong></span> <span class='ocrx_word' id='word_1_140' title='bbox 2090 580 2402 637; x_wconf 86' lang='lat' dir='ltr'><strong>Creatorem</strong></span> <span class='ocrx_word' id='word_1_141' title='bbox 2435 580 2627 646; x_wconf 91' lang='lat' dir='ltr'><strong>Deum,</strong></span> <span class='ocrx_word' id='word_1_142' title='bbox 2652 578 2753 634; x_wconf 88' lang='lat' dir='ltr'><strong>sibi</strong></span> <span class='ocrx_word' id='word_1_143' title='bbox 2798 577 3039 631; x_wconf 77' lang='lat' dir='ltr'><strong>facerent</strong></span> <span class='ocrx_word' id='word_1_144' title='bbox 3064 574 3469 633; x_wconf 83' lang='lat' dir='ltr'><strong>similitudinem</strong></span> 
     </span>
    </p>
   </div>
   <div class='ocr_carea' id='block_1_20' title="bbox 1887 664 3471 740">
    <p class='ocr_par' dir='ltr' id='par_1_20' title="bbox 1887 664 3471 740">
     <span class='ocr_line' id='line_1_20' title="bbox 1887 664 3471 740; baseline -0.003 -13"><span class='ocrx_word' id='word_1_145' title='bbox 1887 672 2038 727; x_wconf 88' lang='lat' dir='ltr'><strong>vituli</strong></span> <span class='ocrx_word' id='word_1_146' title='bbox 2069 670 2191 727; x_wconf 81' lang='lat' dir='ltr'><strong>fena</strong></span> <span class='ocrx_word' id='word_1_147' title='bbox 2226 670 2575 726; x_wconf 90' lang='lat' dir='ltr'><strong>comedentis.</strong></span> <span class='ocrx_word' id='word_1_148' title='bbox 2606 668 2682 723; x_wconf 90' lang='lat' dir='ltr'><strong>De</strong></span> <span class='ocrx_word' id='word_1_149' title='bbox 2708 666 2970 740; x_wconf 74' lang='lat' dir='ltr'><strong>sanguine</strong></span> <span class='ocrx_word' id='word_1_150' title='bbox 2997 682 3127 738; x_wconf 86' lang='lat' dir='ltr'><strong>ergo</strong></span> <span class='ocrx_word' id='word_1_151' title='bbox 3146 674 3203 721; x_wconf 89' lang='lat' dir='ltr'><strong>et</strong></span> <span class='ocrx_word' id='word_1_152' title='bbox 3222 664 3379 735; x_wconf 87' lang='lat' dir='ltr'><strong>adipe</strong></span> <span class='ocrx_word' id='word_1_153' title='bbox 3408 680 3471 722; x_wconf 86' lang='lat' dir='ltr'><strong>ac</strong></span> 
     </span>
    </p>
   </div>
   <div class='ocr_carea' id='block_1_21' title="bbox 1887 754 3473 834">
    <p class='ocr_par' dir='ltr' id='par_1_21' title="bbox 1887 754 3473 834">
     <span class='ocr_line' id='line_1_21' title="bbox 1887 754 3473 834; baseline -0.006 -16"><span class='ocrx_word' id='word_1_154' title='bbox 1887 762 2211 834; x_wconf 88' lang='lat' dir='ltr'><strong>pinguedine</strong></span> <span class='ocrx_word' id='word_1_155' title='bbox 2231 761 2493 831; x_wconf 87' lang='lat' dir='ltr'><strong>pecudum</strong></span> <span class='ocrx_word' id='word_1_156' title='bbox 2520 799 2535 824; x_wconf 93' lang='lat'><strong>,</strong></span> <span class='ocrx_word' id='word_1_157' title='bbox 2581 775 2703 829; x_wconf 69' lang='lat' dir='ltr'><strong>quae</strong></span> <span class='ocrx_word' id='word_1_158' title='bbox 2732 759 2784 813; x_wconf 90' lang='lat' dir='ltr'><strong>in</strong></span> <span class='ocrx_word' id='word_1_159' title='bbox 2809 758 2926 828; x_wconf 88' lang='lat' dir='ltr'><strong>lege</strong></span> <span class='ocrx_word' id='word_1_160' title='bbox 2950 756 3335 820; x_wconf 70' lang='lat' dir='ltr'><strong>offerebantur,</strong></span> <span class='ocrx_word' id='word_1_161' title='bbox 3383 754 3473 810; x_wconf 86' lang='lat' dir='ltr'><strong>hic</strong></span> 
     </span>
    </p>
   </div>
   <div class='ocr_carea' id='block_1_22' title="bbox 1866 845 3476 924">
    <p class='ocr_par' dir='ltr' id='par_1_22' title="bbox 1866 845 3476 924">
     <span class='ocr_line' id='line_1_22' title="bbox 1866 845 3476 924; baseline -0.005 -16"><span class='ocrx_word' id='word_1_162' title='bbox 1866 868 2058 924; x_wconf 82' lang='lat' dir='ltr'><strong>pauca</strong></span> <span class='ocrx_word' id='word_1_163' title='bbox 2084 851 2369 907; x_wconf 87' lang='lat' dir='ltr'><strong>inserenda</strong></span> <span class='ocrx_word' id='word_1_164' title='bbox 2391 860 2537 906; x_wconf 89' lang='lat' dir='ltr'><strong>sunt.</strong></span> <span class='ocrx_word' id='word_1_165' title='bbox 2571 849 2800 921; x_wconf 88' lang='lat' dir='ltr'><strong>Sanguis</strong></span> <span class='ocrx_word' id='word_1_166' title='bbox 2822 850 2901 904; x_wconf 89' lang='lat' dir='ltr'><strong>vis</strong></span> <span class='ocrx_word' id='word_1_167' title='bbox 2926 856 3010 904; x_wconf 90' lang='lat' dir='ltr'><strong>est</strong></span> <span class='ocrx_word' id='word_1_168' title='bbox 3032 847 3246 913; x_wconf 70' lang='lat' dir='ltr'><strong>animae,</strong></span> <span class='ocrx_word' id='word_1_169' title='bbox 3277 855 3339 901; x_wconf 90' lang='lat' dir='ltr'><strong>ut</strong></span> <span class='ocrx_word' id='word_1_170' title='bbox 3356 845 3476 917; x_wconf 88' lang='lat' dir='ltr'><strong>qui-</strong></span> 
     </span>
    </p>
   </div>
   <div class='ocr_carea' id='block_1_23' title="bbox 1890 926 3477 1008">
    <p class='ocr_par' dir='ltr' id='par_1_23' title="bbox 1890 926 3477 1008">
     <span class='ocr_line' id='line_1_23' title="bbox 1890 926 3477 1008; baseline -0.006 -11"><span class='ocrx_word' id='word_1_171' title='bbox 1890 943 2013 997; x_wconf 88' lang='lat' dir='ltr'><strong>dam</strong></span> <span class='ocrx_word' id='word_1_172' title='bbox 2042 926 2225 995; x_wconf 83' lang='lat' dir='ltr'><strong>volunt</strong></span> <span class='ocrx_word' id='word_1_173' title='bbox 2254 956 2267 992; x_wconf 89' lang='lat'><strong>:</strong></span> <span class='ocrx_word' id='word_1_174' title='bbox 2298 939 2365 993; x_wconf 89' lang='lat' dir='ltr'><strong>de</strong></span> <span class='ocrx_word' id='word_1_175' title='bbox 2398 938 2552 1008; x_wconf 89' lang='lat' dir='ltr'><strong>cujus</strong></span> <span class='ocrx_word' id='word_1_176' title='bbox 2580 946 2770 991; x_wconf 88' lang='lat' dir='ltr'><strong>natura</strong></span> <span class='ocrx_word' id='word_1_177' title='bbox 2798 934 3101 1007; x_wconf 87' lang='lat' dir='ltr'><strong>disputandi</strong></span> <span class='ocrx_word' id='word_1_178' title='bbox 3131 934 3348 990; x_wconf 89' lang='lat' dir='ltr'><strong>licentia</strong></span> <span class='ocrx_word' id='word_1_179' title='bbox 3369 947 3477 988; x_wconf 89' lang='lat' dir='ltr'><strong>non</strong></span> 
     </span>
    </p>
   </div>
   <div class='ocr_carea' id='block_1_24' title="bbox 1892 1024 3479 1099">
    <p class='ocr_par' dir='ltr' id='par_1_24' title="bbox 1892 1024 3479 1099">
     <span class='ocr_line' id='line_1_24' title="bbox 1892 1024 3479 1099; baseline -0.007 -11"><span class='ocrx_word' id='word_1_180' title='bbox 1892 1031 2229 1095; x_wconf 87' lang='lat' dir='ltr'><strong>conceditur,</strong></span> <span class='ocrx_word' id='word_1_181' title='bbox 2265 1028 2391 1099; x_wconf 89' lang='lat' dir='ltr'><strong>quia</strong></span> <span class='ocrx_word' id='word_1_182' title='bbox 2421 1028 2574 1099; x_wconf 87' lang='lat' dir='ltr'><strong>origo</strong></span> <span class='ocrx_word' id='word_1_183' title='bbox 2602 1025 2717 1095; x_wconf 89' lang='lat' dir='ltr'><strong>ejus</strong></span> <span class='ocrx_word' id='word_1_184' title='bbox 2746 1035 2954 1083; x_wconf 90' lang='lat' dir='ltr'><strong>secreta</strong></span> <span class='ocrx_word' id='word_1_185' title='bbox 2983 1026 3082 1082; x_wconf 91' lang='lat' dir='ltr'><strong>soli</strong></span> <span class='ocrx_word' id='word_1_186' title='bbox 3126 1025 3238 1081; x_wconf 88' lang='lat' dir='ltr'><strong>Deo</strong></span> <span class='ocrx_word' id='word_1_187' title='bbox 3262 1024 3479 1096; x_wconf 88' lang='lat' dir='ltr'><strong>cognita</strong></span> 
     </span>
    </p>
   </div>
   <div class='ocr_carea' id='block_1_25' title="bbox 1890 1115 3479 1187">
    <p class='ocr_par' dir='ltr' id='par_1_25' title="bbox 1890 1115 3479 1187">
     <span class='ocr_line' id='line_1_25' title="bbox 1890 1115 3479 1187; baseline -0.006 -11"><span class='ocrx_word' id='word_1_188' title='bbox 1890 1130 1995 1187; x_wconf 92' lang='lat' dir='ltr'><strong>est,</strong></span> <span class='ocrx_word' id='word_1_189' title='bbox 2044 1121 2139 1175; x_wconf 88' lang='lat' dir='ltr'><strong>sed</strong></span> <span class='ocrx_word' id='word_1_190' title='bbox 2165 1119 2232 1174; x_wconf 90' lang='lat' dir='ltr'><strong>ad</strong></span> <span class='ocrx_word' id='word_1_191' title='bbox 2258 1119 2430 1174; x_wconf 87' lang='lat' dir='ltr'><strong>basim</strong></span> <span class='ocrx_word' id='word_1_192' title='bbox 2459 1117 2643 1172; x_wconf 86' lang='lat' dir='ltr'><strong>altaris</strong></span> <span class='ocrx_word' id='word_1_193' title='bbox 2669 1116 2961 1171; x_wconf 90' lang='lat' dir='ltr'><strong>secundum</strong></span> <span class='ocrx_word' id='word_1_194' title='bbox 2987 1115 3119 1185; x_wconf 88' lang='lat' dir='ltr'><strong>legis</strong></span> <span class='ocrx_word' id='word_1_195' title='bbox 3148 1123 3479 1185; x_wconf 84' lang='lat' dir='ltr'><strong>praeceptum</strong></span> 
     </span>
    </p>
   </div>
   <div class='ocr_carea' id='block_1_26' title="bbox 1892 1204 3481 1279">
    <p class='ocr_par' dir='ltr' id='par_1_26' title="bbox 1892 1204 3481 1279">
     <span class='ocr_line' id='line_1_26' title="bbox 1892 1204 3481 1279; baseline -0.005 -13"><span class='ocrx_word' id='word_1_196' title='bbox 1892 1210 2201 1272; x_wconf 75' lang='lat' dir='ltr'><strong>ell‘unditur,</strong></span> <span class='ocrx_word' id='word_1_197' title='bbox 2225 1208 2279 1262; x_wconf 92' lang='lat' dir='ltr'><strong>id</strong></span> <span class='ocrx_word' id='word_1_198' title='bbox 2302 1217 2402 1272; x_wconf 91' lang='lat' dir='ltr'><strong>est,</strong></span> <span class='ocrx_word' id='word_1_199' title='bbox 2418 1208 2673 1279; x_wconf 87' lang='lat' dir='ltr'><strong>potestati</strong></span> <span class='ocrx_word' id='word_1_200' title='bbox 2692 1207 2887 1261; x_wconf 77' lang='lat' dir='ltr'><strong>divinae</strong></span> <span class='ocrx_word' id='word_1_201' title='bbox 2906 1214 2961 1261; x_wconf 91' lang='lat' dir='ltr'><strong>et</strong></span> <span class='ocrx_word' id='word_1_202' title='bbox 2987 1204 3278 1261; x_wconf 87' lang='lat' dir='ltr'><strong>intellectui</strong></span> <span class='ocrx_word' id='word_1_203' title='bbox 3301 1218 3481 1261; x_wconf 84' lang='lat' dir='ltr'><strong>reser-</strong></span> 
     </span>
    </p>
   </div>
   <div class='ocr_carea' id='block_1_27' title="bbox 1892 1295 3482 1367">
    <p class='ocr_par' dir='ltr' id='par_1_27' title="bbox 1892 1295 3482 1367">
     <span class='ocr_line' id='line_1_27' title="bbox 1892 1295 3482 1367; baseline -0.002 -13"><span class='ocrx_word' id='word_1_204' title='bbox 1892 1308 2072 1354; x_wconf 89' lang='lat' dir='ltr'><strong>vatur.</strong></span> <span class='ocrx_word' id='word_1_205' title='bbox 2102 1298 2241 1364; x_wconf 84' lang='lat' dir='ltr'><strong>Quid</strong></span> <span class='ocrx_word' id='word_1_206' title='bbox 2280 1298 2422 1352; x_wconf 90' lang='lat' dir='ltr'><strong>enim</strong></span> <span class='ocrx_word' id='word_1_207' title='bbox 2460 1305 2545 1352; x_wconf 91' lang='lat' dir='ltr'><strong>est</strong></span> <span class='ocrx_word' id='word_1_208' title='bbox 2572 1296 2886 1367; x_wconf 89' lang='lat' dir='ltr'><strong>sanguinem</strong></span> <span class='ocrx_word' id='word_1_209' title='bbox 2933 1296 3235 1362; x_wconf 89' lang='lat' dir='ltr'><strong>comedere,</strong></span> <span class='ocrx_word' id='word_1_210' title='bbox 3284 1295 3386 1350; x_wconf 88' lang='lat' dir='ltr'><strong>nisi</strong></span> <span class='ocrx_word' id='word_1_211' title='bbox 3416 1295 3482 1351; x_wconf 89' lang='lat' dir='ltr'><strong>dc</strong></span> 
     </span>
    </p>
   </div>
   <div class='ocr_carea' id='block_1_28' title="bbox 1895 1384 3483 1457">
    <p class='ocr_par' dir='ltr' id='par_1_28' title="bbox 1895 1384 3483 1457">
     <span class='ocr_line' id='line_1_28' title="bbox 1895 1384 3483 1457; baseline -0.002 -15"><span class='ocrx_word' id='word_1_212' title='bbox 1895 1389 2088 1442; x_wconf 63' lang='lat' dir='ltr'><strong>animae</strong></span> <span class='ocrx_word' id='word_1_213' title='bbox 2131 1387 2339 1457; x_wconf 89' lang='lat' dir='ltr'><strong>origine</strong></span> <span class='ocrx_word' id='word_1_214' title='bbox 2386 1386 2700 1456; x_wconf 86' lang='lat' dir='ltr'><strong>disputare?</strong></span> <span class='ocrx_word' id='word_1_215' title='bbox 2744 1384 2975 1456; x_wconf 84' lang='lat' dir='ltr'><strong>Sanguis</strong></span> <span class='ocrx_word' id='word_1_216' title='bbox 3003 1400 3164 1455; x_wconf 87' lang='lat' dir='ltr'><strong>opera</strong></span> <span class='ocrx_word' id='word_1_217' title='bbox 3190 1387 3389 1450; x_wconf 87' lang='lat' dir='ltr'><strong>carnis,</strong></span> <span class='ocrx_word' id='word_1_218' title='bbox 3423 1393 3483 1439; x_wconf 89' lang='lat' dir='ltr'><strong>ut</strong></span> 
     </span>
    </p>
   </div>
   <div class='ocr_carea' id='block_1_29' title="bbox 1896 1476 3481 1550">
    <p class='ocr_par' dir='ltr' id='par_1_29' title="bbox 1896 1476 3481 1550">
     <span class='ocr_line' id='line_1_29' title="bbox 1896 1476 3481 1550; baseline -0.003 -16"><span class='ocrx_word' id='word_1_219' title='bbox 1896 1481 1951 1534; x_wconf 93' lang='lat' dir='ltr'><strong>in</strong></span> <span class='ocrx_word' id='word_1_220' title='bbox 1982 1479 2236 1550; x_wconf 85' lang='lat' dir='ltr'><strong>Apostolo</strong></span> <span class='ocrx_word' id='word_1_221' title='bbox 2262 1496 2274 1532; x_wconf 90' lang='lat'><strong>:</strong></span> <span class='ocrx_word' id='word_1_222' title='bbox 2309 1495 2431 1532; x_wconf 90' lang='lat' dir='ltr'><strong>caro</strong></span> <span class='ocrx_word' id='word_1_223' title='bbox 2454 1490 2502 1532; x_wconf 89' lang='lat' dir='ltr'><strong>et</strong></span> <span class='ocrx_word' id='word_1_224' title='bbox 2540 1479 2753 1548; x_wconf 75' lang='lat' dir='ltr'><strong>sanguis</strong></span> <span class='ocrx_word' id='word_1_225' title='bbox 2800 1493 3014 1548; x_wconf 86' lang='lat' dir='ltr'><strong>regnum</strong></span> <span class='ocrx_word' id='word_1_226' title='bbox 3038 1476 3136 1531; x_wconf 89' lang='lat' dir='ltr'><strong>Dei</strong></span> <span class='ocrx_word' id='word_1_227' title='bbox 3182 1493 3284 1530; x_wconf 89' lang='lat' dir='ltr'><strong>non</strong></span> <span class='ocrx_word' id='word_1_228' title='bbox 3310 1477 3481 1546; x_wconf 86' lang='lat' dir='ltr'><strong>possi-</strong></span> 
     </span>
    </p>
   </div>
   <div class='ocr_carea' id='block_1_30' title="bbox 1896 1567 3484 1641">
    <p class='ocr_par' dir='ltr' id='par_1_30' title="bbox 1896 1567 3484 1641">
     <span class='ocr_line' id='line_1_30' title="bbox 1896 1567 3484 1641; baseline -0.003 -15"><span class='ocrx_word' id='word_1_229' title='bbox 1896 1571 2087 1626; x_wconf 85' lang='lat' dir='ltr'><strong>debunt</strong></span> <span class='ocrx_word' id='word_1_230' title='bbox 2131 1569 2185 1639; x_wconf 93' lang='lat' dir='ltr'><strong>(I</strong></span> <span class='ocrx_word' id='word_1_231' title='bbox 2219 1567 2341 1622; x_wconf 88' lang='lat' dir='ltr'><strong>Cor.</strong></span> <span class='ocrx_word' id='word_1_232' title='bbox 2378 1569 2491 1641; x_wconf 91' lang='lat' dir='ltr'><strong>xv).</strong></span> <span class='ocrx_word' id='word_1_233' title='bbox 2529 1568 2760 1640; x_wconf 88' lang='lat' dir='ltr'><strong>Sanguis</strong></span> <span class='ocrx_word' id='word_1_234' title='bbox 2790 1579 3071 1637; x_wconf 85' lang='lat' dir='ltr'><strong>peccatum</strong></span> <span class='ocrx_word' id='word_1_235' title='bbox 3103 1567 3392 1638; x_wconf 82' lang='lat' dir='ltr'><strong>signiﬁcat,</strong></span> <span class='ocrx_word' id='word_1_236' title='bbox 3424 1576 3484 1622; x_wconf 85' lang='lat' dir='ltr'><strong>ut</strong></span> 
     </span>
    </p>
   </div>
   <div class='ocr_carea' id='block_1_31' title="bbox 1897 1656 3480 1731">
    <p class='ocr_par' dir='ltr' id='par_1_31' title="bbox 1897 1656 3480 1731">
     <span class='ocr_line' id='line_1_31' title="bbox 1897 1656 3480 1731; baseline -0.003 -16"><span class='ocrx_word' id='word_1_237' title='bbox 1897 1663 1950 1715; x_wconf 92' lang='lat' dir='ltr'><strong>in</strong></span> <span class='ocrx_word' id='word_1_238' title='bbox 1965 1660 2156 1715; x_wconf 80' lang='lat' dir='ltr'><strong>Alnos:</strong></span> <span class='ocrx_word' id='word_1_239' title='bbox 2184 1657 2412 1728; x_wconf 76' lang='lat' dir='ltr'><strong>Sanguis</strong></span> <span class='ocrx_word' id='word_1_240' title='bbox 2433 1659 2738 1728; x_wconf 87' lang='lat' dir='ltr'><strong>sanguinem</strong></span> <span class='ocrx_word' id='word_1_241' title='bbox 2762 1658 2947 1728; x_wconf 81' lang='lat' dir='ltr'><strong>tetigit,</strong></span> <span class='ocrx_word' id='word_1_242' title='bbox 2966 1667 3184 1731; x_wconf 75' lang='lat' dir='ltr'><strong>prapter</strong></span> <span class='ocrx_word' id='word_1_243' title='bbox 3206 1657 3303 1710; x_wconf 87' lang='lat' dir='ltr'><strong>hoc</strong></span> <span class='ocrx_word' id='word_1_244' title='bbox 3330 1656 3480 1726; x_wconf 76' lang='lat' dir='ltr'><strong>luge-</strong></span> 
     </span>
    </p>
   </div>
   <div class='ocr_carea' id='block_1_32' title="bbox 1898 1745 3485 1819">
    <p class='ocr_par' dir='ltr' id='par_1_32' title="bbox 1898 1745 3485 1819">
     <span class='ocr_line' id='line_1_32' title="bbox 1898 1745 3485 1819; baseline -0.001 -16"><span class='ocrx_word' id='word_1_245' title='bbox 1898 1749 1967 1803; x_wconf 88' lang='lat' dir='ltr'><strong>bit</strong></span> <span class='ocrx_word' id='word_1_246' title='bbox 1989 1759 2127 1803; x_wconf 87' lang='lat' dir='ltr'><strong>terra</strong></span> <span class='ocrx_word' id='word_1_247' title='bbox 2154 1745 2298 1819; x_wconf 90' lang='lat' dir='ltr'><strong>(Ose.</strong></span> <span class='ocrx_word' id='word_1_248' title='bbox 2330 1746 2424 1816; x_wconf 82' lang='lat' dir='ltr'><strong>IV).</strong></span> <span class='ocrx_word' id='word_1_249' title='bbox 2476 1745 2746 1817; x_wconf 89' lang='lat' dir='ltr'><strong>Sanguine</strong></span> <span class='ocrx_word' id='word_1_250' title='bbox 2768 1748 3086 1818; x_wconf 85' lang='lat' dir='ltr'><strong>sanguinem</strong></span> <span class='ocrx_word' id='word_1_251' title='bbox 3130 1756 3368 1819; x_wconf 85' lang='lat' dir='ltr'><strong>tangere,</strong></span> <span class='ocrx_word' id='word_1_252' title='bbox 3400 1759 3485 1803; x_wconf 86' lang='lat' dir='ltr'><strong>est</strong></span> 
     </span>
    </p>
   </div>
   <div class='ocr_carea' id='block_1_33' title="bbox 212 1838 3485 1930">
    <p class='ocr_par' dir='ltr' id='par_1_33' title="bbox 212 1838 3485 1930">
     <span class='ocr_line' id='line_1_33' title="bbox 212 1838 3485 1930; baseline -0.006 -16"><span class='ocrx_word' id='word_1_253' title='bbox 212 1838 474 1925; x_wconf 85' lang='lat' dir='ltr'><strong>turarum,</strong></span> <span class='ocrx_word' id='word_1_254' title='bbox 508 1838 625 1915; x_wconf 76' lang='lat' dir='ltr'><strong>sive</strong></span> <span class='ocrx_word' id='word_1_255' title='bbox 660 1859 778 1915; x_wconf 90' lang='lat' dir='ltr'><strong>illos</strong></span> <span class='ocrx_word' id='word_1_256' title='bbox 798 1859 1182 1930; x_wconf 81' lang='lat' dir='ltr'><strong>praedicatores</strong></span> <span class='ocrx_word' id='word_1_257' title='bbox 1202 1853 1477 1925; x_wconf 87' lang='lat' dir='ltr'><strong>Evangelii</strong></span> <span class='ocrx_word' id='word_1_258' title='bbox 1503 1850 1790 1923; x_wconf 90' lang='lat' dir='ltr'><strong>promittit,</strong></span> <span class='ocrx_word' id='word_1_259' title='bbox 1822 1840 1868 1898; x_wconf 90' lang='lat' dir='ltr'><strong>B</strong></span> <span class='ocrx_word' id='word_1_260' title='bbox 1894 1848 2114 1911; x_wconf 87' lang='lat' dir='ltr'><strong>peccata</strong></span> <span class='ocrx_word' id='word_1_261' title='bbox 2140 1838 2730 1930; x_wconf 31' lang='lat' dir='ltr'><strong>peccatis‘conjungere</strong></span> <span class='ocrx_word' id='word_1_262' title='bbox 2752 1854 2770 1930; x_wconf 57' lang='grc' dir='ltr'><strong>ι</strong></span> <span class='ocrx_word' id='word_1_263' title='bbox 2804 1840 3066 1930; x_wconf 84' lang='lat' dir='ltr'><strong>siquidem</strong></span> <span class='ocrx_word' id='word_1_264' title='bbox 3095 1854 3255 1894; x_wconf 92' lang='lat' dir='ltr'><strong>omne</strong></span> <span class='ocrx_word' id='word_1_265' title='bbox 3292 1854 3485 1930; x_wconf 85' lang='lat' dir='ltr'><strong>pecca-</strong></span> 
     </span>
    </p>
   </div>
   <div class='ocr_carea' id='block_1_34' title="bbox 212 1940 1793 2019">
    <p class='ocr_par' dir='ltr' id='par_1_34' title="bbox 212 1940 1793 2019">
     <span class='ocr_line' id='line_1_34' title="bbox 212 1940 1793 2019; baseline -0.004 -18"><span class='ocrx_word' id='word_1_266' title='bbox 212 1962 433 2017; x_wconf 88' lang='lat' dir='ltr'><strong>quorum</strong></span> <span class='ocrx_word' id='word_1_267' title='bbox 473 1948 764 2019; x_wconf 88' lang='lat' dir='ltr'><strong>imaginem</strong></span> <span class='ocrx_word' id='word_1_268' title='bbox 787 1948 841 2001; x_wconf 91' lang='lat' dir='ltr'><strong>in</strong></span> <span class='ocrx_word' id='word_1_269' title='bbox 862 1946 1014 2001; x_wconf 91' lang='lat' dir='ltr'><strong>vituli</strong></span> <span class='ocrx_word' id='word_1_270' title='bbox 1041 1947 1209 2017; x_wconf 78' lang='lat' dir='ltr'><strong>ﬁgura</strong></span> <span class='ocrx_word' id='word_1_271' title='bbox 1232 1944 1407 1999; x_wconf 90' lang='lat' dir='ltr'><strong>Lucas</strong></span> <span class='ocrx_word' id='word_1_272' title='bbox 1445 1940 1793 2012; x_wconf 90' lang='lat' dir='ltr'><strong>Evangelista</strong></span> 
     </span>
    </p>
   </div>
   <div class='ocr_carea' id='block_1_35' title="bbox 212 2027 1797 2106">
    <p class='ocr_par' dir='ltr' id='par_1_35' title="bbox 212 2027 1797 2106">
     <span class='ocr_line' id='line_1_35' title="bbox 212 2027 1797 2106; baseline -0.006 -15"><span class='ocrx_word' id='word_1_273' title='bbox 212 2036 452 2106; x_wconf 86' lang='lat' dir='ltr'><strong>suscipit,</strong></span> <span class='ocrx_word' id='word_1_274' title='bbox 482 2037 580 2106; x_wconf 89' lang='lat' dir='ltr'><strong>qui</strong></span> <span class='ocrx_word' id='word_1_275' title='bbox 631 2050 737 2092; x_wconf 89' lang='lat' dir='ltr'><strong>non</strong></span> <span class='ocrx_word' id='word_1_276' title='bbox 785 2035 1080 2105; x_wconf 86' lang='lat' dir='ltr'><strong>mugitibus</strong></span> <span class='ocrx_word' id='word_1_277' title='bbox 1110 2047 1237 2087; x_wconf 91' lang='lat' dir='ltr'><strong>aera</strong></span> <span class='ocrx_word' id='word_1_278' title='bbox 1286 2032 1659 2094; x_wconf 81' lang='lat' dir='ltr'><strong>verberarem,</strong></span> <span class='ocrx_word' id='word_1_279' title='bbox 1704 2027 1797 2083; x_wconf 87' lang='lat' dir='ltr'><strong>sed</strong></span> 
     </span>
    </p>
   </div>
   <div class='ocr_carea' id='block_1_36' title="bbox 211 2122 1798 2195">
    <p class='ocr_par' dir='ltr' id='par_1_36' title="bbox 211 2122 1798 2195">
     <span class='ocr_line' id='line_1_36' title="bbox 211 2122 1798 2195; baseline -0.007 -10"><span class='ocrx_word' id='word_1_280' title='bbox 211 2129 391 2185; x_wconf 83' lang='lat' dir='ltr'><strong>orbem</strong></span> <span class='ocrx_word' id='word_1_281' title='bbox 425 2138 697 2184; x_wconf 82' lang='lat' dir='ltr'><strong>terrarum</strong></span> <span class='ocrx_word' id='word_1_282' title='bbox 744 2127 1037 2183; x_wconf 67' lang='lat' dir='ltr'><strong>Dominicae</strong></span> <span class='ocrx_word' id='word_1_283' title='bbox 1078 2125 1201 2181; x_wconf 77' lang='lat' dir='ltr'><strong>ﬁdei</strong></span> <span class='ocrx_word' id='word_1_284' title='bbox 1242 2122 1622 2195; x_wconf 66' lang='lat' dir='ltr'><strong>praedicatione</strong></span> <span class='ocrx_word' id='word_1_285' title='bbox 1653 2134 1798 2175; x_wconf 92' lang='lat' dir='ltr'><strong>com-</strong></span> 
     </span>
    </p>
   </div>
   <div class='ocr_carea' id='block_1_37' title="bbox 211 2214 1794 2288">
    <p class='ocr_par' dir='ltr' id='par_1_37' title="bbox 211 2214 1794 2288">
     <span class='ocr_line' id='line_1_37' title="bbox 211 2214 1794 2288; baseline -0.004 -17"><span class='ocrx_word' id='word_1_286' title='bbox 211 2218 438 2288; x_wconf 84' lang='lat' dir='ltr'><strong>plerent,</strong></span> <span class='ocrx_word' id='word_1_287' title='bbox 461 2218 582 2275; x_wconf 85' lang='lat' dir='ltr'><strong>sive</strong></span> <span class='ocrx_word' id='word_1_288' title='bbox 608 2218 729 2274; x_wconf 85' lang='lat' dir='ltr'><strong>illos</strong></span> <span class='ocrx_word' id='word_1_289' title='bbox 748 2218 920 2288; x_wconf 88' lang='lat' dir='ltr'><strong>magis</strong></span> <span class='ocrx_word' id='word_1_290' title='bbox 963 2216 1159 2272; x_wconf 89' lang='lat' dir='ltr'><strong>vitulos</strong></span> <span class='ocrx_word' id='word_1_291' title='bbox 1193 2216 1451 2271; x_wconf 89' lang='lat' dir='ltr'><strong>debemus</strong></span> <span class='ocrx_word' id='word_1_292' title='bbox 1495 2214 1794 2275; x_wconf 85' lang='lat' dir='ltr'><strong>advertere,</strong></span> 
     </span>
    </p>
   </div>
   <div class='ocr_carea' id='block_1_38' title="bbox 213 2299 1798 2379">
    <p class='ocr_par' dir='ltr' id='par_1_38' title="bbox 213 2299 1798 2379">
     <span class='ocr_line' id='line_1_38' title="bbox 213 2299 1798 2379; baseline -0.006 -16"><span class='ocrx_word' id='word_1_293' title='bbox 213 2309 301 2379; x_wconf 87' lang='lat' dir='ltr'><strong>qui</strong></span> <span class='ocrx_word' id='word_1_294' title='bbox 325 2309 534 2363; x_wconf 89' lang='lat' dir='ltr'><strong>animas</strong></span> <span class='ocrx_word' id='word_1_295' title='bbox 568 2324 694 2364; x_wconf 89' lang='lat' dir='ltr'><strong>suas</strong></span> <span class='ocrx_word' id='word_1_296' title='bbox 719 2308 773 2363; x_wconf 91' lang='lat' dir='ltr'><strong>in</strong></span> <span class='ocrx_word' id='word_1_297' title='bbox 797 2308 1031 2363; x_wconf 84' lang='lat' dir='ltr'><strong>hostiam</strong></span> <span class='ocrx_word' id='word_1_298' title='bbox 1083 2307 1366 2363; x_wconf 85' lang='lat' dir='ltr'><strong>suavitatis</strong></span> <span class='ocrx_word' id='word_1_299' title='bbox 1403 2303 1574 2359; x_wconf 87' lang='lat' dir='ltr'><strong>sacris</strong></span> <span class='ocrx_word' id='word_1_300' title='bbox 1608 2299 1798 2356; x_wconf 86' lang='lat' dir='ltr'><strong>altari-</strong></span> 
     </span>
    </p>
   </div>
   <div class='ocr_carea' id='block_1_39' title="bbox 213 2389 1798 2467">
    <p class='ocr_par' dir='ltr' id='par_1_39' title="bbox 213 2389 1798 2467">
     <span class='ocr_line' id='line_1_39' title="bbox 213 2389 1798 2467; baseline -0.004 -15"><span class='ocrx_word' id='word_1_301' title='bbox 213 2397 311 2453; x_wconf 89' lang='lat' dir='ltr'><strong>bus</strong></span> <span class='ocrx_word' id='word_1_302' title='bbox 331 2398 666 2454; x_wconf 86' lang='lat' dir='ltr'><strong>obtulcrunt.</strong></span> <span class='ocrx_word' id='word_1_303' title='bbox 707 2396 843 2452; x_wconf 88' lang='lat' dir='ltr'><strong>Nam</strong></span> <span class='ocrx_word' id='word_1_304' title='bbox 879 2408 935 2453; x_wconf 88' lang='lat' dir='ltr'><strong>et</strong></span> <span class='ocrx_word' id='word_1_305' title='bbox 962 2406 1120 2467; x_wconf 90' lang='lat' dir='ltr'><strong>pater</strong></span> <span class='ocrx_word' id='word_1_306' title='bbox 1155 2395 1505 2467; x_wconf 84' lang='lat' dir='ltr'><strong>Augustinus,</strong></span> <span class='ocrx_word' id='word_1_307' title='bbox 1554 2408 1676 2448; x_wconf 90' lang='lat' dir='ltr'><strong>cum</strong></span> <span class='ocrx_word' id='word_1_308' title='bbox 1731 2389 1798 2446; x_wconf 86' lang='lat' dir='ltr'><strong>de</strong></span> 
     </span>
    </p>
   </div>
   <div class='ocr_carea' id='block_1_40' title="bbox 216 2484 1797 2561">
    <p class='ocr_par' dir='ltr' id='par_1_40' title="bbox 216 2484 1797 2561">
     <span class='ocr_line' id='line_1_40' title="bbox 216 2484 1797 2561; baseline -0.005 -18"><span class='ocrx_word' id='word_1_309' title='bbox 216 2488 396 2561; x_wconf 81' lang='lat' dir='ltr'><strong>ﬁguris</strong></span> <span class='ocrx_word' id='word_1_310' title='bbox 418 2490 529 2544; x_wconf 85' lang='lat' dir='ltr'><strong>illis</strong></span> <span class='ocrx_word' id='word_1_311' title='bbox 556 2488 883 2559; x_wconf 87' lang='lat' dir='ltr'><strong>evangelicis</strong></span> <span class='ocrx_word' id='word_1_312' title='bbox 916 2496 1187 2559; x_wconf 86' lang='lat' dir='ltr'><strong>ageretur,</strong></span> <span class='ocrx_word' id='word_1_313' title='bbox 1215 2486 1451 2556; x_wconf 90' lang='lat' dir='ltr'><strong>quodam</strong></span> <span class='ocrx_word' id='word_1_314' title='bbox 1482 2485 1599 2539; x_wconf 89' lang='lat' dir='ltr'><strong>loco</strong></span> <span class='ocrx_word' id='word_1_315' title='bbox 1623 2484 1797 2552; x_wconf 89' lang='lat' dir='ltr'><strong>ipsum</strong></span> 
     </span>
    </p>
   </div>
   <div class='ocr_carea' id='block_1_41' title="bbox 217 2572 1801 2646">
    <p class='ocr_par' dir='ltr' id='par_1_41' title="bbox 217 2572 1801 2646">
     <span class='ocr_line' id='line_1_41' title="bbox 217 2572 1801 2646; baseline -0.004 -13"><span class='ocrx_word' id='word_1_316' title='bbox 217 2578 500 2633; x_wconf 89' lang='lat' dir='ltr'><strong>Dominum</strong></span> <span class='ocrx_word' id='word_1_317' title='bbox 520 2576 751 2632; x_wconf 87' lang='lat' dir='ltr'><strong>vitulum</strong></span> <span class='ocrx_word' id='word_1_318' title='bbox 773 2577 925 2642; x_wconf 91' lang='lat' dir='ltr'><strong>dicit,</strong></span> <span class='ocrx_word' id='word_1_319' title='bbox 955 2576 1048 2646; x_wconf 91' lang='lat' dir='ltr'><strong>qui</strong></span> <span class='ocrx_word' id='word_1_320' title='bbox 1077 2590 1135 2631; x_wconf 89' lang='lat' dir='ltr'><strong>se</strong></span> <span class='ocrx_word' id='word_1_321' title='bbox 1186 2574 1419 2630; x_wconf 86' lang='lat' dir='ltr'><strong>hostiam</strong></span> <span class='ocrx_word' id='word_1_322' title='bbox 1460 2572 1651 2628; x_wconf 88' lang='lat' dir='ltr'><strong>obtulit</strong></span> <span class='ocrx_word' id='word_1_323' title='bbox 1703 2586 1801 2641; x_wconf 91' lang='lat' dir='ltr'><strong>pro</strong></span> 
     </span>
    </p>
   </div>
   <div class='ocr_carea' id='block_1_42' title="bbox 218 2663 1802 2738">
    <p class='ocr_par' dir='ltr' id='par_1_42' title="bbox 218 2663 1802 2738">
     <span class='ocr_line' id='line_1_42' title="bbox 218 2663 1802 2738; baseline -0.006 -13"><span class='ocrx_word' id='word_1_324' title='bbox 218 2670 383 2725; x_wconf 87' lang='lat' dir='ltr'><strong>salute</strong></span> <span class='ocrx_word' id='word_1_325' title='bbox 410 2679 753 2725; x_wconf 85' lang='lat' dir='ltr'><strong>cunctorum.</strong></span> <span class='ocrx_word' id='word_1_326' title='bbox 797 2668 1133 2738; x_wconf 85' lang='lat' dir='ltr'><strong>Quapropter</strong></span> <span class='ocrx_word' id='word_1_327' title='bbox 1175 2667 1287 2722; x_wconf 89' lang='lat' dir='ltr'><strong>sive</strong></span> <span class='ocrx_word' id='word_1_328' title='bbox 1331 2666 1399 2720; x_wconf 89' lang='lat' dir='ltr'><strong>de</strong></span> <span class='ocrx_word' id='word_1_329' title='bbox 1451 2663 1802 2719; x_wconf 86' lang='lat' dir='ltr'><strong>adolescenti—</strong></span> 
     </span>
    </p>
   </div>
   <div class='ocr_carea' id='block_1_43' title="bbox 218 2757 1802 2833">
    <p class='ocr_par' dir='ltr' id='par_1_43' title="bbox 218 2757 1802 2833">
     <span class='ocr_line' id='line_1_43' title="bbox 218 2757 1802 2833; baseline -0.006 -15"><span class='ocrx_word' id='word_1_330' title='bbox 218 2763 337 2828; x_wconf 84' lang='lat' dir='ltr'><strong>bus,</strong></span> <span class='ocrx_word' id='word_1_331' title='bbox 367 2764 483 2818; x_wconf 87' lang='lat' dir='ltr'><strong>sive</strong></span> <span class='ocrx_word' id='word_1_332' title='bbox 503 2764 571 2817; x_wconf 88' lang='lat' dir='ltr'><strong>de</strong></span> <span class='ocrx_word' id='word_1_333' title='bbox 596 2761 1059 2833; x_wconf 63' lang='lat' dir='ltr'><strong>praedicatoribus,</strong></span> <span class='ocrx_word' id='word_1_334' title='bbox 1087 2760 1198 2814; x_wconf 88' lang='lat' dir='ltr'><strong>sive</strong></span> <span class='ocrx_word' id='word_1_335' title='bbox 1225 2760 1290 2813; x_wconf 92' lang='lat' dir='ltr'><strong>de</strong></span> <span class='ocrx_word' id='word_1_336' title='bbox 1325 2757 1655 2826; x_wconf 87' lang='lat' dir='ltr'><strong>martyribus</strong></span> <span class='ocrx_word' id='word_1_337' title='bbox 1679 2770 1802 2810; x_wconf 89' lang='lat' dir='ltr'><strong>sen-</strong></span> 
     </span>
    </p>
   </div>
   <div class='ocr_carea' id='block_1_44' title="bbox 222 2846 1801 2920">
    <p class='ocr_par' dir='ltr' id='par_1_44' title="bbox 222 2846 1801 2920">
     <span class='ocr_line' id='line_1_44' title="bbox 222 2846 1801 2920; baseline -0.005 -13"><span class='ocrx_word' id='word_1_338' title='bbox 222 2852 407 2917; x_wconf 87' lang='lat' dir='ltr'><strong>tiatur,</strong></span> <span class='ocrx_word' id='word_1_339' title='bbox 437 2853 578 2907; x_wconf 87' lang='lat' dir='ltr'><strong>tales</strong></span> <span class='ocrx_word' id='word_1_340' title='bbox 608 2861 816 2907; x_wconf 89' lang='lat' dir='ltr'><strong>tantum</strong></span> <span class='ocrx_word' id='word_1_341' title='bbox 850 2850 1120 2920; x_wconf 85' lang='lat' dir='ltr'><strong>Propheta</strong></span> <span class='ocrx_word' id='word_1_342' title='bbox 1157 2846 1355 2903; x_wconf 89' lang='lat' dir='ltr'><strong>vitulos</strong></span> <span class='ocrx_word' id='word_1_343' title='bbox 1393 2847 1653 2902; x_wconf 86' lang='lat' dir='ltr'><strong>altaribus</strong></span> <span class='ocrx_word' id='word_1_344' title='bbox 1696 2846 1801 2899; x_wconf 86' lang='lat' dir='ltr'><strong>Do—</strong></span> 
     </span>
    </p>
   </div>
   <div class='ocr_carea' id='block_1_45' title="bbox 223 2935 1801 3013">
    <p class='ocr_par' dir='ltr' id='par_1_45' title="bbox 223 2935 1801 3013">
     <span class='ocr_line' id='line_1_45' title="bbox 223 2935 1801 3013; baseline -0.004 -17"><span class='ocrx_word' id='word_1_345' title='bbox 223 2943 349 2996; x_wconf 89' lang='lat' dir='ltr'><strong>mini</strong></span> <span class='ocrx_word' id='word_1_346' title='bbox 394 2943 578 3011; x_wconf 90' lang='lat' dir='ltr'><strong>potuit</strong></span> <span class='ocrx_word' id='word_1_347' title='bbox 626 2943 962 3013; x_wconf 85' lang='lat' dir='ltr'><strong>promittere,</strong></span> <span class='ocrx_word' id='word_1_348' title='bbox 1008 2955 1144 3009; x_wconf 90' lang='lat' dir='ltr'><strong>quos</strong></span> <span class='ocrx_word' id='word_1_349' title='bbox 1198 2938 1519 2994; x_wconf 84' lang='lat' dir='ltr'><strong>Christianae</strong></span> <span class='ocrx_word' id='word_1_350' title='bbox 1556 2935 1801 3005; x_wconf 81' lang='lat' dir='ltr'><strong>religioni</strong></span> 
     </span>
    </p>
   </div>
   <div class='ocr_carea' id='block_1_46' title="bbox 225 3027 1798 3097">
    <p class='ocr_par' dir='ltr' id='par_1_46' title="bbox 225 3027 1798 3097">
     <span class='ocr_line' id='line_1_46' title="bbox 225 3027 1798 3097; baseline -0.006 -10"><span class='ocrx_word' id='word_1_351' title='bbox 225 3042 440 3087; x_wconf 82' lang='lat' dir='ltr'><strong>noverat</strong></span> <span class='ocrx_word' id='word_1_352' title='bbox 477 3034 792 3088; x_wconf 86' lang='lat' dir='ltr'><strong>convenire.</strong></span> <span class='ocrx_word' id='word_1_353' title='bbox 830 3030 1046 3086; x_wconf 77' lang='lat' dir='ltr'><strong>Vitulus</strong></span> <span class='ocrx_word' id='word_1_354' title='bbox 1092 3030 1341 3085; x_wconf 89' lang='lat' dir='ltr'><strong>Christus</strong></span> <span class='ocrx_word' id='word_1_355' title='bbox 1388 3030 1441 3082; x_wconf 92' lang='lat' dir='ltr'><strong>in</strong></span> <span class='ocrx_word' id='word_1_356' title='bbox 1465 3027 1754 3097; x_wconf 87' lang='lat' dir='ltr'><strong>Evangelio</strong></span> <span class='ocrx_word' id='word_1_357' title='bbox 1786 3043 1798 3078; x_wconf 91' lang='lat'><strong>:</strong></span> 
     </span>
    </p>
   </div>
   <div class='ocr_carea' id='block_1_47' title="bbox 222 3118 1799 3193">
    <p class='ocr_par' dir='ltr' id='par_1_47' title="bbox 222 3118 1799 3193">
     <span class='ocr_line' id='line_1_47' title="bbox 222 3118 1799 3193; baseline -0.004 -15"><span class='ocrx_word' id='word_1_358' title='bbox 222 3124 474 3178; x_wconf 78' lang='lat' dir='ltr'><strong>Adducite</strong></span> <span class='ocrx_word' id='word_1_359' title='bbox 497 3124 722 3178; x_wconf 84' lang='lat' dir='ltr'><strong>vitulum</strong></span> <span class='ocrx_word' id='word_1_360' title='bbox 749 3124 1046 3193; x_wconf 87' lang='lat' dir='ltr'><strong>saginatum</strong></span> <span class='ocrx_word' id='word_1_361' title='bbox 1072 3132 1118 3176; x_wconf 89' lang='lat' dir='ltr'><strong>et</strong></span> <span class='ocrx_word' id='word_1_362' title='bbox 1148 3122 1324 3176; x_wconf 84' lang='lat' dir='ltr'><strong>occide</strong></span> <span class='ocrx_word' id='word_1_363' title='bbox 1367 3118 1531 3190; x_wconf 87' lang='lat' dir='ltr'><strong>(Luc.</strong></span> <span class='ocrx_word' id='word_1_364' title='bbox 1573 3118 1692 3191; x_wconf 90' lang='lat' dir='ltr'><strong>xv).</strong></span> <span class='ocrx_word' id='word_1_365' title='bbox 1734 3118 1799 3172; x_wconf 92' lang='lat' dir='ltr'><strong>Et</strong></span> 
     </span>
    </p>
   </div>
   <div class='ocr_carea' id='block_1_48' title="bbox 1899 1926 3484 1997">
    <p class='ocr_par' dir='ltr' id='par_1_48' title="bbox 1899 1926 3484 1997">
     <span class='ocr_line' id='line_1_48' title="bbox 1899 1926 3484 1997; baseline -0.001 -14"><span class='ocrx_word' id='word_1_366' title='bbox 1899 1937 2013 1983; x_wconf 88' lang='lat' dir='ltr'><strong>tum</strong></span> <span class='ocrx_word' id='word_1_367' title='bbox 2038 1928 2289 1983; x_wconf 91' lang='lat' dir='ltr'><strong>occidens</strong></span> <span class='ocrx_word' id='word_1_368' title='bbox 2317 1926 2554 1981; x_wconf 89' lang='lat' dir='ltr'><strong>animam</strong></span> <span class='ocrx_word' id='word_1_369' title='bbox 2577 1927 2821 1997; x_wconf 84' lang='lat' dir='ltr'><strong>sanguini</strong></span> <span class='ocrx_word' id='word_1_370' title='bbox 2850 1936 3214 1997; x_wconf 86' lang='lat' dir='ltr'><strong>comparatur,</strong></span> <span class='ocrx_word' id='word_1_371' title='bbox 3264 1927 3404 1982; x_wconf 90' lang='lat' dir='ltr'><strong>sicut</strong></span> <span class='ocrx_word' id='word_1_372' title='bbox 3428 1927 3484 1981; x_wconf 93' lang='lat' dir='ltr'><strong>in</strong></span> 
     </span>
    </p>
   </div>
   <div class='ocr_carea' id='block_1_49' title="bbox 1900 2016 3489 2090">
    <p class='ocr_par' dir='ltr' id='par_1_49' title="bbox 1900 2016 3489 2090">
     <span class='ocr_line' id='line_1_49' title="bbox 1900 2016 3489 2090; baseline -0.001 -18"><span class='ocrx_word' id='word_1_373' title='bbox 1900 2020 2160 2090; x_wconf 83' lang='lat' dir='ltr'><strong>prepheta</strong></span> <span class='ocrx_word' id='word_1_374' title='bbox 2201 2032 2303 2087; x_wconf 91' lang='lat' dir='ltr'><strong>pro</strong></span> <span class='ocrx_word' id='word_1_375' title='bbox 2337 2026 2623 2088; x_wconf 87' lang='lat' dir='ltr'><strong>peccatore</strong></span> <span class='ocrx_word' id='word_1_376' title='bbox 2655 2018 2851 2072; x_wconf 90' lang='lat' dir='ltr'><strong>dicitur</strong></span> <span class='ocrx_word' id='word_1_377' title='bbox 2877 2034 2890 2070; x_wconf 92' lang='lat'><strong>:</strong></span> <span class='ocrx_word' id='word_1_378' title='bbox 2934 2016 3161 2087; x_wconf 86' lang='lat' dir='ltr'><strong>Sanguis</strong></span> <span class='ocrx_word' id='word_1_379' title='bbox 3188 2017 3302 2086; x_wconf 85' lang='lat' dir='ltr'><strong>ejus</strong></span> <span class='ocrx_word' id='word_1_380' title='bbox 3331 2033 3489 2087; x_wconf 82' lang='lat' dir='ltr'><strong>super</strong></span> 
     </span>
    </p>
   </div>
   <div class='ocr_carea' id='block_1_50' title="bbox 1900 2104 3482 2179">
    <p class='ocr_par' dir='ltr' id='par_1_50' title="bbox 1900 2104 3482 2179">
     <span class='ocr_line' id='line_1_50' title="bbox 1900 2104 3482 2179; baseline 0.001 -17"><span class='ocrx_word' id='word_1_381' title='bbox 1900 2117 2053 2179; x_wconf 86' lang='lat' dir='ltr'><strong>caput</strong></span> <span class='ocrx_word' id='word_1_382' title='bbox 2077 2108 2191 2177; x_wconf 88' lang='lat' dir='ltr'><strong>ejus</strong></span> <span class='ocrx_word' id='word_1_383' title='bbox 2221 2104 2368 2177; x_wconf 82' lang='lat' dir='ltr'><strong>(Ose.</strong></span> <span class='ocrx_word' id='word_1_384' title='bbox 2394 2108 2516 2179; x_wconf 83' lang='lat' dir='ltr'><strong>xu).</strong></span> <span class='ocrx_word' id='word_1_385' title='bbox 2566 2107 2744 2177; x_wconf 86' lang='lat' dir='ltr'><strong>Adeps</strong></span> <span class='ocrx_word' id='word_1_386' title='bbox 2768 2108 3033 2179; x_wconf 83' lang='lat' dir='ltr'><strong>pinguedo</strong></span> <span class='ocrx_word' id='word_1_387' title='bbox 3055 2107 3243 2177; x_wconf 76' lang='lat' dir='ltr'><strong>gratim</strong></span> <span class='ocrx_word' id='word_1_388' title='bbox 3269 2107 3482 2164; x_wconf 68' lang='lat' dir='ltr'><strong>divinae.</strong></span> 
     </span>
    </p>
   </div>
   <div class='ocr_carea' id='block_1_51' title="bbox 1899 2195 3489 2267">
    <p class='ocr_par' dir='ltr' id='par_1_51' title="bbox 1899 2195 3489 2267">
     <span class='ocr_line' id='line_1_51' title="bbox 1899 2195 3489 2267; baseline -0.001 -14"><span class='ocrx_word' id='word_1_389' title='bbox 1899 2198 1956 2253; x_wconf 92' lang='lat' dir='ltr'><strong>In</strong></span> <span class='ocrx_word' id='word_1_390' title='bbox 2007 2198 2256 2266; x_wconf 88' lang='lat' dir='ltr'><strong>psalmo:</strong></span> <span class='ocrx_word' id='word_1_391' title='bbox 2315 2195 2464 2250; x_wconf 86' lang='lat' dir='ltr'><strong>Sicut</strong></span> <span class='ocrx_word' id='word_1_392' title='bbox 2525 2197 2678 2266; x_wconf 85' lang='lat' dir='ltr'><strong>adipe</strong></span> <span class='ocrx_word' id='word_1_393' title='bbox 2728 2206 2777 2250; x_wconf 86' lang='lat' dir='ltr'><strong>et</strong></span> <span class='ocrx_word' id='word_1_394' title='bbox 2841 2198 3156 2267; x_wconf 81' lang='lat' dir='ltr'><strong>pinguedine</strong></span> <span class='ocrx_word' id='word_1_395' title='bbox 3227 2197 3489 2267; x_wconf 86' lang='lat' dir='ltr'><strong>repleatur</strong></span> 
     </span>
    </p>
   </div>
   <div class='ocr_carea' id='block_1_52' title="bbox 1888 2286 3488 2397">
    <p class='ocr_par' dir='ltr' id='par_1_52' title="bbox 1888 2286 3488 2397">
     <span class='ocr_line' id='line_1_52' title="bbox 1888 2286 3488 2397; baseline 0.003 -56"><span class='ocrx_word' id='word_1_396' title='bbox 1888 2286 2089 2397; x_wconf 56' lang='lat' dir='ltr'><strong>&#39;(Psal.&#39;</strong></span> <span class='ocrx_word' id='word_1_397' title='bbox 2130 2288 2285 2397; x_wconf 56' lang='lat'><strong>1.3:&quot;):</strong></span> <span class='ocrx_word' id='word_1_398' title='bbox 2312 2287 2998 2397; x_wconf 43' lang='lat' dir='ltr'><strong>.Adeps-compunct&#39;imem</strong></span> <span class='ocrx_word' id='word_1_399' title='bbox 3038 2289 3227 2397; x_wconf 52' lang='lat' dir='ltr'><strong>.co&#39;rdis</strong></span> <span class='ocrx_word' id='word_1_400' title='bbox 3271 2298 3488 2397; x_wconf 70' lang='lat' dir='ltr'><strong>sancto-</strong></span> 
     </span>
    </p>
   </div>
   <div class='ocr_carea' id='block_1_53' title="bbox 1900 2380 3487 2451">
    <p class='ocr_par' dir='ltr' id='par_1_53' title="bbox 1900 2380 3487 2451">
     <span class='ocr_line' id='line_1_53' title="bbox 1900 2380 3487 2451; baseline -0.001 -15"><span class='ocrx_word' id='word_1_401' title='bbox 1900 2397 2038 2436; x_wconf 91' lang='lat' dir='ltr'><strong>rum.</strong></span> <span class='ocrx_word' id='word_1_402' title='bbox 2071 2381 2127 2435; x_wconf 91' lang='lat' dir='ltr'><strong>In</strong></span> <span class='ocrx_word' id='word_1_403' title='bbox 2154 2380 2413 2446; x_wconf 91' lang='lat' dir='ltr'><strong>Levitico,</strong></span> <span class='ocrx_word' id='word_1_404' title='bbox 2439 2389 2487 2433; x_wconf 90' lang='lat' dir='ltr'><strong>et</strong></span> <span class='ocrx_word' id='word_1_405' title='bbox 2514 2381 2753 2451; x_wconf 84' lang='lat' dir='ltr'><strong>imposito</strong></span> <span class='ocrx_word' id='word_1_406' title='bbox 2789 2382 3006 2451; x_wconf 86' lang='lat' dir='ltr'><strong>desuper</strong></span> <span class='ocrx_word' id='word_1_407' title='bbox 3029 2380 3334 2435; x_wconf 84' lang='lat' dir='ltr'><strong>holocausta</strong></span> <span class='ocrx_word' id='word_1_408' title='bbox 3358 2380 3487 2435; x_wconf 64' lang='lat' dir='ltr'><strong>ado«</strong></span> 
     </span>
    </p>
   </div>
   <div class='ocr_carea' id='block_1_54' title="bbox 1900 2469 3487 2541">
    <p class='ocr_par' dir='ltr' id='par_1_54' title="bbox 1900 2469 3487 2541">
     <span class='ocr_line' id='line_1_54' title="bbox 1900 2469 3487 2541; baseline 0.001 -18"><span class='ocrx_word' id='word_1_409' title='bbox 1900 2471 2022 2524; x_wconf 87' lang='lat' dir='ltr'><strong>lebit</strong></span> <span class='ocrx_word' id='word_1_410' title='bbox 2046 2470 2223 2540; x_wconf 87' lang='lat' dir='ltr'><strong>adipes</strong></span> <span class='ocrx_word' id='word_1_411' title='bbox 2270 2470 2614 2540; x_wconf 80' lang='lat' dir='ltr'><strong>paciﬁcorum</strong></span> <span class='ocrx_word' id='word_1_412' title='bbox 2647 2470 2790 2541; x_wconf 75' lang='lat' dir='ltr'><strong>(Lee.</strong></span> <span class='ocrx_word' id='word_1_413' title='bbox 2833 2469 2930 2541; x_wconf 79' lang='lat' dir='ltr'><strong>vi).</strong></span> <span class='ocrx_word' id='word_1_414' title='bbox 2983 2470 3179 2541; x_wconf 83' lang='lat' dir='ltr'><strong>Adcps,</strong></span> <span class='ocrx_word' id='word_1_415' title='bbox 3226 2471 3487 2541; x_wconf 87' lang='lat' dir='ltr'><strong>spiritalis</strong></span> 
     </span>
    </p>
   </div>
   <div class='ocr_carea' id='block_1_55' title="bbox 1902 2559 3488 2632">
    <p class='ocr_par' dir='ltr' id='par_1_55' title="bbox 1902 2559 3488 2632">
     <span class='ocr_line' id='line_1_55' title="bbox 1902 2559 3488 2632; baseline 0.003 -19"><span class='ocrx_word' id='word_1_416' title='bbox 1902 2561 2088 2632; x_wconf 63' lang='lat' dir='ltr'><strong>gratiae</strong></span> <span class='ocrx_word' id='word_1_417' title='bbox 2114 2559 2456 2616; x_wconf 88' lang='lat' dir='ltr'><strong>intellectus:</strong></span> <span class='ocrx_word' id='word_1_418' title='bbox 2495 2568 2555 2614; x_wconf 93' lang='lat' dir='ltr'><strong>ut</strong></span> <span class='ocrx_word' id='word_1_419' title='bbox 2593 2561 2647 2615; x_wconf 92' lang='lat' dir='ltr'><strong>in</strong></span> <span class='ocrx_word' id='word_1_420' title='bbox 2676 2561 2922 2630; x_wconf 89' lang='lat' dir='ltr'><strong>psalmo:</strong></span> <span class='ocrx_word' id='word_1_421' title='bbox 2961 2571 3010 2615; x_wconf 92' lang='lat' dir='ltr'><strong>et</strong></span> <span class='ocrx_word' id='word_1_422' title='bbox 3049 2561 3201 2631; x_wconf 86' lang='lat' dir='ltr'><strong>adipe</strong></span> <span class='ocrx_word' id='word_1_423' title='bbox 3242 2562 3488 2631; x_wconf 81' lang='lat' dir='ltr'><strong>frumenti</strong></span> 
     </span>
    </p>
   </div>
   <div class='ocr_carea' id='block_1_56' title="bbox 1901 2648 3492 2722">
    <p class='ocr_par' dir='ltr' id='par_1_56' title="bbox 1901 2648 3492 2722">
     <span class='ocr_line' id='line_1_56' title="bbox 1901 2648 3492 2722; baseline 0.001 -18"><span class='ocrx_word' id='word_1_424' title='bbox 1901 2650 2058 2705; x_wconf 86' lang='lat' dir='ltr'><strong>satiat</strong></span> <span class='ocrx_word' id='word_1_425' title='bbox 2083 2659 2131 2704; x_wconf 92' lang='lat' dir='ltr'><strong>te</strong></span> <span class='ocrx_word' id='word_1_426' title='bbox 2159 2648 2333 2721; x_wconf 89' lang='lat' dir='ltr'><strong>(Psal.</strong></span> <span class='ocrx_word' id='word_1_427' title='bbox 2362 2665 2584 2722; x_wconf 76' lang='lat' dir='ltr'><strong>chvn).</strong></span> <span class='ocrx_word' id='word_1_428' title='bbox 2614 2650 2836 2719; x_wconf 85' lang='lat' dir='ltr'><strong>Adipes,</strong></span> <span class='ocrx_word' id='word_1_429' title='bbox 2866 2666 2984 2720; x_wconf 65' lang='lat' dir='ltr'><strong>qua:</strong></span> <span class='ocrx_word' id='word_1_430' title='bbox 3005 2652 3257 2721; x_wconf 85' lang='lat' dir='ltr'><strong>operiunt</strong></span> <span class='ocrx_word' id='word_1_431' title='bbox 3283 2650 3492 2722; x_wconf 87' lang='lat' dir='ltr'><strong>genita-</strong></span> 
     </span>
    </p>
   </div>
   <div class='ocr_carea' id='block_1_57' title="bbox 1903 2740 3491 2815">
    <p class='ocr_par' dir='ltr' id='par_1_57' title="bbox 1903 2740 3491 2815">
     <span class='ocr_line' id='line_1_57' title="bbox 1903 2740 3491 2815; baseline 0.003 -21"><span class='ocrx_word' id='word_1_432' title='bbox 1903 2740 1995 2807; x_wconf 89' lang='lat' dir='ltr'><strong>lia,</strong></span> <span class='ocrx_word' id='word_1_433' title='bbox 2026 2756 2146 2810; x_wconf 69' lang='lat' dir='ltr'><strong>quae</strong></span> <span class='ocrx_word' id='word_1_434' title='bbox 2189 2742 2399 2796; x_wconf 89' lang='lat' dir='ltr'><strong>comedi</strong></span> <span class='ocrx_word' id='word_1_435' title='bbox 2441 2741 2812 2812; x_wconf 88' lang='lat' dir='ltr'><strong>prohibentur,</strong></span> <span class='ocrx_word' id='word_1_436' title='bbox 2843 2744 3035 2798; x_wconf 88' lang='lat' dir='ltr'><strong>animae</strong></span> <span class='ocrx_word' id='word_1_437' title='bbox 3068 2745 3240 2815; x_wconf 90' lang='lat' dir='ltr'><strong>origo,</strong></span> <span class='ocrx_word' id='word_1_438' title='bbox 3272 2744 3414 2800; x_wconf 90' lang='lat' dir='ltr'><strong>sicut</strong></span> <span class='ocrx_word' id='word_1_439' title='bbox 3435 2750 3491 2801; x_wconf 86' lang='lat' dir='ltr'><strong>et</strong></span> 
     </span>
    </p>
   </div>
   <div class='ocr_carea' id='block_1_58' title="bbox 1904 2830 3490 2904">
    <p class='ocr_par' dir='ltr' id='par_1_58' title="bbox 1904 2830 3490 2904">
     <span class='ocr_line' id='line_1_58' title="bbox 1904 2830 3490 2904; baseline 0.001 -18"><span class='ocrx_word' id='word_1_440' title='bbox 1904 2830 2147 2900; x_wconf 89' lang='lat' dir='ltr'><strong>superius</strong></span> <span class='ocrx_word' id='word_1_441' title='bbox 2172 2831 2239 2885; x_wconf 90' lang='lat' dir='ltr'><strong>de</strong></span> <span class='ocrx_word' id='word_1_442' title='bbox 2271 2830 2533 2902; x_wconf 88' lang='lat' dir='ltr'><strong>sanguine</strong></span> <span class='ocrx_word' id='word_1_443' title='bbox 2563 2832 2765 2886; x_wconf 89' lang='lat' dir='ltr'><strong>dictum</strong></span> <span class='ocrx_word' id='word_1_444' title='bbox 2790 2842 2895 2895; x_wconf 89' lang='lat' dir='ltr'><strong>est,</strong></span> <span class='ocrx_word' id='word_1_445' title='bbox 2923 2847 2953 2886; x_wconf 89' lang='lat' dir='ltr'><strong>a</strong></span> <span class='ocrx_word' id='word_1_446' title='bbox 2978 2833 3298 2904; x_wconf 89' lang='lat' dir='ltr'><strong>quibusdam</strong></span> <span class='ocrx_word' id='word_1_447' title='bbox 3327 2832 3490 2904; x_wconf 85' lang='lat' dir='ltr'><strong>signi-</strong></span> 
     </span>
    </p>
   </div>
   <div class='ocr_carea' id='block_1_59' title="bbox 1904 2920 3484 2992">
    <p class='ocr_par' dir='ltr' id='par_1_59' title="bbox 1904 2920 3484 2992">
     <span class='ocr_line' id='line_1_59' title="bbox 1904 2920 3484 2992; baseline 0.003 -17"><span class='ocrx_word' id='word_1_448' title='bbox 1904 2920 2057 2976; x_wconf 77' lang='lat' dir='ltr'><strong>ficari</strong></span> <span class='ocrx_word' id='word_1_449' title='bbox 2089 2921 2306 2980; x_wconf 67' lang='lat' dir='ltr'><strong>videtur</strong></span> <span class='ocrx_word' id='word_1_450' title='bbox 2334 2920 2388 2974; x_wconf 93' lang='lat' dir='ltr'><strong>in</strong></span> <span class='ocrx_word' id='word_1_451' title='bbox 2418 2921 2655 2976; x_wconf 88' lang='lat' dir='ltr'><strong>Levitico</strong></span> <span class='ocrx_word' id='word_1_452' title='bbox 2674 2936 2688 2974; x_wconf 90' lang='lat'><strong>:</strong></span> <span class='ocrx_word' id='word_1_453' title='bbox 2707 2921 2885 2992; x_wconf 86' lang='lat' dir='ltr'><strong>Adeps</strong></span> <span class='ocrx_word' id='word_1_454' title='bbox 2913 2924 3217 2978; x_wconf 86' lang='lat' dir='ltr'><strong>crassitudo</strong></span> <span class='ocrx_word' id='word_1_455' title='bbox 3246 2923 3484 2991; x_wconf 60' lang='lat' dir='ltr'><strong>malitiae,</strong></span> 
     </span>
    </p>
   </div>
   <div class='ocr_carea' id='block_1_60' title="bbox 1905 3017 3489 3093">
    <p class='ocr_par' dir='ltr' id='par_1_60' title="bbox 1905 3017 3489 3093">
     <span class='ocr_line' id='line_1_60' title="bbox 1905 3017 3489 3093; baseline 0.004 -22"><span class='ocrx_word' id='word_1_456' title='bbox 1905 3023 1964 3071; x_wconf 92' lang='lat' dir='ltr'><strong>ut</strong></span> <span class='ocrx_word' id='word_1_457' title='bbox 1992 3017 2047 3071; x_wconf 92' lang='lat' dir='ltr'><strong>in</strong></span> <span class='ocrx_word' id='word_1_458' title='bbox 2074 3017 2313 3086; x_wconf 86' lang='lat' dir='ltr'><strong>psalmo:</strong></span> <span class='ocrx_word' id='word_1_459' title='bbox 2348 3018 2553 3073; x_wconf 88' lang='lat' dir='ltr'><strong>Prodiit</strong></span> <span class='ocrx_word' id='word_1_460' title='bbox 2578 3021 2728 3090; x_wconf 88' lang='lat' dir='ltr'><strong>quasi</strong></span> <span class='ocrx_word' id='word_1_461' title='bbox 2755 3038 2819 3074; x_wconf 79' lang='lat' dir='ltr'><strong>ea:</strong></span> <span class='ocrx_word' id='word_1_462' title='bbox 2844 3022 2996 3091; x_wconf 87' lang='lat' dir='ltr'><strong>adipe</strong></span> <span class='ocrx_word' id='word_1_463' title='bbox 3024 3023 3274 3093; x_wconf 87' lang='lat' dir='ltr'><strong>iniquitas</strong></span> <span class='ocrx_word' id='word_1_464' title='bbox 3310 3039 3489 3077; x_wconf 86' lang='lat' dir='ltr'><strong>eorum</strong></span> 
     </span>
    </p>
   </div>
   <div class='ocr_carea' id='block_1_61' title="bbox 1909 3104 3488 3185">
    <p class='ocr_par' dir='ltr' id='par_1_61' title="bbox 1909 3104 3488 3185">
     <span class='ocr_line' id='line_1_61' title="bbox 1909 3104 3488 3185; baseline 0.007 -28"><span class='ocrx_word' id='word_1_465' title='bbox 1909 3104 2079 3179; x_wconf 90' lang='lat' dir='ltr'><strong>(Psal.</strong></span> <span class='ocrx_word' id='word_1_466' title='bbox 2095 3108 2285 3179; x_wconf 79' lang='lat' dir='ltr'><strong>LXXII).</strong></span> <span class='ocrx_word' id='word_1_467' title='bbox 2302 3107 2432 3163; x_wconf 89' lang='lat' dir='ltr'><strong>Item</strong></span> <span class='ocrx_word' id='word_1_468' title='bbox 2446 3109 2517 3162; x_wconf 88' lang='lat' dir='ltr'><strong>ibi</strong></span> <span class='ocrx_word' id='word_1_469' title='bbox 2532 3126 2550 3163; x_wconf 91' lang='lat'><strong>:</strong></span> <span class='ocrx_word' id='word_1_470' title='bbox 2566 3110 2769 3179; x_wconf 84' lang='lat' dir='ltr'><strong>adipem</strong></span> <span class='ocrx_word' id='word_1_471' title='bbox 2785 3110 3145 3165; x_wconf 87' lang='lat' dir='ltr'><strong>concluserunt</strong></span> <span class='ocrx_word' id='word_1_472' title='bbox 3162 3109 3337 3183; x_wconf 79' lang='lat' dir='ltr'><strong>(Psal.</strong></span> <span class='ocrx_word' id='word_1_473' title='bbox 3354 3113 3488 3185; x_wconf 75' lang='lat' dir='ltr'><strong>xv1).</strong></span> 
     </span>
    </p>
   </div>
   <div class='ocr_carea' id='block_1_62' title="bbox 222 3177 3493 3283">
    <p class='ocr_par' dir='ltr' id='par_1_62' title="bbox 222 3177 3493 3283">
     <span class='ocr_line' id='line_1_62' title="bbox 222 3177 3493 3283; baseline 0.002 -33"><span class='ocrx_word' id='word_1_474' title='bbox 222 3177 274 3270; x_wconf 54' lang='lat' dir='ltr'><strong>4m</strong></span> <span class='ocrx_word' id='word_1_475' title='bbox 302 3216 460 3269; x_wconf 66' lang='lat' dir='ltr'><strong>aliam</strong></span> <span class='ocrx_word' id='word_1_476' title='bbox 490 3224 703 3283; x_wconf 54' lang='lat' dir='ltr'><strong>partem</strong></span> <span class='ocrx_word' id='word_1_477' title='bbox 741 3177 761 3266; x_wconf 17' lang='grc' dir='ltr'><strong>τί</strong></span> <span class='ocrx_word' id='word_1_478' title='bbox 787 3177 857 3266; x_wconf 71' lang='grc' dir='ltr'><strong>[ξι</strong></span> <span class='ocrx_word' id='word_1_479' title='bbox 887 3214 1201 3266; x_wconf 58' lang='lat' dir='ltr'><strong>commune,</strong></span> <span class='ocrx_word' id='word_1_480' title='bbox 1225 3229 1331 3276; x_wconf 57' lang='grc' dir='ltr'><strong>εοδ,</strong></span> <span class='ocrx_word' id='word_1_481' title='bbox 1372 3177 1619 3281; x_wconf 64' lang='grc' dir='ltr'><strong>ξαηηηαιη</strong></span> <span class='ocrx_word' id='word_1_482' title='bbox 1651 3177 1804 3264; x_wconf 71' lang='grc' dir='ltr'><strong>ὐξηι-</strong></span> <span class='ocrx_word' id='word_1_483' title='bbox 1831 3179 1875 3239; x_wconf 82' lang='lat' dir='ltr'><strong>C</strong></span> <span class='ocrx_word' id='word_1_484' title='bbox 1906 3177 2219 3250; x_wconf 89' lang='lat' dir='ltr'><strong>Crassitudo</strong></span> <span class='ocrx_word' id='word_1_485' title='bbox 2246 3177 2444 3250; x_wconf 85' lang='lat' dir='ltr'><strong>duritia</strong></span> <span class='ocrx_word' id='word_1_486' title='bbox 2467 3204 2550 3251; x_wconf 90' lang='lat' dir='ltr'><strong>est</strong></span> <span class='ocrx_word' id='word_1_487' title='bbox 2579 3177 2776 3252; x_wconf 81' lang='lat' dir='ltr'><strong>cordis.</strong></span> <span class='ocrx_word' id='word_1_488' title='bbox 2808 3197 2864 3252; x_wconf 90' lang='lat' dir='ltr'><strong>In</strong></span> <span class='ocrx_word' id='word_1_489' title='bbox 2891 3177 3188 3269; x_wconf 78' lang='lat' dir='ltr'><strong>propheta:</strong></span> <span class='ocrx_word' id='word_1_490' title='bbox 3224 3177 3493 3255; x_wconf 82' lang='lat' dir='ltr'><strong>Incrassa-</strong></span> 
     </span>
    </p>
   </div>
   <div class='ocr_carea' id='block_1_63' title="bbox 222 3301 1807 3375">
    <p class='ocr_par' dir='ltr' id='par_1_63' title="bbox 222 3301 1807 3375">
     <span class='ocr_line' id='line_1_63' title="bbox 222 3301 1807 3375; baseline -0.001 -17"><span class='ocrx_word' id='word_1_491' title='bbox 222 3304 296 3359; x_wconf 82' lang='lat' dir='ltr'><strong>los</strong></span> <span class='ocrx_word' id='word_1_492' title='bbox 322 3305 512 3360; x_wconf 80' lang='lat' dir='ltr'><strong>Libani</strong></span> <span class='ocrx_word' id='word_1_493' title='bbox 545 3302 729 3375; x_wconf 91' lang='lat' dir='ltr'><strong>(Psal.</strong></span> <span class='ocrx_word' id='word_1_494' title='bbox 754 3303 977 3375; x_wconf 85' lang='lat' dir='ltr'><strong>xxvm).</strong></span> <span class='ocrx_word' id='word_1_495' title='bbox 1010 3303 1196 3369; x_wconf 80' lang='lat' dir='ltr'><strong>Vituli,</strong></span> <span class='ocrx_word' id='word_1_496' title='bbox 1232 3303 1405 3358; x_wconf 90' lang='lat' dir='ltr'><strong>sancti</strong></span> <span class='ocrx_word' id='word_1_497' title='bbox 1438 3301 1541 3356; x_wconf 84' lang='lat' dir='ltr'><strong>ﬁde</strong></span> <span class='ocrx_word' id='word_1_498' title='bbox 1564 3316 1807 3356; x_wconf 86' lang='lat' dir='ltr'><strong>crescen-</strong></span> 
     </span>
    </p>
   </div>
   <div class='ocr_carea' id='block_1_64' title="bbox 224 3388 1805 3465">
    <p class='ocr_par' dir='ltr' id='par_1_64' title="bbox 224 3388 1805 3465">
     <span class='ocr_line' id='line_1_64' title="bbox 224 3388 1805 3465; baseline -0.004 -17"><span class='ocrx_word' id='word_1_499' title='bbox 224 3401 301 3448; x_wconf 85' lang='lat' dir='ltr'><strong>tes</strong></span> <span class='ocrx_word' id='word_1_500' title='bbox 324 3403 377 3448; x_wconf 87' lang='lat' dir='ltr'><strong>ct</strong></span> <span class='ocrx_word' id='word_1_501' title='bbox 404 3410 434 3447; x_wconf 89' lang='lat' dir='ltr'><strong>a</strong></span> <span class='ocrx_word' id='word_1_502' title='bbox 450 3392 588 3465; x_wconf 83' lang='lat' dir='ltr'><strong>jugo</strong></span> <span class='ocrx_word' id='word_1_503' title='bbox 612 3393 744 3464; x_wconf 89' lang='lat' dir='ltr'><strong>legis</strong></span> <span class='ocrx_word' id='word_1_504' title='bbox 764 3391 934 3446; x_wconf 90' lang='lat' dir='ltr'><strong>libera</strong></span> <span class='ocrx_word' id='word_1_505' title='bbox 960 3392 1099 3447; x_wconf 93' lang='lat' dir='ltr'><strong>colla</strong></span> <span class='ocrx_word' id='word_1_506' title='bbox 1128 3391 1410 3446; x_wconf 88' lang='lat' dir='ltr'><strong>habentes.</strong></span> <span class='ocrx_word' id='word_1_507' title='bbox 1435 3388 1619 3455; x_wconf 80' lang='lat' dir='ltr'><strong>Vituli,</strong></span> <span class='ocrx_word' id='word_1_508' title='bbox 1636 3388 1805 3443; x_wconf 76' lang='lat' dir='ltr'><strong>Judaei</strong></span> 
     </span>
    </p>
   </div>
   <div class='ocr_carea' id='block_1_65' title="bbox 222 3480 1809 3553">
    <p class='ocr_par' dir='ltr' id='par_1_65' title="bbox 222 3480 1809 3553">
     <span class='ocr_line' id='line_1_65' title="bbox 222 3480 1809 3553; baseline -0.003 -14"><span class='ocrx_word' id='word_1_509' title='bbox 222 3482 583 3539; x_wconf 76' lang='lat' dir='ltr'><strong>lascivientes.</strong></span> <span class='ocrx_word' id='word_1_510' title='bbox 624 3483 682 3538; x_wconf 87' lang='lat' dir='ltr'><strong>In</strong></span> <span class='ocrx_word' id='word_1_511' title='bbox 731 3482 939 3553; x_wconf 89' lang='lat' dir='ltr'><strong>psalmo</strong></span> <span class='ocrx_word' id='word_1_512' title='bbox 984 3501 998 3538; x_wconf 92' lang='lat'><strong>:</strong></span> <span class='ocrx_word' id='word_1_513' title='bbox 1043 3482 1507 3537; x_wconf 87' lang='lat' dir='ltr'><strong>Circumdederunt</strong></span> <span class='ocrx_word' id='word_1_514' title='bbox 1532 3498 1613 3536; x_wconf 90' lang='lat' dir='ltr'><strong>me</strong></span> <span class='ocrx_word' id='word_1_515' title='bbox 1658 3480 1809 3535; x_wconf 82' lang='lat' dir='ltr'><strong>vituli</strong></span> 
     </span>
    </p>
   </div>
   <div class='ocr_carea' id='block_1_66' title="bbox 223 3570 1807 3644">
    <p class='ocr_par' dir='ltr' id='par_1_66' title="bbox 223 3570 1807 3644">
     <span class='ocr_line' id='line_1_66' title="bbox 223 3570 1807 3644; baseline -0.001 -16"><span class='ocrx_word' id='word_1_516' title='bbox 223 3573 388 3637; x_wconf 66' lang='lat' dir='ltr'><strong>multi,</strong></span> <span class='ocrx_word' id='word_1_517' title='bbox 411 3574 575 3626; x_wconf 74' lang='lat' dir='ltr'><strong>tauri</strong></span> <span class='ocrx_word' id='word_1_518' title='bbox 592 3574 807 3643; x_wconf 85' lang='lat' dir='ltr'><strong>pingues</strong></span> <span class='ocrx_word' id='word_1_519' title='bbox 830 3573 1138 3627; x_wconf 87' lang='lat' dir='ltr'><strong>obsederunt</strong></span> <span class='ocrx_word' id='word_1_520' title='bbox 1160 3590 1238 3627; x_wconf 89' lang='lat' dir='ltr'><strong>me</strong></span> <span class='ocrx_word' id='word_1_521' title='bbox 1267 3573 1286 3644; x_wconf 97' lang='lat'>(</span> <span class='ocrx_word' id='word_1_522' title='bbox 1303 3570 1449 3626; x_wconf 86' lang='lat' dir='ltr'><strong>Psal.</strong></span> <span class='ocrx_word' id='word_1_523' title='bbox 1478 3572 1623 3644; x_wconf 71' lang='lat' dir='ltr'><strong>xxx).</strong></span> <span class='ocrx_word' id='word_1_524' title='bbox 1655 3572 1807 3627; x_wconf 90' lang='lat' dir='ltr'><strong>Tunc</strong></span> 
     </span>
    </p>
   </div>
   <div class='ocr_carea' id='block_1_67' title="bbox 226 3661 1806 3734">
    <p class='ocr_par' dir='ltr' id='par_1_67' title="bbox 226 3661 1806 3734">
     <span class='ocr_line' id='line_1_67' title="bbox 226 3661 1806 3734; baseline -0.001 -16"><span class='ocrx_word' id='word_1_525' title='bbox 226 3677 349 3734; x_wconf 84' lang='lat' dir='ltr'><strong>ergo</strong></span> <span class='ocrx_word' id='word_1_526' title='bbox 390 3662 445 3715; x_wconf 91' lang='lat' dir='ltr'><strong>in</strong></span> <span class='ocrx_word' id='word_1_527' title='bbox 493 3661 692 3715; x_wconf 90' lang='lat' dir='ltr'><strong>malam</strong></span> <span class='ocrx_word' id='word_1_528' title='bbox 739 3670 946 3731; x_wconf 92' lang='lat' dir='ltr'><strong>partem</strong></span> <span class='ocrx_word' id='word_1_529' title='bbox 988 3662 1141 3716; x_wconf 85' lang='lat' dir='ltr'><strong>vituli</strong></span> <span class='ocrx_word' id='word_1_530' title='bbox 1183 3661 1502 3733; x_wconf 80' lang='lat' dir='ltr'><strong>significatio</strong></span> <span class='ocrx_word' id='word_1_531' title='bbox 1554 3662 1806 3728; x_wconf 88' lang='lat' dir='ltr'><strong>trahitur,</strong></span> 
     </span>
    </p>
   </div>
   <div class='ocr_carea' id='block_1_68' title="bbox 226 3757 1808 3830">
    <p class='ocr_par' dir='ltr' id='par_1_68' title="bbox 226 3757 1808 3830">
     <span class='ocr_line' id='line_1_68' title="bbox 226 3757 1808 3830; baseline -0.001 -17"><span class='ocrx_word' id='word_1_532' title='bbox 226 3762 437 3829; x_wconf 90' lang='lat' dir='ltr'><strong>quando</strong></span> <span class='ocrx_word' id='word_1_533' title='bbox 464 3759 821 3830; x_wconf 88' lang='lat' dir='ltr'><strong>petulantiam</strong></span> <span class='ocrx_word' id='word_1_534' title='bbox 853 3767 1012 3829; x_wconf 89' lang='lat' dir='ltr'><strong>atque</strong></span> <span class='ocrx_word' id='word_1_535' title='bbox 1037 3759 1310 3815; x_wconf 89' lang='lat' dir='ltr'><strong>lasciviam</strong></span> <span class='ocrx_word' id='word_1_536' title='bbox 1362 3757 1630 3829; x_wconf 81' lang='lat' dir='ltr'><strong>signiﬁcat</strong></span> <span class='ocrx_word' id='word_1_537' title='bbox 1682 3772 1808 3828; x_wconf 86' lang='lat' dir='ltr'><strong>per-</strong></span> 
     </span>
    </p>
   </div>
   <div class='ocr_carea' id='block_1_69' title="bbox 227 3849 1810 3920">
    <p class='ocr_par' dir='ltr' id='par_1_69' title="bbox 227 3849 1810 3920">
     <span class='ocr_line' id='line_1_69' title="bbox 227 3849 1810 3920; baseline 0 -16"><span class='ocrx_word' id='word_1_538' title='bbox 227 3864 529 3905; x_wconf 85' lang='lat' dir='ltr'><strong>versorum.</strong></span> <span class='ocrx_word' id='word_1_539' title='bbox 564 3850 719 3906; x_wconf 88' lang='lat' dir='ltr'><strong>Unde</strong></span> <span class='ocrx_word' id='word_1_540' title='bbox 743 3849 836 3905; x_wconf 85' lang='lat' dir='ltr'><strong>ﬂlii</strong></span> <span class='ocrx_word' id='word_1_541' title='bbox 864 3849 1028 3905; x_wconf 84' lang='lat' dir='ltr'><strong>lsrael</strong></span> <span class='ocrx_word' id='word_1_542' title='bbox 1042 3850 1097 3904; x_wconf 91' lang='lat' dir='ltr'><strong>in</strong></span> <span class='ocrx_word' id='word_1_543' title='bbox 1112 3850 1326 3906; x_wconf 90' lang='lat' dir='ltr'><strong>deserto</strong></span> <span class='ocrx_word' id='word_1_544' title='bbox 1350 3865 1605 3920; x_wconf 88' lang='lat' dir='ltr'><strong>perversa</strong></span> <span class='ocrx_word' id='word_1_545' title='bbox 1628 3857 1810 3905; x_wconf 89' lang='lat' dir='ltr'><strong>mente</strong></span> 
     </span>
    </p>
   </div>
   <div class='ocr_carea' id='block_1_70' title="bbox 229 3938 1813 4002">
    <p class='ocr_par' dir='ltr' id='par_1_70' title="bbox 229 3938 1813 4002">
     <span class='ocr_line' id='line_1_70' title="bbox 229 3938 1813 4002; baseline -0.003 -6"><span class='ocrx_word' id='word_1_546' title='bbox 229 3941 587 3996; x_wconf 86' lang='lat' dir='ltr'><strong>idololatriam</strong></span> <span class='ocrx_word' id='word_1_547' title='bbox 638 3940 695 3995; x_wconf 91' lang='lat' dir='ltr'><strong>in</strong></span> <span class='ocrx_word' id='word_1_548' title='bbox 736 3940 1087 3996; x_wconf 89' lang='lat' dir='ltr'><strong>similitudine</strong></span> <span class='ocrx_word' id='word_1_549' title='bbox 1140 3938 1295 3994; x_wconf 88' lang='lat' dir='ltr'><strong>vituli</strong></span> <span class='ocrx_word' id='word_1_550' title='bbox 1347 3945 1725 4002; x_wconf 89' lang='lat' dir='ltr'><strong>exercuerunt,</strong></span> <span class='ocrx_word' id='word_1_551' title='bbox 1758 3945 1813 3992; x_wconf 89' lang='lat' dir='ltr'><strong>et</strong></span> 
     </span>
    </p>
   </div>
   <div class='ocr_carea' id='block_1_71' title="bbox 227 4025 1811 4099">
    <p class='ocr_par' dir='ltr' id='par_1_71' title="bbox 227 4025 1811 4099">
     <span class='ocr_line' id='line_1_71' title="bbox 227 4025 1811 4099; baseline -0.001 -17"><span class='ocrx_word' id='word_1_552' title='bbox 227 4026 534 4095; x_wconf 81' lang='lat' dir='ltr'><strong>Jeroboam,</strong></span> <span class='ocrx_word' id='word_1_553' title='bbox 588 4028 777 4084; x_wconf 85' lang='lat' dir='ltr'><strong>relicto</strong></span> <span class='ocrx_word' id='word_1_554' title='bbox 836 4030 933 4085; x_wconf 90' lang='lat' dir='ltr'><strong>Dei</strong></span> <span class='ocrx_word' id='word_1_555' title='bbox 994 4028 1231 4098; x_wconf 89' lang='lat' dir='ltr'><strong>templo,</strong></span> <span class='ocrx_word' id='word_1_556' title='bbox 1286 4028 1427 4099; x_wconf 89' lang='lat' dir='ltr'><strong>quod</strong></span> <span class='ocrx_word' id='word_1_557' title='bbox 1469 4036 1587 4083; x_wconf 90' lang='lat' dir='ltr'><strong>erat</strong></span> <span class='ocrx_word' id='word_1_558' title='bbox 1633 4027 1687 4081; x_wconf 92' lang='lat' dir='ltr'><strong>in</strong></span> <span class='ocrx_word' id='word_1_559' title='bbox 1724 4025 1811 4081; x_wconf 84' lang='lat' dir='ltr'><strong>Je-</strong></span> 
     </span>
    </p>
   </div>
   <div class='ocr_carea' id='block_1_72' title="bbox 228 4116 1813 4185">
    <p class='ocr_par' dir='ltr' id='par_1_72' title="bbox 228 4116 1813 4185">
     <span class='ocr_line' id='line_1_72' title="bbox 228 4116 1813 4185; baseline -0.001 -12"><span class='ocrx_word' id='word_1_560' title='bbox 228 4119 478 4183; x_wconf 87' lang='lat' dir='ltr'><strong>rusalem,</strong></span> <span class='ocrx_word' id='word_1_561' title='bbox 514 4118 867 4175; x_wconf 89' lang='lat' dir='ltr'><strong>simulacrum</strong></span> <span class='ocrx_word' id='word_1_562' title='bbox 919 4119 1071 4174; x_wconf 87' lang='lat' dir='ltr'><strong>vituli</strong></span> <span class='ocrx_word' id='word_1_563' title='bbox 1110 4119 1284 4185; x_wconf 86' lang='lat' dir='ltr'><strong>tinxit,</strong></span> <span class='ocrx_word' id='word_1_564' title='bbox 1336 4128 1391 4174; x_wconf 92' lang='lat' dir='ltr'><strong>et</strong></span> <span class='ocrx_word' id='word_1_565' title='bbox 1436 4118 1617 4174; x_wconf 90' lang='lat' dir='ltr'><strong>divino</strong></span> <span class='ocrx_word' id='word_1_566' title='bbox 1667 4116 1813 4171; x_wconf 90' lang='lat' dir='ltr'><strong>cultu</strong></span> 
     </span>
    </p>
   </div>
   <div class='ocr_carea' id='block_1_73' title="bbox 228 4206 1812 4280">
    <p class='ocr_par' dir='ltr' id='par_1_73' title="bbox 228 4206 1812 4280">
     <span class='ocr_line' id='line_1_73' title="bbox 228 4206 1812 4280; baseline -0.002 -17"><span class='ocrx_word' id='word_1_567' title='bbox 228 4208 532 4263; x_wconf 88' lang='lat' dir='ltr'><strong>honoravit.</strong></span> <span class='ocrx_word' id='word_1_568' title='bbox 579 4207 715 4264; x_wconf 87' lang='lat' dir='ltr'><strong>Hinc</strong></span> <span class='ocrx_word' id='word_1_569' title='bbox 735 4210 995 4280; x_wconf 88' lang='lat' dir='ltr'><strong>scriptum</strong></span> <span class='ocrx_word' id='word_1_570' title='bbox 1035 4217 1119 4265; x_wconf 88' lang='lat' dir='ltr'><strong>est</strong></span> <span class='ocrx_word' id='word_1_571' title='bbox 1172 4210 1224 4264; x_wconf 91' lang='lat' dir='ltr'><strong>in</strong></span> <span class='ocrx_word' id='word_1_572' title='bbox 1270 4208 1477 4279; x_wconf 90' lang='lat' dir='ltr'><strong>psalmo</strong></span> <span class='ocrx_word' id='word_1_573' title='bbox 1511 4227 1522 4261; x_wconf 88' lang='lat'><strong>:</strong></span> <span class='ocrx_word' id='word_1_574' title='bbox 1556 4206 1812 4262; x_wconf 87' lang='lat' dir='ltr'><strong>Fecerunt</strong></span> 
     </span>
    </p>
   </div>
   <div class='ocr_carea' id='block_1_74' title="bbox 228 4297 1809 4369">
    <p class='ocr_par' dir='ltr' id='par_1_74' title="bbox 228 4297 1809 4369">
     <span class='ocr_line' id='line_1_74' title="bbox 228 4297 1809 4369; baseline -0.001 -16"><span class='ocrx_word' id='word_1_575' title='bbox 228 4300 443 4353; x_wconf 80' lang='lat' dir='ltr'><strong>vitulum</strong></span> <span class='ocrx_word' id='word_1_576' title='bbox 473 4302 531 4353; x_wconf 91' lang='lat' dir='ltr'><strong>in</strong></span> <span class='ocrx_word' id='word_1_577' title='bbox 563 4297 763 4353; x_wconf 84' lang='lat' dir='ltr'><strong>Choreb</strong></span> <span class='ocrx_word' id='word_1_578' title='bbox 789 4310 837 4354; x_wconf 88' lang='lat' dir='ltr'><strong>et</strong></span> <span class='ocrx_word' id='word_1_579' title='bbox 864 4300 1213 4355; x_wconf 88' lang='lat' dir='ltr'><strong>adoraverunt</strong></span> <span class='ocrx_word' id='word_1_580' title='bbox 1233 4298 1470 4369; x_wconf 85' lang='lat' dir='ltr'><strong>sculptile</strong></span> <span class='ocrx_word' id='word_1_581' title='bbox 1496 4297 1752 4369; x_wconf 86' lang='lat' dir='ltr'><strong>(Psal.cv</strong></span> <span class='ocrx_word' id='word_1_582' title='bbox 1770 4298 1809 4369; x_wconf 92' lang='lat'><strong>).</strong></span> 
     </span>
    </p>
   </div>
   <div class='ocr_carea' id='block_1_75' title="bbox 228 4387 1813 4460">
    <p class='ocr_par' dir='ltr' id='par_1_75' title="bbox 228 4387 1813 4460">
     <span class='ocr_line' id='line_1_75' title="bbox 228 4387 1813 4460; baseline -0.003 -15"><span class='ocrx_word' id='word_1_583' title='bbox 228 4389 437 4445; x_wconf 90' lang='lat' dir='ltr'><strong>Cboreb</strong></span> <span class='ocrx_word' id='word_1_584' title='bbox 460 4390 999 4460; x_wconf 87' lang='lat' dir='ltr'><strong>verointerpretatur</strong></span> <span class='ocrx_word' id='word_1_585' title='bbox 1019 4389 1286 4454; x_wconf 89' lang='lat' dir='ltr'><strong>Calvaria,</strong></span> <span class='ocrx_word' id='word_1_586' title='bbox 1302 4390 1390 4443; x_wconf 93' lang='lat' dir='ltr'><strong>ubi</strong></span> <span class='ocrx_word' id='word_1_587' title='bbox 1416 4396 1603 4458; x_wconf 88' lang='lat' dir='ltr'><strong>postea</strong></span> <span class='ocrx_word' id='word_1_588' title='bbox 1631 4387 1813 4442; x_wconf 89' lang='lat' dir='ltr'><strong>Domi-</strong></span> 
     </span>
    </p>
   </div>
   <div class='ocr_carea' id='block_1_76' title="bbox 231 4476 1812 4547">
    <p class='ocr_par' dir='ltr' id='par_1_76' title="bbox 231 4476 1812 4547">
     <span class='ocr_line' id='line_1_76' title="bbox 231 4476 1812 4547; baseline -0.002 -14"><span class='ocrx_word' id='word_1_589' title='bbox 231 4491 352 4533; x_wconf 88' lang='lat' dir='ltr'><strong>num</strong></span> <span class='ocrx_word' id='word_1_590' title='bbox 384 4480 573 4534; x_wconf 90' lang='lat' dir='ltr'><strong>crucis</strong></span> <span class='ocrx_word' id='word_1_591' title='bbox 606 4478 849 4547; x_wconf 90' lang='lat' dir='ltr'><strong>patibulo</strong></span> <span class='ocrx_word' id='word_1_592' title='bbox 878 4492 1043 4533; x_wconf 89' lang='lat' dir='ltr'><strong>carne</strong></span> <span class='ocrx_word' id='word_1_593' title='bbox 1090 4485 1301 4532; x_wconf 89' lang='lat' dir='ltr'><strong>constat</strong></span> <span class='ocrx_word' id='word_1_594' title='bbox 1332 4477 1592 4541; x_wconf 89' lang='lat' dir='ltr'><strong>occisum,</strong></span> <span class='ocrx_word' id='word_1_595' title='bbox 1646 4484 1707 4529; x_wconf 91' lang='lat' dir='ltr'><strong>ut</strong></span> <span class='ocrx_word' id='word_1_596' title='bbox 1758 4476 1812 4530; x_wconf 93' lang='lat' dir='ltr'><strong>in</strong></span> 
     </span>
    </p>
   </div>
   <div class='ocr_carea' id='block_1_77' title="bbox 232 4566 1811 4638">
    <p class='ocr_par' dir='ltr' id='par_1_77' title="bbox 232 4566 1811 4638">
     <span class='ocr_line' id='line_1_77' title="bbox 232 4566 1811 4638; baseline 0.001 -17"><span class='ocrx_word' id='word_1_597' title='bbox 232 4569 343 4638; x_wconf 87' lang='lat' dir='ltr'><strong>ipso</strong></span> <span class='ocrx_word' id='word_1_598' title='bbox 364 4569 671 4636; x_wconf 88' lang='lat' dir='ltr'><strong>eodemque</strong></span> <span class='ocrx_word' id='word_1_599' title='bbox 691 4567 908 4622; x_wconf 89' lang='lat' dir='ltr'><strong>nomine</strong></span> <span class='ocrx_word' id='word_1_600' title='bbox 926 4566 1038 4636; x_wconf 88' lang='lat' dir='ltr'><strong>jam</strong></span> <span class='ocrx_word' id='word_1_601' title='bbox 1076 4576 1201 4621; x_wconf 87' lang='lat' dir='ltr'><strong>tunc</strong></span> <span class='ocrx_word' id='word_1_602' title='bbox 1226 4575 1281 4621; x_wconf 87' lang='lat' dir='ltr'><strong>et</strong></span> <span class='ocrx_word' id='word_1_603' title='bbox 1304 4567 1393 4622; x_wconf 93' lang='lat' dir='ltr'><strong>illo</strong></span> <span class='ocrx_word' id='word_1_604' title='bbox 1424 4568 1637 4622; x_wconf 88' lang='lat' dir='ltr'><strong>deserto</strong></span> <span class='ocrx_word' id='word_1_605' title='bbox 1671 4567 1811 4623; x_wconf 90' lang='lat' dir='ltr'><strong>Cho-</strong></span> 
     </span>
    </p>
   </div>
   <div class='ocr_carea' id='block_1_78' title="bbox 233 4655 1812 4728">
    <p class='ocr_par' dir='ltr' id='par_1_78' title="bbox 233 4655 1812 4728">
     <span class='ocr_line' id='line_1_78' title="bbox 233 4655 1812 4728; baseline -0.002 -14"><span class='ocrx_word' id='word_1_606' title='bbox 233 4661 322 4715; x_wconf 89' lang='lat' dir='ltr'><strong>reb</strong></span> <span class='ocrx_word' id='word_1_607' title='bbox 343 4660 619 4713; x_wconf 88' lang='lat' dir='ltr'><strong>culturam</strong></span> <span class='ocrx_word' id='word_1_608' title='bbox 665 4658 877 4713; x_wconf 90' lang='lat' dir='ltr'><strong>Domini</strong></span> <span class='ocrx_word' id='word_1_609' title='bbox 906 4657 1094 4728; x_wconf 83' lang='lat' dir='ltr'><strong>perﬁdi</strong></span> <span class='ocrx_word' id='word_1_610' title='bbox 1134 4655 1363 4712; x_wconf 82' lang='lat' dir='ltr'><strong>nefanda</strong></span> <span class='ocrx_word' id='word_1_611' title='bbox 1394 4658 1812 4727; x_wconf 71' lang='lat' dir='ltr'><strong>prmsumptione</strong></span> 
     </span>
    </p>
   </div>
   <div class='ocr_carea' id='block_1_79' title="bbox 233 4746 1813 4819">
    <p class='ocr_par' dir='ltr' id='par_1_79' title="bbox 233 4746 1813 4819">
     <span class='ocr_line' id='line_1_79' title="bbox 233 4746 1813 4819; baseline 0 -18"><span class='ocrx_word' id='word_1_612' title='bbox 233 4750 524 4814; x_wconf 84' lang='lat' dir='ltr'><strong>violarent,</strong></span> <span class='ocrx_word' id='word_1_613' title='bbox 577 4764 807 4819; x_wconf 89' lang='lat' dir='ltr'><strong>quorum</strong></span> <span class='ocrx_word' id='word_1_614' title='bbox 852 4748 1141 4819; x_wconf 89' lang='lat' dir='ltr'><strong>posteritas</strong></span> <span class='ocrx_word' id='word_1_615' title='bbox 1174 4755 1291 4802; x_wconf 89' lang='lat' dir='ltr'><strong>erat</strong></span> <span class='ocrx_word' id='word_1_616' title='bbox 1324 4747 1375 4801; x_wconf 91' lang='lat' dir='ltr'><strong>in</strong></span> <span class='ocrx_word' id='word_1_617' title='bbox 1414 4747 1671 4801; x_wconf 82' lang='lat' dir='ltr'><strong>Calvariac</strong></span> <span class='ocrx_word' id='word_1_618' title='bbox 1697 4746 1813 4801; x_wconf 92' lang='lat' dir='ltr'><strong>loco</strong></span> 
     </span>
    </p>
   </div>
   <div class='ocr_carea' id='block_1_80' title="bbox 236 4836 1811 4906">
    <p class='ocr_par' dir='ltr' id='par_1_80' title="bbox 236 4836 1811 4906">
     <span class='ocr_line' id='line_1_80' title="bbox 236 4836 1811 4906; baseline -0.003 -13"><span class='ocrx_word' id='word_1_619' title='bbox 236 4838 562 4893; x_wconf 83' lang='lat' dir='ltr'><strong>cruciﬁxura</strong></span> <span class='ocrx_word' id='word_1_620' title='bbox 582 4839 869 4893; x_wconf 90' lang='lat' dir='ltr'><strong>Dominum</strong></span> <span class='ocrx_word' id='word_1_621' title='bbox 895 4837 1191 4892; x_wconf 90' lang='lat' dir='ltr'><strong>Christum.</strong></span> <span class='ocrx_word' id='word_1_622' title='bbox 1213 4836 1346 4892; x_wconf 90' lang='lat' dir='ltr'><strong>Illud</strong></span> <span class='ocrx_word' id='word_1_623' title='bbox 1360 4852 1574 4906; x_wconf 88' lang='lat' dir='ltr'><strong>quoque</strong></span> <span class='ocrx_word' id='word_1_624' title='bbox 1605 4836 1811 4891; x_wconf 85' lang='lat' dir='ltr'><strong>aestimo</strong></span> 
     </span>
    </p>
   </div>
   <div class='ocr_carea' id='block_1_81' title="bbox 237 4925 1809 4997">
    <p class='ocr_par' dir='ltr' id='par_1_81' title="bbox 237 4925 1809 4997">
     <span class='ocr_line' id='line_1_81' title="bbox 237 4925 1809 4997; baseline -0.003 -14"><span class='ocrx_word' id='word_1_625' title='bbox 237 4927 713 4992; x_wconf 89' lang='lat' dir='ltr'><strong>considerandum,</strong></span> <span class='ocrx_word' id='word_1_626' title='bbox 762 4929 905 4997; x_wconf 88' lang='lat' dir='ltr'><strong>quod</strong></span> <span class='ocrx_word' id='word_1_627' title='bbox 942 4926 1099 4991; x_wconf 83' lang='lat' dir='ltr'><strong>dixit,</strong></span> <span class='ocrx_word' id='word_1_628' title='bbox 1148 4927 1493 4981; x_wconf 83' lang='lat' dir='ltr'><strong>adoraverunt</strong></span> <span class='ocrx_word' id='word_1_629' title='bbox 1539 4925 1809 4995; x_wconf 85' lang='lat' dir='ltr'><strong>sculptile;</strong></span> 
     </span>
    </p>
   </div>
   <div class='ocr_carea' id='block_1_82' title="bbox 238 5015 1815 5089">
    <p class='ocr_par' dir='ltr' id='par_1_82' title="bbox 238 5015 1815 5089">
     <span class='ocr_line' id='line_1_82' title="bbox 238 5015 1815 5089; baseline 0 -19"><span class='ocrx_word' id='word_1_630' title='bbox 238 5019 358 5089; x_wconf 83' lang='lat' dir='ltr'><strong>quia</strong></span> <span class='ocrx_word' id='word_1_631' title='bbox 390 5019 443 5071; x_wconf 92' lang='lat' dir='ltr'><strong>in</strong></span> <span class='ocrx_word' id='word_1_632' title='bbox 472 5017 663 5072; x_wconf 80' lang='lat' dir='ltr'><strong>Exodo</strong></span> <span class='ocrx_word' id='word_1_633' title='bbox 703 5016 929 5088; x_wconf 89' lang='lat' dir='ltr'><strong>legimus</strong></span> <span class='ocrx_word' id='word_1_634' title='bbox 974 5017 1199 5071; x_wconf 88' lang='lat' dir='ltr'><strong>vitulum</strong></span> <span class='ocrx_word' id='word_1_635' title='bbox 1237 5016 1562 5071; x_wconf 85' lang='lat' dir='ltr'><strong>conﬂatilem</strong></span> <span class='ocrx_word' id='word_1_636' title='bbox 1608 5015 1815 5071; x_wconf 87' lang='lat' dir='ltr'><strong>collatis</strong></span> 
     </span>
    </p>
   </div>
   <div class='ocr_carea' id='block_1_83' title="bbox 240 5108 1817 5181">
    <p class='ocr_par' dir='ltr' id='par_1_83' title="bbox 240 5108 1817 5181">
     <span class='ocr_line' id='line_1_83' title="bbox 240 5108 1817 5181; baseline 0.001 -17"><span class='ocrx_word' id='word_1_637' title='bbox 240 5110 570 5164; x_wconf 84' lang='lat' dir='ltr'><strong>ornamentis</strong></span> <span class='ocrx_word' id='word_1_638' title='bbox 600 5118 943 5166; x_wconf 89' lang='lat' dir='ltr'><strong>monstruoso</strong></span> <span class='ocrx_word' id='word_1_639' title='bbox 973 5110 1203 5181; x_wconf 89' lang='lat' dir='ltr'><strong>quodam</strong></span> <span class='ocrx_word' id='word_1_640' title='bbox 1247 5109 1443 5165; x_wconf 89' lang='lat' dir='ltr'><strong>indicio</strong></span> <span class='ocrx_word' id='word_1_641' title='bbox 1493 5108 1664 5164; x_wconf 82' lang='lat' dir='ltr'><strong>fuisse</strong></span> <span class='ocrx_word' id='word_1_642' title='bbox 1709 5108 1817 5165; x_wconf 83' lang='lat' dir='ltr'><strong>for-</strong></span> 
     </span>
    </p>
   </div>
   <div class='ocr_carea' id='block_1_84' title="bbox 241 5198 1815 5265">
    <p class='ocr_par' dir='ltr' id='par_1_84' title="bbox 241 5198 1815 5265">
     <span class='ocr_line' id='line_1_84' title="bbox 241 5198 1815 5265; baseline 0.001 -12"><span class='ocrx_word' id='word_1_643' title='bbox 241 5207 461 5253; x_wconf 87' lang='lat' dir='ltr'><strong>matum.</strong></span> <span class='ocrx_word' id='word_1_644' title='bbox 494 5198 606 5253; x_wconf 89' lang='lat' dir='ltr'><strong>Sed</strong></span> <span class='ocrx_word' id='word_1_645' title='bbox 633 5200 767 5255; x_wconf 88' lang='lat' dir='ltr'><strong>duas</strong></span> <span class='ocrx_word' id='word_1_646' title='bbox 794 5217 883 5257; x_wconf 89' lang='lat' dir='ltr'><strong>res</strong></span> <span class='ocrx_word' id='word_1_647' title='bbox 909 5202 998 5256; x_wconf 88' lang='lat' dir='ltr'><strong>hic</strong></span> <span class='ocrx_word' id='word_1_648' title='bbox 1028 5201 1196 5257; x_wconf 90' lang='lat' dir='ltr'><strong>dictas</strong></span> <span class='ocrx_word' id='word_1_649' title='bbox 1223 5201 1479 5257; x_wconf 90' lang='lat' dir='ltr'><strong>debemus</strong></span> <span class='ocrx_word' id='word_1_650' title='bbox 1508 5202 1727 5265; x_wconf 86' lang='lat' dir='ltr'><strong>habere,</strong></span> <span class='ocrx_word' id='word_1_651' title='bbox 1762 5200 1815 5255; x_wconf 89' lang='lat' dir='ltr'><strong>id</strong></span> 
     </span>
    </p>
   </div>
   <div class='ocr_carea' id='block_1_85' title="bbox 242 5287 1816 5360">
    <p class='ocr_par' dir='ltr' id='par_1_85' title="bbox 242 5287 1816 5360">
     <span class='ocr_line' id='line_1_85' title="bbox 242 5287 1816 5360; baseline 0.001 -19"><span class='ocrx_word' id='word_1_652' title='bbox 242 5296 321 5341; x_wconf 70' lang='lat' dir='ltr'><strong>est</strong></span> <span class='ocrx_word' id='word_1_653' title='bbox 339 5287 485 5357; x_wconf 91' lang='lat' dir='ltr'><strong>quod</strong></span> <span class='ocrx_word' id='word_1_654' title='bbox 500 5287 731 5343; x_wconf 88' lang='lat' dir='ltr'><strong>vitulum</strong></span> <span class='ocrx_word' id='word_1_655' title='bbox 766 5289 1111 5346; x_wconf 85' lang='lat' dir='ltr'><strong>adoraverint</strong></span> <span class='ocrx_word' id='word_1_656' title='bbox 1138 5292 1191 5346; x_wconf 91' lang='lat' dir='ltr'><strong>in</strong></span> <span class='ocrx_word' id='word_1_657' title='bbox 1220 5293 1451 5355; x_wconf 89' lang='lat' dir='ltr'><strong>deserto,</strong></span> <span class='ocrx_word' id='word_1_658' title='bbox 1478 5299 1532 5345; x_wconf 90' lang='lat' dir='ltr'><strong>et</strong></span> <span class='ocrx_word' id='word_1_659' title='bbox 1551 5290 1816 5360; x_wconf 91' lang='lat' dir='ltr'><strong>sculptilia</strong></span> 
     </span>
    </p>
   </div>
   <div class='ocr_carea' id='block_1_86' title="bbox 245 5376 1818 5450">
    <p class='ocr_par' dir='ltr' id='par_1_86' title="bbox 245 5376 1818 5450">
     <span class='ocr_line' id='line_1_86' title="bbox 245 5376 1818 5450; baseline 0.003 -21"><span class='ocrx_word' id='word_1_660' title='bbox 245 5376 323 5430; x_wconf 82' lang='lat' dir='ltr'><strong>vel</strong></span> <span class='ocrx_word' id='word_1_661' title='bbox 352 5376 644 5433; x_wconf 82' lang='lat' dir='ltr'><strong>simulacra</strong></span> <span class='ocrx_word' id='word_1_662' title='bbox 670 5379 724 5432; x_wconf 93' lang='lat' dir='ltr'><strong>in</strong></span> <span class='ocrx_word' id='word_1_663' title='bbox 744 5381 1179 5450; x_wconf 89' lang='lat' dir='ltr'><strong>repromissionis</strong></span> <span class='ocrx_word' id='word_1_664' title='bbox 1201 5388 1344 5437; x_wconf 88' lang='lat' dir='ltr'><strong>terra</strong></span> <span class='ocrx_word' id='word_1_665' title='bbox 1358 5379 1648 5445; x_wconf 87' lang='lat' dir='ltr'><strong>coluerint;</strong></span> <span class='ocrx_word' id='word_1_666' title='bbox 1675 5380 1818 5448; x_wconf 91' lang='lat' dir='ltr'><strong>quod</strong></span> 
     </span>
    </p>
   </div>
   <div class='ocr_carea' id='block_1_87' title="bbox 246 5465 1817 5539">
    <p class='ocr_par' dir='ltr' id='par_1_87' title="bbox 246 5465 1817 5539">
     <span class='ocr_line' id='line_1_87' title="bbox 246 5465 1817 5539; baseline 0.001 -20"><span class='ocrx_word' id='word_1_667' title='bbox 246 5465 771 5537; x_wconf 86' lang='lat' dir='ltr'><strong>insubsequentibus</strong></span> <span class='ocrx_word' id='word_1_668' title='bbox 794 5469 908 5539; x_wconf 89' lang='lat' dir='ltr'><strong>ipse</strong></span> <span class='ocrx_word' id='word_1_669' title='bbox 951 5470 1194 5525; x_wconf 89' lang='lat' dir='ltr'><strong>dicturus</strong></span> <span class='ocrx_word' id='word_1_670' title='bbox 1237 5480 1319 5525; x_wconf 89' lang='lat' dir='ltr'><strong>est</strong></span> <span class='ocrx_word' id='word_1_671' title='bbox 1357 5488 1369 5524; x_wconf 87' lang='lat'><strong>:</strong></span> <span class='ocrx_word' id='word_1_672' title='bbox 1407 5478 1453 5523; x_wconf 89' lang='lat' dir='ltr'><strong>et</strong></span> <span class='ocrx_word' id='word_1_673' title='bbox 1492 5476 1817 5522; x_wconf 87' lang='lat' dir='ltr'><strong>mutaverunt</strong></span> 
     </span>
    </p>
   </div>
   <div class='ocr_carea' id='block_1_88' title="bbox 245 5546 1817 5626">
    <p class='ocr_par' dir='ltr' id='par_1_88' title="bbox 245 5546 1817 5626">
     <span class='ocr_line' id='line_1_88' title="bbox 245 5546 1817 5626; baseline 0.001 -16"><span class='ocrx_word' id='word_1_674' title='bbox 245 5554 460 5625; x_wconf 73' lang='lat' dir='ltr'><strong>gloriam</strong></span> <span class='ocrx_word' id='word_1_675' title='bbox 487 5578 643 5616; x_wconf 84' lang='lat' dir='ltr'><strong>suam</strong></span> <span class='ocrx_word' id='word_1_676' title='bbox 659 5546 719 5616; x_wconf 84' lang='lat' dir='ltr'><strong>in</strong></span> <span class='ocrx_word' id='word_1_677' title='bbox 744 5560 1137 5615; x_wconf 75' lang='lat' dir='ltr'><strong>similitudinem</strong></span> <span class='ocrx_word' id='word_1_678' title='bbox 1164 5560 1311 5613; x_wconf 88' lang='lat' dir='ltr'><strong>vituli</strong></span> <span class='ocrx_word' id='word_1_679' title='bbox 1341 5560 1707 5613; x_wconf 86' lang='lat' dir='ltr'><strong>munducantis</strong></span> <span class='ocrx_word' id='word_1_680' title='bbox 1739 5558 1817 5626; x_wconf 78' lang='lat' dir='ltr'><strong>fe-</strong></span> 
     </span>
    </p>
   </div>
   <div class='ocr_carea' id='block_1_89' title="bbox 247 5649 1818 5722">
    <p class='ocr_par' dir='ltr' id='par_1_89' title="bbox 247 5649 1818 5722">
     <span class='ocr_line' id='line_1_89' title="bbox 247 5649 1818 5722; baseline 0.004 -24"><span class='ocrx_word' id='word_1_681' title='bbox 247 5660 368 5701; x_wconf 73' lang='lat' dir='ltr'><strong>num</strong></span> <span class='ocrx_word' id='word_1_682' title='bbox 396 5649 631 5722; x_wconf 86' lang='lat' dir='ltr'><strong>(Ibid.).</strong></span> <span class='ocrx_word' id='word_1_683' title='bbox 668 5652 854 5708; x_wconf 84' lang='lat' dir='ltr'><strong>Gloria</strong></span> <span class='ocrx_word' id='word_1_684' title='bbox 895 5665 1084 5707; x_wconf 87' lang='lat' dir='ltr'><strong>eorum</strong></span> <span class='ocrx_word' id='word_1_685' title='bbox 1131 5649 1232 5705; x_wconf 81' lang='lat' dir='ltr'><strong>fuit</strong></span> <span class='ocrx_word' id='word_1_686' title='bbox 1286 5650 1505 5705; x_wconf 89' lang='lat' dir='ltr'><strong>adorata</strong></span> <span class='ocrx_word' id='word_1_687' title='bbox 1546 5649 1818 5715; x_wconf 87' lang='lat' dir='ltr'><strong>divinitas,</strong></span> 
     </span>
    </p>
   </div>
   <div class='ocr_carea' id='block_1_90' title="bbox 1908 3285 3492 3359">
    <p class='ocr_par' dir='ltr' id='par_1_90' title="bbox 1908 3285 3492 3359">
     <span class='ocr_line' id='line_1_90' title="bbox 1908 3285 3492 3359; baseline 0.005 -23"><span class='ocrx_word' id='word_1_688' title='bbox 1908 3292 2016 3337; x_wconf 90' lang='lat' dir='ltr'><strong>tum</strong></span> <span class='ocrx_word' id='word_1_689' title='bbox 2044 3292 2120 3337; x_wconf 91' lang='lat' dir='ltr'><strong>est</strong></span> <span class='ocrx_word' id='word_1_690' title='bbox 2145 3300 2236 3338; x_wconf 90' lang='lat' dir='ltr'><strong>cor</strong></span> <span class='ocrx_word' id='word_1_691' title='bbox 2261 3285 2442 3356; x_wconf 89' lang='lat' dir='ltr'><strong>populi</strong></span> <span class='ocrx_word' id='word_1_692' title='bbox 2469 3287 2625 3356; x_wconf 79' lang='lat' dir='ltr'><strong>hujus</strong></span> <span class='ocrx_word' id='word_1_693' title='bbox 2654 3287 2787 3357; x_wconf 89' lang='lat' dir='ltr'><strong>(Isa.</strong></span> <span class='ocrx_word' id='word_1_694' title='bbox 2812 3287 2889 3359; x_wconf 79' lang='lat' dir='ltr'><strong>v1)</strong></span> <span class='ocrx_word' id='word_1_695' title='bbox 2916 3304 2929 3354; x_wconf 94' lang='lat'><strong>;</strong></span> <span class='ocrx_word' id='word_1_696' title='bbox 2970 3296 3024 3343; x_wconf 90' lang='lat' dir='ltr'><strong>et</strong></span> <span class='ocrx_word' id='word_1_697' title='bbox 3045 3288 3099 3342; x_wconf 86' lang='lat' dir='ltr'><strong>in</strong></span> <span class='ocrx_word' id='word_1_698' title='bbox 3122 3286 3221 3343; x_wconf 85' lang='lat' dir='ltr'><strong>Job</strong></span> <span class='ocrx_word' id='word_1_699' title='bbox 3241 3306 3253 3341; x_wconf 90' lang='lat'><strong>:</strong></span> <span class='ocrx_word' id='word_1_700' title='bbox 3275 3288 3492 3359; x_wconf 82' lang='lat' dir='ltr'><strong>Operuit</strong></span> 
     </span>
    </p>
   </div>
   <div class='ocr_carea' id='block_1_91' title="bbox 1908 3378 3491 3451">
    <p class='ocr_par' dir='ltr' id='par_1_91' title="bbox 1908 3378 3491 3451">
     <span class='ocr_line' id='line_1_91' title="bbox 1908 3378 3491 3451; baseline 0.003 -20"><span class='ocrx_word' id='word_1_701' title='bbox 1908 3379 2200 3432; x_wconf 86' lang='lat' dir='ltr'><strong>crassitudo</strong></span> <span class='ocrx_word' id='word_1_702' title='bbox 2224 3378 2339 3449; x_wconf 90' lang='lat' dir='ltr'><strong>ejus</strong></span> <span class='ocrx_word' id='word_1_703' title='bbox 2361 3380 2569 3448; x_wconf 83' lang='lat' dir='ltr'><strong>faciem,</strong></span> <span class='ocrx_word' id='word_1_704' title='bbox 2601 3390 2648 3434; x_wconf 88' lang='lat' dir='ltr'><strong>et</strong></span> <span class='ocrx_word' id='word_1_705' title='bbox 2669 3380 2733 3434; x_wconf 90' lang='lat' dir='ltr'><strong>de</strong></span> <span class='ocrx_word' id='word_1_706' title='bbox 2767 3380 3016 3435; x_wconf 83' lang='lat' dir='ltr'><strong>lateribus</strong></span> <span class='ocrx_word' id='word_1_707' title='bbox 3049 3382 3163 3451; x_wconf 85' lang='lat' dir='ltr'><strong>ejus</strong></span> <span class='ocrx_word' id='word_1_708' title='bbox 3189 3382 3371 3435; x_wconf 85' lang='lat' dir='ltr'><strong>arvina</strong></span> <span class='ocrx_word' id='word_1_709' title='bbox 3397 3382 3491 3436; x_wconf 86' lang='lat' dir='ltr'><strong>de-</strong></span> 
     </span>
    </p>
   </div>
   <div class='ocr_carea' id='block_1_92' title="bbox 1907 3469 3494 3543">
    <p class='ocr_par' dir='ltr' id='par_1_92' title="bbox 1907 3469 3494 3543">
     <span class='ocr_line' id='line_1_92' title="bbox 1907 3469 3494 3543; baseline 0.007 -23"><span class='ocrx_word' id='word_1_710' title='bbox 1907 3469 2092 3537; x_wconf 84' lang='lat' dir='ltr'><strong>pendet</strong></span> <span class='ocrx_word' id='word_1_711' title='bbox 2134 3469 2277 3541; x_wconf 85' lang='lat' dir='ltr'><strong>(Job.</strong></span> <span class='ocrx_word' id='word_1_712' title='bbox 2320 3470 2432 3543; x_wconf 90' lang='lat' dir='ltr'><strong>xv).</strong></span> <span class='ocrx_word' id='word_1_713' title='bbox 2465 3470 2713 3537; x_wconf 84' lang='lat' dir='ltr'><strong>Medulla,</strong></span> <span class='ocrx_word' id='word_1_714' title='bbox 2764 3474 3114 3542; x_wconf 87' lang='lat' dir='ltr'><strong>cogitationes</strong></span> <span class='ocrx_word' id='word_1_715' title='bbox 3143 3480 3343 3529; x_wconf 65' lang='lat' dir='ltr'><strong>sanctae</strong></span> <span class='ocrx_word' id='word_1_716' title='bbox 3381 3474 3494 3531; x_wconf 86' lang='lat' dir='ltr'><strong>sive</strong></span> 
     </span>
    </p>
   </div>
   <div class='ocr_carea' id='block_1_93' title="bbox 1909 3560 3491 3635">
    <p class='ocr_par' dir='ltr' id='par_1_93' title="bbox 1909 3560 3491 3635">
     <span class='ocr_line' id='line_1_93' title="bbox 1909 3560 3491 3635; baseline 0.004 -23"><span class='ocrx_word' id='word_1_717' title='bbox 1909 3560 2253 3629; x_wconf 90' lang='lat' dir='ltr'><strong>compunctio</strong></span> <span class='ocrx_word' id='word_1_718' title='bbox 2277 3576 2345 3615; x_wconf 84' lang='lat' dir='ltr'><strong>ex</strong></span> <span class='ocrx_word' id='word_1_719' title='bbox 2375 3562 2566 3617; x_wconf 92' lang='lat' dir='ltr'><strong>intimo</strong></span> <span class='ocrx_word' id='word_1_720' title='bbox 2588 3563 2749 3618; x_wconf 89' lang='lat' dir='ltr'><strong>corde</strong></span> <span class='ocrx_word' id='word_1_721' title='bbox 2775 3562 3072 3631; x_wconf 85' lang='lat' dir='ltr'><strong>procedens</strong></span> <span class='ocrx_word' id='word_1_722' title='bbox 3112 3564 3164 3619; x_wconf 91' lang='lat' dir='ltr'><strong>in</strong></span> <span class='ocrx_word' id='word_1_723' title='bbox 3194 3564 3451 3635; x_wconf 89' lang='lat' dir='ltr'><strong>psalterio</strong></span> <span class='ocrx_word' id='word_1_724' title='bbox 3476 3582 3491 3619; x_wconf 93' lang='lat'><strong>:</strong></span> 
     </span>
    </p>
   </div>
   <div class='ocr_carea' id='block_1_94' title="bbox 1913 3647 3492 3726">
    <p class='ocr_par' dir='ltr' id='par_1_94' title="bbox 1913 3647 3492 3726">
     <span class='ocr_line' id='line_1_94' title="bbox 1913 3647 3492 3726; baseline 0.006 -25"><span class='ocrx_word' id='word_1_725' title='bbox 1913 3647 2233 3704; x_wconf 80' lang='lat' dir='ltr'><strong>Holocausta</strong></span> <span class='ocrx_word' id='word_1_726' title='bbox 2264 3651 2551 3705; x_wconf 87' lang='lat' dir='ltr'><strong>medullata</strong></span> <span class='ocrx_word' id='word_1_727' title='bbox 2597 3653 2813 3722; x_wconf 72' lang='lat' dir='ltr'><strong>oﬁ‘eram</strong></span> <span class='ocrx_word' id='word_1_728' title='bbox 2846 3653 2939 3707; x_wconf 88' lang='lat' dir='ltr'><strong>tibi</strong></span> <span class='ocrx_word' id='word_1_729' title='bbox 2976 3652 3148 3725; x_wconf 89' lang='lat' dir='ltr'><strong>(Psal.</strong></span> <span class='ocrx_word' id='word_1_730' title='bbox 3177 3653 3327 3726; x_wconf 80' lang='lat' dir='ltr'><strong>va),</strong></span> <span class='ocrx_word' id='word_1_731' title='bbox 3356 3663 3411 3709; x_wconf 90' lang='lat' dir='ltr'><strong>et</strong></span> <span class='ocrx_word' id='word_1_732' title='bbox 3440 3654 3492 3711; x_wconf 89' lang='lat' dir='ltr'><strong>in</strong></span> 
     </span>
    </p>
   </div>
   <div class='ocr_carea' id='block_1_95' title="bbox 1911 3739 3493 3813">
    <p class='ocr_par' dir='ltr' id='par_1_95' title="bbox 1911 3739 3493 3813">
     <span class='ocr_line' id='line_1_95' title="bbox 1911 3739 3493 3813; baseline 0.004 -21"><span class='ocrx_word' id='word_1_733' title='bbox 1911 3739 2107 3793; x_wconf 91' lang='lat' dir='ltr'><strong>malam</strong></span> <span class='ocrx_word' id='word_1_734' title='bbox 2137 3749 2342 3810; x_wconf 88' lang='lat' dir='ltr'><strong>partem</strong></span> <span class='ocrx_word' id='word_1_735' title='bbox 2371 3743 2436 3797; x_wconf 91' lang='lat' dir='ltr'><strong>de</strong></span> <span class='ocrx_word' id='word_1_736' title='bbox 2481 3743 2725 3813; x_wconf 89' lang='lat' dir='ltr'><strong>reprobis</strong></span> <span class='ocrx_word' id='word_1_737' title='bbox 2752 3743 2807 3797; x_wconf 92' lang='lat' dir='ltr'><strong>in</strong></span> <span class='ocrx_word' id='word_1_738' title='bbox 2834 3742 3114 3798; x_wconf 87' lang='lat' dir='ltr'><strong>Ezechiele</strong></span> <span class='ocrx_word' id='word_1_739' title='bbox 3152 3743 3352 3799; x_wconf 91' lang='lat' dir='ltr'><strong>dicitur</strong></span> <span class='ocrx_word' id='word_1_740' title='bbox 3380 3762 3393 3798; x_wconf 92' lang='lat'><strong>:</strong></span> <span class='ocrx_word' id='word_1_741' title='bbox 3425 3744 3493 3799; x_wconf 85' lang='lat' dir='ltr'><strong>Et</strong></span> 
     </span>
    </p>
   </div>
   <div class='ocr_carea' id='block_1_96' title="bbox 1910 3827 3492 3902">
    <p class='ocr_par' dir='ltr' id='par_1_96' title="bbox 1910 3827 3492 3902">
     <span class='ocr_line' id='line_1_96' title="bbox 1910 3827 3492 3902; baseline 0.003 -21"><span class='ocrx_word' id='word_1_742' title='bbox 1910 3827 2213 3899; x_wconf 86' lang='lat' dir='ltr'><strong>iniquitates</strong></span> <span class='ocrx_word' id='word_1_743' title='bbox 2252 3844 2432 3883; x_wconf 88' lang='lat' dir='ltr'><strong>eorum</strong></span> <span class='ocrx_word' id='word_1_744' title='bbox 2480 3829 2537 3884; x_wconf 90' lang='lat' dir='ltr'><strong>in</strong></span> <span class='ocrx_word' id='word_1_745' title='bbox 2574 3830 2772 3884; x_wconf 86' lang='lat' dir='ltr'><strong>ossibus</strong></span> <span class='ocrx_word' id='word_1_746' title='bbox 2819 3846 2997 3884; x_wconf 84' lang='lat' dir='ltr'><strong>eorum</strong></span> <span class='ocrx_word' id='word_1_747' title='bbox 3026 3830 3242 3900; x_wconf 78' lang='lat' dir='ltr'><strong>(Ezech.</strong></span> <span class='ocrx_word' id='word_1_748' title='bbox 3294 3832 3492 3902; x_wconf 79' lang='lat' dir='ltr'><strong>xxxn).</strong></span> 
     </span>
    </p>
   </div>
   <div class='ocr_carea' id='block_1_97' title="bbox 1912 3917 3492 3989">
    <p class='ocr_par' dir='ltr' id='par_1_97' title="bbox 1912 3917 3492 3989">
     <span class='ocr_line' id='line_1_97' title="bbox 1912 3917 3492 3989; baseline 0.004 -17"><span class='ocrx_word' id='word_1_749' title='bbox 1912 3917 2096 3972; x_wconf 90' lang='lat' dir='ltr'><strong>Bubali</strong></span> <span class='ocrx_word' id='word_1_750' title='bbox 2144 3919 2316 3972; x_wconf 88' lang='lat' dir='ltr'><strong>vocati</strong></span> <span class='ocrx_word' id='word_1_751' title='bbox 2348 3933 2445 3987; x_wconf 90' lang='lat' dir='ltr'><strong>per</strong></span> <span class='ocrx_word' id='word_1_752' title='bbox 2495 3918 2907 3984; x_wconf 88' lang='lat' dir='ltr'><strong>derivationem,</strong></span> <span class='ocrx_word' id='word_1_753' title='bbox 2957 3921 3103 3989; x_wconf 91' lang='lat' dir='ltr'><strong>quod</strong></span> <span class='ocrx_word' id='word_1_754' title='bbox 3136 3920 3242 3976; x_wconf 90' lang='lat' dir='ltr'><strong>sint</strong></span> <span class='ocrx_word' id='word_1_755' title='bbox 3287 3922 3492 3978; x_wconf 88' lang='lat' dir='ltr'><strong>similes</strong></span> 
     </span>
    </p>
   </div>
   <div class='ocr_carea' id='block_1_98' title="bbox 1910 4005 3496 4082">
    <p class='ocr_par' dir='ltr' id='par_1_98' title="bbox 1910 4005 3496 4082">
     <span class='ocr_line' id='line_1_98' title="bbox 1910 4005 3496 4082; baseline 0.006 -22"><span class='ocrx_word' id='word_1_756' title='bbox 1910 4005 2098 4071; x_wconf 91' lang='lat' dir='ltr'><strong>boum,</strong></span> <span class='ocrx_word' id='word_1_757' title='bbox 2147 4006 2280 4060; x_wconf 91' lang='lat' dir='ltr'><strong>adeo</strong></span> <span class='ocrx_word' id='word_1_758' title='bbox 2307 4006 2553 4061; x_wconf 89' lang='lat' dir='ltr'><strong>indomiti</strong></span> <span class='ocrx_word' id='word_1_759' title='bbox 2571 4048 2587 4073; x_wconf 93' lang='lat'><strong>,</strong></span> <span class='ocrx_word' id='word_1_760' title='bbox 2613 4016 2673 4061; x_wconf 89' lang='lat' dir='ltr'><strong>ut</strong></span> <span class='ocrx_word' id='word_1_761' title='bbox 2699 4024 2798 4077; x_wconf 92' lang='lat' dir='ltr'><strong>pro</strong></span> <span class='ocrx_word' id='word_1_762' title='bbox 2822 4009 3035 4065; x_wconf 78' lang='lat' dir='ltr'><strong>feritate</strong></span> <span class='ocrx_word' id='word_1_763' title='bbox 3059 4011 3247 4082; x_wconf 89' lang='lat' dir='ltr'><strong>jugum</strong></span> <span class='ocrx_word' id='word_1_764' title='bbox 3272 4014 3496 4069; x_wconf 87' lang='lat' dir='ltr'><strong>cervici-</strong></span> 
     </span>
    </p>
   </div>
   <div class='ocr_carea' id='block_1_99' title="bbox 1910 4098 3493 4176">
    <p class='ocr_par' dir='ltr' id='par_1_99' title="bbox 1910 4098 3493 4176">
     <span class='ocr_line' id='line_1_99' title="bbox 1910 4098 3493 4176; baseline 0.007 -24"><span class='ocrx_word' id='word_1_765' title='bbox 1910 4098 2013 4152; x_wconf 92' lang='lat' dir='ltr'><strong>bus</strong></span> <span class='ocrx_word' id='word_1_766' title='bbox 2036 4113 2140 4153; x_wconf 92' lang='lat' dir='ltr'><strong>non</strong></span> <span class='ocrx_word' id='word_1_767' title='bbox 2164 4098 2449 4169; x_wconf 88' lang='lat' dir='ltr'><strong>recipiant,</strong></span> <span class='ocrx_word' id='word_1_768' title='bbox 2493 4098 2593 4155; x_wconf 86' lang='lat' dir='ltr'><strong>bos</strong></span> <span class='ocrx_word' id='word_1_769' title='bbox 2616 4100 2803 4156; x_wconf 82' lang='lat' dir='ltr'><strong>Africa</strong></span> <span class='ocrx_word' id='word_1_770' title='bbox 2833 4112 3100 4172; x_wconf 86' lang='lat' dir='ltr'><strong>procreat.</strong></span> <span class='ocrx_word' id='word_1_771' title='bbox 3132 4104 3229 4160; x_wconf 85' lang='lat' dir='ltr'><strong>Uri</strong></span> <span class='ocrx_word' id='word_1_772' title='bbox 3253 4116 3493 4176; x_wconf 89' lang='lat' dir='ltr'><strong>agrestes</strong></span> 
     </span>
    </p>
   </div>
   <div class='ocr_carea' id='block_1_100' title="bbox 1911 4187 3493 4255">
    <p class='ocr_par' dir='ltr' id='par_1_100' title="bbox 1911 4187 3493 4255">
     <span class='ocr_line' id='line_1_100' title="bbox 1911 4187 3493 4255; baseline 0.007 -15"><span class='ocrx_word' id='word_1_773' title='bbox 1911 4187 2074 4242; x_wconf 88' lang='lat' dir='ltr'><strong>boves</strong></span> <span class='ocrx_word' id='word_1_774' title='bbox 2101 4196 2224 4242; x_wconf 91' lang='lat' dir='ltr'><strong>sunt</strong></span> <span class='ocrx_word' id='word_1_775' title='bbox 2253 4188 2307 4241; x_wconf 93' lang='lat' dir='ltr'><strong>in</strong></span> <span class='ocrx_word' id='word_1_776' title='bbox 2332 4187 2644 4255; x_wconf 88' lang='lat' dir='ltr'><strong>Germania,</strong></span> <span class='ocrx_word' id='word_1_777' title='bbox 2693 4191 2951 4248; x_wconf 89' lang='lat' dir='ltr'><strong>habentes</strong></span> <span class='ocrx_word' id='word_1_778' title='bbox 2978 4208 3178 4249; x_wconf 89' lang='lat' dir='ltr'><strong>cornua</strong></span> <span class='ocrx_word' id='word_1_779' title='bbox 3204 4196 3257 4249; x_wconf 90' lang='lat' dir='ltr'><strong>in</strong></span> <span class='ocrx_word' id='word_1_780' title='bbox 3288 4204 3493 4252; x_wconf 89' lang='lat' dir='ltr'><strong>tantum</strong></span> 
     </span>
    </p>
   </div>
   <div class='ocr_carea' id='block_1_101' title="bbox 1912 4280 3494 4355">
    <p class='ocr_par' dir='ltr' id='par_1_101' title="bbox 1912 4280 3494 4355">
     <span class='ocr_line' id='line_1_101' title="bbox 1912 4280 3494 4355; baseline 0.008 -24"><span class='ocrx_word' id='word_1_781' title='bbox 1912 4285 2185 4347; x_wconf 81' lang='lat' dir='ltr'><strong>protensa,</strong></span> <span class='ocrx_word' id='word_1_782' title='bbox 2226 4287 2285 4332; x_wconf 90' lang='lat' dir='ltr'><strong>ut</strong></span> <span class='ocrx_word' id='word_1_783' title='bbox 2314 4280 2476 4351; x_wconf 88' lang='lat' dir='ltr'><strong>regiis</strong></span> <span class='ocrx_word' id='word_1_784' title='bbox 2522 4281 2726 4336; x_wconf 90' lang='lat' dir='ltr'><strong>mensis</strong></span> <span class='ocrx_word' id='word_1_785' title='bbox 2756 4282 2951 4351; x_wconf 83' lang='lat' dir='ltr'><strong>insigni</strong></span> <span class='ocrx_word' id='word_1_786' title='bbox 2989 4286 3288 4355; x_wconf 89' lang='lat' dir='ltr'><strong>capacitate</strong></span> <span class='ocrx_word' id='word_1_787' title='bbox 3320 4304 3384 4342; x_wconf 84' lang='lat' dir='ltr'><strong>ex</strong></span> <span class='ocrx_word' id='word_1_788' title='bbox 3413 4290 3494 4345; x_wconf 90' lang='lat' dir='ltr'><strong>eis</strong></span> 
     </span>
    </p>
   </div>
   <div class='ocr_carea' id='block_1_102' title="bbox 1913 4368 3496 4445">
    <p class='ocr_par' dir='ltr' id='par_1_102' title="bbox 1913 4368 3496 4445">
     <span class='ocr_line' id='line_1_102' title="bbox 1913 4368 3496 4445; baseline 0.008 -23"><span class='ocrx_word' id='word_1_789' title='bbox 1913 4368 2108 4437; x_wconf 67' lang='lat' dir='ltr'><strong>gerula:</strong></span> <span class='ocrx_word' id='word_1_790' title='bbox 2138 4368 2285 4422; x_wconf 89' lang='lat' dir='ltr'><strong>liant.</strong></span> <span class='ocrx_word' id='word_1_791' title='bbox 2342 4369 2397 4423; x_wconf 90' lang='lat' dir='ltr'><strong>In</strong></span> <span class='ocrx_word' id='word_1_792' title='bbox 2429 4371 2639 4427; x_wconf 89' lang='lat' dir='ltr'><strong>bubalis</strong></span> <span class='ocrx_word' id='word_1_793' title='bbox 2664 4381 2844 4428; x_wconf 88' lang='lat' dir='ltr'><strong>autem</strong></span> <span class='ocrx_word' id='word_1_794' title='bbox 2871 4374 2954 4429; x_wconf 91' lang='lat' dir='ltr'><strong>vel</strong></span> <span class='ocrx_word' id='word_1_795' title='bbox 2989 4375 3101 4429; x_wconf 90' lang='lat' dir='ltr'><strong>uris</strong></span> <span class='ocrx_word' id='word_1_796' title='bbox 3143 4387 3369 4445; x_wconf 87' lang='lat' dir='ltr'><strong>possunt</strong></span> <span class='ocrx_word' id='word_1_797' title='bbox 3406 4394 3496 4435; x_wconf 85' lang='lat' dir='ltr'><strong>ac-</strong></span> 
     </span>
    </p>
   </div>
   <div class='ocr_carea' id='block_1_103' title="bbox 1916 4456 3495 4535">
    <p class='ocr_par' dir='ltr' id='par_1_103' title="bbox 1916 4456 3495 4535">
     <span class='ocr_line' id='line_1_103' title="bbox 1916 4456 3495 4535; baseline 0.008 -26"><span class='ocrx_word' id='word_1_798' title='bbox 1916 4458 2019 4526; x_wconf 84' lang='lat' dir='ltr'><strong>cipi</strong></span> <span class='ocrx_word' id='word_1_799' title='bbox 2050 4456 2262 4526; x_wconf 86' lang='lat' dir='ltr'><strong>superbi</strong></span> <span class='ocrx_word' id='word_1_800' title='bbox 2293 4458 2540 4514; x_wconf 87' lang='lat' dir='ltr'><strong>doctores</strong></span> <span class='ocrx_word' id='word_1_801' title='bbox 2564 4469 2619 4514; x_wconf 89' lang='lat' dir='ltr'><strong>et</strong></span> <span class='ocrx_word' id='word_1_802' title='bbox 2644 4461 3007 4517; x_wconf 89' lang='lat' dir='ltr'><strong>dominatores</strong></span> <span class='ocrx_word' id='word_1_803' title='bbox 3038 4463 3207 4531; x_wconf 90' lang='lat' dir='ltr'><strong>plebis</strong></span> <span class='ocrx_word' id='word_1_804' title='bbox 3228 4506 3244 4531; x_wconf 92' lang='lat'><strong>,</strong></span> <span class='ocrx_word' id='word_1_805' title='bbox 3275 4467 3364 4535; x_wconf 89' lang='lat' dir='ltr'><strong>qui</strong></span> <span class='ocrx_word' id='word_1_806' title='bbox 3395 4467 3495 4521; x_wconf 89' lang='lat' dir='ltr'><strong>ha-</strong></span> 
     </span>
    </p>
   </div>
   <div class='ocr_carea' id='block_1_104' title="bbox 1919 4548 3497 4626">
    <p class='ocr_par' dir='ltr' id='par_1_104' title="bbox 1919 4548 3497 4626">
     <span class='ocr_line' id='line_1_104' title="bbox 1919 4548 3497 4626; baseline 0.006 -23"><span class='ocrx_word' id='word_1_807' title='bbox 1919 4551 2105 4603; x_wconf 78' lang='lat' dir='ltr'><strong>bentes</strong></span> <span class='ocrx_word' id='word_1_808' title='bbox 2158 4548 2564 4604; x_wconf 89' lang='lat' dir='ltr'><strong>similitudinem</strong></span> <span class='ocrx_word' id='word_1_809' title='bbox 2613 4551 2875 4606; x_wconf 91' lang='lat' dir='ltr'><strong>bonorum</strong></span> <span class='ocrx_word' id='word_1_810' title='bbox 2902 4552 3180 4609; x_wconf 89' lang='lat' dir='ltr'><strong>doctorum</strong></span> <span class='ocrx_word' id='word_1_811' title='bbox 3234 4556 3287 4609; x_wconf 92' lang='lat' dir='ltr'><strong>in</strong></span> <span class='ocrx_word' id='word_1_812' title='bbox 3328 4561 3497 4626; x_wconf 85' lang='lat' dir='ltr'><strong>gradu</strong></span> 
     </span>
    </p>
   </div>
   <div class='ocr_carea' id='block_1_105' title="bbox 1918 4636 3498 4711">
    <p class='ocr_par' dir='ltr' id='par_1_105' title="bbox 1918 4636 3498 4711">
     <span class='ocr_line' id='line_1_105' title="bbox 1918 4636 3498 4711; baseline 0.007 -20"><span class='ocrx_word' id='word_1_813' title='bbox 1918 4638 2001 4692; x_wconf 86' lang='lat' dir='ltr'><strong>vel</strong></span> <span class='ocrx_word' id='word_1_814' title='bbox 2027 4636 2223 4702; x_wconf 77' lang='lat' dir='ltr'><strong>cilicio,</strong></span> <span class='ocrx_word' id='word_1_815' title='bbox 2251 4640 2391 4707; x_wconf 88' lang='lat' dir='ltr'><strong>quod</strong></span> <span class='ocrx_word' id='word_1_816' title='bbox 2414 4647 2663 4708; x_wconf 89' lang='lat' dir='ltr'><strong>gestant:</strong></span> <span class='ocrx_word' id='word_1_817' title='bbox 2696 4642 2790 4695; x_wconf 93' lang='lat' dir='ltr'><strong>sed</strong></span> <span class='ocrx_word' id='word_1_818' title='bbox 2818 4642 3064 4711; x_wconf 88' lang='lat' dir='ltr'><strong>superbia</strong></span> <span class='ocrx_word' id='word_1_819' title='bbox 3105 4651 3396 4711; x_wconf 88' lang='lat' dir='ltr'><strong>tumentes,</strong></span> <span class='ocrx_word' id='word_1_820' title='bbox 3441 4656 3498 4702; x_wconf 89' lang='lat' dir='ltr'><strong>ct</strong></span> 
     </span>
    </p>
   </div>
   <div class='ocr_carea' id='block_1_106' title="bbox 1918 4730 3497 4803">
    <p class='ocr_par' dir='ltr' id='par_1_106' title="bbox 1918 4730 3497 4803">
     <span class='ocr_line' id='line_1_106' title="bbox 1918 4730 3497 4803; baseline 0.007 -21"><span class='ocrx_word' id='word_1_821' title='bbox 1918 4730 1972 4782; x_wconf 92' lang='lat' dir='ltr'><strong>in</strong></span> <span class='ocrx_word' id='word_1_822' title='bbox 2006 4730 2258 4784; x_wconf 84' lang='lat' dir='ltr'><strong>cornibus</strong></span> <span class='ocrx_word' id='word_1_823' title='bbox 2308 4731 2561 4797; x_wconf 68' lang='lat' dir='ltr'><strong>potentize</strong></span> <span class='ocrx_word' id='word_1_824' title='bbox 2606 4732 2888 4788; x_wconf 71' lang='lat' dir='ltr'><strong>mundanae</strong></span> <span class='ocrx_word' id='word_1_825' title='bbox 2934 4734 3112 4803; x_wconf 87' lang='lat' dir='ltr'><strong>potius</strong></span> <span class='ocrx_word' id='word_1_826' title='bbox 3166 4736 3497 4793; x_wconf 82' lang='lat' dir='ltr'><strong>conﬁdentes</strong></span> 
     </span>
    </p>
   </div>
   <div class='ocr_carea' id='block_1_107' title="bbox 1918 4820 3498 4892">
    <p class='ocr_par' dir='ltr' id='par_1_107' title="bbox 1918 4820 3498 4892">
     <span class='ocr_line' id='line_1_107' title="bbox 1918 4820 3498 4892; baseline 0.006 -21"><span class='ocrx_word' id='word_1_827' title='bbox 1918 4835 2079 4888; x_wconf 91' lang='lat' dir='ltr'><strong>quam</strong></span> <span class='ocrx_word' id='word_1_828' title='bbox 2109 4820 2161 4873; x_wconf 93' lang='lat' dir='ltr'><strong>in</strong></span> <span class='ocrx_word' id='word_1_829' title='bbox 2204 4820 2445 4874; x_wconf 86' lang='lat' dir='ltr'><strong>divinum</strong></span> <span class='ocrx_word' id='word_1_830' title='bbox 2480 4821 2737 4875; x_wconf 86' lang='lat' dir='ltr'><strong>auxilium</strong></span> <span class='ocrx_word' id='word_1_831' title='bbox 2760 4863 2774 4887; x_wconf 91' lang='lat'><strong>,</strong></span> <span class='ocrx_word' id='word_1_832' title='bbox 2828 4832 3015 4877; x_wconf 89' lang='lat' dir='ltr'><strong>contra</strong></span> <span class='ocrx_word' id='word_1_833' title='bbox 3044 4823 3355 4892; x_wconf 82' lang='lat' dir='ltr'><strong>Apostolum</strong></span> <span class='ocrx_word' id='word_1_834' title='bbox 3400 4828 3498 4881; x_wconf 90' lang='lat' dir='ltr'><strong>eli-</strong></span> 
     </span>
    </p>
   </div>
   <div class='ocr_carea' id='block_1_108' title="bbox 1919 4907 3500 4983">
    <p class='ocr_par' dir='ltr' id='par_1_108' title="bbox 1919 4907 3500 4983">
     <span class='ocr_line' id='line_1_108' title="bbox 1919 4907 3500 4983; baseline 0.006 -23"><span class='ocrx_word' id='word_1_835' title='bbox 1919 4916 2049 4978; x_wconf 88' lang='lat' dir='ltr'><strong>gunt</strong></span> <span class='ocrx_word' id='word_1_836' title='bbox 2073 4907 2335 4961; x_wconf 88' lang='lat' dir='ltr'><strong>dominari</strong></span> <span class='ocrx_word' id='word_1_837' title='bbox 2366 4910 2421 4961; x_wconf 94' lang='lat' dir='ltr'><strong>in</strong></span> <span class='ocrx_word' id='word_1_838' title='bbox 2453 4909 2630 4973; x_wconf 88' lang='lat' dir='ltr'><strong>cleris,</strong></span> <span class='ocrx_word' id='word_1_839' title='bbox 2662 4925 2766 4963; x_wconf 90' lang='lat' dir='ltr'><strong>non</strong></span> <span class='ocrx_word' id='word_1_840' title='bbox 2797 4909 2967 4965; x_wconf 84' lang='lat' dir='ltr'><strong>forma</strong></span> <span class='ocrx_word' id='word_1_841' title='bbox 2994 4911 3110 4966; x_wconf 84' lang='lat' dir='ltr'><strong>ﬁeri</strong></span> <span class='ocrx_word' id='word_1_842' title='bbox 3140 4914 3336 4983; x_wconf 89' lang='lat' dir='ltr'><strong>gregis,</strong></span> <span class='ocrx_word' id='word_1_843' title='bbox 3379 4915 3500 4983; x_wconf 90' lang='lat' dir='ltr'><strong>qui-</strong></span> 
     </span>
    </p>
   </div>
   <div class='ocr_carea' id='block_1_109' title="bbox 1917 4998 3493 5070">
    <p class='ocr_par' dir='ltr' id='par_1_109' title="bbox 1917 4998 3493 5070">
     <span class='ocr_line' id='line_1_109' title="bbox 1917 4998 3493 5070; baseline 0.004 -17"><span class='ocrx_word' id='word_1_844' title='bbox 1917 4999 2016 5053; x_wconf 90' lang='lat' dir='ltr'><strong>bus</strong></span> <span class='ocrx_word' id='word_1_845' title='bbox 2045 4998 2301 5054; x_wconf 91' lang='lat' dir='ltr'><strong>Dominus</strong></span> <span class='ocrx_word' id='word_1_846' title='bbox 2341 5014 2439 5069; x_wconf 90' lang='lat' dir='ltr'><strong>per</strong></span> <span class='ocrx_word' id='word_1_847' title='bbox 2464 5002 2782 5070; x_wconf 85' lang='lat' dir='ltr'><strong>pr0phetam</strong></span> <span class='ocrx_word' id='word_1_848' title='bbox 2833 5004 3221 5069; x_wconf 91' lang='lat' dir='ltr'><strong>comminatur,</strong></span> <span class='ocrx_word' id='word_1_849' title='bbox 3271 5005 3493 5060; x_wconf 90' lang='lat' dir='ltr'><strong>dicens:</strong></span> 
     </span>
    </p>
   </div>
   <div class='ocr_carea' id='block_1_110' title="bbox 1931 5088 3499 5166">
    <p class='ocr_par' dir='ltr' id='par_1_110' title="bbox 1931 5088 3499 5166">
     <span class='ocr_line' id='line_1_110' title="bbox 1931 5088 3499 5166; baseline 0.006 -25"><span class='ocrx_word' id='word_1_850' title='bbox 1931 5088 2017 5144; x_wconf 75' lang='lat' dir='ltr'><strong>Va:</strong></span> <span class='ocrx_word' id='word_1_851' title='bbox 2038 5089 2329 5159; x_wconf 83' lang='lat' dir='ltr'><strong>pastoribus</strong></span> <span class='ocrx_word' id='word_1_852' title='bbox 2354 5090 2541 5158; x_wconf 87' lang='lat' dir='ltr'><strong>Israel,</strong></span> <span class='ocrx_word' id='word_1_853' title='bbox 2561 5094 2649 5162; x_wconf 86' lang='lat' dir='ltr'><strong>qui</strong></span> <span class='ocrx_word' id='word_1_854' title='bbox 2666 5094 2943 5162; x_wconf 90' lang='lat' dir='ltr'><strong>pascebant</strong></span> <span class='ocrx_word' id='word_1_855' title='bbox 2965 5095 3280 5166; x_wconf 87' lang='lat' dir='ltr'><strong>semetipsos.</strong></span> <span class='ocrx_word' id='word_1_856' title='bbox 3310 5095 3499 5151; x_wconf 83' lang='lat' dir='ltr'><strong>Nonne</strong></span> 
     </span>
    </p>
   </div>
   <div class='ocr_carea' id='block_1_111' title="bbox 1919 5184 3498 5252">
    <p class='ocr_par' dir='ltr' id='par_1_111' title="bbox 1919 5184 3498 5252">
     <span class='ocr_line' id='line_1_111' title="bbox 1919 5184 3498 5252; baseline 0.004 -19"><span class='ocrx_word' id='word_1_857' title='bbox 1919 5198 2091 5252; x_wconf 84' lang='lat' dir='ltr'><strong>greges</strong></span> <span class='ocrx_word' id='word_1_858' title='bbox 2128 5192 2417 5250; x_wconf 88' lang='lat' dir='ltr'><strong>pascuntur</strong></span> <span class='ocrx_word' id='word_1_859' title='bbox 2442 5201 2475 5236; x_wconf 91' lang='lat' dir='ltr'><strong>a</strong></span> <span class='ocrx_word' id='word_1_860' title='bbox 2509 5184 2802 5252; x_wconf 83' lang='lat' dir='ltr'><strong>pastoribus</strong></span> <span class='ocrx_word' id='word_1_861' title='bbox 2825 5185 2851 5236; x_wconf 68' lang='lat'><strong>.9</strong></span> <span class='ocrx_word' id='word_1_862' title='bbox 2900 5184 3006 5239; x_wconf 88' lang='lat' dir='ltr'><strong>Lac</strong></span> <span class='ocrx_word' id='word_1_863' title='bbox 3049 5185 3410 5249; x_wconf 86' lang='lat' dir='ltr'><strong>comedebatis,</strong></span> <span class='ocrx_word' id='word_1_864' title='bbox 3448 5196 3498 5239; x_wconf 86' lang='lat' dir='ltr'><strong>et</strong></span> 
     </span>
    </p>
   </div>
   <div class='ocr_carea' id='block_1_112' title="bbox 1920 5271 3499 5342">
    <p class='ocr_par' dir='ltr' id='par_1_112' title="bbox 1920 5271 3499 5342">
     <span class='ocr_line' id='line_1_112' title="bbox 1920 5271 3499 5342; baseline 0.003 -18"><span class='ocrx_word' id='word_1_865' title='bbox 1920 5271 2053 5324; x_wconf 86' lang='lat' dir='ltr'><strong>lanis</strong></span> <span class='ocrx_word' id='word_1_866' title='bbox 2085 5272 2409 5340; x_wconf 90' lang='lat' dir='ltr'><strong>operiebatis,</strong></span> <span class='ocrx_word' id='word_1_867' title='bbox 2450 5283 2497 5326; x_wconf 90' lang='lat' dir='ltr'><strong>et</strong></span> <span class='ocrx_word' id='word_1_868' title='bbox 2528 5274 2666 5342; x_wconf 86' lang='lat' dir='ltr'><strong>quod</strong></span> <span class='ocrx_word' id='word_1_869' title='bbox 2703 5290 2937 5328; x_wconf 87' lang='lat' dir='ltr'><strong>crassum</strong></span> <span class='ocrx_word' id='word_1_870' title='bbox 2974 5284 3112 5341; x_wconf 84' lang='lat' dir='ltr'><strong>erat,</strong></span> <span class='ocrx_word' id='word_1_871' title='bbox 3152 5276 3499 5340; x_wconf 82' lang='lat' dir='ltr'><strong>occidebatis;</strong></span> 
     </span>
    </p>
   </div>
   <div class='ocr_carea' id='block_1_113' title="bbox 1919 5362 3499 5433">
    <p class='ocr_par' dir='ltr' id='par_1_113' title="bbox 1919 5362 3499 5433">
     <span class='ocr_line' id='line_1_113' title="bbox 1919 5362 3499 5433; baseline 0.003 -21"><span class='ocrx_word' id='word_1_872' title='bbox 1919 5376 2120 5429; x_wconf 84' lang='lat' dir='ltr'><strong>gregem</strong></span> <span class='ocrx_word' id='word_1_873' title='bbox 2144 5370 2315 5413; x_wconf 87' lang='lat' dir='ltr'><strong>autem</strong></span> <span class='ocrx_word' id='word_1_874' title='bbox 2345 5376 2513 5413; x_wconf 85' lang='lat' dir='ltr'><strong>meum</strong></span> <span class='ocrx_word' id='word_1_875' title='bbox 2540 5377 2641 5415; x_wconf 91' lang='lat' dir='ltr'><strong>non</strong></span> <span class='ocrx_word' id='word_1_876' title='bbox 2682 5362 3011 5431; x_wconf 86' lang='lat' dir='ltr'><strong>pascebatis:</strong></span> <span class='ocrx_word' id='word_1_877' title='bbox 3046 5366 3184 5433; x_wconf 91' lang='lat' dir='ltr'><strong>quod</strong></span> <span class='ocrx_word' id='word_1_878' title='bbox 3231 5363 3499 5431; x_wconf 78' lang='lat' dir='ltr'><strong>inﬁmum</strong></span> 
     </span>
    </p>
   </div>
   <div class='ocr_carea' id='block_1_114' title="bbox 1919 5450 3499 5524">
    <p class='ocr_par' dir='ltr' id='par_1_114' title="bbox 1919 5450 3499 5524">
     <span class='ocr_line' id='line_1_114' title="bbox 1919 5450 3499 5524; baseline 0.004 -21"><span class='ocrx_word' id='word_1_879' title='bbox 1919 5460 2047 5515; x_wconf 86' lang='lat' dir='ltr'><strong>erat,</strong></span> <span class='ocrx_word' id='word_1_880' title='bbox 2082 5468 2185 5505; x_wconf 90' lang='lat' dir='ltr'><strong>non</strong></span> <span class='ocrx_word' id='word_1_881' title='bbox 2216 5450 2577 5506; x_wconf 86' lang='lat' dir='ltr'><strong>consolidastis</strong></span> <span class='ocrx_word' id='word_1_882' title='bbox 2609 5470 2620 5506; x_wconf 89' lang='lat'><strong>:</strong></span> <span class='ocrx_word' id='word_1_883' title='bbox 2668 5463 2715 5507; x_wconf 91' lang='lat' dir='ltr'><strong>et</strong></span> <span class='ocrx_word' id='word_1_884' title='bbox 2744 5454 2883 5524; x_wconf 88' lang='lat' dir='ltr'><strong>quod</strong></span> <span class='ocrx_word' id='word_1_885' title='bbox 2904 5463 3151 5524; x_wconf 76' lang='lat' dir='ltr'><strong>cegrotum</strong></span> <span class='ocrx_word' id='word_1_886' title='bbox 3170 5494 3187 5520; x_wconf 89' lang='lat'><strong>,</strong></span> <span class='ocrx_word' id='word_1_887' title='bbox 3213 5470 3318 5509; x_wconf 86' lang='lat' dir='ltr'><strong>non</strong></span> <span class='ocrx_word' id='word_1_888' title='bbox 3341 5471 3499 5509; x_wconf 86' lang='lat' dir='ltr'><strong>sana-</strong></span> 
     </span>
    </p>
   </div>
   <div class='ocr_carea' id='block_1_115' title="bbox 1920 5542 3502 5615">
    <p class='ocr_par' dir='ltr' id='par_1_115' title="bbox 1920 5542 3502 5615">
     <span class='ocr_line' id='line_1_115' title="bbox 1920 5542 3502 5615; baseline 0.002 -20"><span class='ocrx_word' id='word_1_889' title='bbox 1920 5543 2011 5595; x_wconf 87' lang='lat' dir='ltr'><strong>stis</strong></span> <span class='ocrx_word' id='word_1_890' title='bbox 2040 5560 2052 5593; x_wconf 88' lang='lat'><strong>:</strong></span> <span class='ocrx_word' id='word_1_891' title='bbox 2085 5542 2222 5612; x_wconf 90' lang='lat' dir='ltr'><strong>quod</strong></span> <span class='ocrx_word' id='word_1_892' title='bbox 2262 5543 2489 5610; x_wconf 73' lang='lat' dir='ltr'><strong>fractum</strong></span> <span class='ocrx_word' id='word_1_893' title='bbox 2518 5553 2615 5608; x_wconf 87' lang='lat' dir='ltr'><strong>est,</strong></span> <span class='ocrx_word' id='word_1_894' title='bbox 2667 5560 2769 5597; x_wconf 89' lang='lat' dir='ltr'><strong>non</strong></span> <span class='ocrx_word' id='word_1_895' title='bbox 2798 5544 3051 5615; x_wconf 85' lang='lat' dir='ltr'><strong>alligastis</strong></span> <span class='ocrx_word' id='word_1_896' title='bbox 3074 5561 3092 5599; x_wconf 91' lang='lat'><strong>:</strong></span> <span class='ocrx_word' id='word_1_897' title='bbox 3119 5554 3167 5599; x_wconf 93' lang='lat' dir='ltr'><strong>et</strong></span> <span class='ocrx_word' id='word_1_898' title='bbox 3193 5546 3331 5615; x_wconf 82' lang='lat' dir='ltr'><strong>quod</strong></span> <span class='ocrx_word' id='word_1_899' title='bbox 3360 5545 3502 5614; x_wconf 70' lang='lat' dir='ltr'><strong>abjeo</strong></span> 
     </span>
    </p>
   </div>
   <div class='ocr_carea' id='block_1_116' title="bbox 1921 5632 3500 5704">
    <p class='ocr_par' dir='ltr' id='par_1_116' title="bbox 1921 5632 3500 5704">
     <span class='ocr_line' id='line_1_116' title="bbox 1921 5632 3500 5704; baseline 0.002 -21"><span class='ocrx_word' id='word_1_900' title='bbox 1921 5642 2059 5684; x_wconf 86' lang='lat' dir='ltr'><strong>ctum</strong></span> <span class='ocrx_word' id='word_1_901' title='bbox 2081 5642 2175 5698; x_wconf 88' lang='lat' dir='ltr'><strong>est,</strong></span> <span class='ocrx_word' id='word_1_902' title='bbox 2196 5650 2299 5686; x_wconf 89' lang='lat' dir='ltr'><strong>non</strong></span> <span class='ocrx_word' id='word_1_903' title='bbox 2321 5634 2597 5685; x_wconf 73' lang='lat' dir='ltr'><strong>reduxistis</strong></span> <span class='ocrx_word' id='word_1_904' title='bbox 2625 5650 2637 5686; x_wconf 92' lang='lat'><strong>:</strong></span> <span class='ocrx_word' id='word_1_905' title='bbox 2662 5634 2800 5703; x_wconf 86' lang='lat' dir='ltr'><strong>quod</strong></span> <span class='ocrx_word' id='word_1_906' title='bbox 2817 5635 3060 5703; x_wconf 89' lang='lat' dir='ltr'><strong>perierat,</strong></span> <span class='ocrx_word' id='word_1_907' title='bbox 3076 5651 3180 5690; x_wconf 89' lang='lat' dir='ltr'><strong>non</strong></span> <span class='ocrx_word' id='word_1_908' title='bbox 3204 5632 3463 5704; x_wconf 77' lang='lat' dir='ltr'><strong>qutesistt&#39;s</strong></span> <span class='ocrx_word' id='word_1_909' title='bbox 3479 5645 3500 5686; x_wconf 90' lang='lat'><strong><em>:</em></strong></span> 
     </span>
    </p>
   </div>
   <div class='ocr_carea' id='block_1_117' title="bbox 248 5722 1802 5812">
    <p class='ocr_par' dir='ltr' id='par_1_117' title="bbox 248 5742 1802 5812">
     <span class='ocr_line' id='line_1_117' title="bbox 248 5742 1802 5812; baseline 0.001 -17"><span class='ocrx_word' id='word_1_910' title='bbox 248 5748 405 5806; x_wconf 64' lang='lat' dir='ltr'><strong>Quam</strong></span> <span class='ocrx_word' id='word_1_911' title='bbox 454 5742 659 5800; x_wconf 82' lang='lat' dir='ltr'><strong>infelici</strong></span> <span class='ocrx_word' id='word_1_912' title='bbox 716 5742 1133 5800; x_wconf 80' lang='lat' dir='ltr'><strong>commutatione</strong></span> <span class='ocrx_word' id='word_1_913' title='bbox 1193 5743 1489 5812; x_wconf 86' lang='lat' dir='ltr'><strong>pendentes</strong></span> <span class='ocrx_word' id='word_1_914' title='bbox 1549 5754 1719 5810; x_wconf 82' lang='lat' dir='ltr'><strong>usque</strong></span> <span class='ocrx_word' id='word_1_915' title='bbox 1757 5755 1802 5797; x_wconf 70' lang='lat' dir='ltr'><strong>(lt</strong></span> 
     </span>
    </p>
   </div>
   <div class='ocr_carea' id='block_1_118' title="bbox 1905 5722 3505 5812">
    <p class='ocr_par' dir='ltr' id='par_1_118' title="bbox 1924 5722 3505 5794">
     <span class='ocr_line' id='line_1_118' title="bbox 1924 5722 3505 5794; baseline 0.005 -19"><span class='ocrx_word' id='word_1_916' title='bbox 1924 5722 2013 5783; x_wconf 81' lang='lat' dir='ltr'><strong>sed</strong></span> <span class='ocrx_word' id='word_1_917' title='bbox 2050 5739 2165 5779; x_wconf 84' lang='lat' dir='ltr'><strong>cum</strong></span> <span class='ocrx_word' id='word_1_918' title='bbox 2214 5723 2516 5779; x_wconf 79' lang='lat' dir='ltr'><strong>austeritate</strong></span> <span class='ocrx_word' id='word_1_919' title='bbox 2561 5722 2896 5794; x_wconf 84' lang='lat' dir='ltr'><strong>imperabatis</strong></span> <span class='ocrx_word' id='word_1_920' title='bbox 2933 5724 3008 5779; x_wconf 80' lang='lat' dir='ltr'><strong>eis</strong></span> <span class='ocrx_word' id='word_1_921' title='bbox 3044 5732 3092 5778; x_wconf 87' lang='lat' dir='ltr'><strong>et</strong></span> <span class='ocrx_word' id='word_1_922' title='bbox 3133 5739 3253 5777; x_wconf 82' lang='lat' dir='ltr'><strong>cum</strong></span> <span class='ocrx_word' id='word_1_923' title='bbox 3271 5722 3505 5792; x_wconf 62' lang='lat' dir='ltr'><strong>potentia</strong></span> 
     </span>
    </p>
   </div>
  </div>
