3930 6342
439 337 541 392 2H

1090 330 1152 389 Β.
1192 332 1444 390 RABANI
1479 336 1697 392 MAUlll
1732 339 2050 398 ARClIIEP.
2092 340 2400 399 MOGUNT.
2439 336 2723 394 OPERUM
2779 336 2958 395 PARS
2992 340 3072 395 ll.‘

3586 339 3699 396 912

438 429 573 507 (Ιεα.
602 461 809 522 xxnv).
849 450 1079 507 Camelis
1104 466 1266 507 causa
1287 466 1481 508 nomen
1509 452 1678 520 dedit,
1708 455 1821 509 sive
1845 454 2010 526 quod,
2039 457 2093 518 Α
2114 457 2315 511 solutus
2345 454 2430 509 vel
2465 454 2689 523 fundens
2735 470 2747 505 :
2784 452 2926 509 Saba
2964 455 3224 509 conversio
3275 454 3361 510 vel
3401 454 3699 528 captivitas.

438 544 655 614 quando
703 549 997 598 onerantur
1020 582 1035 608 ,
1082 548 1144 596 ut
1184 542 1464 599 breviores
1508 550 1563 597 et
1608 543 1838 600 humiles
1855 544 2016 614 ﬁant,

437 633 757 689 accumbam
783 631 929 703 (quia
952 632 1112 705 graeci
1132 633 1311 688 camai
1326 633 1529 690 humile
1549 643 1606 690 et
1627 636 1792 692 breve
1815 633 2019 706 dicunt)

438 722 553 776 sive
605 720 733 791 quia
793 737 991 778 curvus
1051 730 1135 778 est
1189 723 1368 779 darso.
1423 722 1622 781 Camur
1667 726 1812 782 enim
1855 725 2020 782 verbo

435 806 614 879 graeco
652 826 878 866 curvum
907 810 1198 882 signiﬁcat.
1248 811 1358 868 Hos
1382 813 1510 870 licet
1551 825 1608 871 et
1630 814 1748 873 aliae
1773 815 2021 887 regiones

436 902 677 969 mittant,
704 902 801 959 sed
822 901 1023 958 Arabia
1050 904 1312 973 plurimos
1338 924 1353 959 :
1407 904 1664 963 differunt
1688 914 1865 962 autem
1892 905 2015 961 sibi.

435 993 572 1048 Nam
598 992 819 1049 Arabicl
857 992 983 1048 bina
1026 995 1215 1050 tubera
1255 996 1311 1050 in
1344 996 1504 1052 dorso
1530 998 1747 1061 habent,
1780 994 2016 1066 reliqua-

435 1100 558 1140 rum
574 1084 855 1157 regionum
874 1084 1100 1156 singula.
1127 1085 1330 1141 Cameli
1348 1101 1479 1140 vero
1500 1086 1717 1140 nomine
1734 1083 2018 1154 aliquando

436 1172 493 1226 in
528 1188 686 1229 sacro
737 1172 950 1243 eloquio
997 1173 1278 1241 Dominus,
1313 1174 1599 1243 aliquando
1640 1182 1819 1229 autem
1845 1175 2020 1246 genti-

435 1260 567 1315 lium
600 1260 853 1330 superbia
886 1262 1238 1331 exprimitur,
1291 1263 1444 1331 quasi
1474 1271 1821 1319 excrescente
1854 1263 2015 1319 desu-

435 1366 533 1421 per
559 1357 772 1406 tumorc
802 1358 1059 1406 tortuosa.
1091 1351 1355 1406 Dromeda
1387 1366 1553 1421 genus
1581 1350 1911 1406 camelorum
1935 1348 2020 1407 est

435 1440 662 1496 minoris
690 1440 908 1510 quidem
932 1448 1189 1513 staturae,
1215 1441 1310 1496 sed
1336 1440 1639 1508 velocioris,
1668 1442 1808 1498 unde
1844 1450 1900 1496 et
1923 1442 2019 1498 no-
2044 1478 2047 1481 ν

436 1548 565 1586 men
598 1533 782 1588 habet.
847 1533 984 1588 Nam
1043 1534 1262 1590 dromos
1304 1532 1491 1590 Graece
1528 1550 1716 1590 cursus
1762 1534 2018 1591 velocitas

437 1622 774 1691 appellatur:
817 1633 1033 1679 centum
1070 1633 1127 1680 et
1163 1624 1391 1694 amplius
1416 1624 1581 1679 millia
1622 1640 1730 1680 uno
1766 1623 1854 1679 die
1895 1638 2019 1695 per-

435 1729 562 1783 gere
586 1715 743 1770 solet.
793 1714 947 1782 Quod
976 1715 1195 1782 animal,
1226 1716 1366 1770 sicut
1402 1716 1499 1768 bos
1527 1722 1582 1768 et
1613 1714 1731 1769 ovis
1754 1722 1809 1770 et
1834 1729 2013 1769 came-

434 1800 539 1868 lus,
593 1805 852 1859 ruminat.
892 1804 1207 1859 Ruminatio
1238 1812 1417 1858 autem
1467 1804 1608 1857 dicta
1656 1810 1740 1858 est
1790 1819 1821 1857 a
1864 1819 2017 1858 ruma
2044 1784 2095 1844 Β

433 1894 706 1949 eminente
749 1895 982 1965 gutturis
1008 1902 1191 1965 parte,
1223 1909 1319 1965 per
1345 1909 1504 1962 quam
1532 1894 1784 1949 dimissus
1807 1894 1960 1951 cibus
1986 1909 2019 1949 a

435 1983 600 2038 certis
652 1992 941 2039 revocatur
996 1984 1339 2039 animalibus.
1397 1983 1647 2038 Camelus
1700 1992 1880 2037 autem
1929 1990 2022 2039 aut

432 2076 635 2133 Christi
659 2077 1020 2133 humilitatem
1047 2077 1337 2142 signiﬁcat,
1368 2076 1459 2145 qui
1482 2090 1646 2130 onera
1675 2082 2019 2144 peccatorum

434 2174 742 2222 nostrorum
767 2168 1041 2237 portabat,
1088 2174 1181 2220 aut
1232 2165 1484 2235 gentilem
1509 2165 1763 2234 populum
1793 2180 2017 2221 conver-

436 2270 556 2309 sum
585 2254 654 2309 ad
682 2253 842 2308 fidem
865 2254 1248 2309 Christianam.
1275 2253 1426 2320 Quod
1458 2254 1511 2307 in
1533 2253 1821 2324 Evangelio
1840 2255 2032 2309 Domi~

434 2361 539 2400 nus
557 2345 633 2400 ait
658 2363 671 2398 :
703 2343 938 2399 Facilius
961 2354 1034 2400 est
1056 2344 1310 2398 camelum
1338 2360 1429 2413 per
1449 2343 1686 2413 foramen
1704 2360 1830 2402 acus
1850 2354 2021 2399 trans-

436 2436 514 2488 ire
537 2449 698 2505 quam
726 2433 933 2487 divitem
962 2434 1160 2485 intrare
1186 2433 1242 2485 in
1290 2447 1505 2501 regnum
1537 2431 1781 2486 cazlorum
1806 2430 2019 2503 (Matth.

439 2521 554 2593 xxx)
575 2562 591 2588 ,
637 2521 896 2586 ostendit,
926 2520 1137 2576 facilius
1165 2519 1437 2575 Christum
1463 2522 1573 2590 pati
1597 2536 1697 2590 pro
1747 2520 2020 2577 dilectori-

439 2615 542 2669 bus
591 2614 807 2679 sarculi,
840 2629 1001 2683 quam
1056 2612 1342 2667 dilectores
1394 2611 1574 2666 saeculi
1628 2612 1697 2667 ad
1746 2610 2021 2668 Christum

437 2722 598 2779 posse
626 2708 886 2763 converti.
926 2705 1129 2761 Cameli
1172 2706 1318 2761 enim
1344 2706 1562 2760 nomine
1585 2720 1643 2761 se
1671 2703 1896 2776 intelligi
1928 2720 2023 2761 vo-

438 2797 558 2864 luit,
584 2798 711 2868 quia
736 2805 924 2867 sponte
946 2796 1259 2850 humiliatus
1282 2795 1610 2851 inﬁrmitatis
1638 2803 1837 2851 nostra:
1857 2810 2020 2850 onera

441 2888 697 2956 suscepit.
728 2887 787 2940 1n
813 2900 919 2954 quo
944 2884 1087 2938 enim
1114 2882 1448 2939 manifestius
1474 2883 1817 2954 intelligitur,
1858 2898 2022 2954 quam

443 2977 496 3030 in
526 2977 661 3044 ipso,
705 2976 848 3044 quod
876 2973 1133 3042 scriptum
1164 2980 1247 3027 est
1277 2989 1290 3023 :
1323 2970 1530 3036 Quanto
1556 2988 1776 3042 magnus
1799 2988 1882 3037 es,
1929 2974 2023 3026 hu-

442 3063 589 3117 milia
615 3072 663 3115 te
682 3064 736 3115 in
761 3063 996 3116 omnibus
1012 3060 1143 3133 (Sir.
1174 3061 1275 3131 ιιι).
1301 3060 1404 3114 Per
1418 3076 1573 3116 acum
1588 3068 1766 3115 autem
1779 3061 2023 3131 punctio-

2120 545 2292 603 Cedar
2316 545 2536 600 tenebrat
2570 562 2582 598 :
2609 540 2838 599 Nabaiot
2864 544 3164 615 prophetica.
3195 543 3397 615 Greges
3416 545 3579 616 igitur
3606 562 3703 603 ca-

2119 637 2400 702 melorum,
2429 636 2485 691 id
2508 643 2623 699 est,
2668 634 2893 691 divitum
2922 643 2978 693 et
3000 642 3368 705 peccatorum,
3398 638 3703 707 iniquitatis

2119 728 2347 783 vinculis
2392 725 2633 792 resoluti,
2684 732 2744 781 et
2787 726 2999 781 animas
3045 740 3177 797 suas
3198 724 3535 782 eﬁ‘undentes
3558 728 3695 793 Deo,

2119 818 2361 888 Operient
2380 815 2673 871 Jerusalem
2719 816 3077 883 muneribus;
3111 823 3167 871 et
3210 829 3398 870 omnes
3424 814 3493 871 de
3529 816 3703 885 capti-

2118 908 2285 962 vitate
2302 908 2535 969 venient,
2563 914 2620 961 et
2637 905 2989 961 conversione
3010 920 3106 961 sua
3130 920 3324 966 aurum
3353 904 3477 961 ﬁdei
3493 913 3550 962 et
3574 906 3703 963 thus

2118 995 2367 1051 sacriﬁcii
2396 993 2672 1050 deferent:
2713 996 2980 1049 intantum
3008 995 3373 1066 proﬁcientes,
3402 1003 3463 1050 ut
3491 1003 3549 1051 et
3573 994 3698 1054 aliis

2118 1086 2410 1156 praedicent
2449 1085 2686 1140 salutare
2716 1084 2830 1141 Dei.
2862 1084 3064 1141 Asinus
3083 1093 3142 1140 et
3166 1085 3365 1141 asellus
3396 1100 3429 1140 a
3462 1086 3700 1144 sedendo

2119 1175 2313 1241 dictus,
2350 1175 2504 1244 quasi
2534 1174 2800 1230 aseddus:
2854 1176 2948 1230 sed
2985 1175 3089 1229 hoc
3114 1190 3311 1231 nomen
3337 1176 3481 1248 quad
3528 1177 3702 1251 magis

2117 1263 2276 1333 equis
2327 1262 2699 1328 conveniebat,
2746 1262 2866 1319 ideo
2904 1264 3007 1320 hoc
3048 1264 3249 1320 animal
3292 1266 3521 1336 sumpsit
3574 1268 3699 1338 quia

2117 1352 2428 1422 priusquam
2456 1366 2623 1421 equos
2648 1360 2902 1423 caperent
2931 1353 3200 1419 homines,
3252 1354 3378 1410 huic
3404 1356 3696 1424 praesidere

2112 1440 2418 1516 'cteperunt.
2445 1444 2659 1500 Animal
2680 1445 2875 1515 quippe
2899 1454 3199 1512 taruum,et
3220 1446 3363 1502 nulla
3387 1448 3599 1507 ratione
3616 1464 3700 1505 re-

2118 1533 2328 1599 nitens,
2359 1533 2541 1589 statim
2581 1543 2640 1589 ut
2668 1533 2854 1599 voluit,
2887 1536 2986 1590 sibi
3016 1536 3177 1591 homo
3221 1537 3534 1592 substravit.
3580 1538 3701 1593 Asi-

2118 1637 2311 1677 norum
2375 1638 2586 1693 quoque
2642 1623 2727 1678 vel
2786 1623 3059 1679 asinarum
3120 1625 3339 1679 nomine
3414 1626 3700 1695 aliquando

2119 1712 2514 1773 luxuriosorum
2540 1712 2852 1783 petulantia,
2884 1713 3169 1783 aliquando
3188 1716 3544 1770 mansuetudo
3569 1717 3699 1770 sim-

2120 1803 2338 1874 plicium
2365 1842 2379 1867 ,
2430 1802 2717 1872 aliquando
2768 1801 2993 1857 stultitia
3042 1803 3319 1872 gentilium
3364 1805 3697 1875 designatur.

2121 1892 2320 1947 Asinus
2348 1890 2491 1945 enim
2525 1891 2782 1961 mystice,
2829 1892 2971 1961 quod
3013 1892 3231 1948 brutum
3274 1902 3331 1948 et
3354 1894 3702 1951 libidinosum

2122 1990 2206 2036 est
2243 1980 2460 2045 animal,
2492 1989 2584 2035 aut
2609 1980 2857 2051 gentilem
2878 1981 3131 2052 populum
3155 1982 3237 2054 (ut
3256 1984 3510 2055 diximus)
3541 1984 3703 2055 signi-

2122 2070 2271 2136 ficat,
2318 2086 2477 2141 super
2508 2085 2667 2141 quem
2714 2070 2968 2126 Dominus
2998 2073 3187 2127 sedere
3238 2074 3489 2142 dignatus
3516 2083 3599 2133 est
3629 2075 3703 2130 ad

2122 2158 2545 2229 Hierosolymam
2574 2162 2820 2224 tendens,
2849 2167 2909 2213 ut
2931 2174 3055 2214 eum
3081 2159 3377 2228 subjectum
3398 2161 3623 2226 faceret,
3647 2171 3704 2217 et

2123 2254 2191 2307 ad
2224 2252 2497 2307 ctelestem
2542 2255 2769 2322 patriam
2813 2253 3167 2321 perduceret:
3201 2262 3296 2307 aut
3342 2253 3567 2308 stultum
3603 2255 3705 2319 ho-_

2122 2342 2344 2405 minem,
2394 2350 2448 2395 et
2474 2342 2740 2395 luxuriam
2790 2342 2947 2396 istius
2975 2342 3161 2397 mundi
3211 2345 3579 2400 tantummodo
3611 2359 3701 2399 se-

2124 2438 2378 2484 ctantem.
2395 2429 2546 2484 Unde
2563 2429 2726 2485 Jacob
2749 2431 2814 2484 ad
2840 2431 3087 2486 lssachar
3109 2430 3278 2485 ﬁlium
3296 2446 3475 2498 suum,
3506 2434 3596 2502 qui
3619 2435 3705 2488 in-

2123 2525 2449 2586 terpretatur
2474 2534 2690 2574 merces.
2719 2518 2793 2572 ait
2823 2533 2837 2571 :
2874 2518 3125 2573 lssachar
3153 2520 3329 2573 asinus
3362 2521 3515 2589 fortis
3540 2537 3702 2574 accu-

2125 2605 2253 2658 bans
2281 2606 2416 2657 inter
2443 2606 2718 2669 terminos,
2752 2605 2880 2658 vidit
2919 2606 3172 2675 requiem,
3211 2607 3349 2677 quod
3386 2616 3515 2661 esset
3543 2605 3706 2672 bona,

2046 2708 2051 2715 ‘
2123 2702 2173 2747 et
2200 2700 2414 2757 terram,
2448 2693 2588 2763 quod
2625 2695 2839 2761 optima,
2870 2703 2919 2747 et
2940 2696 3208 2765 supposuit
3230 2697 3501 2751 humerum
3545 2714 3706 2751 suum

2124 2784 2195 2839 ad
2221 2784 2568 2854 portandum,
2616 2784 2886 2856 factusque
2918 2794 2995 2839 est
3038 2786 3241 2840 tributis
3281 2788 3505 2841 serviens
3545 2786 3701 2858 (Gen.

2124 2873 2293 2944 mx).
2342 2872 2567 2944 Gentilis
2614 2888 2740 2942 ergo
2778 2875 3004 2945 populus
3029 2916 3044 2941 ,
3095 2890 3253 2944 quem
3298 2877 3552 2931 Dominus
3578 2891 3706 2930 san-

2125 2964 2303 3037 guinis
2336 2965 2417 3019 sui
2445 2965 2616 3032 pretio
2646 2975 2914 3019 mercatus
2942 2974 3058 3030 est,
3102 2965 3253 3034 prius
3276 2967 3437 3035 quasi
3481 2967 3707 3022 brutum

2127 3063 2193 3124 et,
2221 3054 2547 3109 luxuriosum
2577 3054 2773 3108 animal
2798 3062 2935 3119 erat,
2993 3054 3240 3124 nullaque
3282 3057 3486 3111 ratione
3528 3056 3707 3112 subsi-

443 3140 540 3211 nes
569 3155 964 3226 significantur,
988 3119 1085 3223 per
1109 3119 1426 3224 punctiones
1450 3152 1663 3208 dolores
1693 3154 1746 3206 in
1776 3119 2025 3223 passione
2052 3119 2097 3182 Ο
2129 3152 2299 3201 stens.
2346 3144 2498 3200 Nunc
2522 3159 2651 3200 vero
2679 3144 2835 3199 fortis
2862 3152 2966 3209 est,
2991 3142 3258 3199 Salvatori
3286 3153 3471 3200 nostro
3504 3144 3707 3201 mentis

446 3246 699 3315 suscepti.
738 3244 1001 3299 Foramen
1041 3260 1169 3315 ergo
1207 3260 1336 3300 acus
1364 3244 1494 3299 dicit
1522 3244 1797 3314 angustias
1821 3243 2027 3312 passio-

446 3336 552 3401 nis,
578 3350 683 3404 qua
713 3335 880 3389 scissa
904 3344 1101 3389 nostrae
1128 3335 1280 3404 quasi
1309 3334 1628 3388 vestimenta
1658 3341 1865 3389 naturae
1894 3349 2026 3403 quo-

446 3427 731 3482 dammodo
760 3426 1044 3490 resarcire,
1072 3427 1126 3481 id
1157 3433 1263 3491 est,
1294 3438 1614 3493 recuperare
1652 3424 1901 3494 dignatus
1921 3433 2020 3486 est,

446 3526 713 3587 quatenus
740 3524 860 3587 post
888 3517 1095 3585 lapsum
1145 3516 1336 3571 melius
1386 3514 1662 3570 reformati
1702 3515 2029 3584 gaudeamus

447 3606 514 3660 ad
565 3605 929 3659 testimonium
979 3605 1216 3673 Apostoli
1255 3605 1519 3659 dicentis:
1561 3604 1866 3672 Quicunque
1891 3604 2027 3656 enim

446 3696 503 3749 in
528 3694 732 3750 Christe
747 3694 1002 3765 baptisati
1023 3697 1166 3761 estis,
1190 3694 1454 3749 Christum
1482 3694 1725 3747 induistis
1752 3690 1892 3761 (Gal.
1923 3692 2026 3763 ιιι).

448 3787 554 3841 Alii
592 3785 858 3841 camelum
896 3785 1183 3840 Dominum
1234 3784 1416 3840 Iesum
1452 3783 1727 3837 Christum
1756 3782 2029 3837 intellexe—

451 3888 596 3947 runt,
626 3893 726 3948 pro
760 3893 844 3947 eo,
869 3879 1033 3948 quod,
1084 3876 1414 3932 humiliando
1442 3874 1807 3943 semetipsum,
1840 3886 2030 3941 pecca-

451 3979 629 4025 torum
672 3976 982 4025 nostrorum
1034 3982 1198 4023 onera
1232 3966 1487 4034 portavit.
1541 3962 1827 4027 Camelus,
1879 3977 2031 4018 amor

450 4058 652 4123 swculi,
702 4055 856 4125 cujus
885 4056 1111 4133 figuram
1156 4054 1394 4110 camelus
1442 4052 1528 4105 ille
1582 4051 1819 4122 gerebat,
1870 4066 2027 4120 quem

452 4148 699 4204 Rebecca
719 4155 953 4217 nuptura
978 4147 1095 4201 viro
1116 4160 1213 4200 suo
1238 4145 1385 4199 lsaac
1406 4141 1680 4215 descendit
1707 4156 1771 4195 ac
1794 4139 2028 4208 reliquit.

455 4239 657 4294 Cameli
694 4246 1005 4307 peccatores
1034 4235 1274 4290 moribus
1302 4232 1543 4296 distorti,
1583 4237 1644 4284 ut
1671 4229 1726 4283 in
1747 4227 1990 4283 Judicum
2016 4246 2028 4281 :

455 4339 504 4383 et
533 4328 717 4383 cameli
760 4342 939 4381 eorum
986 4326 1117 4379 sicut
1162 4324 1377 4377 locusta:
1415 4323 1470 4375 in
1502 4317 1834 4373 multitudine
1877 4315 2028 4387 (Iud.

2128 3233 2336 3290 occulta
2362 3233 2631 3304 subigens,
2672 3248 2735 3287 ac
2760 3231 3133 3302 Redemptoris
3161 3233 3395 3289 dominio
3420 3233 3555 3288 colla
3581 3232 3708 3289 sub-

2121 3324 2375 3394 iiciendo,
2413 3322 2600 3393 iugum
2627 3321 2919 3391 disciplina:
2939 3321 3256 3392 evangelicae
3288 3321 3508 3392 perfert.
3546 3320 3708 3376 Unde

2126 3421 2182 3470 et
2209 3412 2383 3469 factus
2413 3422 2495 3468 est
2521 3413 2738 3467 tributis
2762 3412 3026 3477 serviens,
3057 3412 3159 3466 hoc
3186 3419 3290 3477 est,
3327 3411 3439 3482 regi
3466 3418 3521 3465 et
3547 3408 3707 3464 Chri-

2129 3513 2213 3561 sto
2236 3520 2331 3560 suo
2358 3504 2478 3559 ﬁdei
2501 3504 2641 3559 bona
2670 3516 2999 3572 operumque
3029 3500 3293 3556 bonorum
3327 3514 3548 3553 munera
3572 3497 3707 3553 oﬁ'e-

2128 3609 2273 3649 rens.
2319 3594 2448 3647 Item
2477 3594 2661 3647 asinus
2694 3592 2855 3646 homo
2892 3589 3106 3646 stultus.
3151 3588 3210 3643 In
3247 3587 3704 3643 Deuteronomio:

2133 3684 2257 3738 Non
2285 3684 2456 3738 arabis
2481 3685 2537 3738 in
2565 3684 2686 3737 bove
2711 3692 2756 3737 et
2780 3683 2928 3737 asino
2955 3680 3132 3753 (Deut.
3163 3676 3336 3750 xm);
3364 3677 3419 3731 id
3444 3685 3545 3743 est,
3574 3675 3709 3730 stul-

2131 3784 2245 3829 tum
2269 3773 2643 3844 praadicatione
2667 3771 2893 3841 sapienti
2919 3784 3027 3823 non
3052 3768 3244 3823 socies.
3291 3766 3491 3820 Asinus
3536 3780 3667 3834 syna
3686 3795 3698 3804 -

2130 3879 2320 3934 gogam
2346 3863 2650 3918 Judaeorum
2687 3860 2970 3930 signiﬁcat.
3014 3857 3073 3912 ln
3118 3855 3348 3911 Genesi:
3396 3854 3589 3924 Ligans
3628 3852 3703 3906 ad

2131 3958 2330 4011 vineam
2355 3954 2553 4024 pullum
2582 3967 2763 4015 suum,
2810 3958 2858 4003 et
2882 3949 2952 4002 ad
2997 3949 3179 4011 vitem,
3207 3962 3239 3999 ο
3261 3944 3338 4013 ﬁli
3362 3944 3462 4008 mi,
3496 3942 3704 3995 asinam

2131 4061 2282 4100 suam
2307 4043 2456 4114 (Gen.
2484 4042 2655 4111 χιιι).
2698 4039 2897 4095 Asinus
2929 4052 3123 4108 corpus
3150 4034 3421 4091 hominis:
3465 4032 3608 4087 unde
3646 4032 3705 4085 in

2132 4134 2268 4188 libro
2292 4131 2536 4185 Judicum
2564 4131 2820 4198 scriptum
2844 4136 2957 4183 est:
3001 4126 3105 4191 Qui
3130 4124 3407 4180 ascenditis
3442 4139 3597 4193 super
3623 4122 3706 4175 ni-

2133 4233 2293 4278 tentes
2318 4223 2490 4275 asinos
2518 4218 2667 4291 (Jud.
2696 4217 2772 4290 v).
2801 4216 2932 4271 Item
2962 4215 3035 4269 ibi
3063 4216 3131 4269 de
3159 4214 3307 4267 asina
3330 4213 3450 4265 ﬁlia:
3482 4211 3704 4279 Caieph,

2134 4329 2251 4383 quae
2276 4312 2468 4365 anima:
2494 4310 2631 4380 gerit
2664 4307 2970 4376 imaginem,
3009 4304 3239 4359 dicitur:
3266 4300 3498 4371 Cumque
3532 4301 3706 4369 suspi-

456 4419 576 4491 vn).
610 4420 678 4475 Et
702 4419 770 4474 in
797 4418 934 4473 Isaia
966 4418 1031 4472 de
1056 4416 1387 4471 Hierusalem
1420 4413 1678 4482 scriptum
1702 4418 1784 4466 est
1810 4428 1823 4463 :
1866 4407 2034 4463 Inun-
2057 4438 2113 4498 D
2137 4410 2318 4498 rasset-
2347 4400 2527 4498 sedens
2543 4399 2615 4498 _in
2662 4396 2807 4498 asino
2842 4393 3014 4497 (luds
3045 4392 3127 4498 I);
3156 4390 3519 4498 Primog'enita
3540 4441 3547 4445 .
3566 4388 3704 4498 asini

458 4516 602 4571 datio
644 4513 961 4568 camelorum
1008 4512 1197 4581 aperiet
1245 4520 1312 4575 te,
1359 4506 1676 4561 dromedarii
1724 4502 1945 4557 Madian
1984 4514 2032 4556 et

459 4608 632 4677 Eplia.
675 4605 867 4661 Omnes
893 4605 958 4658 de
978 4604 1104 4657 saba
1130 4602 1346 4663 venient,
1382 4613 1569 4651 aurum
1596 4604 1645 4649 et
1666 4595 1783 4648 thus
1804 4593 2036 4661 deferen-

462 4705 557 4760 tes,
583 4703 632 4749 et
652 4694 862 4759 laudem
880 4692 1103 4746 Domino
1127 4687 1493 4744 annuntiantes
1516 4682 1649 4757 (Isa.
1678 4680 1790 4751 1.x).
1821 4678 2037 4750 Signiﬁ-

462 4792 551 4842 cat
572 4785 716 4839 enim
742 4783 857 4838 hac
881 4780 1145 4837 sententia
1185 4784 1505 4833 conventum
1532 4772 1808 4826 nationum
1846 4770 1912 4823 ad
1934 4767 2036 4823 Ec-

465 4876 684 4933 clesiam
707 4873 929 4930 Christi.
968 4871 1176 4925 Madian
1203 4876 1259 4923 et
1280 4868 1428 4937 Epha
1454 4864 1699 4935 regiones
1727 4868 1851 4917 sunt
1886 4868 2037 4914 trans

466 4965 714 5022 Arabiam
743 4964 947 5019 fertiles
968 4963 1316 5018 camelorum.
1362 4958 1548 5014 Omnis
1574 4954 1849 5027 provincia
1874 4966 2032 5008 voca-

465 5064 555 5110 tur
594 5054 757 5117 Saba,
805 5054 945 5107 unde
993 5050 1141 5106 venit
1192 5048 1332 5103 Saba
1360 5047 1543 5116 regina
1574 5045 1641 5099 ad
1668 5043 2029 5098 Salomonem.

468 5145 643 5202 Cedar
669 5150 847 5197 autem
871 5142 1019 5210 regio
1057 5139 1476 5195 Sarracenorum
1504 5142 1606 5198 est,
1635 5134 1725 5203 qui
1755 5132 2036 5187 lsmaelita:

471 5234 741 5297 dicuntur,
778 5239 834 5286 et
876 5231 933 5284 in
958 5228 1220 5283 Nabaioth
1252 5241 1390 5280 unus
1438 5231 1522 5277 est
1569 5221 1797 5275 ﬁliorum
1824 5219 2033 5285 lsmael,

466 5337 535 5378 ex
554 5336 779 5392 quorum
801 5319 1107 5375 nominibus
1135 5316 1364 5371 solitudo
1392 5319 1635 5375 vocatur,
1677 5324 1797 5377 quae
1820 5306 2032 5377 frugum

469 5410 624 5478 inops
642 5449 657 5473 ,
706 5424 961 5477 pecorum
1004 5407 1160 5478 plena
1189 5412 1289 5460 est.
1343 5402 1445 5457 Per
1474 5398 1752 5454 familiaria
1783 5411 1908 5466 ergo
1935 5411 2033 5449 no-

470 5500 616 5554 mina
638 5500 873 5569 gentium
898 5499 1267 5560 barbararum,
1304 5509 1423 5563 quae
1449 5491 1637 5546 vicina:
1692 5493 1815 5543 sunt
1842 5486 2038 5540 lsmae-

470 5589 604 5652 litis,
657 5591 821 5645 totius
872 5589 1053 5642 mundi
1106 5585 1382 5641 conversio
1422 5580 1762 5653 prmdicatur.
1820 5575 2038 5630 Mathan

472 5679 619 5741 enim
656 5679 710 5733 in
768 5679 871 5735 hoc
917 5677 1038 5734 loco
1089 5677 1469 5744 interpretatur
1505 5668 1754 5743 iniquitas
1794 5674 1849 5721 et
1888 5665 2039 5736 Epha

2135 4493 2357 4549 exordia
2392 4492 2517 4544 vitae
2543 4488 2863 4550 luxuriosae,
2908 4494 2969 4539 ut
3000 4485 3054 4539 in
3086 4482 3308 4538 Exodo:
3343 4478 3703 4549 Primogenita

2136 4581 2273 4635 asini
2301 4578 2519 4631 redimes
2543 4592 2632 4629 ove
2657 4574 2851 4646 (Exod.
2882 4572 3103 4643 xxxuv);
3158 4579 3284 4625 tunc
3310 4569 3451 4623 enim
3481 4567 3704 4623 stultum

2137 4669 2405 4725 hominem
2448 4665 2712 4737 signiﬁcat
2761 4665 2979 4729 asinus,
3029 4661 3243 4731 quando
3282 4658 3487 4731 peccati
3536 4671 3702 4737 onera

2135 4766 2439 4830 portantem
2474 4736 2529 4811 et
2574 4768 2743 4821 usque
2783 4752 2850 4805 ad
2891 4751 3053 4806 ﬁnem
3097 4750 3222 4803 vita:
3249 4747 3497 4802 libidines
3524 4736 3703 4799 c'arnis

2139 4855 2479 4905 exercentem
2513 4846 2861 4900 demonstrat.
2910 4840 3065 4895 Unde
3112 4841 3368 4908 scriptum
3406 4846 3509 4901 est,
3559 4835 3704 4904 quod

2137 4939 2253 4993 Ana
2278 4938 2403 4993 dum
2429 4940 2672 5005 pasceret
2703 4931 2881 4985 asinos
2916 4928 3087 4999 patris
3113 4929 3196 4983 sui
3224 4928 3455 4989 Sebeon,
3500 4921 3705 4976 invenit

2139 5040 2306 5095 aquas
2358 5024 2559 5078 calidas
2612 5021 2667 5075 in
2719 5019 2950 5074 deserto.
3002 5016 3138 5069 Hinc
3172 5014 3237 5068 de
3274 5009 3564 5066 luxuriosis
3604 5022 3707 5078 per

2136 5116 2451 5189 prophetam
2495 5111 2724 5167 dicitur:
2764 5108 2997 5174 Quorum
3037 5120 3217 5159 carnes
3260 5110 3380 5156 sunt
3417 5109 3475 5154 ut
3520 5113 3702 5189 carnes

2140 5186 2405 5263 asinorum
2430 5202 2643 5275 (Ezech.
2670 5198 2848 5271 χχιιι).
2876 5197 3088 5264 Onager
3114 5194 3500 5263 interpretatur
3519 5186 3703 5242 asinus

2135 5297 2460 5355 ferus.0non
2470 5294 2663 5364 quippe
2675 5290 2844 5345 Graeci
2858 5289 3065 5343 asinum
3079 5292 3290 5348 vocant,
3305 5279 3494 5351 agrion
3504 5275 3696 5330 ferum.

2138 5391 2247 5445 Hos
2288 5388 2468 5442 Africa
2496 5397 2713 5453 magnos
2734 5381 2893 5435 habet
2933 5387 2988 5433 et
3011 5375 3298 5432 indomitos
3330 5378 3385 5423 et
3410 5368 3464 5422 in
3490 5366 3702 5420 deserto

2138 5486 2418 5550 vagantes:
2436 5473 2628 5543 singuli
2654 5478 2829 5525 autem
2844 5469 3161 5522 feminarum
3175 5460 3430 5550 gregibus
3434 5458 3667 5528 przesunt
3680 5466 3697 5503 :

2139 5548 2479 5624 nascentibus
2507 5557 2758 5615 masculis
2802 5572 2895 5612 eos
2914 5556 3109 5627 zelani,
3139 5561 3195 5606 et
3228 5548 3497 5605 testiculos
3516 5554 3702 5598 eorum

2140 5672 2321 5717 morsu
2346 5656 2692 5717 detruncant,
2722 5646 2866 5719 quod
2907 5650 3157 5701 caventes
3197 5648 3398 5695 matres
3432 5646 3616 5692 earum
3646 5630 3701 5685 in
