3930 6326
305 250 413 312 Ξὶὸ

1331 269 1418 323 DE
1456 265 1802 325 UNIVERSO
1835 267 2013 324 LIBRI
2046 269 2208 326 XXII.
2250 299 2319 310 -
2355 269 2481 326 LIB.
2521 271 2629 328 VII.

3461 273 3565 330 ιιι

315 372 544 427 secretis
598 371 739 430 locis
789 375 1078 433 occultam.
1143 376 1421 450 Signiﬁcat
1468 389 1646 436 autem
1690 380 1898 453 Onager
1925 386 1973 444 Α
2000 382 2193 455 (Exod.
2235 386 2345 455 xv).
2407 386 2473 440 Et
2524 402 2745 443 rursus:
2806 387 3101 460 Quadrigas
3155 364 3471 457 thraonis,
3519 403 3568 446 et

325 471 415 517 aut
458 461 745 519 Iudaicum
800 468 1051 538 papulum
1118 477 1210 522 aut
1263 467 1534 525 hominem
1601 471 1897 527 eremitam.

322 553 608 611 Judaicum
632 565 817 614 autem
858 559 1111 629 p0puium
1147 559 1412 631 signiﬁcat
1455 562 1508 615 in
1552 561 1771 632 psalmis
1809 561 1898 618 ubi

323 646 585 717 scriptum
622 652 709 703 est
735 666 748 701 :
777 647 1160 718 Exspectabunt
1184 652 1368 722 onagri
1402 653 1459 707 in
1484 653 1571 707 siti
1598 670 1697 707 sua
1727 650 1893 724 (Psal.

322 737 464 809 cm).
514 738 648 795 Cum
680 740 929 811 superius
958 739 1152 795 dixerit
1200 743 1401 798 bestias
1439 744 1697 799 silvarum
1747 746 1898 815 aquis

322 828 735 886 decurrentibus
770 846 888 886 esse
912 838 1143 900 potatas,
1172 846 1403 902 onagros
1436 831 1549 901 jam
1578 847 1722 889 nunc
1749 836 1899 907 ponit

321 918 471 973 sitim
501 934 653 975 suam
678 929 1021 990 exspectare:
1068 922 1267 976 scilicet
1302 920 1545 989 Judaaos,
1592 924 1684 993 qui
1712 925 1893 996 negle-

317 1019 517 1065 xerunt
544 1009 739 1065 ﬂuenta
765 1010 955 1064 divinae
975 1011 1188 1080 pietatis
1232 1011 1469 1066 haurire.
1513 1010 1728 1085 Onager
1749 1014 1894 1069 enim

316 1099 584 1170 sylvester
606 1100 789 1155 asinus
815 1106 916 1164 est,
951 1100 1040 1169 qni
1094 1100 1235 1156 inter
1276 1100 1482 1171 reliqua
1522 1102 1771 1157 animalia
1799 1116 1894 1159 cor

318 1193 519 1249 dicitur
543 1192 745 1249 habere
774 1192 1200 1263 pinguissimum.
1250 1192 1401 1259 Quod
1432 1208 1600 1263 genus
1630 1202 1891 1263 quantum

312 1281 531 1349 patiens
560 1290 643 1336 est
670 1281 947 1345 domitum,
993 1286 1199 1334 tantum
1226 1268 1581 1337 suavissimum
1625 1282 1887 1349 redditur,

311 1387 442 1427 cum
468 1372 619 1427 silvis
639 1372 991 1427 retinentibus
1018 1370 1291 1428 ederatur.
1325 1372 1419 1428 His
1440 1374 1695 1430 obstinati
1720 1373 1890 1431 Judaei

308 1463 512 1517 merito
542 1470 943 1533 comparantur,
992 1462 1115 1532 quia
1162 1463 1359 1520 ferocia
1386 1464 1582 1522 mentis
1613 1474 1669 1522 et
1692 1466 1888 1523 callosa

311 1549 564 1606 i’atuitate
589 1552 764 1606 durati
799 1555 955 1616 sunt,
992 1564 1091 1605 nec
1122 1554 1309 1607 satiari
1347 1554 1454 1609 cito
1476 1555 1685 1624 poculis
1714 1555 1887 1610 vitali-

304 1638 415 1695 bus
440 1640 792 1711 adquiescunt
816 1659 829 1693 :
855 1658 976 1697 nam
999 1644 1141 1713 quod
1162 1644 1309 1709 dicit,
1341 1645 1724 1714 exspectabant,
1754 1644 1883 1698 illud

2002 476 2283 527 exercitum
2333 476 2447 545 ejus
2475 477 2687 545 profecit
2727 479 2781 533 in
2823 495 2969 533 mare
3008 478 3213 553 (ibid.).
3259 480 3397 537 Sunt
3421 484 3565 552 equi,

2001 577 2135 632 quos
2159 563 2416 618 Dominus
2449 566 2705 630 ascendit,
2742 574 2797 621 et
2844 558 3180 623 circumeunt
3210 584 3422 625 omnem
3458 578 3565 625 ter-

1999 665 2151 718 ram,
2204 652 2271 706 de
2320 651 2513 721 quibus
2545 654 2772 709 dicitur:
2821 653 2889 707 Et
2933 657 3190 726 equitatus
3234 668 3353 712 tuus
3399 657 3563 714 salus.

2000 741 2135 796 Sunt
2164 752 2343 799 autem
2365 745 2509 815 equi,
2540 746 2630 815 qui
2655 761 2967 803 ascensorcs
2986 748 3185 803 habent
3206 749 3483 805 Diabolum
3510 756 3567 807 et

1997 834 2213 903 angelos
2265 834 2399 905 ejus.
2456 834 2620 892 ludas
2666 851 2837 907 equus
2897 836 3011 906 ejus
3056 848 3213 893 erat:
3259 840 3353 895 sed
3395 842 3566 896 donec

1997 936 2335 978 ascensorem
2364 923 2550 980 habuit
2567 924 2871 991 Dominum,
2903 926 2970 980 de
2991 928 3228 995 equitatu
3255 928 3440 984 salutis
3465 928 3566 983 fuit

1995 1026 2116 1066 cum
2143 1014 2378 1079 caeteris,
2409 1024 2463 1071 et
2502 1032 2623 1071 cum
2652 1015 2919 1087 Apostolis
2964 1019 3162 1073 missus
3185 1020 3400 1088 aegrotis
3423 1020 3565 1075 salu—

1993 1108 2134 1170 tem,
2170 1114 2224 1161 et
2249 1107 2537 1163 sanitatem
2558 1107 2931 1178 languentibus
2951 1109 3203 1179 praestitit
3230 1126 3246 1164 :
3279 1111 3372 1165 sed
3392 1110 3482 1165 ubi
3506 1126 3565 1165 se

1991 1190 2216 1249 Diabolo
2253 1197 2543 1251 substravit
2575 1196 2718 1268 (post
2738 1197 3031 1252 hucceilam
3057 1198 3200 1253 enim
3230 1199 3469 1255 introivit
3507 1201 3563 1253 in

1990 1296 2116 1337 eum
2164 1280 2390 1337 Satanas
2444 1283 2624 1355 [Joan.
2684 1283 2849 1356 xm]),
2904 1284 3048 1339 illius
3093 1286 3315 1340 habenis
3374 1286 3565 1342 ductus
3622 1270 3627 1275 ’

1990 1372 2274 1428 adversum
2321 1374 2604 1428 Dominum
2651 1383 2705 1430 et
2733 1374 3064 1430 Salvatorem
3116 1384 3361 1432 nostrum
3402 1378 3565 1448 cmpit

1988 1461 2249 1529 equitare.
2301 1460 2499 1516 Omnes
2545 1463 2721 1529 enim,
2760 1464 2852 1532 qui
2880 1475 3275 1534 persequuntur
3322 1476 3561 1534 sanctos,

1986 1550 2109 1618 equi
2140 1556 2267 1604 sunt
2287 1549 2622 1605 hiunientes:
2654 1552 2748 1606 sed
2781 1552 2980 1606 habent
3006 1568 3340 1617 ascensores,
3366 1555 3560 1623 quibus

1985 1646 2234 1707 aguntur,
2264 1640 2481 1708 angelos
2511 1640 2699 1705 malos,
2724 1650 2778 1695 et
2808 1642 2931 1697 inde
2962 1642 3169 1697 feroces
3196 1654 3339 1699 sunt.
3381 1645 3565 1699 Domi-

305 1728 598 1799 :tigniﬁcat,
632 1732 775 1799 quod
805 1731 1113 1803 frequenter
1148 1734 1347 1789 dictum
1376 1740 1463 1788 est
1495 1752 1507 1786 :
1547 1734 1674 1803 quia
1699 1733 1753 1787 in
1779 1733 1884 1788 ﬁne
1910 1716 1959 1775 Β
1985 1744 2087 1784 nus
2114 1744 2240 1800 ergo
2269 1745 2466 1800 equum
2497 1740 2551 1786 et
2591 1746 2932 1788 ascensorem
2963 1733 3193 1804 projecit
3219 1737 3272 1790 in
3307 1752 3475 1801 mare,
3506 1746 3561 1792 et

308 1817 513 1879 saeculi,
567 1815 718 1872 Helia
747 1827 803 1873 et
851 1820 1034 1876 Enoch
1082 1820 1441 1883 venientibus,
1502 1821 1773 1875 creditura
1801 1827 1885 1874 est

305 1909 601 1965 multitudo
626 1909 949 1967 Judaeomm.
996 1913 1203 1969 Rursus
1237 1913 1290 1966 in
1335 1912 1472 1967 libro
1507 1910 1605 1967 Job
1630 1912 1887 1967 Dominus

303 1998 513 2054 dixisse
540 1999 747 2054 fertur:
780 2006 897 2071 quis
920 2002 1117 2056 dimisit
1143 2017 1396 2070 onagrum
1425 2002 1664 2064 liberum,
1691 2008 1738 2053 et
1767 1999 1884 2053 uin-

301 2087 431 2143 culo
452 2090 564 2158 ejus
591 2092 706 2159 quis
727 2090 898 2157 solvit,
924 2091 1207 2153 etc?(Job.
1234 2091 1443 2162 χχχιιι).
1474 2088 1759 2154 Subaudis,
1784 2089 1884 2143 nisi

301 2193 426 2249 ego.
451 2177 662 2250 Onager
682 2180 848 2246 enim,
878 2180 971 2249 qui
997 2182 1050 2235 in
1086 2180 1370 2236 solitudine
1388 2184 1770 2243 commoratur,
1792 2193 1883 2233 eo-

298 2281 427 2323 rum
454 2268 619 2323 vitam
641 2268 931 2339 signiﬁcat,
957 2270 1047 2334 qui
1069 2271 1260 2325 remoti
1286 2286 1315 2323 a
1338 2269 1509 2328 turbis
1544 2267 1887 2336 popularibus

300 2366 716 2413 conversantur.
746 2358 907 2413 Liber
931 2373 1058 2429 ergo
1085 2358 1395 2424 dimittitur,
1418 2360 1509 2427 qui
1539 2357 1761 2413 calcatis
1786 2366 1887 2413 ter—

298 2448 455 2503 renis
483 2447 763 2503 desideriis
788 2453 1025 2519 appetitu
1046 2456 1270 2505 onerum
1298 2446 1689 2516 temporalium,
1731 2460 1884 2500 secu-

298 2535 469 2590 ritate
493 2538 686 2591 mentis
716 2544 1073 2591 exoneratur:
1101 2546 1150 2590 et
1183 2534 1390 2589 vincula
1416 2534 1530 2603 ejus
1560 2549 1675 2601 quis
1703 2532 1889 2586 solvit?

302 2629 582 2693 subaudis,
617 2630 718 2683 nisi
741 2645 852 2699 ego.
885 2626 1174 2685 Solvuntur
1194 2627 1335 2683 enim
1356 2622 1884 2693 uniuscujuscunque

303 2719 481 2773 sancti
505 2718 743 2785 vincula,
769 2718 894 2774 dum
932 2720 1112 2775 divino
1140 2718 1403 2788 adiutorio
1430 2717 1640 2770 interna
1680 2715 1884 2769 deside-

301 2808 510 2862 riorum
543 2808 840 2863 carnalium
864 2810 1155 2863 retinacula
1179 2809 1602 2875 disrumpuntnr.
1640 2804 1737 2858 Cui
1763 2804 1882 2857 dedi

301 2897 661 2951 habitaculum
689 2900 743 2951 in
774 2898 1071 2963 solitudine,
1095 2907 1141 2951 et
1171 2896 1505 2950 tabernacula
1528 2895 1639 2964 ejus
1660 2896 1713 2947 in
1745 2903 1883 2949 terra

300 2985 585 3054 salsuginis
616 2986 823 3057 (Ibid.).
852 2986 983 3040 Nam
1012 2988 1203 3041 remoti
1232 2986 1352 3049 viri,
1380 2985 1432 3038 id
1453 2992 1563 3047 est,
1596 2999 1625 3037 a
1649 2983 1879 3038 carnali—

1988 1815 2163 1873 factus
2202 1827 2287 1873 est
2312 1820 2441 1872 mihi
2469 1821 2522 1873 in
2546 1821 2791 1875 salutem.
2838 1822 2972 1890 Equi
3011 1832 3318 1891 peccatores
3360 1826 3558 1879 intelli-

1987 1913 2186 1974 guntur
2216 1914 2269 1961 et
2312 1906 2571 1962 luxuriosi
2618 1909 2881 1975 homines,
2926 1918 2992 1972 ut
3030 1912 3083 1965 in
3121 1910 3389 1966 Jeremia:
3424 1913 3560 1984 Equi

1986 1995 2243 2048 entissarii
2256 2012 2277 2059 ;
2298 1998 2649 2073 unusquisque
2665 1998 2733 2049 ad
2757 2013 2972 2052 uxorem
2999 2001 3223 2069 proximi
3245 2000 3329 2053 sui
3353 2001 3558 2054 hinnie-

1987 2081 2071 2135 bat
2096 2081 2227 2150 (Jer.
2254 2082 2331 2154 v).
2370 2083 2571 2153 Equus,
2600 2083 2834 2140 carnalis
2860 2085 3117 2153 potentia.
3163 2085 3222 2140 In
3243 2083 3379 2142 Isaia
3414 2104 3425 2139 :
3467 2084 3558 2139 Va:

1983 2175 2108 2243 quia
2150 2174 2426 2228 ascenditis
2464 2192 2619 2244 super
2646 2192 2802 2245 equos
2830 2185 2885 2229 ut
2930 2178 3252 2232 descendatis
3292 2179 3348 2231 in
3390 2178 3560 2250 Egy-

1985 2262 2283 2334 ptum(isa.
2320 2264 2469 2336 xxx).
2516 2264 2585 2319 Et
2610 2266 2663 2318 in
2700 2266 2942 2334 psalmo:
2985 2267 3424 2334 Dormitaverunt,
3467 2270 3556 2339 qui

1987 2362 2329 2414 ascenderunt
2374 2376 2531 2429 equos
2579 2360 2748 2431 (Psal.
2794 2360 2979 2431 Lxxv).
3032 2361 3183 2429 Quod
3214 2370 3389 2417 autem
3434 2364 3557 2433 equi

1987 2450 2088 2502 ruﬁ
2113 2457 2168 2503 et
2188 2450 2329 2503 varii
2352 2449 2489 2519 nigri
2520 2460 2574 2504 et
2598 2450 2703 2505 albi
2734 2450 2787 2503 in
2815 2452 3072 2519 propheta
3100 2451 3361 2506 Zacharia
3396 2468 3559 2522 appa-

1986 2541 2158 2593 ruisse
2188 2540 2470 2605 ieguntur,
2521 2548 2614 2593 aut
2650 2542 3053 2609 castigationem
3080 2545 3416 2610 peccantium
3465 2546 3559 2598 de-

1986 2629 2180 2699 signat,
2235 2640 2325 2683 ant
2361 2630 2776 2685 consolationem
2832 2646 3235 2686 conversurum.
3285 2633 3558 2703 Scriptum

1985 2725 2069 2771 est
2093 2718 2235 2771 enim
2265 2718 2317 2771 in
2340 2717 2623 2784 Zacharia,
2656 2718 2880 2775 Domino
2921 2720 3171 2774 dicente:
3225 2721 3337 2791 Ego
3360 2724 3559 2776 irascor

1985 2822 2138 2875 super
2165 2817 2335 2876 gentes
2372 2809 2659 2877 opulentas.
2695 2808 2829 2873 Quia
2862 2826 2953 2877 ego
2983 2809 3147 2863 iratus
3201 2827 3317 2863 sum
3344 2828 3551 2879 parum,

1986 2896 2084 2964 ipsi
2111 2911 2226 2948 vero
2256 2896 2567 2951 addiderunt
2604 2899 2661 2951 in
2692 2897 2886 2951 malum
2934 2896 3119 2967 (Zaclt.
3146 2898 3205 2967 t).
3244 2900 3309 2952 Et
3339 2916 3551 2955 rursum

1987 2984 2101 3053 ipse
2126 2986 2383 3055 propheta
2414 2988 2489 3039 ait
2514 3005 2525 3039 :
2566 2985 2680 3039 Vidi
2700 3003 2792 3055 per
2818 2996 3036 3051 noctem,
3068 2997 3115 3041 et
3136 3005 3249 3041 ecce
3276 2991 3353 3041 vir
3383 3006 3560 3043 ascen-

298 3077 406 3131 bus
433 3048 711 3133 desideriis
734 3048 892 3133 alieni
914 3080 1015 3133 hoc
1036 3080 1304 3133 silentittm
1333 3079 1524 3132 mentis
1548 3079 1877 3133 inhabitant:
1911 3048 1953 3109 Ο
1985 3074 2110 3128 dens
2134 3092 2286 3144 super
2311 3092 2497 3145 equum
2522 3077 2717 3145 rufum,
2754 3085 2800 3129 et
2824 3078 2929 3145 ipse
2951 3077 3121 3130 stabat
3160 3079 3293 3131 inter
3314 3090 3554 3148 myrteta,

300 3176 365 3221 ut
394 3167 549 3221 turba
576 3168 960 3224 desideriorum
990 3169 1282 3223 carnalium
1314 3183 1419 3221 non
1458 3176 1785 3236 premantur.
1816 3168 1882 3222 Et

303 3256 651 3311 tabernacula
689 3256 874 3326 onagri
924 3254 1081 3324 hujus
1127 3256 1180 3309 in
1218 3264 1357 3310 terra
1402 3264 1525 3309 sunt
1570 3256 1875 3327 salsuginis.

305 3344 537 3415 Salsugo
584 3346 871 3402 incendere
896 3346 1039 3401 sitim
1068 3346 1221 3401 solet.
1271 3346 1339 3399 Et
1375 3346 1544 3400 sancti
1571 3346 1671 3399 viri
1695 3362 1882 3415 qnam-

302 3436 396 3491 diu
428 3437 480 3489 in
524 3435 680 3505 hujus
708 3438 831 3491 vita:
858 3436 1217 3491 tabernaculis
1248 3437 1463 3505 degunt,
1502 3438 1567 3490 ad
1596 3452 1879 3505 supernam

304 3525 539 3595 patriam
567 3524 817 3579 desiderii
862 3526 944 3580 sui
969 3525 1292 3594 quotidianis
1334 3526 1550 3580 aestibus
1584 3527 1883 3580 accendun—

305 3623 414 3669 tur.
446 3612 679 3682 Onager,
706 3628 963 3683 arrogans
990 3613 1236 3683 quisque,
1277 3614 1330 3667 id
1357 3622 1438 3667 est
1456 3654 1471 3677 ,
1500 3624 1707 3668 amator
1735 3630 1882 3669 vana:

302 3703 489 3774 gloriae
514 3717 527 3755 :
550 3703 684 3756 utin
712 3702 939 3757 Ieremia
966 3720 979 3755 :
1015 3702 1222 3773 Onager
1248 3712 1484 3756 assuetus
1514 3705 1566 3755 in
1604 3703 1882 3758 solitudine

302 3794 562 3850 desiderio
595 3795 783 3848 anima:
828 3810 938 3848 sua:
969 3795 1127 3847 traxit
1172 3804 1374 3848 centum
1401 3795 1594 3846 amoris
1632 3794 1715 3847 sui
1745 3794 1876 3864 (Jer.

305 3886 393 3957 ιι),
432 3886 483 3939 id
523 3892 623 3949 est,
663 3885 909 3953 spiritum
940 3885 1217 3954 superbiae.
1266 3885 1462 3953 Onagri
1492 3884 1761 3953 principes
1786 3884 1878 3938 Ju—

304 3975 578 4033 dmorum.
627 3980 684 4025 ut
725 3973 778 4026 in
804 3972 1057 4027 Jeremia.
1100 3972 1201 4031 Sed
1240 3981 1289 4026 et
1324 3974 1504 4041 onagri
1534 3982 1782 4026 steterunt
1826 3973 1880 4025 in

303 4061 542 4131 rupibus,
571 4071 843 4116 traxerunt
869 4071 1075 4116 ventum
1102 4063 1251 4133 quasi
1288 4062 1537 4115 dracones
1574 4060 1707 4132 (Jer.
1743 4060 1872 4133 xiv).

303 4154 445 4227 Equi
474 4151 622 4218 dicti,
666 4167 731 4208 eo
767 4153 907 4222 quod
953 4152 1165 4222 quando
1192 4151 1465 4223 quadrigis
1498 4150 1877 4220 iungebantur,

304 4245 682 4315 aquabantur,
723 4258 987 4312 paresque
1022 4242 1192 4297 forma
1220 4250 1275 4296 et
1305 4240 1505 4295 similes
1529 4256 1686 4295 cursu
1719 4256 1881 4310 copu-

1982 3179 2097 3233 qute
2122 3175 2267 3217 erant
2294 3166 2345 3217 in
2368 3166 2628 3234 profundo
2653 3180 2670 3218 :
2699 3174 2746 3218 et
2774 3173 2886 3234 post
2913 3182 3032 3218 eum
3057 3166 3173 3235 equi
3198 3166 3321 3234 ruﬁ,
3353 3169 3484 3220 varii
3509 3178 3559 3221 et

1982 3254 2107 3319 albi,
2145 3262 2250 3309 etc.
2287 3253 2492 3324 (Ibid.).
2540 3252 2677 3317 Nox,
2705 3254 2757 3306 in
2785 3269 2888 3321 qua
2913 3255 3153 3308 cernitur
3181 3256 3335 3319 visio,
3367 3257 3558 3327 obscu-

1983 3343 2113 3397 ritas
2143 3344 2364 3411 mystice
2401 3344 2620 3397 visionis
2652 3343 2984 3412 intelligitur.
3038 3343 3151 3407 Vir,
3190 3344 3281 3411 qui
3311 3346 3553 3400 ascendit

1982 3447 2142 3501 super
2170 3446 2365 3499 equum
2413 3433 2610 3496 rufum,
2660 3433 2918 3487 Dominus
2948 3441 3109 3500 atque
3158 3431 3403 3487 Salvator
3450 3446 3554 3499 est,

1982 3523 2074 3593 qui
2108 3523 2556 3591 dispensationem
2600 3532 2795 3578 nostra:
2839 3524 3017 3577 carnis
3048 3525 3355 3591 assumpsit.
3412 3525 3553 3594 Myr-

1982 3619 2091 3666 teta
2130 3620 2325 3676 autem,
2374 3627 2493 3681 quas
2520 3621 2674 3667 erant
2702 3613 2756 3666 in
2782 3614 3064 3681 profundo,
3096 3613 3236 3667 inter
3264 3628 3382 3681 qua:
3412 3623 3554 3669 stare

1981 3701 2317 3766 describitur,
2350 3704 2603 3770 angelicae
2652 3704 3017 3773 intelliguntur
3053 3714 3343 3773 potestates
3370 3748 3383 3771 ,
3431 3722 3549 3775 qua:

1980 3789 2029 3843 ei
2060 3790 2223 3843 etiam
2254 3790 2309 3843 in
2337 3806 2500 3845 carne
2542 3792 2716 3860 posito
2764 3793 3224 3848 ministraverunt.
3270 3795 3403 3864 Equi
3427 3798 3551 3849 ’ruﬁ

1979 3880 2113 3933 varii
2162 3879 2287 3943 albi,
2337 3879 2573 3949 Apostoii
2622 3889 2676 3935 et
2704 3880 2981 3951 apostolici
3010 3884 3111 3938 viri
3142 3885 3546 3956 intelliguntur:

1978 3980 2205 4035 quorum
2233 3967 2321 4020 alii
2357 3970 2410 4021 in
2441 3970 2697 4037 martyrio
2737 3972 2977 4025 coronati
3007 3982 3150 4037 sunt,
3200 3982 3252 4026 et
3277 3974 3547 4042 appellan-

1979 4064 2067 4110 tur
2105 4056 2202 4110 rnﬁ
2230 4074 2241 4109 :
2272 4056 2358 4110 alii
2388 4059 2641 4125 operibus
2659 4068 2713 4112 et
2736 4060 2981 4114 doctrina
3004 4078 3067 4115 ac
3093 4064 3351 4118 varietate
3372 4064 3549 4134 signo-

1979 4162 2098 4201 rum
2123 4148 2257 4201 varii
2279 4158 2671 4217 nuncupantur.
2696 4142 2797 4204 Alii
2822 4152 3145 4221 virginitatis
3171 4155 3384 4219 decore,
3412 4157 3547 4211 inte-

1979 4238 2276 4307 gritateqne
2309 4239 2489 4294 cordis
2513 4240 2724 4304 ornati,
2756 4250 2810 4294 et
2835 4244 3071 4308 puritate
3095 4244 3292 4310 cordis,
3328 4260 3549 4299 cernere

307 4334 577 4391 labantur.
624 4333 872 4389 Caballus
896 4342 1052 4388 antea
1082 4348 1111 4387 a
1140 4346 1241 4388 cao
1266 4332 1459 4397 dictus,
1488 4341 1708 4402 propter
1735 4332 1875 4401 quod
1902 4365 1956 4424 Β
1983 4327 2232 4424 Deumin
2256 4330 2477 4424 praemio
2502 4340 2867 4401 susceperunt.
2912 4333 2957 4386 A
2981 4333 3205 4388 Domino
3228 4336 3369 4424 enim
3398 4338 3548 4392 missi

304 4425 559 4495 gradiens
603 4422 799 4493 ungula
847 4423 1105 4492 impressa
1154 4430 1353 4477 terram
1388 4428 1683 4477 concavat:
1737 4422 1876 4488 quod

304 4515 517 4583 reliqua
542 4513 792 4567 animalia
818 4527 925 4567 non
956 4513 1192 4567 habent:
1238 4512 1360 4566 inde
1392 4518 1447 4565 et
1474 4510 1705 4580 sonipes,
1738 4510 1877 4578 quod

305 4604 535 4672 pedibus
565 4610 740 4657 sonat.
773 4601 955 4671 Equus
979 4616 1108 4656 vero
1130 4600 1418 4669 aliquando
1447 4602 1500 4656 in
1536 4603 1728 4657 bonam
1758 4617 1878 4671 par-

308 4702 419 4745 tem
448 4690 613 4744 vertit
636 4688 1075 4760 signiﬁcationem
1104 4703 1118 4741 :
1170 4688 1533 4756 aliquando‘in
1561 4689 1776 4743 malam.
1821 4689 1877 4743 in

305 4778 509 4833 bonam
530 4782 757 4849 partem,
781 4786 838 4834 ut
857 4787 939 4835 est
962 4779 1089 4834 illud
1101 4777 1348 4833 Habacuc
1369 4780 1669 4848 prophetas:
1692 4780 1880 4835 Ascen-

308 4868 474 4931 dens,
527 4867 721 4936 inquit,
753 4884 907 4939 super
931 4882 1086 4938 equos
1128 4875 1242 4921 tuos
1269 4874 1315 4921 et
1360 4866 1618 4937 equitatus
1644 4878 1762 4927 tuus
1789 4886 1878 4923 sa-

309 4958 452 5011 nitas
478 4953 704 5025 (Habac.
738 4956 844 5027 ιιι).
872 4956 939 5011 Ει
966 4957 1019 5011 in
1033 4955 1133 5012 Job
1156 4957 1330 5012 divina
1350 4971 1451 5011 vox
1475 4957 1585 5011 ait:
1626 4957 1879 5030 Nunquid

306 5045 563 5117 praebebis
609 5060 737 5115 equo
767 5045 1154 5113 fortitudinem,
1209 5054 1299 5099 aut
1350 5046 1695 5100 circumdabis
1747 5047 1879 5101 collo

308 5136 423 5203 ejus
452 5136 736 5200 hinnitum,
764 5142 869 5189 etc.
899 5134 1041 5206 (Job.
1070 5135 1277 5206 xxxix).
1309 5134 1407 5189 Hic
1433 5148 1598 5203 equus
1627 5138 1882 5204 praedica-

309 5233 456 5280 tores
485 5226 658 5282 sancti
704 5224 1087 5295 intelliguntur,
1137 5241 1364 5295 quorum
1404 5241 1580 5282 sessor
1625 5226 1881 5283 Dominus

309 5326 412 5384 est,
445 5318 539 5388 qui
570 5320 653 5372 eis
687 5315 1074 5381 fortitudinem,
1102 5314 1204 5371 hoc
1228 5325 1327 5381 est,
1362 5318 1713 5371 constantiam
1742 5332 1884 5372 men-

308 5408 377 5463 tis
412 5407 532 5473 dat,
588 5414 644 5462 et
691 5421 883 5461 sonum
934 5420 1076 5459 sana:
1100 5405 1513 5474 praedicationis.
1548 5406 1589 5459 E
1612 5408 1882 5463 contrario

299 5510 432 5555 vero
481 5498 551 5554 de
598 5496 707 5551 alia
748 5496 925 5563 specie
950 5510 1206 5566 equorum
1236 5495 1290 5549 in
1318 5497 1527 5551 cantico
1556 5498 1721 5552 Exodi
1750 5501 1881 5552 scri-

290 5601 451 5673 ptum
500 5601 633 5650 est:
691 5588 899 5662 Equum
951 5598 999 5645 et
1045 5604 1362 5645 ascensorem
1395 5590 1610 5661 projecit
1644 5592 1697 5646 in
1740 5608 1881 5649 mare

1983 4427 2107 4473 sunt
2143 4419 2401 4487 Apostoli,
2435 4429 2493 4473 ut
2520 4427 2688 4475 totum
2736 4424 2993 4475 mundum
3022 4422 3326 4492 evangelica
3350 4426 3542 4491 praedi—

1983 4509 2191 4565 catione
2212 4510 2563 4579 complerent,
2602 4511 2694 4580 qui
2736 4520 3019 4580 postquam
3046 4526 3180 4582 opus
3202 4512 3550 4581 expleverunt

1982 4599 2182 4652 reversi
2233 4609 2356 4653 sunt
2387 4600 2453 4654 ad
2482 4600 2658 4669 magni
2682 4600 2889 4655 consilii
2916 4600 3199 4670 Angelum,
3254 4602 3345 4669 qui
3374 4603 3548 4656 stabat

1984 4687 2123 4742 inter
2142 4701 2254 4751 eos,
2278 4697 2332 4742 et
2365 4689 2614 4743 dixerunt
2640 4690 2706 4744 ad
2744 4694 2903 4743 eum:
2936 4686 3416 4744 Perambulavimus
3440 4700 3545 4742 ler-

1985 4792 2118 4841 ram,
2146 4786 2194 4830 et
2218 4776 2539 4845 implevimus
2563 4793 2713 4846 opus,
2749 4777 2887 4846 quod
2933 4776 3078 4831 nobis
3106 4777 3397 4846 injunctum
3423 4787 3496 4832 est
3528 4797 3544 4831 :

1984 4877 2033 4922 et
2069 4883 2181 4921 ecce
2205 4869 2371 4921 omnis
2400 4877 2538 4922 terra
2564 4868 2827 4921 habitatur
2859 4878 2906 4921 et
2932 4870 3147 4939 quiescit
3170 4887 3203 4921 a
3231 4869 3375 4923 bellis
3402 4872 3549 4923 vitio-

1986 4972 2123 5021 rum,
2154 4964 2208 5010 et
2234 4972 2352 5026 qua:
2381 4965 2505 5012 ante
2552 4966 2661 5011 erat
2688 4956 2891 5012 deserta
2920 4976 2953 5012 α
2984 4957 3209 5012 Domino
3251 4976 3385 5014 nunc
3433 4961 3545 5029 ejus

1985 5046 2232 5099 habitatio
2266 5057 2360 5100 est.
2384 5046 2536 5113 Quod
2573 5048 2648 5101 ait
2680 5066 2691 5100 :
2721 5063 2857 5101 anno
2887 5048 3260 5118 septuagesimo
3285 5050 3545 5103 miserebi-

1986 5145 2073 5189 tur
2106 5135 2396 5190 Jerusalem
2424 5146 2470 5189 et
2507 5136 2716 5190 urbibus
2748 5135 2894 5189 Iuda
2919 5152 2938 5190 :
2977 5136 3067 5190 hic
3100 5145 3185 5191 est
3223 5152 3447 5193 sensus:
3488 5147 3546 5191 ut

1985 5242 2111 5282 vera
2131 5242 2235 5295 pax
2281 5243 2385 5283 non
2414 5227 2533 5291 ﬁat,
2582 5227 2683 5280 nisi
2728 5228 3121 5298 septuagesimo
3155 5242 3312 5293 anno,
3362 5228 3414 5282 id
3440 5237 3542 5291 est,

1986 5328 2187 5373 aeterno
2233 5318 2485 5371 sabbato:
2544 5331 2645 5371 nec
2680 5315 3009 5382 Jerusalem,
3062 5316 3116 5370 id
3158 5324 3261 5381 est,
3308 5316 3543 5373 Ecclesia

1985 5417 2181 5462 mterna
2212 5408 2408 5475 quiete,
2456 5406 2555 5460 nisi
2605 5416 2725 5476 post
2750 5406 2987 5461 laborem
3016 5422 3112 5461 sex
3154 5412 3389 5469 aetatum,
3430 5406 3545 5458 sine

1984 5501 2125 5556 omni
2174 5498 2573 5568 perturbatione
2623 5498 2675 5550 in
2720 5497 2947 5565 septima
2999 5497 3319 5566 requiescet.
3367 5493 3543 5549 Verba

1984 5590 2338 5650 consolatoria
2379 5590 2513 5645 dona
2568 5596 2691 5645 sunt
2727 5590 2899 5646 sancti
2944 5587 3207 5660 Spiritus,
3260 5597 3315 5643 et
3351 5586 3542 5659 pignus
