  <div class='ocr_page' id='page_1' title='image "/cluster/home/n/w/nwhite01/storage/ocr_20150623/111/uva.x000827067/115.png"; bbox 0 0 3930 6338; ppageno 0'>
   <div class='ocr_carea' id='block_1_1' title="bbox 447 279 556 340">
    <p class='ocr_par' dir='ltr' id='par_1_1' title="bbox 447 279 556 340">
     <span class='ocr_line' id='line_1_1' title="bbox 447 279 556 340; baseline -0.009 0"><span class='ocrx_word' id='word_1_1' title='bbox 447 279 556 340; x_wconf 68' lang='grc'><strong>218</strong></span> 
     </span>
    </p>
   </div>
   <div class='ocr_carea' id='block_1_2' title="bbox 1086 284 3045 357">
    <p class='ocr_par' dir='ltr' id='par_1_2' title="bbox 1086 284 3045 357">
     <span class='ocr_line' id='line_1_2' title="bbox 1086 284 3045 357; baseline 0.009 -18"><span class='ocrx_word' id='word_1_2' title='bbox 1086 284 1149 340; x_wconf 88' lang='grc' dir='ltr'><strong>Β.</strong></span> <span class='ocrx_word' id='word_1_3' title='bbox 1190 284 1444 341; x_wconf 81' lang='lat' dir='ltr'><strong>RABANI</strong></span> <span class='ocrx_word' id='word_1_4' title='bbox 1484 286 1703 346; x_wconf 82' lang='lat' dir='ltr'><strong>MAURl</strong></span> <span class='ocrx_word' id='word_1_5' title='bbox 1737 288 2053 347; x_wconf 80' lang='lat' dir='ltr'><strong>ARCHIEP.</strong></span> <span class='ocrx_word' id='word_1_6' title='bbox 2096 289 2402 349; x_wconf 80' lang='lat' dir='ltr'><strong>MOGUNT.</strong></span> <span class='ocrx_word' id='word_1_7' title='bbox 2444 292 2726 352; x_wconf 81' lang='lat' dir='ltr'><strong>OPERUM</strong></span> <span class='ocrx_word' id='word_1_8' title='bbox 2768 296 2944 354; x_wconf 79' lang='lat' dir='ltr'><strong>PARS</strong></span> <span class='ocrx_word' id='word_1_9' title='bbox 2980 300 3045 357; x_wconf 85' lang='grc'><strong>11.</strong></span> 
     </span>
    </p>
   </div>
   <div class='ocr_carea' id='block_1_3' title="bbox 3592 310 3704 363">
    <p class='ocr_par' dir='ltr' id='par_1_3' title="bbox 3592 310 3704 363">
     <span class='ocr_line' id='line_1_3' title="bbox 3592 310 3704 363; baseline -0.009 0"><span class='ocrx_word' id='word_1_10' title='bbox 3592 310 3704 363; x_wconf 75' lang='grc'><strong>218</strong></span> 
     </span>
    </p>
   </div>
   <div class='ocr_carea' id='block_1_4' title="bbox 444 393 3700 485">
    <p class='ocr_par' dir='ltr' id='par_1_4' title="bbox 444 393 3700 485">
     <span class='ocr_line' id='line_1_4' title="bbox 444 393 3700 485; baseline 0.006 -35"><span class='ocrx_word' id='word_1_11' title='bbox 444 393 778 485; x_wconf 65' lang='lat' dir='ltr'><strong>hatreditatis</strong></span> <span class='ocrx_word' id='word_1_12' title='bbox 820 402 1025 485; x_wconf 68' lang='lat' dir='ltr'><strong>nostra:</strong></span> <span class='ocrx_word' id='word_1_13' title='bbox 1048 436 1065 463; x_wconf 91' lang='lat'><strong>,</strong></span> <span class='ocrx_word' id='word_1_14' title='bbox 1122 411 1284 467; x_wconf 89' lang='lat' dir='ltr'><strong>quam</strong></span> <span class='ocrx_word' id='word_1_15' title='bbox 1312 400 1622 468; x_wconf 73' lang='lat' dir='ltr'><strong>percepturi</strong></span> <span class='ocrx_word' id='word_1_16' title='bbox 1669 400 1870 456; x_wconf 79' lang='lat' dir='ltr'><strong>erimus</strong></span> <span class='ocrx_word' id='word_1_17' title='bbox 1908 410 2028 470; x_wconf 92' lang='lat' dir='ltr'><strong>post</strong></span> <span class='ocrx_word' id='word_1_18' title='bbox 2054 405 2106 463; x_wconf 79' lang='grc' dir='ltr'>Α</span> <span class='ocrx_word' id='word_1_19' title='bbox 2130 402 2417 473; x_wconf 75' lang='lat' dir='ltr'><strong>multiplex,</strong></span> <span class='ocrx_word' id='word_1_20' title='bbox 2448 403 2614 458; x_wconf 80' lang='lat' dir='ltr'><strong>millia</strong></span> <span class='ocrx_word' id='word_1_21' title='bbox 2640 405 2950 473; x_wconf 75' lang='lat' dir='ltr'><strong>lwtantium,</strong></span> <span class='ocrx_word' id='word_1_22' title='bbox 2998 408 3251 464; x_wconf 87' lang='lat' dir='ltr'><strong>Dominus</strong></span> <span class='ocrx_word' id='word_1_23' title='bbox 3290 428 3345 466; x_wconf 78' lang='lat' dir='ltr'><strong>tn</strong></span> <span class='ocrx_word' id='word_1_24' title='bbox 3386 410 3490 466; x_wconf 89' lang='lat' dir='ltr'><strong>illis</strong></span> <span class='ocrx_word' id='word_1_25' title='bbox 3521 410 3700 485; x_wconf 84' lang='lat' dir='ltr'><strong>(Psal.</strong></span> 
     </span>
    </p>
   </div>
   <div class='ocr_carea' id='block_1_5' title="bbox 439 484 2025 561">
    <p class='ocr_par' dir='ltr' id='par_1_5' title="bbox 439 484 2025 561">
     <span class='ocr_line' id='line_1_5' title="bbox 439 484 2025 561; baseline 0.007 -23"><span class='ocrx_word' id='word_1_26' title='bbox 439 484 767 556; x_wconf 66' lang='lat' dir='ltr'><strong>Babyloniae,</strong></span> <span class='ocrx_word' id='word_1_27' title='bbox 810 484 865 541; x_wconf 88' lang='lat' dir='ltr'><strong>id</strong></span> <span class='ocrx_word' id='word_1_28' title='bbox 886 494 994 554; x_wconf 89' lang='lat' dir='ltr'><strong>est,</strong></span> <span class='ocrx_word' id='word_1_29' title='bbox 1044 488 1205 558; x_wconf 87' lang='lat' dir='ltr'><strong>hujus</strong></span> <span class='ocrx_word' id='word_1_30' title='bbox 1234 489 1419 544; x_wconf 90' lang='lat' dir='ltr'><strong>mundi</strong></span> <span class='ocrx_word' id='word_1_31' title='bbox 1448 492 1833 561; x_wconf 74' lang='lat' dir='ltr'><strong>captivitatem.</strong></span> <span class='ocrx_word' id='word_1_32' title='bbox 1872 492 2025 559; x_wconf 88' lang='lat' dir='ltr'><strong>Quod</strong></span> 
     </span>
    </p>
   </div>
   <div class='ocr_carea' id='block_1_6' title="bbox 439 576 2026 653">
    <p class='ocr_par' dir='ltr' id='par_1_6' title="bbox 439 576 2026 653">
     <span class='ocr_line' id='line_1_6' title="bbox 439 576 2026 653; baseline 0.007 -24"><span class='ocrx_word' id='word_1_33' title='bbox 439 583 624 630; x_wconf 87' lang='lat' dir='ltr'><strong>autem</strong></span> <span class='ocrx_word' id='word_1_34' title='bbox 650 576 704 631; x_wconf 91' lang='lat' dir='ltr'><strong>in</strong></span> <span class='ocrx_word' id='word_1_35' title='bbox 723 578 1004 648; x_wconf 80' lang='lat' dir='ltr'><strong>prophetis</strong></span> <span class='ocrx_word' id='word_1_36' title='bbox 1032 578 1263 649; x_wconf 75' lang='lat' dir='ltr'><strong>legimus</strong></span> <span class='ocrx_word' id='word_1_37' title='bbox 1289 579 1441 650; x_wconf 93' lang='lat' dir='ltr'><strong>bigas</strong></span> <span class='ocrx_word' id='word_1_38' title='bbox 1464 589 1520 635; x_wconf 90' lang='lat' dir='ltr'><strong>et</strong></span> <span class='ocrx_word' id='word_1_39' title='bbox 1539 582 1848 653; x_wconf 77' lang='lat' dir='ltr'><strong>quadrigas,</strong></span> <span class='ocrx_word' id='word_1_40' title='bbox 1864 583 2026 653; x_wconf 79' lang='lat' dir='ltr'><strong>.juxta</strong></span> 
     </span>
    </p>
   </div>
   <div class='ocr_carea' id='block_1_7' title="bbox 436 662 2024 747">
    <p class='ocr_par' dir='ltr' id='par_1_7' title="bbox 436 662 2024 747">
     <span class='ocr_line' id='line_1_7' title="bbox 436 662 2024 747; baseline 0.005 -24"><span class='ocrx_word' id='word_1_41' title='bbox 436 662 749 739; x_wconf 69' lang='lat' dir='ltr'><strong>allegoriam</strong></span> <span class='ocrx_word' id='word_1_42' title='bbox 772 680 865 726; x_wconf 90' lang='lat' dir='ltr'><strong>aut</strong></span> <span class='ocrx_word' id='word_1_43' title='bbox 896 680 1137 742; x_wconf 89' lang='lat' dir='ltr'><strong>tempora</strong></span> <span class='ocrx_word' id='word_1_44' title='bbox 1164 687 1458 743; x_wconf 89' lang='lat' dir='ltr'><strong>regnorum</strong></span> <span class='ocrx_word' id='word_1_45' title='bbox 1479 715 1492 739; x_wconf 91' lang='lat'><strong>,</strong></span> <span class='ocrx_word' id='word_1_46' title='bbox 1528 684 1622 730; x_wconf 88' lang='lat' dir='ltr'><strong>aut</strong></span> <span class='ocrx_word' id='word_1_47' title='bbox 1662 677 2024 747; x_wconf 81' lang='lat' dir='ltr'><strong>principatum</strong></span> 
     </span>
    </p>
   </div>
   <div class='ocr_carea' id='block_1_8' title="bbox 434 760 2025 839">
    <p class='ocr_par' dir='ltr' id='par_1_8' title="bbox 434 760 2025 839">
     <span class='ocr_line' id='line_1_8' title="bbox 434 760 2025 839; baseline 0.006 -24"><span class='ocrx_word' id='word_1_48' title='bbox 434 760 727 819; x_wconf 89' lang='lat' dir='ltr'><strong>velactum</strong></span> <span class='ocrx_word' id='word_1_49' title='bbox 767 762 1006 833; x_wconf 90' lang='lat' dir='ltr'><strong>ipsorum</strong></span> <span class='ocrx_word' id='word_1_50' title='bbox 1034 764 1291 820; x_wconf 77' lang='lat' dir='ltr'><strong>ostendit.</strong></span> <span class='ocrx_word' id='word_1_51' title='bbox 1324 764 1460 819; x_wconf 84' lang='lat' dir='ltr'><strong>Nam</strong></span> <span class='ocrx_word' id='word_1_52' title='bbox 1506 767 1660 839; x_wconf 81' lang='lat' dir='ltr'><strong>bigas</strong></span> <span class='ocrx_word' id='word_1_53' title='bbox 1697 769 1749 822; x_wconf 90' lang='lat' dir='ltr'><strong>in</strong></span> <span class='ocrx_word' id='word_1_54' title='bbox 1790 768 1926 823; x_wconf 85' lang='lat' dir='ltr'><strong>lsaia</strong></span> <span class='ocrx_word' id='word_1_55' title='bbox 1948 767 2025 824; x_wconf 90' lang='lat' dir='ltr'><strong>le-</strong></span> 
     </span>
    </p>
   </div>
   <div class='ocr_carea' id='block_1_9' title="bbox 434 851 2023 929">
    <p class='ocr_par' dir='ltr' id='par_1_9' title="bbox 434 851 2023 929">
     <span class='ocr_line' id='line_1_9' title="bbox 434 851 2023 929; baseline 0.007 -24"><span class='ocrx_word' id='word_1_56' title='bbox 434 851 632 923; x_wconf 90' lang='lat' dir='ltr'><strong>gimus,</strong></span> <span class='ocrx_word' id='word_1_57' title='bbox 664 860 721 907; x_wconf 92' lang='lat' dir='ltr'><strong>et</strong></span> <span class='ocrx_word' id='word_1_58' title='bbox 739 853 794 907; x_wconf 93' lang='lat' dir='ltr'><strong>in</strong></span> <span class='ocrx_word' id='word_1_59' title='bbox 817 854 1080 909; x_wconf 86' lang='lat' dir='ltr'><strong>Zacharia</strong></span> <span class='ocrx_word' id='word_1_60' title='bbox 1102 856 1412 927; x_wconf 81' lang='lat' dir='ltr'><strong>quadrigas.</strong></span> <span class='ocrx_word' id='word_1_61' title='bbox 1441 858 1520 912; x_wconf 90' lang='lat' dir='ltr'><strong>Ita</strong></span> <span class='ocrx_word' id='word_1_62' title='bbox 1547 874 1759 929; x_wconf 89' lang='lat' dir='ltr'><strong>quoque</strong></span> <span class='ocrx_word' id='word_1_63' title='bbox 1783 858 1859 915; x_wconf 92' lang='lat' dir='ltr'><strong>ibi</strong></span> <span class='ocrx_word' id='word_1_64' title='bbox 1890 854 2023 916; x_wconf 79' lang='lat' dir='ltr'><strong>scri-</strong></span> 
     </span>
    </p>
   </div>
   <div class='ocr_carea' id='block_1_10' title="bbox 431 941 2024 1021">
    <p class='ocr_par' dir='ltr' id='par_1_10' title="bbox 431 941 2024 1021">
     <span class='ocr_line' id='line_1_10' title="bbox 431 941 2024 1021; baseline 0.008 -30"><span class='ocrx_word' id='word_1_65' title='bbox 431 946 585 1009; x_wconf 89' lang='lat' dir='ltr'><strong>ptum</strong></span> <span class='ocrx_word' id='word_1_66' title='bbox 611 948 729 996; x_wconf 88' lang='lat' dir='ltr'><strong>est:</strong></span> <span class='ocrx_word' id='word_1_67' title='bbox 762 941 950 998; x_wconf 79' lang='lat' dir='ltr'><strong>Levavi</strong></span> <span class='ocrx_word' id='word_1_68' title='bbox 969 943 1148 999; x_wconf 82' lang='lat' dir='ltr'><strong>oculos</strong></span> <span class='ocrx_word' id='word_1_69' title='bbox 1172 962 1331 1013; x_wconf 90' lang='lat' dir='ltr'><strong>meos,</strong></span> <span class='ocrx_word' id='word_1_70' title='bbox 1367 957 1417 1001; x_wconf 87' lang='lat' dir='ltr'><strong>et</strong></span> <span class='ocrx_word' id='word_1_71' title='bbox 1439 949 1566 1014; x_wconf 82' lang='lat' dir='ltr'><strong>vidi,</strong></span> <span class='ocrx_word' id='word_1_72' title='bbox 1596 958 1644 1002; x_wconf 87' lang='lat' dir='ltr'><strong>et</strong></span> <span class='ocrx_word' id='word_1_73' title='bbox 1666 966 1780 1002; x_wconf 86' lang='lat' dir='ltr'><strong>ecce</strong></span> <span class='ocrx_word' id='word_1_74' title='bbox 1797 959 2024 1021; x_wconf 77' lang='lat' dir='ltr'><strong>quatuor</strong></span> 
     </span>
    </p>
   </div>
   <div class='ocr_carea' id='block_1_11' title="bbox 430 1034 2022 1105">
    <p class='ocr_par' dir='ltr' id='par_1_11' title="bbox 430 1034 2022 1105">
     <span class='ocr_line' id='line_1_11' title="bbox 430 1034 2022 1105; baseline 0.008 -20"><span class='ocrx_word' id='word_1_75' title='bbox 430 1034 701 1104; x_wconf 73' lang='lat' dir='ltr'><strong>quadriga:</strong></span> <span class='ocrx_word' id='word_1_76' title='bbox 727 1036 1046 1105; x_wconf 77' lang='lat' dir='ltr'><strong>egredientes</strong></span> <span class='ocrx_word' id='word_1_77' title='bbox 1090 1037 1156 1091; x_wconf 87' lang='lat' dir='ltr'><strong>de</strong></span> <span class='ocrx_word' id='word_1_78' title='bbox 1184 1039 1355 1093; x_wconf 87' lang='lat' dir='ltr'><strong>medio</strong></span> <span class='ocrx_word' id='word_1_79' title='bbox 1380 1040 1607 1095; x_wconf 86' lang='lat' dir='ltr'><strong>duorum</strong></span> <span class='ocrx_word' id='word_1_80' title='bbox 1648 1042 1899 1096; x_wconf 82' lang='lat' dir='ltr'><strong>montium</strong></span> <span class='ocrx_word' id='word_1_81' title='bbox 1924 1042 2022 1097; x_wconf 34' lang='lat' dir='ltr'><strong>:‘et</strong></span> 
     </span>
    </p>
   </div>
   <div class='ocr_carea' id='block_1_12' title="bbox 429 1126 2021 1203">
    <p class='ocr_par' dir='ltr' id='par_1_12' title="bbox 429 1126 2021 1203">
     <span class='ocr_line' id='line_1_12' title="bbox 429 1126 2021 1203; baseline 0.008 -28"><span class='ocrx_word' id='word_1_82' title='bbox 429 1134 649 1189; x_wconf 87' lang='lat' dir='ltr'><strong>montes,</strong></span> <span class='ocrx_word' id='word_1_83' title='bbox 674 1136 874 1180; x_wconf 79' lang='lat' dir='ltr'><strong>montes</strong></span> <span class='ocrx_word' id='word_1_84' title='bbox 898 1127 1040 1181; x_wconf 72' lang='lat' dir='ltr'><strong>terei.</strong></span> <span class='ocrx_word' id='word_1_85' title='bbox 1069 1126 1136 1182; x_wconf 87' lang='lat' dir='ltr'><strong>In</strong></span> <span class='ocrx_word' id='word_1_86' title='bbox 1166 1130 1425 1201; x_wconf 80' lang='lat' dir='ltr'><strong>quadriga</strong></span> <span class='ocrx_word' id='word_1_87' title='bbox 1448 1134 1619 1199; x_wconf 84' lang='lat' dir='ltr'><strong>prima</strong></span> <span class='ocrx_word' id='word_1_88' title='bbox 1659 1134 1776 1203; x_wconf 85' lang='lat' dir='ltr'><strong>equi</strong></span> <span class='ocrx_word' id='word_1_89' title='bbox 1808 1134 1934 1202; x_wconf 79' lang='lat' dir='ltr'><strong>ruﬁ,</strong></span> <span class='ocrx_word' id='word_1_90' title='bbox 1972 1144 2021 1188; x_wconf 87' lang='lat' dir='ltr'><strong>et</strong></span> 
     </span>
    </p>
   </div>
   <div class='ocr_carea' id='block_1_13' title="bbox 426 1216 2019 1295">
    <p class='ocr_par' dir='ltr' id='par_1_13' title="bbox 426 1216 2019 1295">
     <span class='ocr_line' id='line_1_13' title="bbox 426 1216 2019 1295; baseline 0.006 -25"><span class='ocrx_word' id='word_1_91' title='bbox 426 1216 482 1270; x_wconf 88' lang='lat' dir='ltr'><strong>in</strong></span> <span class='ocrx_word' id='word_1_92' title='bbox 505 1219 765 1289; x_wconf 85' lang='lat' dir='ltr'><strong>quadriga</strong></span> <span class='ocrx_word' id='word_1_93' title='bbox 795 1220 1023 1274; x_wconf 85' lang='lat' dir='ltr'><strong>secunda</strong></span> <span class='ocrx_word' id='word_1_94' title='bbox 1054 1222 1173 1293; x_wconf 88' lang='lat' dir='ltr'><strong>equi</strong></span> <span class='ocrx_word' id='word_1_95' title='bbox 1202 1223 1359 1293; x_wconf 85' lang='lat' dir='ltr'><strong>nigri,</strong></span> <span class='ocrx_word' id='word_1_96' title='bbox 1404 1233 1452 1276; x_wconf 89' lang='lat' dir='ltr'><strong>et</strong></span> <span class='ocrx_word' id='word_1_97' title='bbox 1482 1225 1537 1276; x_wconf 88' lang='lat' dir='ltr'><strong>in</strong></span> <span class='ocrx_word' id='word_1_98' title='bbox 1578 1225 1837 1295; x_wconf 86' lang='lat' dir='ltr'><strong>quadriga</strong></span> <span class='ocrx_word' id='word_1_99' title='bbox 1864 1227 2019 1280; x_wconf 89' lang='lat' dir='ltr'><strong>tertia</strong></span> 
     </span>
    </p>
   </div>
   <div class='ocr_carea' id='block_1_14' title="bbox 426 1311 2015 1389">
    <p class='ocr_par' dir='ltr' id='par_1_14' title="bbox 426 1311 2015 1389">
     <span class='ocr_line' id='line_1_14' title="bbox 426 1311 2015 1389; baseline 0.005 -26"><span class='ocrx_word' id='word_1_100' title='bbox 426 1312 545 1381; x_wconf 86' lang='lat' dir='ltr'><strong>equi</strong></span> <span class='ocrx_word' id='word_1_101' title='bbox 567 1311 695 1377; x_wconf 88' lang='lat' dir='ltr'><strong>albi,</strong></span> <span class='ocrx_word' id='word_1_102' title='bbox 725 1322 774 1367; x_wconf 89' lang='lat' dir='ltr'><strong>et</strong></span> <span class='ocrx_word' id='word_1_103' title='bbox 794 1314 849 1366; x_wconf 89' lang='lat' dir='ltr'><strong>in</strong></span> <span class='ocrx_word' id='word_1_104' title='bbox 866 1314 1127 1384; x_wconf 84' lang='lat' dir='ltr'><strong>quadriga</strong></span> <span class='ocrx_word' id='word_1_105' title='bbox 1144 1323 1333 1384; x_wconf 88' lang='lat' dir='ltr'><strong>quarta</strong></span> <span class='ocrx_word' id='word_1_106' title='bbox 1358 1316 1477 1385; x_wconf 86' lang='lat' dir='ltr'><strong>equi</strong></span> <span class='ocrx_word' id='word_1_107' title='bbox 1497 1317 1632 1370; x_wconf 86' lang='lat' dir='ltr'><strong>varii</strong></span> <span class='ocrx_word' id='word_1_108' title='bbox 1656 1318 1815 1385; x_wconf 79' lang='lat' dir='ltr'><strong>fortes</strong></span> <span class='ocrx_word' id='word_1_109' title='bbox 1829 1317 2015 1389; x_wconf 85' lang='lat' dir='ltr'><strong>(Zach.</strong></span> 
     </span>
    </p>
   </div>
   <div class='ocr_carea' id='block_1_15' title="bbox 424 1400 2018 1474">
    <p class='ocr_par' dir='ltr' id='par_1_15' title="bbox 424 1400 2018 1474">
     <span class='ocr_line' id='line_1_15' title="bbox 424 1400 2018 1474; baseline 0.006 -21"><span class='ocrx_word' id='word_1_110' title='bbox 424 1400 522 1472; x_wconf 81' lang='lat' dir='ltr'><strong>vt).</strong></span> <span class='ocrx_word' id='word_1_111' title='bbox 560 1401 636 1456; x_wconf 91' lang='lat' dir='ltr'><strong>De</strong></span> <span class='ocrx_word' id='word_1_112' title='bbox 662 1402 923 1474; x_wconf 85' lang='lat' dir='ltr'><strong>quadriga</strong></span> <span class='ocrx_word' id='word_1_113' title='bbox 968 1404 1138 1471; x_wconf 88' lang='lat' dir='ltr'><strong>prima</strong></span> <span class='ocrx_word' id='word_1_114' title='bbox 1166 1404 1289 1473; x_wconf 87' lang='lat' dir='ltr'><strong>equi</strong></span> <span class='ocrx_word' id='word_1_115' title='bbox 1319 1404 1420 1459; x_wconf 92' lang='lat' dir='ltr'><strong>ruﬁ</strong></span> <span class='ocrx_word' id='word_1_116' title='bbox 1445 1414 1603 1460; x_wconf 90' lang='lat' dir='ltr'><strong>erant</strong></span> <span class='ocrx_word' id='word_1_117' title='bbox 1628 1415 1683 1462; x_wconf 91' lang='lat' dir='ltr'><strong>et</strong></span> <span class='ocrx_word' id='word_1_118' title='bbox 1708 1409 1919 1463; x_wconf 89' lang='lat' dir='ltr'><strong>cruenti</strong></span> <span class='ocrx_word' id='word_1_119' title='bbox 1964 1414 2018 1463; x_wconf 89' lang='lat' dir='ltr'><strong>et</strong></span> 
     </span>
    </p>
   </div>
   <div class='ocr_carea' id='block_1_16' title="bbox 422 1490 2016 1563">
    <p class='ocr_par' dir='ltr' id='par_1_16' title="bbox 422 1490 2016 1563">
     <span class='ocr_line' id='line_1_16' title="bbox 422 1490 2016 1563; baseline 0.004 -18"><span class='ocrx_word' id='word_1_120' title='bbox 422 1490 756 1561; x_wconf 90' lang='lat' dir='ltr'><strong>sanguinarii</strong></span> <span class='ocrx_word' id='word_1_121' title='bbox 804 1500 860 1546; x_wconf 91' lang='lat' dir='ltr'><strong>et</strong></span> <span class='ocrx_word' id='word_1_122' title='bbox 885 1491 1194 1563; x_wconf 82' lang='lat' dir='ltr'><strong>Babyloniae</strong></span> <span class='ocrx_word' id='word_1_123' title='bbox 1236 1493 1558 1548; x_wconf 85' lang='lat' dir='ltr'><strong>crudelitate</strong></span> <span class='ocrx_word' id='word_1_124' title='bbox 1610 1496 1921 1551; x_wconf 82' lang='lat' dir='ltr'><strong>terribiles:</strong></span> <span class='ocrx_word' id='word_1_125' title='bbox 1959 1496 2016 1552; x_wconf 93' lang='lat' dir='ltr'><strong>in</strong></span> 
     </span>
    </p>
   </div>
   <div class='ocr_carea' id='block_1_17' title="bbox 422 1582 2016 1657">
    <p class='ocr_par' dir='ltr' id='par_1_17' title="bbox 422 1582 2016 1657">
     <span class='ocr_line' id='line_1_17' title="bbox 422 1582 2016 1657; baseline 0.005 -23"><span class='ocrx_word' id='word_1_126' title='bbox 422 1582 683 1651; x_wconf 87' lang='lat' dir='ltr'><strong>quadriga</strong></span> <span class='ocrx_word' id='word_1_127' title='bbox 731 1585 968 1638; x_wconf 87' lang='lat' dir='ltr'><strong>secunda</strong></span> <span class='ocrx_word' id='word_1_128' title='bbox 1015 1584 1141 1653; x_wconf 90' lang='lat' dir='ltr'><strong>equi</strong></span> <span class='ocrx_word' id='word_1_129' title='bbox 1186 1586 1322 1656; x_wconf 88' lang='lat' dir='ltr'><strong>nigri</strong></span> <span class='ocrx_word' id='word_1_130' title='bbox 1361 1601 1586 1657; x_wconf 84' lang='lat' dir='ltr'><strong>regnum</strong></span> <span class='ocrx_word' id='word_1_131' title='bbox 1632 1585 1909 1641; x_wconf 85' lang='lat' dir='ltr'><strong>Medorum</strong></span> <span class='ocrx_word' id='word_1_132' title='bbox 1962 1595 2016 1642; x_wconf 92' lang='lat' dir='ltr'><strong>et</strong></span> 
     </span>
    </p>
   </div>
   <div class='ocr_carea' id='block_1_18' title="bbox 422 1668 2009 1744">
    <p class='ocr_par' dir='ltr' id='par_1_18' title="bbox 422 1668 2009 1744">
     <span class='ocr_line' id='line_1_18' title="bbox 422 1668 2009 1744; baseline 0.004 -20"><span class='ocrx_word' id='word_1_133' title='bbox 422 1668 733 1737; x_wconf 88' lang='lat' dir='ltr'><strong>Persarum,</strong></span> <span class='ocrx_word' id='word_1_134' title='bbox 779 1673 921 1740; x_wconf 90' lang='lat' dir='ltr'><strong>quod</strong></span> <span class='ocrx_word' id='word_1_135' title='bbox 963 1672 1100 1741; x_wconf 74' lang='lat' dir='ltr'><strong>biga:</strong></span> <span class='ocrx_word' id='word_1_136' title='bbox 1150 1675 1343 1727; x_wconf 89' lang='lat' dir='ltr'><strong>sedens</strong></span> <span class='ocrx_word' id='word_1_137' title='bbox 1366 1682 1421 1728; x_wconf 92' lang='lat' dir='ltr'><strong>et</strong></span> <span class='ocrx_word' id='word_1_138' title='bbox 1463 1674 1746 1744; x_wconf 84' lang='lat' dir='ltr'><strong>egrediens</strong></span> <span class='ocrx_word' id='word_1_139' title='bbox 1786 1690 1883 1744; x_wconf 89' lang='lat' dir='ltr'><strong>per</strong></span> <span class='ocrx_word' id='word_1_140' title='bbox 1908 1676 2009 1730; x_wconf 85' lang='lat' dir='ltr'><strong>As-</strong></span> 
     </span>
    </p>
   </div>
   <div class='ocr_carea' id='block_1_19' title="bbox 419 1738 2088 1830">
    <p class='ocr_par' dir='ltr' id='par_1_19' title="bbox 419 1738 2088 1830">
     <span class='ocr_line' id='line_1_19' title="bbox 419 1738 2088 1830; baseline 0.003 -17"><span class='ocrx_word' id='word_1_141' title='bbox 419 1761 561 1814; x_wconf 91' lang='lat' dir='ltr'><strong>sueri</strong></span> <span class='ocrx_word' id='word_1_142' title='bbox 595 1760 738 1830; x_wconf 90' lang='lat' dir='ltr'><strong>regis</strong></span> <span class='ocrx_word' id='word_1_143' title='bbox 762 1738 998 1814; x_wconf 81' lang='lat' dir='ltr'><strong>edictum</strong></span> <span class='ocrx_word' id='word_1_144' title='bbox 1025 1738 1267 1815; x_wconf 73' lang='lat' dir='ltr'><strong>mortem</strong></span> <span class='ocrx_word' id='word_1_145' title='bbox 1297 1762 1543 1819; x_wconf 91' lang='lat' dir='ltr'><strong>omnium</strong></span> <span class='ocrx_word' id='word_1_146' title='bbox 1574 1761 1883 1818; x_wconf 81' lang='lat' dir='ltr'><strong>Judaeorum</strong></span> <span class='ocrx_word' id='word_1_147' title='bbox 1909 1764 2008 1818; x_wconf 91' lang='lat' dir='ltr'><strong>tri-</strong></span> <span class='ocrx_word' id='word_1_148' title='bbox 2041 1738 2088 1797; x_wconf 79' lang='grc' dir='ltr'><strong>Β</strong></span> 
     </span>
    </p>
   </div>
   <div class='ocr_carea' id='block_1_20' title="bbox 417 1848 2010 1923">
    <p class='ocr_par' dir='ltr' id='par_1_20' title="bbox 417 1848 2010 1923">
     <span class='ocr_line' id='line_1_20' title="bbox 417 1848 2010 1923; baseline 0.002 -19"><span class='ocrx_word' id='word_1_149' title='bbox 417 1851 484 1904; x_wconf 90' lang='lat' dir='ltr'><strong>sti</strong></span> <span class='ocrx_word' id='word_1_150' title='bbox 514 1850 703 1904; x_wconf 89' lang='lat' dir='ltr'><strong>nuntio</strong></span> <span class='ocrx_word' id='word_1_151' title='bbox 731 1848 1057 1919; x_wconf 77' lang='lat' dir='ltr'><strong>praeferebat</strong></span> <span class='ocrx_word' id='word_1_152' title='bbox 1089 1868 1102 1904; x_wconf 92' lang='lat'><strong>:</strong></span> <span class='ocrx_word' id='word_1_153' title='bbox 1151 1851 1207 1905; x_wconf 91' lang='lat' dir='ltr'><strong>in</strong></span> <span class='ocrx_word' id='word_1_154' title='bbox 1238 1852 1500 1923; x_wconf 86' lang='lat' dir='ltr'><strong>quadriga</strong></span> <span class='ocrx_word' id='word_1_155' title='bbox 1532 1852 1691 1906; x_wconf 89' lang='lat' dir='ltr'><strong>tertia</strong></span> <span class='ocrx_word' id='word_1_156' title='bbox 1732 1854 1857 1923; x_wconf 89' lang='lat' dir='ltr'><strong>equi</strong></span> <span class='ocrx_word' id='word_1_157' title='bbox 1903 1853 2010 1909; x_wconf 86' lang='lat' dir='ltr'><strong>albi</strong></span> 
     </span>
    </p>
   </div>
   <div class='ocr_carea' id='block_1_21' title="bbox 416 1940 2011 2011">
    <p class='ocr_par' dir='ltr' id='par_1_21' title="bbox 416 1940 2011 2011">
     <span class='ocr_line' id='line_1_21' title="bbox 416 1940 2011 2011; baseline 0.003 -17"><span class='ocrx_word' id='word_1_158' title='bbox 416 1940 759 2004; x_wconf 86' lang='lat' dir='ltr'><strong>Macedones,</strong></span> <span class='ocrx_word' id='word_1_159' title='bbox 786 1940 887 1994; x_wconf 87' lang='lat' dir='ltr'><strong>sub</strong></span> <span class='ocrx_word' id='word_1_160' title='bbox 914 1955 1145 2010; x_wconf 92' lang='lat' dir='ltr'><strong>quorum</strong></span> <span class='ocrx_word' id='word_1_161' title='bbox 1174 1941 1401 2011; x_wconf 89' lang='lat' dir='ltr'><strong>imperio</strong></span> <span class='ocrx_word' id='word_1_162' title='bbox 1428 1942 1496 1997; x_wconf 93' lang='lat' dir='ltr'><strong>de</strong></span> <span class='ocrx_word' id='word_1_163' title='bbox 1518 1942 1785 1998; x_wconf 83' lang='lat' dir='ltr'><strong>Antiocho</strong></span> <span class='ocrx_word' id='word_1_164' title='bbox 1804 1944 2011 1999; x_wconf 81' lang='lat' dir='ltr'><strong>Macha-</strong></span> 
     </span>
    </p>
   </div>
   <div class='ocr_carea' id='block_1_22' title="bbox 414 2032 2009 2104">
    <p class='ocr_par' dir='ltr' id='par_1_22' title="bbox 414 2032 2009 2104">
     <span class='ocr_line' id='line_1_22' title="bbox 414 2032 2009 2104; baseline 0.003 -17"><span class='ocrx_word' id='word_1_165' title='bbox 414 2034 654 2087; x_wconf 70' lang='lat' dir='ltr'><strong>bmorum</strong></span> <span class='ocrx_word' id='word_1_166' title='bbox 684 2032 967 2087; x_wconf 78' lang='lat' dir='ltr'><strong>victoriam</strong></span> <span class='ocrx_word' id='word_1_167' title='bbox 989 2032 1256 2102; x_wconf 86' lang='lat' dir='ltr'><strong>legimus:</strong></span> <span class='ocrx_word' id='word_1_168' title='bbox 1294 2034 1347 2087; x_wconf 92' lang='lat' dir='ltr'><strong>in</strong></span> <span class='ocrx_word' id='word_1_169' title='bbox 1372 2033 1634 2104; x_wconf 85' lang='lat' dir='ltr'><strong>quadriga</strong></span> <span class='ocrx_word' id='word_1_170' title='bbox 1664 2043 1856 2103; x_wconf 90' lang='lat' dir='ltr'><strong>quarta</strong></span> <span class='ocrx_word' id='word_1_171' title='bbox 1884 2036 2009 2104; x_wconf 91' lang='lat' dir='ltr'><strong>equi</strong></span> 
     </span>
    </p>
   </div>
   <div class='ocr_carea' id='block_1_23' title="bbox 412 2118 2007 2194">
    <p class='ocr_par' dir='ltr' id='par_1_23' title="bbox 412 2118 2007 2194">
     <span class='ocr_line' id='line_1_23' title="bbox 412 2118 2007 2194; baseline 0.003 -20"><span class='ocrx_word' id='word_1_172' title='bbox 412 2120 547 2175; x_wconf 90' lang='lat' dir='ltr'><strong>varii</strong></span> <span class='ocrx_word' id='word_1_173' title='bbox 574 2119 759 2175; x_wconf 81' lang='lat' dir='ltr'><strong>fortes.</strong></span> <span class='ocrx_word' id='word_1_174' title='bbox 792 2118 1006 2175; x_wconf 90' lang='lat' dir='ltr'><strong>Scimus</strong></span> <span class='ocrx_word' id='word_1_175' title='bbox 1036 2121 1180 2175; x_wconf 90' lang='lat' dir='ltr'><strong>enim</strong></span> <span class='ocrx_word' id='word_1_176' title='bbox 1203 2122 1572 2177; x_wconf 86' lang='lat' dir='ltr'><strong>Romanorum</strong></span> <span class='ocrx_word' id='word_1_177' title='bbox 1608 2137 1764 2194; x_wconf 88' lang='lat' dir='ltr'><strong>reges</strong></span> <span class='ocrx_word' id='word_1_178' title='bbox 1791 2123 1926 2178; x_wconf 90' lang='lat' dir='ltr'><strong>alios</strong></span> <span class='ocrx_word' id='word_1_179' title='bbox 1952 2124 2007 2179; x_wconf 92' lang='lat' dir='ltr'><strong>in</strong></span> 
     </span>
    </p>
   </div>
   <div class='ocr_carea' id='block_1_24' title="bbox 413 2208 2002 2280">
    <p class='ocr_par' dir='ltr' id='par_1_24' title="bbox 413 2208 2002 2280">
     <span class='ocr_line' id='line_1_24' title="bbox 413 2208 2002 2280; baseline 0.004 -17"><span class='ocrx_word' id='word_1_180' title='bbox 413 2218 570 2279; x_wconf 87' lang='lat' dir='ltr'><strong>gente</strong></span> <span class='ocrx_word' id='word_1_181' title='bbox 592 2208 776 2264; x_wconf 78' lang='lat' dir='ltr'><strong>Judzea</strong></span> <span class='ocrx_word' id='word_1_182' title='bbox 809 2208 973 2265; x_wconf 79' lang='lat' dir='ltr'><strong>fuisse</strong></span> <span class='ocrx_word' id='word_1_183' title='bbox 1018 2210 1344 2276; x_wconf 87' lang='lat' dir='ltr'><strong>clementes,</strong></span> <span class='ocrx_word' id='word_1_184' title='bbox 1380 2219 1443 2265; x_wconf 92' lang='lat' dir='ltr'><strong>ut</strong></span> <span class='ocrx_word' id='word_1_185' title='bbox 1473 2210 1667 2267; x_wconf 88' lang='lat' dir='ltr'><strong>Gaium</strong></span> <span class='ocrx_word' id='word_1_186' title='bbox 1713 2212 2002 2280; x_wconf 68' lang='lat' dir='ltr'><strong>Caesarem,</strong></span> 
     </span>
    </p>
   </div>
   <div class='ocr_carea' id='block_1_25' title="bbox 410 2297 2005 2375">
    <p class='ocr_par' dir='ltr' id='par_1_25' title="bbox 410 2297 2005 2375">
     <span class='ocr_line' id='line_1_25' title="bbox 410 2297 2005 2375; baseline 0.005 -24"><span class='ocrx_word' id='word_1_187' title='bbox 410 2297 712 2368; x_wconf 87' lang='lat' dir='ltr'><strong>Augustum</strong></span> <span class='ocrx_word' id='word_1_188' title='bbox 762 2308 819 2354; x_wconf 91' lang='lat' dir='ltr'><strong>et</strong></span> <span class='ocrx_word' id='word_1_189' title='bbox 863 2299 1187 2355; x_wconf 85' lang='lat' dir='ltr'><strong>Claudium:</strong></span> <span class='ocrx_word' id='word_1_190' title='bbox 1238 2309 1618 2370; x_wconf 83' lang='lat' dir='ltr'><strong>persecutores</strong></span> <span class='ocrx_word' id='word_1_191' title='bbox 1666 2303 1800 2359; x_wconf 88' lang='lat' dir='ltr'><strong>alios</strong></span> <span class='ocrx_word' id='word_1_192' title='bbox 1842 2313 2005 2375; x_wconf 91' lang='lat' dir='ltr'><strong>atque</strong></span> 
     </span>
    </p>
   </div>
   <div class='ocr_carea' id='block_1_26' title="bbox 412 2389 2004 2464">
    <p class='ocr_par' dir='ltr' id='par_1_26' title="bbox 412 2389 2004 2464">
     <span class='ocr_line' id='line_1_26' title="bbox 412 2389 2004 2464; baseline 0.004 -22"><span class='ocrx_word' id='word_1_193' title='bbox 412 2390 701 2454; x_wconf 82' lang='lat' dir='ltr'><strong>terribiles,</strong></span> <span class='ocrx_word' id='word_1_194' title='bbox 733 2398 793 2443; x_wconf 92' lang='lat' dir='ltr'><strong>ut</strong></span> <span class='ocrx_word' id='word_1_195' title='bbox 840 2389 1033 2444; x_wconf 89' lang='lat' dir='ltr'><strong>Gaium</strong></span> <span class='ocrx_word' id='word_1_196' title='bbox 1062 2391 1148 2445; x_wconf 90' lang='lat' dir='ltr'><strong>vel</strong></span> <span class='ocrx_word' id='word_1_197' title='bbox 1184 2390 1472 2459; x_wconf 86' lang='lat' dir='ltr'><strong>Neronem,</strong></span> <span class='ocrx_word' id='word_1_198' title='bbox 1531 2391 1921 2464; x_wconf 84' lang='lat' dir='ltr'><strong>Vespasianum</strong></span> <span class='ocrx_word' id='word_1_199' title='bbox 1950 2403 2004 2451; x_wconf 89' lang='lat' dir='ltr'><strong>et</strong></span> 
     </span>
    </p>
   </div>
   <div class='ocr_carea' id='block_1_27' title="bbox 409 2479 2001 2553">
    <p class='ocr_par' dir='ltr' id='par_1_27' title="bbox 409 2479 2001 2553">
     <span class='ocr_line' id='line_1_27' title="bbox 409 2479 2001 2553; baseline 0.003 -19"><span class='ocrx_word' id='word_1_200' title='bbox 409 2480 728 2535; x_wconf 85' lang='lat' dir='ltr'><strong>Adrianum.</strong></span> <span class='ocrx_word' id='word_1_201' title='bbox 766 2479 1037 2550; x_wconf 87' lang='lat' dir='ltr'><strong>Propheta</strong></span> <span class='ocrx_word' id='word_1_202' title='bbox 1081 2497 1211 2552; x_wconf 86' lang='lat' dir='ltr'><strong>ergo</strong></span> <span class='ocrx_word' id='word_1_203' title='bbox 1248 2490 1545 2551; x_wconf 60' lang='lat' dir='ltr'><strong>qurerente,</strong></span> <span class='ocrx_word' id='word_1_204' title='bbox 1599 2484 1727 2553; x_wconf 91' lang='lat' dir='ltr'><strong>quid</strong></span> <span class='ocrx_word' id='word_1_205' title='bbox 1768 2484 1871 2539; x_wconf 91' lang='lat' dir='ltr'><strong>sibi</strong></span> <span class='ocrx_word' id='word_1_206' title='bbox 1901 2499 2001 2539; x_wconf 89' lang='lat' dir='ltr'><strong>an-</strong></span> 
     </span>
    </p>
   </div>
   <div class='ocr_carea' id='block_1_28' title="bbox 408 2573 2004 2645">
    <p class='ocr_par' dir='ltr' id='par_1_28' title="bbox 408 2573 2004 2645">
     <span class='ocr_line' id='line_1_28' title="bbox 408 2573 2004 2645; baseline 0.001 -16"><span class='ocrx_word' id='word_1_207' title='bbox 408 2573 577 2644; x_wconf 88' lang='lat' dir='ltr'><strong>gelus,</strong></span> <span class='ocrx_word' id='word_1_208' title='bbox 615 2574 705 2643; x_wconf 92' lang='lat' dir='ltr'><strong>qui</strong></span> <span class='ocrx_word' id='word_1_209' title='bbox 740 2573 1079 2641; x_wconf 82' lang='lat' dir='ltr'><strong>loquebatur,</strong></span> <span class='ocrx_word' id='word_1_210' title='bbox 1118 2573 1278 2628; x_wconf 83' lang='lat' dir='ltr'><strong>vellet</strong></span> <span class='ocrx_word' id='word_1_211' title='bbox 1325 2574 1655 2644; x_wconf 87' lang='lat' dir='ltr'><strong>signiﬁcare,</strong></span> <span class='ocrx_word' id='word_1_212' title='bbox 1684 2590 1845 2645; x_wconf 88' lang='lat' dir='ltr'><strong>quem</strong></span> <span class='ocrx_word' id='word_1_213' title='bbox 1885 2590 2004 2631; x_wconf 76' lang='lat' dir='ltr'><strong>cer-</strong></span> 
     </span>
    </p>
   </div>
   <div class='ocr_carea' id='block_1_29' title="bbox 406 2663 2001 2735">
    <p class='ocr_par' dir='ltr' id='par_1_29' title="bbox 406 2663 2001 2735">
     <span class='ocr_line' id='line_1_29' title="bbox 406 2663 2001 2735; baseline 0.001 -17"><span class='ocrx_word' id='word_1_214' title='bbox 406 2672 599 2719; x_wconf 76' lang='lat' dir='ltr'><strong>iteret:</strong></span> <span class='ocrx_word' id='word_1_215' title='bbox 645 2663 870 2734; x_wconf 86' lang='lat' dir='ltr'><strong>angelus</strong></span> <span class='ocrx_word' id='word_1_216' title='bbox 922 2666 1013 2733; x_wconf 89' lang='lat' dir='ltr'><strong>qui</strong></span> <span class='ocrx_word' id='word_1_217' title='bbox 1045 2664 1365 2734; x_wconf 80' lang='lat' dir='ltr'><strong>loquebatur</strong></span> <span class='ocrx_word' id='word_1_218' title='bbox 1400 2666 1453 2719; x_wconf 92' lang='lat' dir='ltr'><strong>in</strong></span> <span class='ocrx_word' id='word_1_219' title='bbox 1502 2680 1588 2731; x_wconf 88' lang='lat' dir='ltr'><strong>eo,</strong></span> <span class='ocrx_word' id='word_1_220' title='bbox 1621 2666 1899 2735; x_wconf 84' lang='lat' dir='ltr'><strong>respondit</strong></span> <span class='ocrx_word' id='word_1_221' title='bbox 1946 2673 2001 2721; x_wconf 93' lang='lat' dir='ltr'><strong>et</strong></span> 
     </span>
    </p>
   </div>
   <div class='ocr_carea' id='block_1_30' title="bbox 404 2754 2001 2827">
    <p class='ocr_par' dir='ltr' id='par_1_30' title="bbox 404 2754 2001 2827">
     <span class='ocr_line' id='line_1_30' title="bbox 404 2754 2001 2827; baseline 0.002 -19"><span class='ocrx_word' id='word_1_222' title='bbox 404 2754 649 2808; x_wconf 88' lang='lat' dir='ltr'><strong>narravit</strong></span> <span class='ocrx_word' id='word_1_223' title='bbox 678 2761 910 2822; x_wconf 88' lang='lat' dir='ltr'><strong>quatuor</strong></span> <span class='ocrx_word' id='word_1_224' title='bbox 961 2761 1151 2809; x_wconf 90' lang='lat' dir='ltr'><strong>ventos</strong></span> <span class='ocrx_word' id='word_1_225' title='bbox 1186 2770 1308 2811; x_wconf 91' lang='lat' dir='ltr'><strong>esse</strong></span> <span class='ocrx_word' id='word_1_226' title='bbox 1335 2754 1484 2821; x_wconf 66' lang='lat' dir='ltr'><strong>caeli,</strong></span> <span class='ocrx_word' id='word_1_227' title='bbox 1530 2756 1582 2810; x_wconf 88' lang='lat' dir='ltr'><strong>id</strong></span> <span class='ocrx_word' id='word_1_228' title='bbox 1629 2766 1731 2822; x_wconf 88' lang='lat' dir='ltr'><strong>est,</strong></span> <span class='ocrx_word' id='word_1_229' title='bbox 1765 2764 2001 2827; x_wconf 86' lang='lat' dir='ltr'><strong>quatuor</strong></span> 
     </span>
    </p>
   </div>
   <div class='ocr_carea' id='block_1_31' title="bbox 405 2844 1999 2916">
    <p class='ocr_par' dir='ltr' id='par_1_31' title="bbox 405 2844 1999 2916">
     <span class='ocr_line' id='line_1_31' title="bbox 405 2844 1999 2916; baseline 0.003 -20"><span class='ocrx_word' id='word_1_230' title='bbox 405 2844 591 2914; x_wconf 87' lang='lat' dir='ltr'><strong>plagas</strong></span> <span class='ocrx_word' id='word_1_231' title='bbox 635 2844 844 2910; x_wconf 91' lang='lat' dir='ltr'><strong>mundi,</strong></span> <span class='ocrx_word' id='word_1_232' title='bbox 898 2859 1018 2913; x_wconf 63' lang='lat' dir='ltr'><strong>qum</strong></span> <span class='ocrx_word' id='word_1_233' title='bbox 1057 2854 1321 2900; x_wconf 88' lang='lat' dir='ltr'><strong>vocantur</strong></span> <span class='ocrx_word' id='word_1_234' title='bbox 1348 2845 1537 2901; x_wconf 69' lang='lat' dir='ltr'><strong>Graece</strong></span> <span class='ocrx_word' id='word_1_235' title='bbox 1581 2846 1837 2901; x_wconf 87' lang='lat' dir='ltr'><strong>climata:</strong></span> <span class='ocrx_word' id='word_1_236' title='bbox 1879 2861 1999 2916; x_wconf 67' lang='lat' dir='ltr'><strong>quae</strong></span> 
     </span>
    </p>
   </div>
   <div class='ocr_carea' id='block_1_32' title="bbox 378 2934 1999 3004">
    <p class='ocr_par' dir='ltr' id='par_1_32' title="bbox 378 2934 1999 3004">
     <span class='ocr_line' id='line_1_32' title="bbox 378 2934 1999 3004; baseline -0.001 -11"><span class='ocrx_word' id='word_1_237' title='bbox 378 2936 666 2993; x_wconf 86' lang='lat' dir='ltr'><strong>assistunt</strong></span> <span class='ocrx_word' id='word_1_238' title='bbox 685 2942 739 2989; x_wconf 94' lang='lat' dir='ltr'><strong>et</strong></span> <span class='ocrx_word' id='word_1_239' title='bbox 763 2944 955 3004; x_wconf 83' lang='lat' dir='ltr'><strong>parent</strong></span> <span class='ocrx_word' id='word_1_240' title='bbox 980 2934 1191 2989; x_wconf 89' lang='lat' dir='ltr'><strong>Domini</strong></span> <span class='ocrx_word' id='word_1_241' title='bbox 1227 2935 1509 2990; x_wconf 87' lang='lat' dir='ltr'><strong>voluntati.</strong></span> <span class='ocrx_word' id='word_1_242' title='bbox 1544 2935 1689 2990; x_wconf 82' lang='lat' dir='ltr'><strong>Nihil</strong></span> <span class='ocrx_word' id='word_1_243' title='bbox 1716 2938 1859 2991; x_wconf 90' lang='lat' dir='ltr'><strong>enim</strong></span> <span class='ocrx_word' id='word_1_244' title='bbox 1884 2938 1999 2992; x_wconf 64' lang='lat' dir='ltr'><strong>haec</strong></span> 
     </span>
    </p>
   </div>
   <div class='ocr_carea' id='block_1_33' title="bbox 402 3023 1997 3094">
    <p class='ocr_par' dir='ltr' id='par_1_33' title="bbox 402 3023 1997 3094">
     <span class='ocr_line' id='line_1_33' title="bbox 402 3023 1997 3094; baseline 0.003 -18"><span class='ocrx_word' id='word_1_245' title='bbox 402 3030 635 3093; x_wconf 88' lang='lat' dir='ltr'><strong>quatuor</strong></span> <span class='ocrx_word' id='word_1_246' title='bbox 664 3037 846 3093; x_wconf 88' lang='lat' dir='ltr'><strong>regna,</strong></span> <span class='ocrx_word' id='word_1_247' title='bbox 871 3037 993 3092; x_wconf 76' lang='lat' dir='ltr'><strong>quae</strong></span> <span class='ocrx_word' id='word_1_248' title='bbox 1020 3023 1276 3087; x_wconf 81' lang='lat' dir='ltr'><strong>diximus,</strong></span> <span class='ocrx_word' id='word_1_249' title='bbox 1318 3024 1525 3094; x_wconf 88' lang='lat' dir='ltr'><strong>absque</strong></span> <span class='ocrx_word' id='word_1_250' title='bbox 1560 3024 1771 3079; x_wconf 89' lang='lat' dir='ltr'><strong>Domini</strong></span> <span class='ocrx_word' id='word_1_251' title='bbox 1806 3026 1997 3081; x_wconf 88' lang='lat' dir='ltr'><strong>volun—</strong></span> 
     </span>
    </p>
   </div>
   <div class='ocr_carea' id='block_1_34' title="bbox 404 3109 1997 3185">
    <p class='ocr_par' dir='ltr' id='par_1_34' title="bbox 404 3109 1997 3185">
     <span class='ocr_line' id='line_1_34' title="bbox 404 3109 1997 3185; baseline 0.003 -20"><span class='ocrx_word' id='word_1_252' title='bbox 404 3118 514 3165; x_wconf 88' lang='lat' dir='ltr'><strong>tate</strong></span> <span class='ocrx_word' id='word_1_253' title='bbox 548 3109 811 3165; x_wconf 81' lang='lat' dir='ltr'><strong>fecerunt.</strong></span> <span class='ocrx_word' id='word_1_254' title='bbox 866 3109 1116 3179; x_wconf 81' lang='lat' dir='ltr'><strong>ltajuxta</strong></span> <span class='ocrx_word' id='word_1_255' title='bbox 1149 3112 1464 3183; x_wconf 87' lang='lat' dir='ltr'><strong>allegoriam</strong></span> <span class='ocrx_word' id='word_1_256' title='bbox 1493 3113 1546 3167; x_wconf 90' lang='lat' dir='ltr'><strong>in</strong></span> <span class='ocrx_word' id='word_1_257' title='bbox 1578 3115 1841 3185; x_wconf 87' lang='lat' dir='ltr'><strong>quadriga</strong></span> <span class='ocrx_word' id='word_1_258' title='bbox 1891 3115 1997 3170; x_wconf 93' lang='lat' dir='ltr'><strong>duo</strong></span> 
     </span>
    </p>
   </div>
   <div class='ocr_carea' id='block_1_35' title="bbox 400 3203 1997 3275">
    <p class='ocr_par' dir='ltr' id='par_1_35' title="bbox 400 3203 1997 3275">
     <span class='ocr_line' id='line_1_35' title="bbox 400 3203 1997 3275; baseline 0.004 -20"><span class='ocrx_word' id='word_1_259' title='bbox 400 3210 745 3270; x_wconf 89' lang='lat' dir='ltr'><strong>testamenta,</strong></span> <span class='ocrx_word' id='word_1_260' title='bbox 774 3204 887 3259; x_wconf 86' lang='lat' dir='ltr'><strong>sive</strong></span> <span class='ocrx_word' id='word_1_261' title='bbox 908 3203 1145 3272; x_wconf 91' lang='lat' dir='ltr'><strong>ipsorum</strong></span> <span class='ocrx_word' id='word_1_262' title='bbox 1171 3212 1617 3261; x_wconf 87' lang='lat' dir='ltr'><strong>testamentorum</strong></span> <span class='ocrx_word' id='word_1_263' title='bbox 1640 3207 1692 3261; x_wconf 90' lang='lat' dir='ltr'><strong>in</strong></span> <span class='ocrx_word' id='word_1_264' title='bbox 1715 3207 1997 3275; x_wconf 64' lang='lat' dir='ltr'><strong>prteceptis</strong></span> 
     </span>
    </p>
   </div>
   <div class='ocr_carea' id='block_1_36' title="bbox 401 3292 1996 3364">
    <p class='ocr_par' dir='ltr' id='par_1_36' title="bbox 401 3292 1996 3364">
     <span class='ocr_line' id='line_1_36' title="bbox 401 3292 1996 3364; baseline 0 -18"><span class='ocrx_word' id='word_1_265' title='bbox 401 3293 684 3347; x_wconf 89' lang='lat' dir='ltr'><strong>charitatis</strong></span> <span class='ocrx_word' id='word_1_266' title='bbox 729 3292 1153 3362; x_wconf 68' lang='lat' dir='ltr'><strong>prtedicatores,</strong></span> <span class='ocrx_word' id='word_1_267' title='bbox 1205 3308 1301 3349; x_wconf 88' lang='lat' dir='ltr'><strong>seu</strong></span> <span class='ocrx_word' id='word_1_268' title='bbox 1348 3293 1514 3349; x_wconf 89' lang='lat' dir='ltr'><strong>etiam</strong></span> <span class='ocrx_word' id='word_1_269' title='bbox 1553 3293 1660 3349; x_wconf 89' lang='lat' dir='ltr'><strong>duo</strong></span> <span class='ocrx_word' id='word_1_270' title='bbox 1703 3294 1885 3364; x_wconf 88' lang='lat' dir='ltr'><strong>populi</strong></span> <span class='ocrx_word' id='word_1_271' title='bbox 1911 3294 1996 3349; x_wconf 88' lang='lat' dir='ltr'><strong>vel</strong></span> 
     </span>
    </p>
   </div>
   <div class='ocr_carea' id='block_1_37' title="bbox 401 3382 1995 3453">
    <p class='ocr_par' dir='ltr' id='par_1_37' title="bbox 401 3382 1995 3453">
     <span class='ocr_line' id='line_1_37' title="bbox 401 3382 1995 3453; baseline 0.002 -18"><span class='ocrx_word' id='word_1_272' title='bbox 401 3383 641 3452; x_wconf 89' lang='lat' dir='ltr'><strong>ipsorum</strong></span> <span class='ocrx_word' id='word_1_273' title='bbox 670 3383 991 3453; x_wconf 84' lang='lat' dir='ltr'><strong>populorum</strong></span> <span class='ocrx_word' id='word_1_274' title='bbox 1040 3382 1292 3438; x_wconf 91' lang='lat' dir='ltr'><strong>doctores</strong></span> <span class='ocrx_word' id='word_1_275' title='bbox 1326 3391 1556 3453; x_wconf 92' lang='lat' dir='ltr'><strong>possunt</strong></span> <span class='ocrx_word' id='word_1_276' title='bbox 1584 3384 1848 3451; x_wconf 90' lang='lat' dir='ltr'><strong>intelligi,</strong></span> <span class='ocrx_word' id='word_1_277' title='bbox 1893 3384 1995 3439; x_wconf 88' lang='lat' dir='ltr'><strong>hoc</strong></span> 
     </span>
    </p>
   </div>
   <div class='ocr_carea' id='block_1_38' title="bbox 399 3474 1994 3546">
    <p class='ocr_par' dir='ltr' id='par_1_38' title="bbox 399 3474 1994 3546">
     <span class='ocr_line' id='line_1_38' title="bbox 399 3474 1994 3546; baseline 0.001 -18"><span class='ocrx_word' id='word_1_278' title='bbox 399 3482 501 3538; x_wconf 86' lang='lat' dir='ltr'><strong>est,</strong></span> <span class='ocrx_word' id='word_1_279' title='bbox 538 3474 847 3529; x_wconf 72' lang='lat' dir='ltr'><strong>Iudaeorum</strong></span> <span class='ocrx_word' id='word_1_280' title='bbox 889 3482 943 3529; x_wconf 88' lang='lat' dir='ltr'><strong>et</strong></span> <span class='ocrx_word' id='word_1_281' title='bbox 978 3475 1242 3543; x_wconf 89' lang='lat' dir='ltr'><strong>gentium,</strong></span> <span class='ocrx_word' id='word_1_282' title='bbox 1292 3476 1490 3545; x_wconf 91' lang='lat' dir='ltr'><strong>quibus</strong></span> <span class='ocrx_word' id='word_1_283' title='bbox 1521 3474 1722 3531; x_wconf 88' lang='lat' dir='ltr'><strong>Christi</strong></span> <span class='ocrx_word' id='word_1_284' title='bbox 1752 3476 1994 3546; x_wconf 90' lang='lat' dir='ltr'><strong>potentia</strong></span> 
     </span>
    </p>
   </div>
   <div class='ocr_carea' id='block_1_39' title="bbox 400 3565 1995 3636">
    <p class='ocr_par' dir='ltr' id='par_1_39' title="bbox 400 3565 1995 3636">
     <span class='ocr_line' id='line_1_39' title="bbox 400 3565 1995 3636; baseline -0.001 -17"><span class='ocrx_word' id='word_1_285' title='bbox 400 3566 697 3636; x_wconf 77' lang='lat' dir='ltr'><strong>przesidens</strong></span> <span class='ocrx_word' id='word_1_286' title='bbox 720 3565 957 3635; x_wconf 87' lang='lat' dir='ltr'><strong>regimen</strong></span> <span class='ocrx_word' id='word_1_287' title='bbox 987 3579 1283 3636; x_wconf 89' lang='lat' dir='ltr'><strong>congruum</strong></span> <span class='ocrx_word' id='word_1_288' title='bbox 1314 3572 1568 3635; x_wconf 64' lang='lat' dir='ltr'><strong>praestat.</strong></span> <span class='ocrx_word' id='word_1_289' title='bbox 1618 3565 1748 3619; x_wconf 89' lang='lat' dir='ltr'><strong>item</strong></span> <span class='ocrx_word' id='word_1_290' title='bbox 1780 3566 1831 3619; x_wconf 91' lang='lat' dir='ltr'><strong>in</strong></span> <span class='ocrx_word' id='word_1_291' title='bbox 1860 3580 1995 3633; x_wconf 84' lang='lat' dir='ltr'><strong>qua-</strong></span> 
     </span>
    </p>
   </div>
   <div class='ocr_carea' id='block_1_40' title="bbox 399 3658 1993 3737">
    <p class='ocr_par' dir='ltr' id='par_1_40' title="bbox 399 3658 1993 3737">
     <span class='ocr_line' id='line_1_40' title="bbox 399 3658 1993 3737; baseline 0.001 -25"><span class='ocrx_word' id='word_1_292' title='bbox 399 3660 550 3727; x_wconf 86' lang='lat' dir='ltr'><strong>driga</strong></span> <span class='ocrx_word' id='word_1_293' title='bbox 574 3667 808 3728; x_wconf 88' lang='lat' dir='ltr'><strong>quatuor</strong></span> <span class='ocrx_word' id='word_1_294' title='bbox 820 3658 1163 3727; x_wconf 60' lang='lat' dir='ltr'><strong>evangelista;</strong></span> <span class='ocrx_word' id='word_1_295' title='bbox 1179 3659 1292 3712; x_wconf 91' lang='lat' dir='ltr'><strong>sive</strong></span> <span class='ocrx_word' id='word_1_296' title='bbox 1318 3666 1552 3728; x_wconf 89' lang='lat' dir='ltr'><strong>quatuor</strong></span> <span class='ocrx_word' id='word_1_297' title='bbox 1568 3659 1843 3737; x_wconf 87' lang='lat' dir='ltr'><strong>evangelia</strong></span> <span class='ocrx_word' id='word_1_298' title='bbox 1866 3673 1993 3729; x_wconf 90' lang='lat' dir='ltr'><strong>pos-</strong></span> 
     </span>
    </p>
   </div>
   <div class='ocr_carea' id='block_1_41' title="bbox 398 3751 1994 3822">
    <p class='ocr_par' dir='ltr' id='par_1_41' title="bbox 398 3751 1994 3822">
     <span class='ocr_line' id='line_1_41' title="bbox 398 3751 1994 3822; baseline 0.002 -17"><span class='ocrx_word' id='word_1_299' title='bbox 398 3762 525 3805; x_wconf 89' lang='lat' dir='ltr'><strong>sunt</strong></span> <span class='ocrx_word' id='word_1_300' title='bbox 573 3752 763 3821; x_wconf 79' lang='lat' dir='ltr'><strong>accipi,</strong></span> <span class='ocrx_word' id='word_1_301' title='bbox 801 3751 887 3807; x_wconf 89' lang='lat' dir='ltr'><strong>vel</strong></span> <span class='ocrx_word' id='word_1_302' title='bbox 934 3760 1168 3822; x_wconf 88' lang='lat' dir='ltr'><strong>quatuor</strong></span> <span class='ocrx_word' id='word_1_303' title='bbox 1194 3752 1423 3807; x_wconf 85' lang='lat' dir='ltr'><strong>virtutes</strong></span> <span class='ocrx_word' id='word_1_304' title='bbox 1470 3752 1831 3822; x_wconf 89' lang='lat' dir='ltr'><strong>principales,</strong></span> <span class='ocrx_word' id='word_1_305' title='bbox 1888 3752 1994 3808; x_wconf 89' lang='lat' dir='ltr'><strong>hoc</strong></span> 
     </span>
    </p>
   </div>
   <div class='ocr_carea' id='block_1_42' title="bbox 398 3840 1988 3911">
    <p class='ocr_par' dir='ltr' id='par_1_42' title="bbox 398 3840 1988 3911">
     <span class='ocr_line' id='line_1_42' title="bbox 398 3840 1988 3911; baseline 0 -17"><span class='ocrx_word' id='word_1_306' title='bbox 398 3850 502 3905; x_wconf 78' lang='lat' dir='ltr'><strong>est,</strong></span> <span class='ocrx_word' id='word_1_307' title='bbox 566 3842 892 3911; x_wconf 86' lang='lat' dir='ltr'><strong>prudentia,</strong></span> <span class='ocrx_word' id='word_1_308' title='bbox 948 3840 1197 3909; x_wconf 78' lang='lat' dir='ltr'><strong>iustitia,</strong></span> <span class='ocrx_word' id='word_1_309' title='bbox 1252 3841 1555 3906; x_wconf 81' lang='lat' dir='ltr'><strong>fortitudo,</strong></span> <span class='ocrx_word' id='word_1_310' title='bbox 1610 3841 1988 3911; x_wconf 90' lang='lat' dir='ltr'><strong>temperantia.</strong></span> 
     </span>
    </p>
   </div>
   <div class='ocr_carea' id='block_1_43' title="bbox 400 3931 1992 4002">
    <p class='ocr_par' dir='ltr' id='par_1_43' title="bbox 400 3931 1992 4002">
     <span class='ocr_line' id='line_1_43' title="bbox 400 3931 1992 4002; baseline 0.003 -20"><span class='ocrx_word' id='word_1_311' title='bbox 400 3931 529 3997; x_wconf 80' lang='lat' dir='ltr'><strong>Quae</strong></span> <span class='ocrx_word' id='word_1_312' title='bbox 582 3932 765 3986; x_wconf 86' lang='lat' dir='ltr'><strong>currui</strong></span> <span class='ocrx_word' id='word_1_313' title='bbox 823 3932 1037 3986; x_wconf 90' lang='lat' dir='ltr'><strong>Domini</strong></span> <span class='ocrx_word' id='word_1_314' title='bbox 1091 3932 1230 3987; x_wconf 89' lang='lat' dir='ltr'><strong>bene</strong></span> <span class='ocrx_word' id='word_1_315' title='bbox 1281 3932 1649 3997; x_wconf 87' lang='lat' dir='ltr'><strong>conveniunt,</strong></span> <span class='ocrx_word' id='word_1_316' title='bbox 1713 3932 1838 4002; x_wconf 88' lang='lat' dir='ltr'><strong>quia</strong></span> <span class='ocrx_word' id='word_1_317' title='bbox 1892 3947 1992 4001; x_wconf 91' lang='lat' dir='ltr'><strong>per</strong></span> 
     </span>
    </p>
   </div>
   <div class='ocr_carea' id='block_1_44' title="bbox 399 4021 1991 4096">
    <p class='ocr_par' dir='ltr' id='par_1_44' title="bbox 399 4021 1991 4096">
     <span class='ocr_line' id='line_1_44' title="bbox 399 4021 1991 4096; baseline 0.004 -24"><span class='ocrx_word' id='word_1_318' title='bbox 399 4021 543 4089; x_wconf 89' lang='lat' dir='ltr'><strong>ipsas</strong></span> <span class='ocrx_word' id='word_1_319' title='bbox 586 4021 789 4076; x_wconf 86' lang='lat' dir='ltr'><strong>electos</strong></span> <span class='ocrx_word' id='word_1_320' title='bbox 816 4037 945 4077; x_wconf 86' lang='lat' dir='ltr'><strong>suos</strong></span> <span class='ocrx_word' id='word_1_321' title='bbox 981 4023 1036 4077; x_wconf 89' lang='lat' dir='ltr'><strong>in</strong></span> <span class='ocrx_word' id='word_1_322' title='bbox 1064 4024 1206 4078; x_wconf 91' lang='lat' dir='ltr'><strong>viam</strong></span> <span class='ocrx_word' id='word_1_323' title='bbox 1249 4023 1475 4092; x_wconf 75' lang='lat' dir='ltr'><strong>iustitiae</strong></span> <span class='ocrx_word' id='word_1_324' title='bbox 1512 4024 1750 4095; x_wconf 89' lang='lat' dir='ltr'><strong>dirigens</strong></span> <span class='ocrx_word' id='word_1_325' title='bbox 1796 4027 1991 4096; x_wconf 86' lang='lat' dir='ltr'><strong>perdu-</strong></span> 
     </span>
    </p>
   </div>
   <div class='ocr_carea' id='block_1_45' title="bbox 398 4115 1992 4185">
    <p class='ocr_par' dir='ltr' id='par_1_45' title="bbox 398 4115 1992 4185">
     <span class='ocr_line' id='line_1_45' title="bbox 398 4115 1992 4185; baseline 0.003 -16"><span class='ocrx_word' id='word_1_326' title='bbox 398 4116 473 4169; x_wconf 91' lang='lat' dir='ltr'><strong>cit</strong></span> <span class='ocrx_word' id='word_1_327' title='bbox 495 4116 563 4169; x_wconf 89' lang='lat' dir='ltr'><strong>ad</strong></span> <span class='ocrx_word' id='word_1_328' title='bbox 590 4130 815 4185; x_wconf 89' lang='lat' dir='ltr'><strong>regnum</strong></span> <span class='ocrx_word' id='word_1_329' title='bbox 841 4125 1181 4185; x_wconf 89' lang='lat' dir='ltr'><strong>perpetuum.</strong></span> <span class='ocrx_word' id='word_1_330' title='bbox 1212 4115 1417 4172; x_wconf 88' lang='lat' dir='ltr'><strong>Currus</strong></span> <span class='ocrx_word' id='word_1_331' title='bbox 1445 4124 1625 4171; x_wconf 90' lang='lat' dir='ltr'><strong>autem</strong></span> <span class='ocrx_word' id='word_1_332' title='bbox 1651 4132 1681 4170; x_wconf 87' lang='lat' dir='ltr'><strong>a</strong></span> <span class='ocrx_word' id='word_1_333' title='bbox 1707 4133 1868 4172; x_wconf 87' lang='lat' dir='ltr'><strong>cursu</strong></span> <span class='ocrx_word' id='word_1_334' title='bbox 1911 4119 1992 4173; x_wconf 90' lang='lat' dir='ltr'><strong>di-</strong></span> 
     </span>
    </p>
   </div>
   <div class='ocr_carea' id='block_1_46' title="bbox 398 4205 1986 4275">
    <p class='ocr_par' dir='ltr' id='par_1_46' title="bbox 398 4205 1986 4275">
     <span class='ocr_line' id='line_1_46' title="bbox 398 4205 1986 4275; baseline 0.002 -16"><span class='ocrx_word' id='word_1_335' title='bbox 398 4214 535 4266; x_wconf 89' lang='lat' dir='ltr'><strong>ctus,</strong></span> <span class='ocrx_word' id='word_1_336' title='bbox 577 4205 663 4259; x_wconf 84' lang='lat' dir='ltr'><strong>vel</strong></span> <span class='ocrx_word' id='word_1_337' title='bbox 714 4206 840 4275; x_wconf 90' lang='lat' dir='ltr'><strong>quia</strong></span> <span class='ocrx_word' id='word_1_338' title='bbox 886 4214 1035 4261; x_wconf 89' lang='lat' dir='ltr'><strong>rotas</strong></span> <span class='ocrx_word' id='word_1_339' title='bbox 1062 4206 1264 4261; x_wconf 91' lang='lat' dir='ltr'><strong>habere</strong></span> <span class='ocrx_word' id='word_1_340' title='bbox 1312 4207 1545 4261; x_wconf 86' lang='lat' dir='ltr'><strong>videtur.</strong></span> <span class='ocrx_word' id='word_1_341' title='bbox 1606 4206 1809 4262; x_wconf 90' lang='lat' dir='ltr'><strong>Currus</strong></span> <span class='ocrx_word' id='word_1_342' title='bbox 1843 4208 1986 4262; x_wconf 90' lang='lat' dir='ltr'><strong>enim</strong></span> 
     </span>
    </p>
   </div>
   <div class='ocr_carea' id='block_1_47' title="bbox 397 4296 1985 4366">
    <p class='ocr_par' dir='ltr' id='par_1_47' title="bbox 397 4296 1985 4366">
     <span class='ocr_line' id='line_1_47' title="bbox 397 4296 1985 4366; baseline 0.002 -17"><span class='ocrx_word' id='word_1_343' title='bbox 397 4302 711 4349; x_wconf 89' lang='lat' dir='ltr'><strong>sanctorum</strong></span> <span class='ocrx_word' id='word_1_344' title='bbox 771 4296 1085 4366; x_wconf 89' lang='lat' dir='ltr'><strong>angelorum</strong></span> <span class='ocrx_word' id='word_1_345' title='bbox 1140 4297 1479 4362; x_wconf 76' lang='lat' dir='ltr'><strong>societatem,</strong></span> <span class='ocrx_word' id='word_1_346' title='bbox 1530 4306 1624 4351; x_wconf 90' lang='lat' dir='ltr'><strong>aut</strong></span> <span class='ocrx_word' id='word_1_347' title='bbox 1671 4306 1985 4353; x_wconf 85' lang='lat' dir='ltr'><strong>sanctorum</strong></span> 
     </span>
    </p>
   </div>
   <div class='ocr_carea' id='block_1_48' title="bbox 2127 490 3703 566">
    <p class='ocr_par' dir='ltr' id='par_1_48' title="bbox 2127 490 3703 566">
     <span class='ocr_line' id='line_1_48' title="bbox 2127 490 3703 566; baseline 0.011 -22"><span class='ocrx_word' id='word_1_348' title='bbox 2127 490 2317 562; x_wconf 76' lang='lat' dir='ltr'><strong>Lan).</strong></span> <span class='ocrx_word' id='word_1_349' title='bbox 2347 491 2664 547; x_wconf 85' lang='lat' dir='ltr'><strong>Sanctorum</strong></span> <span class='ocrx_word' id='word_1_350' title='bbox 2708 511 2837 566; x_wconf 89' lang='lat' dir='ltr'><strong>ergo</strong></span> <span class='ocrx_word' id='word_1_351' title='bbox 2866 498 3195 553; x_wconf 89' lang='lat' dir='ltr'><strong>unanimitas</strong></span> <span class='ocrx_word' id='word_1_352' title='bbox 3242 500 3415 557; x_wconf 89' lang='lat' dir='ltr'><strong>virtus</strong></span> <span class='ocrx_word' id='word_1_353' title='bbox 3454 512 3539 558; x_wconf 90' lang='lat' dir='ltr'><strong>est</strong></span> <span class='ocrx_word' id='word_1_354' title='bbox 3592 504 3703 561; x_wconf 84' lang='lat' dir='ltr'><strong>Do-</strong></span> 
     </span>
    </p>
   </div>
   <div class='ocr_carea' id='block_1_49' title="bbox 2126 582 3703 660">
    <p class='ocr_par' dir='ltr' id='par_1_49' title="bbox 2126 582 3703 660">
     <span class='ocr_line' id='line_1_49' title="bbox 2126 582 3703 660; baseline 0.011 -25"><span class='ocrx_word' id='word_1_355' title='bbox 2126 582 2277 645; x_wconf 91' lang='lat' dir='ltr'><strong>mini,</strong></span> <span class='ocrx_word' id='word_1_356' title='bbox 2311 598 2469 654; x_wconf 87' lang='lat' dir='ltr'><strong>quam</strong></span> <span class='ocrx_word' id='word_1_357' title='bbox 2499 584 2607 651; x_wconf 92' lang='lat' dir='ltr'><strong>ille,</strong></span> <span class='ocrx_word' id='word_1_358' title='bbox 2638 586 2785 642; x_wconf 88' lang='lat' dir='ltr'><strong>velut</strong></span> <span class='ocrx_word' id='word_1_359' title='bbox 2814 589 3001 660; x_wconf 88' lang='lat' dir='ltr'><strong>auriga</strong></span> <span class='ocrx_word' id='word_1_360' title='bbox 3029 590 3247 657; x_wconf 89' lang='lat' dir='ltr'><strong>insidet,</strong></span> <span class='ocrx_word' id='word_1_361' title='bbox 3276 601 3331 648; x_wconf 90' lang='lat' dir='ltr'><strong>et</strong></span> <span class='ocrx_word' id='word_1_362' title='bbox 3355 594 3423 649; x_wconf 88' lang='lat' dir='ltr'><strong>ad</strong></span> <span class='ocrx_word' id='word_1_363' title='bbox 3448 595 3703 652; x_wconf 80' lang='lat' dir='ltr'><strong>volunta-</strong></span> 
     </span>
    </p>
   </div>
   <div class='ocr_carea' id='block_1_50' title="bbox 2126 677 3699 744">
    <p class='ocr_par' dir='ltr' id='par_1_50' title="bbox 2126 677 3699 744">
     <span class='ocr_line' id='line_1_50' title="bbox 2126 677 3699 744; baseline 0.01 -16"><span class='ocrx_word' id='word_1_364' title='bbox 2126 679 2195 730; x_wconf 90' lang='lat' dir='ltr'><strong>tis</strong></span> <span class='ocrx_word' id='word_1_365' title='bbox 2216 690 2325 730; x_wconf 84' lang='lat' dir='ltr'><strong>suae</strong></span> <span class='ocrx_word' id='word_1_366' title='bbox 2367 677 2725 733; x_wconf 89' lang='lat' dir='ltr'><strong>ministerium</strong></span> <span class='ocrx_word' id='word_1_367' title='bbox 2768 681 3099 737; x_wconf 89' lang='lat' dir='ltr'><strong>moderatur.</strong></span> <span class='ocrx_word' id='word_1_368' title='bbox 3132 681 3241 738; x_wconf 90' lang='lat' dir='ltr'><strong>Sed</strong></span> <span class='ocrx_word' id='word_1_369' title='bbox 3287 693 3349 739; x_wconf 89' lang='lat' dir='ltr'><strong>ut</strong></span> <span class='ocrx_word' id='word_1_370' title='bbox 3378 686 3540 741; x_wconf 92' lang='lat' dir='ltr'><strong>istum</strong></span> <span class='ocrx_word' id='word_1_371' title='bbox 3570 702 3699 744; x_wconf 89' lang='lat' dir='ltr'><strong>cur-</strong></span> 
     </span>
    </p>
   </div>
   <div class='ocr_carea' id='block_1_51' title="bbox 2123 768 3701 839">
    <p class='ocr_par' dir='ltr' id='par_1_51' title="bbox 2123 768 3701 839">
     <span class='ocr_line' id='line_1_51' title="bbox 2123 768 3701 839; baseline 0.008 -20"><span class='ocrx_word' id='word_1_372' title='bbox 2123 780 2243 819; x_wconf 90' lang='lat' dir='ltr'><strong>rum</strong></span> <span class='ocrx_word' id='word_1_373' title='bbox 2279 768 2589 822; x_wconf 92' lang='lat' dir='ltr'><strong>ostenderet</strong></span> <span class='ocrx_word' id='word_1_374' title='bbox 2646 784 2755 825; x_wconf 88' lang='lat' dir='ltr'><strong>non</strong></span> <span class='ocrx_word' id='word_1_375' title='bbox 2805 771 2959 839; x_wconf 91' lang='lat' dir='ltr'><strong>equis</strong></span> <span class='ocrx_word' id='word_1_376' title='bbox 3015 770 3277 838; x_wconf 91' lang='lat' dir='ltr'><strong>deditum,</strong></span> <span class='ocrx_word' id='word_1_377' title='bbox 3322 775 3415 829; x_wconf 88' lang='lat' dir='ltr'><strong>sed</strong></span> <span class='ocrx_word' id='word_1_378' title='bbox 3444 776 3701 832; x_wconf 76' lang='lat' dir='ltr'><strong>humanis</strong></span> 
     </span>
    </p>
   </div>
   <div class='ocr_carea' id='block_1_52' title="bbox 2122 854 3701 925">
    <p class='ocr_par' dir='ltr' id='par_1_52' title="bbox 2122 854 3701 925">
     <span class='ocr_line' id='line_1_52' title="bbox 2122 854 3701 925; baseline 0.006 -17"><span class='ocrx_word' id='word_1_379' title='bbox 2122 854 2534 923; x_wconf 88' lang='lat' dir='ltr'><strong>cogitationibus</strong></span> <span class='ocrx_word' id='word_1_380' title='bbox 2554 854 2891 923; x_wconf 73' lang='lat' dir='ltr'><strong>attributum,</strong></span> <span class='ocrx_word' id='word_1_381' title='bbox 2937 859 3032 925; x_wconf 91' lang='lat' dir='ltr'><strong>ait,</strong></span> <span class='ocrx_word' id='word_1_382' title='bbox 3084 860 3261 915; x_wconf 87' lang='lat' dir='ltr'><strong>decem</strong></span> <span class='ocrx_word' id='word_1_383' title='bbox 3302 860 3481 917; x_wconf 72' lang='lat' dir='ltr'><strong>millia</strong></span> <span class='ocrx_word' id='word_1_384' title='bbox 3517 862 3701 917; x_wconf 84' lang='lat' dir='ltr'><strong>multi-</strong></span> 
     </span>
    </p>
   </div>
   <div class='ocr_carea' id='block_1_53' title="bbox 2120 944 3699 1023">
    <p class='ocr_par' dir='ltr' id='par_1_53' title="bbox 2120 944 3699 1023">
     <span class='ocr_line' id='line_1_53' title="bbox 2120 944 3699 1023; baseline 0.008 -26"><span class='ocrx_word' id='word_1_385' title='bbox 2120 944 2239 1014; x_wconf 72' lang='lat' dir='ltr'><strong>plex</strong></span> <span class='ocrx_word' id='word_1_386' title='bbox 2258 959 2277 996; x_wconf 91' lang='lat'><strong><em>:</em></strong></span> <span class='ocrx_word' id='word_1_387' title='bbox 2305 946 2445 1016; x_wconf 91' lang='lat' dir='ltr'><strong>quod</strong></span> <span class='ocrx_word' id='word_1_388' title='bbox 2470 947 2606 1002; x_wconf 88' lang='lat' dir='ltr'><strong>bene</strong></span> <span class='ocrx_word' id='word_1_389' title='bbox 2631 947 2697 1002; x_wconf 91' lang='lat' dir='ltr'><strong>ad</strong></span> <span class='ocrx_word' id='word_1_390' title='bbox 2725 948 3035 1005; x_wconf 90' lang='lat' dir='ltr'><strong>innumeros</strong></span> <span class='ocrx_word' id='word_1_391' title='bbox 3055 949 3280 1021; x_wconf 90' lang='lat' dir='ltr'><strong>populos</strong></span> <span class='ocrx_word' id='word_1_392' title='bbox 3304 967 3412 1007; x_wconf 91' lang='lat' dir='ltr'><strong>non</strong></span> <span class='ocrx_word' id='word_1_393' title='bbox 3437 952 3504 1007; x_wconf 91' lang='lat' dir='ltr'><strong>ad</strong></span> <span class='ocrx_word' id='word_1_394' title='bbox 3526 966 3699 1023; x_wconf 80' lang='lat' dir='ltr'><strong>equos</strong></span> 
     </span>
    </p>
   </div>
   <div class='ocr_carea' id='block_1_54' title="bbox 2121 1037 3695 1111">
    <p class='ocr_par' dir='ltr' id='par_1_54' title="bbox 2121 1037 3695 1111">
     <span class='ocr_line' id='line_1_54' title="bbox 2121 1037 3695 1111; baseline 0.004 -21"><span class='ocrx_word' id='word_1_395' title='bbox 2121 1037 2361 1091; x_wconf 90' lang='lat' dir='ltr'><strong>noscitur</strong></span> <span class='ocrx_word' id='word_1_396' title='bbox 2417 1039 2708 1107; x_wconf 87' lang='lat' dir='ltr'><strong>pertinere.</strong></span> <span class='ocrx_word' id='word_1_397' title='bbox 2752 1038 3038 1107; x_wconf 85' lang='lat' dir='ltr'><strong>Subjunxit</strong></span> <span class='ocrx_word' id='word_1_398' title='bbox 3088 1058 3100 1095; x_wconf 93' lang='lat'>:</span> <span class='ocrx_word' id='word_1_399' title='bbox 3154 1042 3325 1096; x_wconf 81' lang='lat' dir='ltr'><strong>millia</strong></span> <span class='ocrx_word' id='word_1_400' title='bbox 3378 1042 3695 1111; x_wconf 65' lang='lat' dir='ltr'><strong>lmtantium,</strong></span> 
     </span>
    </p>
   </div>
   <div class='ocr_carea' id='block_1_55' title="bbox 2120 1126 3699 1202">
    <p class='ocr_par' dir='ltr' id='par_1_55' title="bbox 2120 1126 3699 1202">
     <span class='ocr_line' id='line_1_55' title="bbox 2120 1126 3699 1202; baseline 0.004 -21"><span class='ocrx_word' id='word_1_401' title='bbox 2120 1126 2261 1196; x_wconf 90' lang='lat' dir='ltr'><strong>quod</strong></span> <span class='ocrx_word' id='word_1_402' title='bbox 2282 1128 2469 1198; x_wconf 90' lang='lat' dir='ltr'><strong>utique</strong></span> <span class='ocrx_word' id='word_1_403' title='bbox 2500 1129 2567 1183; x_wconf 92' lang='lat' dir='ltr'><strong>de</strong></span> <span class='ocrx_word' id='word_1_404' title='bbox 2593 1127 2838 1182; x_wconf 90' lang='lat' dir='ltr'><strong>ﬁdelibus</strong></span> <span class='ocrx_word' id='word_1_405' title='bbox 2866 1128 3027 1184; x_wconf 88' lang='lat' dir='ltr'><strong>debet</strong></span> <span class='ocrx_word' id='word_1_406' title='bbox 3056 1128 3298 1202; x_wconf 87' lang='lat' dir='ltr'><strong>intelligi.</strong></span> <span class='ocrx_word' id='word_1_407' title='bbox 3331 1131 3402 1186; x_wconf 90' lang='lat' dir='ltr'><strong>Et</strong></span> <span class='ocrx_word' id='word_1_408' title='bbox 3426 1140 3485 1187; x_wconf 90' lang='lat' dir='ltr'><strong>ut</strong></span> <span class='ocrx_word' id='word_1_409' title='bbox 3512 1140 3699 1188; x_wconf 87' lang='lat' dir='ltr'><strong>osten-</strong></span> 
     </span>
    </p>
   </div>
   <div class='ocr_carea' id='block_1_56' title="bbox 2119 1219 3698 1295">
    <p class='ocr_par' dir='ltr' id='par_1_56' title="bbox 2119 1219 3698 1295">
     <span class='ocr_line' id='line_1_56' title="bbox 2119 1219 3698 1295; baseline 0.006 -23"><span class='ocrx_word' id='word_1_410' title='bbox 2119 1219 2337 1275; x_wconf 90' lang='lat' dir='ltr'><strong>deretur</strong></span> <span class='ocrx_word' id='word_1_411' title='bbox 2356 1220 2556 1275; x_wconf 66' lang='lat' dir='ltr'><strong>laetitia:</strong></span> <span class='ocrx_word' id='word_1_412' title='bbox 2581 1221 2877 1291; x_wconf 85' lang='lat' dir='ltr'><strong>plenitudo,</strong></span> <span class='ocrx_word' id='word_1_413' title='bbox 2901 1222 2979 1275; x_wconf 92' lang='lat' dir='ltr'><strong>ait</strong></span> <span class='ocrx_word' id='word_1_414' title='bbox 3006 1240 3019 1275; x_wconf 91' lang='lat'>:</span> <span class='ocrx_word' id='word_1_415' title='bbox 3048 1220 3308 1277; x_wconf 87' lang='lat' dir='ltr'><strong>Dominus</strong></span> <span class='ocrx_word' id='word_1_416' title='bbox 3340 1225 3396 1277; x_wconf 88' lang='lat' dir='ltr'><strong>in</strong></span> <span class='ocrx_word' id='word_1_417' title='bbox 3420 1222 3528 1278; x_wconf 85' lang='lat' dir='ltr'><strong>illis</strong></span> <span class='ocrx_word' id='word_1_418' title='bbox 3555 1240 3574 1279; x_wconf 93' lang='lat'><strong><em>:</em></strong></span> <span class='ocrx_word' id='word_1_419' title='bbox 3602 1224 3698 1295; x_wconf 84' lang='lat' dir='ltr'><strong>qui</strong></span> 
     </span>
    </p>
   </div>
   <div class='ocr_carea' id='block_1_57' title="bbox 2118 1311 3695 1381">
    <p class='ocr_par' dir='ltr' id='par_1_57' title="bbox 2118 1311 3695 1381">
     <span class='ocr_line' id='line_1_57' title="bbox 2118 1311 3695 1381; baseline 0.004 -17"><span class='ocrx_word' id='word_1_420' title='bbox 2118 1324 2327 1381; x_wconf 64' lang='lat' dir='ltr'><strong>magnae</strong></span> <span class='ocrx_word' id='word_1_421' title='bbox 2359 1312 2733 1367; x_wconf 84' lang='lat' dir='ltr'><strong>exsultationis</strong></span> <span class='ocrx_word' id='word_1_422' title='bbox 2786 1320 2871 1368; x_wconf 89' lang='lat' dir='ltr'><strong>est</strong></span> <span class='ocrx_word' id='word_1_423' title='bbox 2900 1311 3166 1377; x_wconf 90' lang='lat' dir='ltr'><strong>cumulus,</strong></span> <span class='ocrx_word' id='word_1_424' title='bbox 3196 1320 3251 1367; x_wconf 91' lang='lat' dir='ltr'><strong>et</strong></span> <span class='ocrx_word' id='word_1_425' title='bbox 3277 1314 3543 1369; x_wconf 91' lang='lat' dir='ltr'><strong>bonorum</strong></span> <span class='ocrx_word' id='word_1_426' title='bbox 3572 1330 3695 1370; x_wconf 87' lang='lat' dir='ltr'><strong>om-</strong></span> 
     </span>
    </p>
   </div>
   <div class='ocr_carea' id='block_1_58' title="bbox 2118 1398 3697 1473">
    <p class='ocr_par' dir='ltr' id='par_1_58' title="bbox 2118 1398 3697 1473">
     <span class='ocr_line' id='line_1_58' title="bbox 2118 1398 3697 1473; baseline 0.003 -20"><span class='ocrx_word' id='word_1_427' title='bbox 2118 1398 2265 1453; x_wconf 91' lang='lat' dir='ltr'><strong>nium</strong></span> <span class='ocrx_word' id='word_1_428' title='bbox 2295 1398 2521 1454; x_wconf 92' lang='lat' dir='ltr'><strong>dulcedo</strong></span> <span class='ocrx_word' id='word_1_429' title='bbox 2543 1400 2823 1456; x_wconf 88' lang='lat' dir='ltr'><strong>mirabilis.</strong></span> <span class='ocrx_word' id='word_1_430' title='bbox 2853 1402 2986 1456; x_wconf 91' lang='lat' dir='ltr'><strong>item</strong></span> <span class='ocrx_word' id='word_1_431' title='bbox 3022 1401 3076 1456; x_wconf 94' lang='lat' dir='ltr'><strong>in</strong></span> <span class='ocrx_word' id='word_1_432' title='bbox 3133 1400 3293 1457; x_wconf 91' lang='lat' dir='ltr'><strong>aliam</strong></span> <span class='ocrx_word' id='word_1_433' title='bbox 3339 1409 3550 1473; x_wconf 90' lang='lat' dir='ltr'><strong>partem</strong></span> <span class='ocrx_word' id='word_1_434' title='bbox 3571 1418 3697 1459; x_wconf 88' lang='lat' dir='ltr'><strong>cur-</strong></span> 
     </span>
    </p>
   </div>
   <div class='ocr_carea' id='block_1_59' title="bbox 2118 1493 3695 1565">
    <p class='ocr_par' dir='ltr' id='par_1_59' title="bbox 2118 1493 3695 1565">
     <span class='ocr_line' id='line_1_59' title="bbox 2118 1493 3695 1565; baseline 0.002 -18"><span class='ocrx_word' id='word_1_435' title='bbox 2118 1508 2210 1548; x_wconf 90' lang='lat' dir='ltr'><strong>rus</strong></span> <span class='ocrx_word' id='word_1_436' title='bbox 2231 1494 2464 1549; x_wconf 90' lang='lat' dir='ltr'><strong>societas</strong></span> <span class='ocrx_word' id='word_1_437' title='bbox 2497 1494 2815 1563; x_wconf 87' lang='lat' dir='ltr'><strong>intelligitur</strong></span> <span class='ocrx_word' id='word_1_438' title='bbox 2853 1493 3141 1563; x_wconf 89' lang='lat' dir='ltr'><strong>impiorum</strong></span> <span class='ocrx_word' id='word_1_439' title='bbox 3167 1494 3385 1550; x_wconf 84' lang='lat' dir='ltr'><strong>vinculo</strong></span> <span class='ocrx_word' id='word_1_440' title='bbox 3438 1502 3695 1565; x_wconf 85' lang='lat' dir='ltr'><strong>peccato—</strong></span> 
     </span>
    </p>
   </div>
   <div class='ocr_carea' id='block_1_60' title="bbox 2117 1582 3695 1654">
    <p class='ocr_par' dir='ltr' id='par_1_60' title="bbox 2117 1582 3695 1654">
     <span class='ocr_line' id='line_1_60' title="bbox 2117 1582 3695 1654; baseline 0.004 -20"><span class='ocrx_word' id='word_1_441' title='bbox 2117 1597 2235 1635; x_wconf 90' lang='lat' dir='ltr'><strong>rum</strong></span> <span class='ocrx_word' id='word_1_442' title='bbox 2266 1582 2483 1654; x_wconf 85' lang='lat' dir='ltr'><strong>alligata</strong></span> <span class='ocrx_word' id='word_1_443' title='bbox 2510 1602 2524 1637; x_wconf 92' lang='lat'><strong>:</strong></span> <span class='ocrx_word' id='word_1_444' title='bbox 2558 1584 2624 1637; x_wconf 89' lang='lat' dir='ltr'><strong>de</strong></span> <span class='ocrx_word' id='word_1_445' title='bbox 2650 1599 2755 1652; x_wconf 91' lang='lat' dir='ltr'><strong>quo</strong></span> <span class='ocrx_word' id='word_1_446' title='bbox 2783 1584 2835 1638; x_wconf 91' lang='lat' dir='ltr'><strong>in</strong></span> <span class='ocrx_word' id='word_1_447' title='bbox 2866 1584 3035 1638; x_wconf 78' lang='lat' dir='ltr'><strong>Exodi</strong></span> <span class='ocrx_word' id='word_1_448' title='bbox 3068 1584 3279 1639; x_wconf 89' lang='lat' dir='ltr'><strong>cantico</strong></span> <span class='ocrx_word' id='word_1_449' title='bbox 3324 1584 3585 1654; x_wconf 87' lang='lat' dir='ltr'><strong>scriptum</strong></span> <span class='ocrx_word' id='word_1_450' title='bbox 3609 1593 3695 1641; x_wconf 88' lang='lat' dir='ltr'><strong>est</strong></span> 
     </span>
    </p>
   </div>
   <div class='ocr_carea' id='block_1_61' title="bbox 2116 1670 3696 1743">
    <p class='ocr_par' dir='ltr' id='par_1_61' title="bbox 2116 1670 3696 1743">
     <span class='ocr_line' id='line_1_61' title="bbox 2116 1670 3696 1743; baseline 0.004 -20"><span class='ocrx_word' id='word_1_451' title='bbox 2116 1670 2313 1741; x_wconf 74' lang='lat' dir='ltr'><strong>(Exod.</strong></span> <span class='ocrx_word' id='word_1_452' title='bbox 2368 1672 2486 1743; x_wconf 80' lang='lat' dir='ltr'><strong>xv),</strong></span> <span class='ocrx_word' id='word_1_453' title='bbox 2544 1680 2601 1725; x_wconf 90' lang='lat' dir='ltr'><strong>ut</strong></span> <span class='ocrx_word' id='word_1_454' title='bbox 2635 1686 2796 1741; x_wconf 90' lang='lat' dir='ltr'><strong>supra</strong></span> <span class='ocrx_word' id='word_1_455' title='bbox 2854 1672 3209 1728; x_wconf 89' lang='lat' dir='ltr'><strong>ostendimus.</strong></span> <span class='ocrx_word' id='word_1_456' title='bbox 3266 1671 3436 1729; x_wconf 88' lang='lat' dir='ltr'><strong>Porro</strong></span> <span class='ocrx_word' id='word_1_457' title='bbox 3485 1674 3696 1743; x_wconf 84' lang='lat' dir='ltr'><strong>equites</strong></span> 
     </span>
    </p>
   </div>
   <div class='ocr_carea' id='block_1_62' title="bbox 2114 1760 3695 1833">
    <p class='ocr_par' dir='ltr' id='par_1_62' title="bbox 2114 1760 3695 1833">
     <span class='ocr_line' id='line_1_62' title="bbox 2114 1760 3695 1833; baseline 0.003 -18"><span class='ocrx_word' id='word_1_458' title='bbox 2114 1760 2413 1829; x_wconf 85' lang='lat' dir='ltr'><strong>singulares</strong></span> <span class='ocrx_word' id='word_1_459' title='bbox 2451 1761 2571 1816; x_wconf 91' lang='lat' dir='ltr'><strong>ideo</strong></span> <span class='ocrx_word' id='word_1_460' title='bbox 2613 1776 2833 1816; x_wconf 87' lang='lat' dir='ltr'><strong>currere</strong></span> <span class='ocrx_word' id='word_1_461' title='bbox 2861 1760 3133 1828; x_wconf 91' lang='lat' dir='ltr'><strong>dicuntur,</strong></span> <span class='ocrx_word' id='word_1_462' title='bbox 3179 1762 3304 1831; x_wconf 90' lang='lat' dir='ltr'><strong>quia</strong></span> <span class='ocrx_word' id='word_1_463' title='bbox 3350 1763 3695 1833; x_wconf 88' lang='lat' dir='ltr'><strong>singulariter</strong></span> 
     </span>
    </p>
   </div>
   <div class='ocr_carea' id='block_1_63' title="bbox 2112 1850 3695 1921">
    <p class='ocr_par' dir='ltr' id='par_1_63' title="bbox 2112 1850 3695 1921">
     <span class='ocr_line' id='line_1_63' title="bbox 2112 1850 3695 1921; baseline 0.002 -16"><span class='ocrx_word' id='word_1_464' title='bbox 2112 1852 2488 1921; x_wconf 86' lang='lat' dir='ltr'><strong>unusquisque</strong></span> <span class='ocrx_word' id='word_1_465' title='bbox 2508 1866 2729 1907; x_wconf 88' lang='lat' dir='ltr'><strong>cursum</strong></span> <span class='ocrx_word' id='word_1_466' title='bbox 2772 1851 2899 1905; x_wconf 65' lang='lat' dir='ltr'><strong>vitae</strong></span> <span class='ocrx_word' id='word_1_467' title='bbox 2931 1850 3091 1919; x_wconf 85' lang='lat' dir='ltr'><strong>hujus</strong></span> <span class='ocrx_word' id='word_1_468' title='bbox 3134 1866 3289 1921; x_wconf 73' lang='lat' dir='ltr'><strong>teque</strong></span> <span class='ocrx_word' id='word_1_469' title='bbox 3320 1852 3532 1917; x_wconf 89' lang='lat' dir='ltr'><strong>transit,</strong></span> <span class='ocrx_word' id='word_1_470' title='bbox 3556 1851 3695 1908; x_wconf 86' lang='lat' dir='ltr'><strong>alius</strong></span> 
     </span>
    </p>
   </div>
   <div class='ocr_carea' id='block_1_64' title="bbox 2111 1944 3688 2016">
    <p class='ocr_par' dir='ltr' id='par_1_64' title="bbox 2111 1944 3688 2016">
     <span class='ocr_line' id='line_1_64' title="bbox 2111 1944 3688 2016; baseline 0.001 -18"><span class='ocrx_word' id='word_1_471' title='bbox 2111 1944 2215 1999; x_wconf 90' lang='lat' dir='ltr'><strong>alio</strong></span> <span class='ocrx_word' id='word_1_472' title='bbox 2245 1953 2488 2015; x_wconf 91' lang='lat' dir='ltr'><strong>tempore</strong></span> <span class='ocrx_word' id='word_1_473' title='bbox 2512 1960 2744 2016; x_wconf 91' lang='lat' dir='ltr'><strong>sequens</strong></span> <span class='ocrx_word' id='word_1_474' title='bbox 2773 1944 2962 2009; x_wconf 91' lang='lat' dir='ltr'><strong>alium,</strong></span> <span class='ocrx_word' id='word_1_475' title='bbox 3007 1958 3105 2013; x_wconf 83' lang='lat' dir='ltr'><strong>per</strong></span> <span class='ocrx_word' id='word_1_476' title='bbox 3138 1960 3303 1999; x_wconf 91' lang='lat' dir='ltr'><strong>unam</strong></span> <span class='ocrx_word' id='word_1_477' title='bbox 3336 1951 3516 1999; x_wconf 86' lang='lat' dir='ltr'><strong>tamen</strong></span> <span class='ocrx_word' id='word_1_478' title='bbox 3546 1944 3688 1999; x_wconf 89' lang='lat' dir='ltr'><strong>viam</strong></span> 
     </span>
    </p>
   </div>
   <div class='ocr_carea' id='block_1_65' title="bbox 2109 2035 3687 2105">
    <p class='ocr_par' dir='ltr' id='par_1_65' title="bbox 2109 2035 3687 2105">
     <span class='ocr_line' id='line_1_65' title="bbox 2109 2035 3687 2105; baseline 0.001 -16"><span class='ocrx_word' id='word_1_479' title='bbox 2109 2035 2460 2091; x_wconf 89' lang='lat' dir='ltr'><strong>mortalitatis</strong></span> <span class='ocrx_word' id='word_1_480' title='bbox 2517 2051 2691 2105; x_wconf 90' lang='lat' dir='ltr'><strong>usque</strong></span> <span class='ocrx_word' id='word_1_481' title='bbox 2750 2036 2817 2089; x_wconf 91' lang='lat' dir='ltr'><strong>ad</strong></span> <span class='ocrx_word' id='word_1_482' title='bbox 2878 2035 3153 2105; x_wconf 88' lang='lat' dir='ltr'><strong>propriam</strong></span> <span class='ocrx_word' id='word_1_483' title='bbox 3210 2043 3409 2090; x_wconf 89' lang='lat' dir='ltr'><strong>metam</strong></span> <span class='ocrx_word' id='word_1_484' title='bbox 3472 2035 3687 2090; x_wconf 83' lang='lat' dir='ltr'><strong>mortis.</strong></span> 
     </span>
    </p>
   </div>
   <div class='ocr_carea' id='block_1_66' title="bbox 2108 2122 3690 2194">
    <p class='ocr_par' dir='ltr' id='par_1_66' title="bbox 2108 2122 3690 2194">
     <span class='ocr_line' id='line_1_66' title="bbox 2108 2122 3690 2194; baseline 0.002 -17"><span class='ocrx_word' id='word_1_485' title='bbox 2108 2122 2335 2192; x_wconf 89' lang='lat' dir='ltr'><strong>Equites</strong></span> <span class='ocrx_word' id='word_1_486' title='bbox 2356 2124 2501 2179; x_wconf 91' lang='lat' dir='ltr'><strong>enim</strong></span> <span class='ocrx_word' id='word_1_487' title='bbox 2534 2124 2588 2178; x_wconf 91' lang='lat' dir='ltr'><strong>in</strong></span> <span class='ocrx_word' id='word_1_488' title='bbox 2620 2124 2815 2179; x_wconf 90' lang='lat' dir='ltr'><strong>bonam</strong></span> <span class='ocrx_word' id='word_1_489' title='bbox 2844 2133 3051 2193; x_wconf 89' lang='lat' dir='ltr'><strong>partem</strong></span> <span class='ocrx_word' id='word_1_490' title='bbox 3074 2131 3131 2179; x_wconf 91' lang='lat' dir='ltr'><strong>et</strong></span> <span class='ocrx_word' id='word_1_491' title='bbox 3157 2124 3212 2177; x_wconf 91' lang='lat' dir='ltr'><strong>in</strong></span> <span class='ocrx_word' id='word_1_492' title='bbox 3240 2123 3435 2178; x_wconf 88' lang='lat' dir='ltr'><strong>malam</strong></span> <span class='ocrx_word' id='word_1_493' title='bbox 3460 2133 3690 2194; x_wconf 89' lang='lat' dir='ltr'><strong>possunt</strong></span> 
     </span>
    </p>
   </div>
   <div class='ocr_carea' id='block_1_67' title="bbox 2108 2212 3687 2284">
    <p class='ocr_par' dir='ltr' id='par_1_67' title="bbox 2108 2212 3687 2284">
     <span class='ocr_line' id='line_1_67' title="bbox 2108 2212 3687 2284; baseline 0.001 -18"><span class='ocrx_word' id='word_1_494' title='bbox 2108 2213 2299 2284; x_wconf 89' lang='lat' dir='ltr'><strong>accipi.</strong></span> <span class='ocrx_word' id='word_1_495' title='bbox 2324 2213 2383 2269; x_wconf 87' lang='lat' dir='ltr'><strong>In</strong></span> <span class='ocrx_word' id='word_1_496' title='bbox 2411 2214 2629 2277; x_wconf 89' lang='lat' dir='ltr'><strong>bonam,</strong></span> <span class='ocrx_word' id='word_1_497' title='bbox 2657 2213 2872 2283; x_wconf 90' lang='lat' dir='ltr'><strong>quando</strong></span> <span class='ocrx_word' id='word_1_498' title='bbox 2906 2214 3213 2268; x_wconf 91' lang='lat' dir='ltr'><strong>domatores</strong></span> <span class='ocrx_word' id='word_1_499' title='bbox 3234 2212 3485 2267; x_wconf 82' lang='lat' dir='ltr'><strong>vitiorum</strong></span> <span class='ocrx_word' id='word_1_500' title='bbox 3515 2212 3687 2284; x_wconf 84' lang='lat' dir='ltr'><strong>signi-</strong></span> 
     </span>
    </p>
   </div>
   <div class='ocr_carea' id='block_1_68' title="bbox 2106 2301 3683 2370">
    <p class='ocr_par' dir='ltr' id='par_1_68' title="bbox 2106 2301 3683 2370">
     <span class='ocr_line' id='line_1_68' title="bbox 2106 2301 3683 2370; baseline 0.001 -15"><span class='ocrx_word' id='word_1_501' title='bbox 2106 2301 2308 2357; x_wconf 89' lang='lat' dir='ltr'><strong>ﬁcant:</strong></span> <span class='ocrx_word' id='word_1_502' title='bbox 2343 2304 2397 2356; x_wconf 90' lang='lat' dir='ltr'><strong>in</strong></span> <span class='ocrx_word' id='word_1_503' title='bbox 2421 2302 2621 2357; x_wconf 89' lang='lat' dir='ltr'><strong>malam</strong></span> <span class='ocrx_word' id='word_1_504' title='bbox 2675 2310 2880 2367; x_wconf 90' lang='lat' dir='ltr'><strong>autem,</strong></span> <span class='ocrx_word' id='word_1_505' title='bbox 2932 2301 3146 2370; x_wconf 91' lang='lat' dir='ltr'><strong>quando</strong></span> <span class='ocrx_word' id='word_1_506' title='bbox 3183 2301 3397 2370; x_wconf 90' lang='lat' dir='ltr'><strong>superbi</strong></span> <span class='ocrx_word' id='word_1_507' title='bbox 3435 2301 3683 2357; x_wconf 88' lang='lat' dir='ltr'><strong>homines</strong></span> 
     </span>
    </p>
   </div>
   <div class='ocr_carea' id='block_1_69' title="bbox 2104 2389 3679 2461">
    <p class='ocr_par' dir='ltr' id='par_1_69' title="bbox 2104 2389 3679 2461">
     <span class='ocr_line' id='line_1_69' title="bbox 2104 2389 3679 2461; baseline -0.001 -16"><span class='ocrx_word' id='word_1_508' title='bbox 2104 2391 2159 2445; x_wconf 91' lang='lat' dir='ltr'><strong>in</strong></span> <span class='ocrx_word' id='word_1_509' title='bbox 2219 2391 2491 2447; x_wconf 88' lang='lat' dir='ltr'><strong>mundana</strong></span> <span class='ocrx_word' id='word_1_510' title='bbox 2545 2392 2786 2461; x_wconf 89' lang='lat' dir='ltr'><strong>potentia</strong></span> <span class='ocrx_word' id='word_1_511' title='bbox 2860 2390 3192 2448; x_wconf 88' lang='lat' dir='ltr'><strong>conﬁdentes</strong></span> <span class='ocrx_word' id='word_1_512' title='bbox 3243 2389 3679 2461; x_wconf 72' lang='lat' dir='ltr'><strong>praallgurantur.</strong></span> 
     </span>
    </p>
   </div>
   <div class='ocr_carea' id='block_1_70' title="bbox 2103 2478 3680 2535">
    <p class='ocr_par' dir='ltr' id='par_1_70' title="bbox 2103 2478 3680 2535">
     <span class='ocr_line' id='line_1_70' title="bbox 2103 2478 3680 2535; baseline 0.001 -3"><span class='ocrx_word' id='word_1_513' title='bbox 2103 2478 2276 2534; x_wconf 89' lang='lat' dir='ltr'><strong>Muius</strong></span> <span class='ocrx_word' id='word_1_514' title='bbox 2320 2487 2500 2533; x_wconf 91' lang='lat' dir='ltr'><strong>autem</strong></span> <span class='ocrx_word' id='word_1_515' title='bbox 2526 2495 2591 2535; x_wconf 77' lang='lat' dir='ltr'><strong>ex</strong></span> <span class='ocrx_word' id='word_1_516' title='bbox 2632 2480 2820 2535; x_wconf 61' lang='lat' dir='ltr'><strong>Graeco</strong></span> <span class='ocrx_word' id='word_1_517' title='bbox 2867 2486 3099 2535; x_wconf 90' lang='lat' dir='ltr'><strong>tractum</strong></span> <span class='ocrx_word' id='word_1_518' title='bbox 3126 2478 3443 2534; x_wconf 89' lang='lat' dir='ltr'><strong>vocabulum</strong></span> <span class='ocrx_word' id='word_1_519' title='bbox 3498 2478 3680 2533; x_wconf 87' lang='lat' dir='ltr'><strong>habet.</strong></span> 
     </span>
    </p>
   </div>
   <div class='ocr_carea' id='block_1_71' title="bbox 2102 2569 3682 2641">
    <p class='ocr_par' dir='ltr' id='par_1_71' title="bbox 2102 2569 3682 2641">
     <span class='ocr_line' id='line_1_71' title="bbox 2102 2569 3682 2641; baseline -0.001 -15"><span class='ocrx_word' id='word_1_520' title='bbox 2102 2569 2288 2626; x_wconf 70' lang='lat' dir='ltr'><strong>Graace</strong></span> <span class='ocrx_word' id='word_1_521' title='bbox 2315 2571 2461 2624; x_wconf 90' lang='lat' dir='ltr'><strong>enim</strong></span> <span class='ocrx_word' id='word_1_522' title='bbox 2492 2572 2614 2625; x_wconf 91' lang='lat' dir='ltr'><strong>inde</strong></span> <span class='ocrx_word' id='word_1_523' title='bbox 2658 2579 2906 2637; x_wconf 77' lang='lat' dir='ltr'><strong>vocatur,</strong></span> <span class='ocrx_word' id='word_1_524' title='bbox 2935 2570 3077 2641; x_wconf 90' lang='lat' dir='ltr'><strong>quod</strong></span> <span class='ocrx_word' id='word_1_525' title='bbox 3093 2569 3222 2641; x_wconf 86' lang='lat' dir='ltr'><strong>jugo</strong></span> <span class='ocrx_word' id='word_1_526' title='bbox 3268 2570 3529 2639; x_wconf 87' lang='lat' dir='ltr'><strong>pistorum</strong></span> <span class='ocrx_word' id='word_1_527' title='bbox 3554 2570 3682 2624; x_wconf 91' lang='lat' dir='ltr'><strong>sub-</strong></span> 
     </span>
    </p>
   </div>
   <div class='ocr_carea' id='block_1_72' title="bbox 2102 2657 3682 2730">
    <p class='ocr_par' dir='ltr' id='par_1_72' title="bbox 2102 2657 3682 2730">
     <span class='ocr_line' id='line_1_72' title="bbox 2102 2657 3682 2730; baseline -0.001 -17"><span class='ocrx_word' id='word_1_528' title='bbox 2102 2668 2253 2715; x_wconf 89' lang='lat' dir='ltr'><strong>actus</strong></span> <span class='ocrx_word' id='word_1_529' title='bbox 2282 2661 2465 2716; x_wconf 90' lang='lat' dir='ltr'><strong>tardas</strong></span> <span class='ocrx_word' id='word_1_530' title='bbox 2492 2661 2739 2715; x_wconf 90' lang='lat' dir='ltr'><strong>molendo</strong></span> <span class='ocrx_word' id='word_1_531' title='bbox 2766 2662 2931 2717; x_wconf 89' lang='lat' dir='ltr'><strong>ducat</strong></span> <span class='ocrx_word' id='word_1_532' title='bbox 2969 2660 3023 2714; x_wconf 91' lang='lat' dir='ltr'><strong>in</strong></span> <span class='ocrx_word' id='word_1_533' title='bbox 3070 2675 3259 2730; x_wconf 84' lang='lat' dir='ltr'><strong>gyrum</strong></span> <span class='ocrx_word' id='word_1_534' title='bbox 3289 2660 3481 2715; x_wconf 89' lang='lat' dir='ltr'><strong>molas.</strong></span> <span class='ocrx_word' id='word_1_535' title='bbox 3510 2657 3682 2714; x_wconf 72' lang='lat' dir='ltr'><strong>Judaei</strong></span> 
     </span>
    </p>
   </div>
   <div class='ocr_carea' id='block_1_73' title="bbox 2102 2750 3683 2822">
    <p class='ocr_par' dir='ltr' id='par_1_73' title="bbox 2102 2750 3683 2822">
     <span class='ocr_line' id='line_1_73' title="bbox 2102 2750 3683 2822; baseline -0.002 -15"><span class='ocrx_word' id='word_1_536' title='bbox 2102 2761 2352 2807; x_wconf 89' lang='lat' dir='ltr'><strong>asserunt</strong></span> <span class='ocrx_word' id='word_1_537' title='bbox 2379 2753 2522 2821; x_wconf 90' lang='lat' dir='ltr'><strong>quod</strong></span> <span class='ocrx_word' id='word_1_538' title='bbox 2570 2752 2687 2806; x_wconf 80' lang='lat' dir='ltr'><strong>Ana</strong></span> <span class='ocrx_word' id='word_1_539' title='bbox 2718 2753 2959 2822; x_wconf 91' lang='lat' dir='ltr'><strong>abnepos</strong></span> <span class='ocrx_word' id='word_1_540' title='bbox 3008 2750 3151 2805; x_wconf 88' lang='lat' dir='ltr'><strong>Esau</strong></span> <span class='ocrx_word' id='word_1_541' title='bbox 3189 2766 3448 2821; x_wconf 90' lang='lat' dir='ltr'><strong>equarum</strong></span> <span class='ocrx_word' id='word_1_542' title='bbox 3492 2763 3683 2820; x_wconf 85' lang='lat' dir='ltr'><strong>greges</strong></span> 
     </span>
    </p>
   </div>
   <div class='ocr_carea' id='block_1_74' title="bbox 2101 2840 3683 2911">
    <p class='ocr_par' dir='ltr' id='par_1_74' title="bbox 2101 2840 3683 2911">
     <span class='ocr_line' id='line_1_74' title="bbox 2101 2840 3683 2911; baseline -0.004 -12"><span class='ocrx_word' id='word_1_543' title='bbox 2101 2845 2169 2899; x_wconf 88' lang='lat' dir='ltr'><strong>ab</strong></span> <span class='ocrx_word' id='word_1_544' title='bbox 2198 2844 2365 2899; x_wconf 89' lang='lat' dir='ltr'><strong>asinis</strong></span> <span class='ocrx_word' id='word_1_545' title='bbox 2393 2844 2446 2896; x_wconf 92' lang='lat' dir='ltr'><strong>in</strong></span> <span class='ocrx_word' id='word_1_546' title='bbox 2474 2842 2689 2897; x_wconf 86' lang='lat' dir='ltr'><strong>deserto</strong></span> <span class='ocrx_word' id='word_1_547' title='bbox 2715 2842 2828 2910; x_wconf 90' lang='lat' dir='ltr'><strong>ipse</strong></span> <span class='ocrx_word' id='word_1_548' title='bbox 2870 2841 3060 2896; x_wconf 80' lang='lat' dir='ltr'><strong>fecerit</strong></span> <span class='ocrx_word' id='word_1_549' title='bbox 3087 2842 3295 2911; x_wconf 91' lang='lat' dir='ltr'><strong>primus</strong></span> <span class='ocrx_word' id='word_1_550' title='bbox 3325 2840 3539 2897; x_wconf 90' lang='lat' dir='ltr'><strong>ascendi</strong></span> <span class='ocrx_word' id='word_1_551' title='bbox 3574 2858 3586 2893; x_wconf 92' lang='lat'><strong>:</strong></span> <span class='ocrx_word' id='word_1_552' title='bbox 3620 2847 3683 2893; x_wconf 88' lang='lat' dir='ltr'><strong>ut</strong></span> 
     </span>
    </p>
   </div>
   <div class='ocr_carea' id='block_1_75' title="bbox 2101 2929 3683 2989">
    <p class='ocr_par' dir='ltr' id='par_1_75' title="bbox 2101 2929 3683 2989">
     <span class='ocr_line' id='line_1_75' title="bbox 2101 2929 3683 2989; baseline -0.004 0"><span class='ocrx_word' id='word_1_553' title='bbox 2101 2934 2367 2989; x_wconf 91' lang='lat' dir='ltr'><strong>mulorum</strong></span> <span class='ocrx_word' id='word_1_554' title='bbox 2406 2932 2530 2986; x_wconf 89' lang='lat' dir='ltr'><strong>inde</strong></span> <span class='ocrx_word' id='word_1_555' title='bbox 2569 2945 2709 2987; x_wconf 87' lang='lat' dir='ltr'><strong>nova</strong></span> <span class='ocrx_word' id='word_1_556' title='bbox 2769 2938 2957 2986; x_wconf 92' lang='lat' dir='ltr'><strong>contra</strong></span> <span class='ocrx_word' id='word_1_557' title='bbox 3010 2939 3258 2985; x_wconf 88' lang='lat' dir='ltr'><strong>naturam</strong></span> <span class='ocrx_word' id='word_1_558' title='bbox 3302 2929 3554 2985; x_wconf 89' lang='lat' dir='ltr'><strong>animalia</strong></span> <span class='ocrx_word' id='word_1_559' title='bbox 3584 2943 3683 2983; x_wconf 88' lang='lat' dir='ltr'><strong>na-</strong></span> 
     </span>
    </p>
   </div>
   <div class='ocr_carea' id='block_1_76' title="bbox 2024 3019 3676 3127">
    <p class='ocr_par' dir='ltr' id='par_1_76' title="bbox 2024 3019 3676 3127">
     <span class='ocr_line' id='line_1_76' title="bbox 2024 3019 3676 3127; baseline -0.004 -47"><span class='ocrx_word' id='word_1_560' title='bbox 2024 3046 2081 3127; x_wconf 76' lang='lat' dir='ltr'><strong>C~</strong></span> <span class='ocrx_word' id='word_1_561' title='bbox 2103 3032 2401 3081; x_wconf 87' lang='lat' dir='ltr'><strong>scerentur.</strong></span> <span class='ocrx_word' id='word_1_562' title='bbox 2435 3021 2677 3092; x_wconf 88' lang='lat' dir='ltr'><strong>Onagros</strong></span> <span class='ocrx_word' id='word_1_563' title='bbox 2720 3035 2935 3092; x_wconf 90' lang='lat' dir='ltr'><strong>quoque</strong></span> <span class='ocrx_word' id='word_1_564' title='bbox 2961 3020 3032 3076; x_wconf 92' lang='lat' dir='ltr'><strong>ob</strong></span> <span class='ocrx_word' id='word_1_565' title='bbox 3081 3020 3185 3076; x_wconf 89' lang='lat' dir='ltr'><strong>hoc</strong></span> <span class='ocrx_word' id='word_1_566' title='bbox 3233 3021 3431 3075; x_wconf 86' lang='lat' dir='ltr'><strong>missos</strong></span> <span class='ocrx_word' id='word_1_567' title='bbox 3463 3033 3581 3075; x_wconf 88' lang='lat' dir='ltr'><strong>esse</strong></span> <span class='ocrx_word' id='word_1_568' title='bbox 3605 3019 3676 3073; x_wconf 93' lang='lat' dir='ltr'><strong>ad</strong></span> 
     </span>
    </p>
   </div>
   <div class='ocr_carea' id='block_1_77' title="bbox 2103 3111 3675 3184">
    <p class='ocr_par' dir='ltr' id='par_1_77' title="bbox 2103 3111 3675 3184">
     <span class='ocr_line' id='line_1_77' title="bbox 2103 3111 3675 3184; baseline -0.004 -13"><span class='ocrx_word' id='word_1_569' title='bbox 2103 3117 2302 3181; x_wconf 87' lang='lat' dir='ltr'><strong>asinas,</strong></span> <span class='ocrx_word' id='word_1_570' title='bbox 2332 3124 2387 3171; x_wconf 90' lang='lat' dir='ltr'><strong>et</strong></span> <span class='ocrx_word' id='word_1_571' title='bbox 2431 3115 2603 3184; x_wconf 91' lang='lat' dir='ltr'><strong>ipsum</strong></span> <span class='ocrx_word' id='word_1_572' title='bbox 2646 3112 2948 3168; x_wconf 89' lang='lat' dir='ltr'><strong>istiusmodi</strong></span> <span class='ocrx_word' id='word_1_573' title='bbox 2998 3112 3265 3183; x_wconf 88' lang='lat' dir='ltr'><strong>reperisse</strong></span> <span class='ocrx_word' id='word_1_574' title='bbox 3311 3111 3675 3174; x_wconf 89' lang='lat' dir='ltr'><strong>concubitum,</strong></span> 
     </span>
    </p>
   </div>
   <div class='ocr_carea' id='block_1_78' title="bbox 2097 3201 3678 3262">
    <p class='ocr_par' dir='ltr' id='par_1_78' title="bbox 2097 3201 3678 3262">
     <span class='ocr_line' id='line_1_78' title="bbox 2097 3201 3678 3262; baseline -0.003 0"><span class='ocrx_word' id='word_1_575' title='bbox 2097 3216 2159 3262; x_wconf 90' lang='lat' dir='ltr'><strong>ut</strong></span> <span class='ocrx_word' id='word_1_576' title='bbox 2215 3205 2541 3261; x_wconf 88' lang='lat' dir='ltr'><strong>velocissimi</strong></span> <span class='ocrx_word' id='word_1_577' title='bbox 2602 3220 2670 3259; x_wconf 79' lang='lat' dir='ltr'><strong>ex</strong></span> <span class='ocrx_word' id='word_1_578' title='bbox 2730 3204 2814 3259; x_wconf 90' lang='lat' dir='ltr'><strong>his</strong></span> <span class='ocrx_word' id='word_1_579' title='bbox 2879 3204 3017 3258; x_wconf 90' lang='lat' dir='ltr'><strong>asini</strong></span> <span class='ocrx_word' id='word_1_580' title='bbox 3071 3212 3443 3259; x_wconf 86' lang='lat' dir='ltr'><strong>nascerentur.</strong></span> <span class='ocrx_word' id='word_1_581' title='bbox 3502 3201 3678 3257; x_wconf 87' lang='lat' dir='ltr'><strong>Mulus</strong></span> 
     </span>
    </p>
   </div>
   <div class='ocr_carea' id='block_1_79' title="bbox 2096 3289 3678 3363">
    <p class='ocr_par' dir='ltr' id='par_1_79' title="bbox 2096 3289 3678 3363">
     <span class='ocr_line' id='line_1_79' title="bbox 2096 3289 3678 3363; baseline -0.003 -14"><span class='ocrx_word' id='word_1_582' title='bbox 2096 3296 2263 3360; x_wconf 89' lang='lat' dir='ltr'><strong>enim,</strong></span> <span class='ocrx_word' id='word_1_583' title='bbox 2286 3295 2429 3363; x_wconf 77' lang='lat' dir='ltr'><strong>quod</strong></span> <span class='ocrx_word' id='word_1_584' title='bbox 2453 3293 2780 3349; x_wconf 89' lang='lat' dir='ltr'><strong>oneril&#39;erum</strong></span> <span class='ocrx_word' id='word_1_585' title='bbox 2809 3300 2895 3346; x_wconf 90' lang='lat' dir='ltr'><strong>est</strong></span> <span class='ocrx_word' id='word_1_586' title='bbox 2931 3291 3151 3355; x_wconf 88' lang='lat' dir='ltr'><strong>animal,</strong></span> <span class='ocrx_word' id='word_1_587' title='bbox 3205 3290 3475 3361; x_wconf 88' lang='lat' dir='ltr'><strong>signiﬁcat</strong></span> <span class='ocrx_word' id='word_1_588' title='bbox 3496 3289 3678 3345; x_wconf 87' lang='lat' dir='ltr'><strong>stulti-</strong></span> 
     </span>
    </p>
   </div>
   <div class='ocr_carea' id='block_1_80' title="bbox 2097 3378 3675 3450">
    <p class='ocr_par' dir='ltr' id='par_1_80' title="bbox 2097 3378 3675 3450">
     <span class='ocr_line' id='line_1_80' title="bbox 2097 3378 3675 3450; baseline -0.004 -9"><span class='ocrx_word' id='word_1_589' title='bbox 2097 3386 2184 3441; x_wconf 66' lang='lat' dir='ltr'><strong>tiae</strong></span> <span class='ocrx_word' id='word_1_590' title='bbox 2221 3393 2522 3440; x_wconf 88' lang='lat' dir='ltr'><strong>secutorcs.</strong></span> <span class='ocrx_word' id='word_1_591' title='bbox 2555 3383 2729 3450; x_wconf 84' lang='lat' dir='ltr'><strong>Quam</strong></span> <span class='ocrx_word' id='word_1_592' title='bbox 2762 3382 2998 3437; x_wconf 85' lang='lat' dir='ltr'><strong>Absalon</strong></span> <span class='ocrx_word' id='word_1_593' title='bbox 3034 3381 3182 3437; x_wconf 90' lang='lat' dir='ltr'><strong>mulo</strong></span> <span class='ocrx_word' id='word_1_594' title='bbox 3207 3378 3419 3446; x_wconf 78' lang='lat' dir='ltr'><strong>sedens,</strong></span> <span class='ocrx_word' id='word_1_595' title='bbox 3449 3390 3505 3436; x_wconf 88' lang='lat' dir='ltr'><strong>et</strong></span> <span class='ocrx_word' id='word_1_596' title='bbox 3531 3380 3675 3435; x_wconf 90' lang='lat' dir='ltr'><strong>sedi-</strong></span> 
     </span>
    </p>
   </div>
   <div class='ocr_carea' id='block_1_81' title="bbox 2096 3469 3674 3543">
    <p class='ocr_par' dir='ltr' id='par_1_81' title="bbox 2096 3469 3674 3543">
     <span class='ocr_line' id='line_1_81' title="bbox 2096 3469 3674 3543; baseline -0.004 -14"><span class='ocrx_word' id='word_1_597' title='bbox 2096 3476 2296 3530; x_wconf 89' lang='lat' dir='ltr'><strong>tionem</strong></span> <span class='ocrx_word' id='word_1_598' title='bbox 2323 3482 2511 3530; x_wconf 88' lang='lat' dir='ltr'><strong>contra</strong></span> <span class='ocrx_word' id='word_1_599' title='bbox 2533 3480 2739 3543; x_wconf 89' lang='lat' dir='ltr'><strong>patrem</strong></span> <span class='ocrx_word' id='word_1_600' title='bbox 2764 3472 2971 3539; x_wconf 91' lang='lat' dir='ltr'><strong>levans,</strong></span> <span class='ocrx_word' id='word_1_601' title='bbox 2988 3480 3227 3537; x_wconf 89' lang='lat' dir='ltr'><strong>secutus,</strong></span> <span class='ocrx_word' id='word_1_602' title='bbox 3242 3472 3434 3527; x_wconf 91' lang='lat' dir='ltr'><strong>merito</strong></span> <span class='ocrx_word' id='word_1_603' title='bbox 3448 3469 3674 3525; x_wconf 88' lang='lat' dir='ltr'><strong>interiit.</strong></span> 
     </span>
    </p>
   </div>
   <div class='ocr_carea' id='block_1_82' title="bbox 2096 3560 3669 3630">
    <p class='ocr_par' dir='ltr' id='par_1_82' title="bbox 2096 3560 3669 3630">
     <span class='ocr_line' id='line_1_82' title="bbox 2096 3560 3669 3630; baseline -0.004 -11"><span class='ocrx_word' id='word_1_604' title='bbox 2096 3565 2323 3620; x_wconf 90' lang='lat' dir='ltr'><strong>Proinde</strong></span> <span class='ocrx_word' id='word_1_605' title='bbox 2356 3564 2639 3619; x_wconf 87' lang='lat' dir='ltr'><strong>Psalmista</strong></span> <span class='ocrx_word' id='word_1_606' title='bbox 2669 3563 2945 3619; x_wconf 90' lang='lat' dir='ltr'><strong>auditores</strong></span> <span class='ocrx_word' id='word_1_607' title='bbox 2970 3574 3095 3618; x_wconf 87' lang='lat' dir='ltr'><strong>suos</strong></span> <span class='ocrx_word' id='word_1_608' title='bbox 3131 3560 3425 3630; x_wconf 89' lang='lat' dir='ltr'><strong>compescit</strong></span> <span class='ocrx_word' id='word_1_609' title='bbox 3446 3560 3631 3614; x_wconf 87' lang='lat' dir='ltr'><strong>dicens</strong></span> <span class='ocrx_word' id='word_1_610' title='bbox 3656 3575 3669 3611; x_wconf 93' lang='lat'><strong>:</strong></span> 
     </span>
    </p>
   </div>
   <div class='ocr_carea' id='block_1_83' title="bbox 2096 3653 3670 3726">
    <p class='ocr_par' dir='ltr' id='par_1_83' title="bbox 2096 3653 3670 3726">
     <span class='ocr_line' id='line_1_83' title="bbox 2096 3653 3670 3726; baseline -0.004 -17"><span class='ocrx_word' id='word_1_611' title='bbox 2096 3655 2275 3711; x_wconf 87' lang='lat' dir='ltr'><strong>Nolite</strong></span> <span class='ocrx_word' id='word_1_612' title='bbox 2320 3656 2437 3724; x_wconf 84' lang='lat' dir='ltr'><strong>ﬁeri</strong></span> <span class='ocrx_word' id='word_1_613' title='bbox 2463 3656 2596 3710; x_wconf 87' lang='lat' dir='ltr'><strong>sicut</strong></span> <span class='ocrx_word' id='word_1_614' title='bbox 2640 3672 2801 3726; x_wconf 89' lang='lat' dir='ltr'><strong>equus</strong></span> <span class='ocrx_word' id='word_1_615' title='bbox 2827 3664 2876 3709; x_wconf 85' lang='lat' dir='ltr'><strong>et</strong></span> <span class='ocrx_word' id='word_1_616' title='bbox 2906 3655 3101 3719; x_wconf 92' lang='lat' dir='ltr'><strong>mulus,</strong></span> <span class='ocrx_word' id='word_1_617' title='bbox 3148 3654 3203 3707; x_wconf 88' lang='lat' dir='ltr'><strong>in</strong></span> <span class='ocrx_word' id='word_1_618' title='bbox 3229 3653 3419 3723; x_wconf 79' lang='lat' dir='ltr'><strong>quibus</strong></span> <span class='ocrx_word' id='word_1_619' title='bbox 3464 3667 3565 3706; x_wconf 84' lang='lat' dir='ltr'><strong>non</strong></span> <span class='ocrx_word' id='word_1_620' title='bbox 3595 3659 3670 3704; x_wconf 85' lang='lat' dir='ltr'><strong>est</strong></span> 
     </span>
    </p>
   </div>
   <div class='ocr_carea' id='block_1_84' title="bbox 2090 3741 3671 3812">
    <p class='ocr_par' dir='ltr' id='par_1_84' title="bbox 2090 3741 3671 3812">
     <span class='ocr_line' id='line_1_84' title="bbox 2090 3741 3671 3812; baseline -0.003 -15"><span class='ocrx_word' id='word_1_621' title='bbox 2090 3744 2400 3799; x_wconf 84' lang='lat' dir='ltr'><strong>intellectus.</strong></span> <span class='ocrx_word' id='word_1_622' title='bbox 2443 3743 2512 3797; x_wconf 77' lang='lat' dir='ltr'><strong>In</strong></span> <span class='ocrx_word' id='word_1_623' title='bbox 2555 3759 2703 3797; x_wconf 86' lang='lat' dir='ltr'><strong>camo</strong></span> <span class='ocrx_word' id='word_1_624' title='bbox 2737 3752 2787 3798; x_wconf 86' lang='lat' dir='ltr'><strong>et</strong></span> <span class='ocrx_word' id='word_1_625' title='bbox 2834 3743 2981 3812; x_wconf 80' lang='lat' dir='ltr'><strong>freno</strong></span> <span class='ocrx_word' id='word_1_626' title='bbox 3023 3741 3269 3796; x_wconf 74' lang='lat' dir='ltr'><strong>maxillas</strong></span> <span class='ocrx_word' id='word_1_627' title='bbox 3318 3757 3498 3795; x_wconf 90' lang='lat' dir='ltr'><strong>eorum</strong></span> <span class='ocrx_word' id='word_1_628' title='bbox 3544 3756 3671 3794; x_wconf 82' lang='lat' dir='ltr'><strong>con-</strong></span> 
     </span>
    </p>
   </div>
   <div class='ocr_carea' id='block_1_85' title="bbox 2090 3826 3671 3903">
    <p class='ocr_par' dir='ltr' id='par_1_85' title="bbox 2090 3826 3671 3903">
     <span class='ocr_line' id='line_1_85' title="bbox 2090 3826 3671 3903; baseline -0.004 -16"><span class='ocrx_word' id='word_1_629' title='bbox 2090 3835 2283 3903; x_wconf 84' lang='lat' dir='ltr'><strong>stringe</strong></span> <span class='ocrx_word' id='word_1_630' title='bbox 2309 3830 2480 3903; x_wconf 87' lang='lat' dir='ltr'><strong>(Psal.</strong></span> <span class='ocrx_word' id='word_1_631' title='bbox 2507 3831 2679 3901; x_wconf 75' lang='lat' dir='ltr'><strong>uxr).</strong></span> <span class='ocrx_word' id='word_1_632' title='bbox 2717 3830 2971 3885; x_wconf 87' lang='lat' dir='ltr'><strong>Prohibet</strong></span> <span class='ocrx_word' id='word_1_633' title='bbox 3002 3844 3129 3901; x_wconf 90' lang='lat' dir='ltr'><strong>ergo</strong></span> <span class='ocrx_word' id='word_1_634' title='bbox 3174 3826 3542 3896; x_wconf 88' lang='lat' dir='ltr'><strong>hujuscemodi</strong></span> <span class='ocrx_word' id='word_1_635' title='bbox 3567 3827 3671 3883; x_wconf 86' lang='lat' dir='ltr'><strong>ho-</strong></span> 
     </span>
    </p>
   </div>
   <div class='ocr_carea' id='block_1_86' title="bbox 2091 3919 3669 3985">
    <p class='ocr_par' dir='ltr' id='par_1_86' title="bbox 2091 3919 3669 3985">
     <span class='ocr_line' id='line_1_86' title="bbox 2091 3919 3669 3985; baseline -0.003 -7"><span class='ocrx_word' id='word_1_636' title='bbox 2091 3925 2261 3979; x_wconf 86' lang='lat' dir='ltr'><strong>mines</strong></span> <span class='ocrx_word' id='word_1_637' title='bbox 2285 3923 2567 3977; x_wconf 89' lang='lat' dir='ltr'><strong>diabolicis</strong></span> <span class='ocrx_word' id='word_1_638' title='bbox 2589 3921 2867 3977; x_wconf 79' lang='lat' dir='ltr'><strong>fraudibus</strong></span> <span class='ocrx_word' id='word_1_639' title='bbox 2894 3920 3139 3985; x_wconf 91' lang='lat' dir='ltr'><strong>insideri,</strong></span> <span class='ocrx_word' id='word_1_640' title='bbox 3171 3926 3225 3974; x_wconf 90' lang='lat' dir='ltr'><strong>et</strong></span> <span class='ocrx_word' id='word_1_641' title='bbox 3257 3919 3510 3973; x_wconf 87' lang='lat' dir='ltr'><strong>vitiorum</strong></span> <span class='ocrx_word' id='word_1_642' title='bbox 3531 3932 3669 3974; x_wconf 87' lang='lat' dir='ltr'><strong>one-</strong></span> 
     </span>
    </p>
   </div>
   <div class='ocr_carea' id='block_1_87' title="bbox 2091 4011 3669 4088">
    <p class='ocr_par' dir='ltr' id='par_1_87' title="bbox 2091 4011 3669 4088">
     <span class='ocr_line' id='line_1_87' title="bbox 2091 4011 3669 4088; baseline -0.003 -16"><span class='ocrx_word' id='word_1_643' title='bbox 2091 4019 2239 4073; x_wconf 90' lang='lat' dir='ltr'><strong>ribus</strong></span> <span class='ocrx_word' id='word_1_644' title='bbox 2289 4017 2614 4088; x_wconf 82' lang='lat' dir='ltr'><strong>praegravari</strong></span> <span class='ocrx_word' id='word_1_645' title='bbox 2667 4034 2680 4070; x_wconf 92' lang='lat'><strong>:</strong></span> <span class='ocrx_word' id='word_1_646' title='bbox 2736 4031 2804 4070; x_wconf 92' lang='lat' dir='ltr'><strong>ne</strong></span> <span class='ocrx_word' id='word_1_647' title='bbox 2854 4015 2996 4070; x_wconf 92' lang='lat' dir='ltr'><strong>male</strong></span> <span class='ocrx_word' id='word_1_648' title='bbox 3046 4012 3345 4069; x_wconf 90' lang='lat' dir='ltr'><strong>obediendo</strong></span> <span class='ocrx_word' id='word_1_649' title='bbox 3404 4011 3669 4081; x_wconf 70' lang='lat' dir='ltr'><strong>superbia</strong></span> 
     </span>
    </p>
   </div>
   <div class='ocr_carea' id='block_1_88' title="bbox 2090 4093 3669 4180">
    <p class='ocr_par' dir='ltr' id='par_1_88' title="bbox 2090 4093 3669 4180">
     <span class='ocr_line' id='line_1_88' title="bbox 2090 4093 3669 4180; baseline -0.006 -14"><span class='ocrx_word' id='word_1_650' title='bbox 2090 4093 2259 4180; x_wconf 83' lang='lat' dir='ltr'><strong>magis</strong></span> <span class='ocrx_word' id='word_1_651' title='bbox 2290 4110 2533 4179; x_wconf 87' lang='lat' dir='ltr'><strong>partibus</strong></span> <span class='ocrx_word' id='word_1_652' title='bbox 2562 4108 2902 4163; x_wconf 74' lang='lat' dir='ltr'><strong>addicuntur.</strong></span> <span class='ocrx_word' id='word_1_653' title='bbox 2936 4105 3135 4161; x_wconf 82' lang='lat' dir='ltr'><strong>Verum</strong></span> <span class='ocrx_word' id='word_1_654' title='bbox 3173 4105 3293 4159; x_wconf 91' lang='lat' dir='ltr'><strong>istis</strong></span> <span class='ocrx_word' id='word_1_655' title='bbox 3319 4102 3513 4158; x_wconf 89' lang='lat' dir='ltr'><strong>talibus</strong></span> <span class='ocrx_word' id='word_1_656' title='bbox 3539 4102 3669 4172; x_wconf 90' lang='lat' dir='ltr'><strong>quid</strong></span> 
     </span>
    </p>
   </div>
   <div class='ocr_carea' id='block_1_89' title="bbox 2090 4192 3666 4262">
    <p class='ocr_par' dir='ltr' id='par_1_89' title="bbox 2090 4192 3666 4262">
     <span class='ocr_line' id='line_1_89' title="bbox 2090 4192 3666 4262; baseline -0.004 -8"><span class='ocrx_word' id='word_1_657' title='bbox 2090 4200 2219 4254; x_wconf 89' lang='lat' dir='ltr'><strong>dicit</strong></span> <span class='ocrx_word' id='word_1_658' title='bbox 2245 4213 2365 4253; x_wconf 91' lang='lat' dir='ltr'><strong>esse</strong></span> <span class='ocrx_word' id='word_1_659' title='bbox 2390 4197 2694 4253; x_wconf 74' lang='lat' dir='ltr'><strong>faciendum</strong></span> <span class='ocrx_word' id='word_1_660' title='bbox 2719 4196 2742 4249; x_wconf 86' lang='lat'><strong>?</strong></span> <span class='ocrx_word' id='word_1_661' title='bbox 2783 4194 2989 4250; x_wconf 86' lang='lat' dir='ltr'><strong>scilicet</strong></span> <span class='ocrx_word' id='word_1_662' title='bbox 3020 4194 3163 4262; x_wconf 92' lang='lat' dir='ltr'><strong>quod</strong></span> <span class='ocrx_word' id='word_1_663' title='bbox 3208 4192 3531 4247; x_wconf 88' lang='lat' dir='ltr'><strong>animalibus</strong></span> <span class='ocrx_word' id='word_1_664' title='bbox 3561 4192 3666 4247; x_wconf 88' lang='lat' dir='ltr'><strong>im-</strong></span> 
     </span>
    </p>
   </div>
   <div class='ocr_carea' id='block_1_90' title="bbox 2086 4282 3667 4359">
    <p class='ocr_par' dir='ltr' id='par_1_90' title="bbox 2086 4282 3667 4359">
     <span class='ocr_line' id='line_1_90' title="bbox 2086 4282 3667 4359; baseline -0.003 -18"><span class='ocrx_word' id='word_1_665' title='bbox 2086 4287 2461 4359; x_wconf 88' lang='lat' dir='ltr'><strong>prudentibus.</strong></span> <span class='ocrx_word' id='word_1_666' title='bbox 2494 4285 2590 4341; x_wconf 84' lang='lat' dir='ltr'><strong>His</strong></span> <span class='ocrx_word' id='word_1_667' title='bbox 2624 4285 2767 4340; x_wconf 86' lang='lat' dir='ltr'><strong>enim</strong></span> <span class='ocrx_word' id='word_1_668' title='bbox 2804 4283 3299 4354; x_wconf 86' lang='lat' dir='ltr'><strong>comparationibus</strong></span> <span class='ocrx_word' id='word_1_669' title='bbox 3348 4283 3542 4337; x_wconf 89' lang='lat' dir='ltr'><strong>stultos</strong></span> <span class='ocrx_word' id='word_1_670' title='bbox 3570 4282 3667 4337; x_wconf 89' lang='lat' dir='ltr'><strong>ho-</strong></span> 
     </span>
    </p>
   </div>
   <div class='ocr_carea' id='block_1_91' title="bbox 396 4364 1998 4457">
    <p class='ocr_par' dir='ltr' id='par_1_91' title="bbox 396 4364 1985 4457">
     <span class='ocr_line' id='line_1_91' title="bbox 396 4364 1985 4457; baseline 0.002 -18"><span class='ocrx_word' id='word_1_671' title='bbox 396 4386 679 4440; x_wconf 86' lang='lat' dir='ltr'><strong>hominum</strong></span> <span class='ocrx_word' id='word_1_672' title='bbox 704 4364 1119 4440; x_wconf 86' lang='lat' dir='ltr'><strong>unanimitatem</strong></span> <span class='ocrx_word' id='word_1_673' title='bbox 1146 4387 1374 4457; x_wconf 87' lang='lat' dir='ltr'><strong>mystice</strong></span> <span class='ocrx_word' id='word_1_674' title='bbox 1399 4387 1667 4456; x_wconf 81' lang='lat' dir='ltr'><strong>designat,</strong></span> <span class='ocrx_word' id='word_1_675' title='bbox 1708 4388 1762 4441; x_wconf 93' lang='lat' dir='ltr'><strong>in</strong></span> <span class='ocrx_word' id='word_1_676' title='bbox 1789 4388 1985 4456; x_wconf 88' lang='lat' dir='ltr'><strong>quibus</strong></span> 
     </span>
    </p>
   </div>
   <div class='ocr_carea' id='block_1_92' title="bbox 2101 4364 3664 4457">
    <p class='ocr_par' dir='ltr' id='par_1_92' title="bbox 2101 4364 3664 4444">
     <span class='ocr_line' id='line_1_92' title="bbox 2101 4364 3664 4444; baseline -0.004 -11"><span class='ocrx_word' id='word_1_677' title='bbox 2101 4380 2261 4433; x_wconf 89' lang='lat' dir='ltr'><strong>mines</strong></span> <span class='ocrx_word' id='word_1_678' title='bbox 2287 4378 2505 4433; x_wconf 89' lang='lat' dir='ltr'><strong>veritati</strong></span> <span class='ocrx_word' id='word_1_679' title='bbox 2554 4375 2791 4444; x_wconf 76' lang='lat' dir='ltr'><strong>subiicit.</strong></span> <span class='ocrx_word' id='word_1_680' title='bbox 2820 4375 2954 4429; x_wconf 88' lang='lat' dir='ltr'><strong>Nam</strong></span> <span class='ocrx_word' id='word_1_681' title='bbox 2984 4374 3125 4444; x_wconf 93' lang='lat' dir='ltr'><strong>quod</strong></span> <span class='ocrx_word' id='word_1_682' title='bbox 3180 4364 3275 4437; x_wconf 87' lang='lat' dir='ltr'><strong>ait,</strong></span> <span class='ocrx_word' id='word_1_683' title='bbox 3303 4373 3358 4426; x_wconf 88' lang='lat' dir='ltr'><strong>in</strong></span> <span class='ocrx_word' id='word_1_684' title='bbox 3390 4373 3561 4441; x_wconf 79' lang='lat' dir='ltr'><strong>freno,</strong></span> <span class='ocrx_word' id='word_1_685' title='bbox 3598 4372 3664 4427; x_wconf 89' lang='lat' dir='ltr'><strong>ad</strong></span> 
     </span>
    </p>
   </div>
   <div class='ocr_carea' id='block_1_93' title="bbox 399 4472 1983 4545">
    <p class='ocr_par' dir='ltr' id='par_1_93' title="bbox 399 4472 1983 4545">
     <span class='ocr_line' id='line_1_93' title="bbox 399 4472 1983 4545; baseline 0 -16"><span class='ocrx_word' id='word_1_686' title='bbox 399 4474 660 4529; x_wconf 86' lang='lat' dir='ltr'><strong>Dominus</strong></span> <span class='ocrx_word' id='word_1_687' title='bbox 694 4472 989 4528; x_wconf 87' lang='lat' dir='ltr'><strong>voluntatis</strong></span> <span class='ocrx_word' id='word_1_688' title='bbox 1038 4490 1149 4530; x_wconf 65' lang='lat' dir='ltr'><strong>sua:</strong></span> <span class='ocrx_word' id='word_1_689' title='bbox 1189 4476 1430 4545; x_wconf 89' lang='lat' dir='ltr'><strong>regimen</strong></span> <span class='ocrx_word' id='word_1_690' title='bbox 1461 4482 1699 4529; x_wconf 79' lang='lat' dir='ltr'><strong>exercet.</strong></span> <span class='ocrx_word' id='word_1_691' title='bbox 1742 4475 1894 4531; x_wconf 90' lang='lat' dir='ltr'><strong>Unde</strong></span> <span class='ocrx_word' id='word_1_692' title='bbox 1928 4477 1983 4530; x_wconf 90' lang='lat' dir='ltr'><strong>in</strong></span> 
     </span>
    </p>
   </div>
   <div class='ocr_carea' id='block_1_94' title="bbox 397 4564 1981 4638">
    <p class='ocr_par' dir='ltr' id='par_1_94' title="bbox 397 4564 1981 4638">
     <span class='ocr_line' id='line_1_94' title="bbox 397 4564 1981 4638; baseline -0.003 -16"><span class='ocrx_word' id='word_1_693' title='bbox 397 4580 561 4622; x_wconf 87' lang='lat' dir='ltr'><strong>curru</strong></span> <span class='ocrx_word' id='word_1_694' title='bbox 605 4568 766 4637; x_wconf 87' lang='lat' dir='ltr'><strong>igneo</strong></span> <span class='ocrx_word' id='word_1_695' title='bbox 825 4567 1022 4638; x_wconf 87' lang='lat' dir='ltr'><strong>legitur</strong></span> <span class='ocrx_word' id='word_1_696' title='bbox 1060 4566 1207 4622; x_wconf 89' lang='lat' dir='ltr'><strong>Elias</strong></span> <span class='ocrx_word' id='word_1_697' title='bbox 1242 4567 1488 4622; x_wconf 88' lang='lat' dir='ltr'><strong>sublatus</strong></span> <span class='ocrx_word' id='word_1_698' title='bbox 1545 4568 1598 4622; x_wconf 92' lang='lat' dir='ltr'><strong>in</strong></span> <span class='ocrx_word' id='word_1_699' title='bbox 1631 4566 1826 4622; x_wconf 63' lang='lat' dir='ltr'><strong>coelum</strong></span> <span class='ocrx_word' id='word_1_700' title='bbox 1874 4564 1981 4637; x_wconf 85' lang='lat' dir='ltr'><strong>(IV</strong></span> 
     </span>
    </p>
   </div>
   <div class='ocr_carea' id='block_1_95' title="bbox 401 4655 1984 4729">
    <p class='ocr_par' dir='ltr' id='par_1_95' title="bbox 401 4655 1984 4729">
     <span class='ocr_line' id='line_1_95' title="bbox 401 4655 1984 4729; baseline 0.001 -18"><span class='ocrx_word' id='word_1_701' title='bbox 401 4655 529 4728; x_wconf 85' lang='lat' dir='ltr'><strong>Reg.</strong></span> <span class='ocrx_word' id='word_1_702' title='bbox 561 4659 624 4729; x_wconf 86' lang='grc' dir='ltr'><strong>ιι)</strong></span> <span class='ocrx_word' id='word_1_703' title='bbox 654 4677 666 4711; x_wconf 89' lang='lat'><strong>:</strong></span> <span class='ocrx_word' id='word_1_704' title='bbox 696 4667 755 4712; x_wconf 91' lang='lat' dir='ltr'><strong>ut</strong></span> <span class='ocrx_word' id='word_1_705' title='bbox 776 4658 1027 4714; x_wconf 86' lang='lat' dir='ltr'><strong>videlicet</strong></span> <span class='ocrx_word' id='word_1_706' title='bbox 1052 4666 1240 4728; x_wconf 87' lang='lat' dir='ltr'><strong>aperte</strong></span> <span class='ocrx_word' id='word_1_707' title='bbox 1285 4666 1701 4723; x_wconf 89' lang='lat' dir='ltr'><strong>monstraretur,</strong></span> <span class='ocrx_word' id='word_1_708' title='bbox 1733 4657 1858 4728; x_wconf 88' lang='lat' dir='ltr'><strong>quia</strong></span> <span class='ocrx_word' id='word_1_709' title='bbox 1888 4657 1984 4712; x_wconf 93' lang='lat' dir='ltr'><strong>ho-</strong></span> 
     </span>
    </p>
   </div>
   <div class='ocr_carea' id='block_1_96' title="bbox 398 4748 1982 4820">
    <p class='ocr_par' dir='ltr' id='par_1_96' title="bbox 398 4748 1982 4820">
     <span class='ocr_line' id='line_1_96' title="bbox 398 4748 1982 4820; baseline 0 -19"><span class='ocrx_word' id='word_1_710' title='bbox 398 4764 486 4802; x_wconf 91' lang='lat' dir='ltr'><strong>mo</strong></span> <span class='ocrx_word' id='word_1_711' title='bbox 506 4765 676 4819; x_wconf 91' lang='lat' dir='ltr'><strong>purus</strong></span> <span class='ocrx_word' id='word_1_712' title='bbox 702 4749 970 4817; x_wconf 82' lang='lat' dir='ltr'><strong>adjutorio</strong></span> <span class='ocrx_word' id='word_1_713' title='bbox 994 4750 1189 4819; x_wconf 89' lang='lat' dir='ltr'><strong>egebat</strong></span> <span class='ocrx_word' id='word_1_714' title='bbox 1211 4748 1405 4803; x_wconf 90' lang='lat' dir='ltr'><strong>alieno.</strong></span> <span class='ocrx_word' id='word_1_715' title='bbox 1433 4748 1537 4803; x_wconf 92' lang='lat' dir='ltr'><strong>Per</strong></span> <span class='ocrx_word' id='word_1_716' title='bbox 1552 4748 1771 4820; x_wconf 91' lang='lat' dir='ltr'><strong>angelos</strong></span> <span class='ocrx_word' id='word_1_717' title='bbox 1787 4748 1982 4817; x_wconf 88' lang='lat' dir='ltr'><strong>quippe</strong></span> 
     </span>
    </p>
   </div>
   <div class='ocr_carea' id='block_1_97' title="bbox 404 4834 1982 4907">
    <p class='ocr_par' dir='ltr' id='par_1_97' title="bbox 404 4834 1982 4907">
     <span class='ocr_line' id='line_1_97' title="bbox 404 4834 1982 4907; baseline 0.001 -19"><span class='ocrx_word' id='word_1_718' title='bbox 404 4835 545 4889; x_wconf 84' lang='lat' dir='ltr'><strong>facta</strong></span> <span class='ocrx_word' id='word_1_719' title='bbox 575 4837 665 4890; x_wconf 89' lang='lat' dir='ltr'><strong>illa</strong></span> <span class='ocrx_word' id='word_1_720' title='bbox 687 4846 743 4892; x_wconf 83' lang='lat' dir='ltr'><strong>et</strong></span> <span class='ocrx_word' id='word_1_721' title='bbox 796 4846 1015 4893; x_wconf 90' lang='lat' dir='ltr'><strong>ostensa</strong></span> <span class='ocrx_word' id='word_1_722' title='bbox 1063 4846 1189 4891; x_wconf 90' lang='lat' dir='ltr'><strong>sunt</strong></span> <span class='ocrx_word' id='word_1_723' title='bbox 1233 4836 1546 4907; x_wconf 87' lang='lat' dir='ltr'><strong>adjumenta</strong></span> <span class='ocrx_word' id='word_1_724' title='bbox 1578 4855 1590 4890; x_wconf 91' lang='lat'>:</span> <span class='ocrx_word' id='word_1_725' title='bbox 1625 4836 1751 4905; x_wconf 89' lang='lat' dir='ltr'><strong>quia</strong></span> <span class='ocrx_word' id='word_1_726' title='bbox 1787 4849 1887 4890; x_wconf 90' lang='lat' dir='ltr'><strong>nec</strong></span> <span class='ocrx_word' id='word_1_727' title='bbox 1914 4834 1982 4890; x_wconf 91' lang='lat' dir='ltr'><strong>ad</strong></span> 
     </span>
    </p>
   </div>
   <div class='ocr_carea' id='block_1_98' title="bbox 397 4924 1979 4997">
    <p class='ocr_par' dir='ltr' id='par_1_98' title="bbox 397 4924 1979 4997">
     <span class='ocr_line' id='line_1_98' title="bbox 397 4924 1979 4997; baseline 0 -18"><span class='ocrx_word' id='word_1_728' title='bbox 397 4924 594 4979; x_wconf 78' lang='lat' dir='ltr'><strong>cmlum</strong></span> <span class='ocrx_word' id='word_1_729' title='bbox 634 4927 850 4994; x_wconf 88' lang='lat' dir='ltr'><strong>quidem</strong></span> <span class='ocrx_word' id='word_1_730' title='bbox 911 4940 1131 4981; x_wconf 89' lang='lat' dir='ltr'><strong>aereum</strong></span> <span class='ocrx_word' id='word_1_731' title='bbox 1163 4940 1259 4997; x_wconf 91' lang='lat' dir='ltr'><strong>per</strong></span> <span class='ocrx_word' id='word_1_732' title='bbox 1316 4940 1377 4981; x_wconf 90' lang='lat' dir='ltr'><strong>se</strong></span> <span class='ocrx_word' id='word_1_733' title='bbox 1432 4927 1724 4982; x_wconf 89' lang='lat' dir='ltr'><strong>ascendere</strong></span> <span class='ocrx_word' id='word_1_734' title='bbox 1784 4924 1979 4997; x_wconf 90' lang='lat' dir='ltr'><strong>potuit,</strong></span> 
     </span>
    </p>
   </div>
   <div class='ocr_carea' id='block_1_99' title="bbox 396 5016 1982 5086">
    <p class='ocr_par' dir='ltr' id='par_1_99' title="bbox 396 5016 1982 5086">
     <span class='ocr_line' id='line_1_99' title="bbox 396 5016 1982 5086; baseline 0.002 -19"><span class='ocrx_word' id='word_1_735' title='bbox 396 5029 557 5084; x_wconf 88' lang='lat' dir='ltr'><strong>quem</strong></span> <span class='ocrx_word' id='word_1_736' title='bbox 588 5024 797 5069; x_wconf 74' lang='lat' dir='ltr'><strong>natura:</strong></span> <span class='ocrx_word' id='word_1_737' title='bbox 832 5030 943 5069; x_wconf 69' lang='lat' dir='ltr'><strong>sua:</strong></span> <span class='ocrx_word' id='word_1_738' title='bbox 972 5016 1259 5070; x_wconf 87' lang='lat' dir='ltr'><strong>inﬁrmitas</strong></span> <span class='ocrx_word' id='word_1_739' title='bbox 1305 5018 1591 5086; x_wconf 89' lang='lat' dir='ltr'><strong>gravabat,</strong></span> <span class='ocrx_word' id='word_1_740' title='bbox 1652 5016 1982 5086; x_wconf 84' lang='lat' dir='ltr'><strong>Redemptor</strong></span> 
     </span>
    </p>
   </div>
   <div class='ocr_carea' id='block_1_100' title="bbox 398 5104 1975 5176">
    <p class='ocr_par' dir='ltr' id='par_1_100' title="bbox 398 5104 1975 5176">
     <span class='ocr_line' id='line_1_100' title="bbox 398 5104 1975 5176; baseline 0.001 -18"><span class='ocrx_word' id='word_1_741' title='bbox 398 5112 577 5160; x_wconf 89' lang='lat' dir='ltr'><strong>autem</strong></span> <span class='ocrx_word' id='word_1_742' title='bbox 616 5113 803 5160; x_wconf 88' lang='lat' dir='ltr'><strong>noster</strong></span> <span class='ocrx_word' id='word_1_743' title='bbox 833 5120 939 5161; x_wconf 92' lang='lat' dir='ltr'><strong>non</strong></span> <span class='ocrx_word' id='word_1_744' title='bbox 965 5120 1150 5170; x_wconf 90' lang='lat' dir='ltr'><strong>curru,</strong></span> <span class='ocrx_word' id='word_1_745' title='bbox 1194 5120 1301 5160; x_wconf 91' lang='lat' dir='ltr'><strong>non</strong></span> <span class='ocrx_word' id='word_1_746' title='bbox 1323 5104 1533 5176; x_wconf 89' lang='lat' dir='ltr'><strong>angelis</strong></span> <span class='ocrx_word' id='word_1_747' title='bbox 1557 5104 1867 5161; x_wconf 88' lang='lat' dir='ltr'><strong>sublevatus</strong></span> <span class='ocrx_word' id='word_1_748' title='bbox 1898 5105 1975 5160; x_wconf 91' lang='lat' dir='ltr'><strong>le-</strong></span> 
     </span>
    </p>
   </div>
   <div class='ocr_carea' id='block_1_101' title="bbox 395 5192 1978 5265">
    <p class='ocr_par' dir='ltr' id='par_1_101' title="bbox 395 5192 1978 5265">
     <span class='ocr_line' id='line_1_101' title="bbox 395 5192 1978 5265; baseline 0.001 -18"><span class='ocrx_word' id='word_1_749' title='bbox 395 5195 581 5262; x_wconf 90' lang='lat' dir='ltr'><strong>gitur:</strong></span> <span class='ocrx_word' id='word_1_750' title='bbox 614 5194 738 5265; x_wconf 89' lang='lat' dir='ltr'><strong>quia</strong></span> <span class='ocrx_word' id='word_1_751' title='bbox 772 5196 817 5250; x_wconf 91' lang='lat' dir='ltr'><strong>is</strong></span> <span class='ocrx_word' id='word_1_752' title='bbox 862 5193 955 5263; x_wconf 90' lang='lat' dir='ltr'><strong>qui</strong></span> <span class='ocrx_word' id='word_1_753' title='bbox 992 5192 1197 5249; x_wconf 80' lang='lat' dir='ltr'><strong>fecerat</strong></span> <span class='ocrx_word' id='word_1_754' title='bbox 1251 5194 1455 5257; x_wconf 91' lang='lat' dir='ltr'><strong>omnia,</strong></span> <span class='ocrx_word' id='word_1_755' title='bbox 1512 5194 1766 5249; x_wconf 90' lang='lat' dir='ltr'><strong>nimirum</strong></span> <span class='ocrx_word' id='word_1_756' title='bbox 1815 5208 1978 5264; x_wconf 89' lang='lat' dir='ltr'><strong>super</strong></span> 
     </span>
    </p>
   </div>
   <div class='ocr_carea' id='block_1_102' title="bbox 393 5283 1978 5343">
    <p class='ocr_par' dir='ltr' id='par_1_102' title="bbox 393 5283 1978 5343">
     <span class='ocr_line' id='line_1_102' title="bbox 393 5283 1978 5343; baseline 0.001 -4"><span class='ocrx_word' id='word_1_757' title='bbox 393 5287 576 5341; x_wconf 90' lang='lat' dir='ltr'><strong>omnia</strong></span> <span class='ocrx_word' id='word_1_758' title='bbox 606 5302 703 5343; x_wconf 90' lang='lat' dir='ltr'><strong>sua</strong></span> <span class='ocrx_word' id='word_1_759' title='bbox 732 5287 938 5343; x_wconf 88' lang='lat' dir='ltr'><strong>virtute</strong></span> <span class='ocrx_word' id='word_1_760' title='bbox 970 5283 1266 5342; x_wconf 72' lang='lat' dir='ltr'><strong>ferebatur.</strong></span> <span class='ocrx_word' id='word_1_761' title='bbox 1316 5287 1444 5341; x_wconf 88' lang='lat' dir='ltr'><strong>illuc</strong></span> <span class='ocrx_word' id='word_1_762' title='bbox 1473 5286 1617 5341; x_wconf 90' lang='lat' dir='ltr'><strong>enim</strong></span> <span class='ocrx_word' id='word_1_763' title='bbox 1666 5286 1978 5341; x_wconf 88' lang='lat' dir='ltr'><strong>reverteba-</strong></span> 
     </span>
    </p>
   </div>
   <div class='ocr_carea' id='block_1_103' title="bbox 392 5377 1976 5446">
    <p class='ocr_par' dir='ltr' id='par_1_103' title="bbox 392 5377 1976 5446">
     <span class='ocr_line' id='line_1_103' title="bbox 392 5377 1976 5446; baseline -0.001 -15"><span class='ocrx_word' id='word_1_764' title='bbox 392 5384 488 5433; x_wconf 90' lang='lat' dir='ltr'><strong>tur</strong></span> <span class='ocrx_word' id='word_1_765' title='bbox 512 5378 603 5432; x_wconf 90' lang='lat' dir='ltr'><strong>ubi</strong></span> <span class='ocrx_word' id='word_1_766' title='bbox 648 5388 766 5433; x_wconf 88' lang='lat' dir='ltr'><strong>erat</strong></span> <span class='ocrx_word' id='word_1_767' title='bbox 790 5395 807 5443; x_wconf 85' lang='lat'><strong>;</strong></span> <span class='ocrx_word' id='word_1_768' title='bbox 835 5386 893 5435; x_wconf 90' lang='lat' dir='ltr'><strong>et</strong></span> <span class='ocrx_word' id='word_1_769' title='bbox 937 5378 1064 5433; x_wconf 91' lang='lat' dir='ltr'><strong>inde</strong></span> <span class='ocrx_word' id='word_1_770' title='bbox 1102 5377 1312 5433; x_wconf 85' lang='lat' dir='ltr'><strong>redibat</strong></span> <span class='ocrx_word' id='word_1_771' title='bbox 1338 5379 1431 5432; x_wconf 89' lang='lat' dir='ltr'><strong>ubi</strong></span> <span class='ocrx_word' id='word_1_772' title='bbox 1466 5378 1818 5432; x_wconf 90' lang='lat' dir='ltr'><strong>remanebat:</strong></span> <span class='ocrx_word' id='word_1_773' title='bbox 1850 5377 1976 5446; x_wconf 83' lang='lat' dir='ltr'><strong>quia</strong></span> 
     </span>
    </p>
   </div>
   <div class='ocr_carea' id='block_1_104' title="bbox 394 5468 1976 5538">
    <p class='ocr_par' dir='ltr' id='par_1_104' title="bbox 394 5468 1976 5538">
     <span class='ocr_line' id='line_1_104' title="bbox 394 5468 1976 5538; baseline 0.001 -17"><span class='ocrx_word' id='word_1_774' title='bbox 394 5468 486 5538; x_wconf 88' lang='lat' dir='ltr'><strong>qui</strong></span> <span class='ocrx_word' id='word_1_775' title='bbox 510 5483 608 5538; x_wconf 76' lang='lat' dir='ltr'><strong>per</strong></span> <span class='ocrx_word' id='word_1_776' title='bbox 656 5468 1051 5523; x_wconf 78' lang='lat' dir='ltr'><strong>humanitatem</strong></span> <span class='ocrx_word' id='word_1_777' title='bbox 1080 5468 1406 5524; x_wconf 87' lang='lat' dir='ltr'><strong>ascendebat</strong></span> <span class='ocrx_word' id='word_1_778' title='bbox 1439 5468 1490 5522; x_wconf 93' lang='lat' dir='ltr'><strong>in</strong></span> <span class='ocrx_word' id='word_1_779' title='bbox 1521 5468 1739 5533; x_wconf 85' lang='lat' dir='ltr'><strong>coelum,</strong></span> <span class='ocrx_word' id='word_1_780' title='bbox 1771 5482 1867 5537; x_wconf 90' lang='lat' dir='ltr'><strong>per</strong></span> <span class='ocrx_word' id='word_1_781' title='bbox 1897 5468 1976 5523; x_wconf 87' lang='lat' dir='ltr'><strong>di-</strong></span> 
     </span>
    </p>
   </div>
   <div class='ocr_carea' id='block_1_105' title="bbox 393 5556 1973 5627">
    <p class='ocr_par' dir='ltr' id='par_1_105' title="bbox 393 5556 1973 5627">
     <span class='ocr_line' id='line_1_105' title="bbox 393 5556 1973 5627; baseline 0.001 -16"><span class='ocrx_word' id='word_1_782' title='bbox 393 5556 673 5613; x_wconf 86' lang='lat' dir='ltr'><strong>vinitatem</strong></span> <span class='ocrx_word' id='word_1_783' title='bbox 728 5567 784 5614; x_wconf 89' lang='lat' dir='ltr'><strong>ct</strong></span> <span class='ocrx_word' id='word_1_784' title='bbox 823 5567 1023 5613; x_wconf 87' lang='lat' dir='ltr'><strong>terram</strong></span> <span class='ocrx_word' id='word_1_785' title='bbox 1077 5560 1283 5627; x_wconf 78' lang='lat' dir='ltr'><strong>pariter</strong></span> <span class='ocrx_word' id='word_1_786' title='bbox 1311 5560 1624 5614; x_wconf 81' lang='lat' dir='ltr'><strong>continebat</strong></span> <span class='ocrx_word' id='word_1_787' title='bbox 1658 5568 1713 5612; x_wconf 83' lang='lat' dir='ltr'><strong>et</strong></span> <span class='ocrx_word' id='word_1_788' title='bbox 1756 5558 1973 5614; x_wconf 77' lang='lat' dir='ltr'><strong>cmlum.</strong></span> 
     </span>
    </p>
   </div>
   <div class='ocr_carea' id='block_1_106' title="bbox 394 5646 1975 5722">
    <p class='ocr_par' dir='ltr' id='par_1_106' title="bbox 394 5646 1975 5722">
     <span class='ocr_line' id='line_1_106' title="bbox 394 5646 1975 5722; baseline -0.001 -19"><span class='ocrx_word' id='word_1_789' title='bbox 394 5646 525 5703; x_wconf 84' lang='lat' dir='ltr'><strong>Item</strong></span> <span class='ocrx_word' id='word_1_790' title='bbox 576 5648 768 5722; x_wconf 90' lang='lat' dir='ltr'><strong>legitur</strong></span> <span class='ocrx_word' id='word_1_791' title='bbox 799 5650 851 5703; x_wconf 86' lang='lat' dir='ltr'><strong>in</strong></span> <span class='ocrx_word' id='word_1_792' title='bbox 884 5647 1146 5705; x_wconf 85' lang='lat' dir='ltr'><strong>Psalmo:</strong></span> <span class='ocrx_word' id='word_1_793' title='bbox 1206 5648 1403 5701; x_wconf 72' lang='lat' dir='ltr'><strong>Curras</strong></span> <span class='ocrx_word' id='word_1_794' title='bbox 1448 5649 1541 5701; x_wconf 74' lang='lat' dir='ltr'><strong>Dei</strong></span> <span class='ocrx_word' id='word_1_795' title='bbox 1591 5650 1761 5701; x_wconf 64' lang='lat' dir='ltr'><strong>damn</strong></span> <span class='ocrx_word' id='word_1_796' title='bbox 1811 5648 1975 5702; x_wconf 80' lang='lat' dir='ltr'><strong>millia</strong></span> 
     </span>
    </p>
   </div>
   <div class='ocr_carea' id='block_1_107' title="bbox 2089 4462 3666 4537">
    <p class='ocr_par' dir='ltr' id='par_1_107' title="bbox 2089 4462 3666 4537">
     <span class='ocr_line' id='line_1_107' title="bbox 2089 4462 3666 4537; baseline -0.005 -13"><span class='ocrx_word' id='word_1_797' title='bbox 2089 4484 2285 4537; x_wconf 90' lang='lat' dir='ltr'><strong>equum</strong></span> <span class='ocrx_word' id='word_1_798' title='bbox 2328 4468 2585 4535; x_wconf 86' lang='lat' dir='ltr'><strong>pertinet.</strong></span> <span class='ocrx_word' id='word_1_799' title='bbox 2624 4465 2862 4520; x_wconf 89' lang='lat' dir='ltr'><strong>Frenum</strong></span> <span class='ocrx_word' id='word_1_800' title='bbox 2892 4465 3034 4517; x_wconf 90' lang='lat' dir='ltr'><strong>enim</strong></span> <span class='ocrx_word' id='word_1_801' title='bbox 3071 4478 3101 4516; x_wconf 87' lang='lat' dir='ltr'><strong>a</strong></span> <span class='ocrx_word' id='word_1_802' title='bbox 3132 4462 3247 4517; x_wconf 80' lang='lat' dir='ltr'><strong>tero</strong></span> <span class='ocrx_word' id='word_1_803' title='bbox 3276 4462 3558 4518; x_wconf 86' lang='lat' dir='ltr'><strong>retinendo</strong></span> <span class='ocrx_word' id='word_1_804' title='bbox 3586 4462 3666 4516; x_wconf 81' lang='lat' dir='ltr'><strong>di-</strong></span> 
     </span>
    </p>
   </div>
   <div class='ocr_carea' id='block_1_108' title="bbox 2089 4552 3662 4627">
    <p class='ocr_par' dir='ltr' id='par_1_108' title="bbox 2089 4552 3662 4627">
     <span class='ocr_line' id='line_1_108' title="bbox 2089 4552 3662 4627; baseline -0.005 -15"><span class='ocrx_word' id='word_1_805' title='bbox 2089 4568 2233 4614; x_wconf 91' lang='lat' dir='ltr'><strong>ctum</strong></span> <span class='ocrx_word' id='word_1_806' title='bbox 2255 4566 2356 4612; x_wconf 92' lang='lat' dir='ltr'><strong>est.</strong></span> <span class='ocrx_word' id='word_1_807' title='bbox 2386 4557 2583 4611; x_wconf 88' lang='lat' dir='ltr'><strong>Ferum</strong></span> <span class='ocrx_word' id='word_1_808' title='bbox 2612 4557 2807 4627; x_wconf 88' lang='lat' dir='ltr'><strong>quippe</strong></span> <span class='ocrx_word' id='word_1_809' title='bbox 2851 4555 3053 4624; x_wconf 85' lang='lat' dir='ltr'><strong>antiqui</strong></span> <span class='ocrx_word' id='word_1_810' title='bbox 3096 4552 3359 4607; x_wconf 82' lang='lat' dir='ltr'><strong>caballum</strong></span> <span class='ocrx_word' id='word_1_811' title='bbox 3387 4552 3662 4606; x_wconf 80' lang='lat' dir='ltr'><strong>dixerunt.</strong></span> 
     </span>
    </p>
   </div>
   <div class='ocr_carea' id='block_1_109' title="bbox 2088 4642 3665 4715">
    <p class='ocr_par' dir='ltr' id='par_1_109' title="bbox 2088 4642 3665 4715">
     <span class='ocr_line' id='line_1_109' title="bbox 2088 4642 3665 4715; baseline -0.004 -14"><span class='ocrx_word' id='word_1_812' title='bbox 2088 4647 2155 4701; x_wconf 88' lang='lat' dir='ltr'><strong>In</strong></span> <span class='ocrx_word' id='word_1_813' title='bbox 2184 4664 2350 4713; x_wconf 92' lang='lat' dir='ltr'><strong>camo,</strong></span> <span class='ocrx_word' id='word_1_814' title='bbox 2380 4648 2447 4701; x_wconf 93' lang='lat' dir='ltr'><strong>ad</strong></span> <span class='ocrx_word' id='word_1_815' title='bbox 2485 4647 2687 4701; x_wconf 92' lang='lat' dir='ltr'><strong>mulum</strong></span> <span class='ocrx_word' id='word_1_816' title='bbox 2726 4646 2962 4715; x_wconf 87' lang='lat' dir='ltr'><strong>respicit.</strong></span> <span class='ocrx_word' id='word_1_817' title='bbox 2994 4643 3137 4714; x_wconf 90' lang='lat' dir='ltr'><strong>Ergo</strong></span> <span class='ocrx_word' id='word_1_818' title='bbox 3163 4644 3280 4698; x_wconf 64' lang='lat' dir='ltr'><strong>haac</strong></span> <span class='ocrx_word' id='word_1_819' title='bbox 3324 4644 3429 4697; x_wconf 93' lang='lat' dir='ltr'><strong>duo</strong></span> <span class='ocrx_word' id='word_1_820' title='bbox 3456 4642 3665 4696; x_wconf 87' lang='lat' dir='ltr'><strong>anima-</strong></span> 
     </span>
    </p>
   </div>
   <div class='ocr_carea' id='block_1_110' title="bbox 2087 4730 3661 4805">
    <p class='ocr_par' dir='ltr' id='par_1_110' title="bbox 2087 4730 3661 4805">
     <span class='ocr_line' id='line_1_110' title="bbox 2087 4730 3661 4805; baseline -0.004 -15"><span class='ocrx_word' id='word_1_821' title='bbox 2087 4736 2158 4790; x_wconf 91' lang='lat' dir='ltr'><strong>lia</strong></span> <span class='ocrx_word' id='word_1_822' title='bbox 2186 4736 2495 4805; x_wconf 89' lang='lat' dir='ltr'><strong>supradicta</strong></span> <span class='ocrx_word' id='word_1_823' title='bbox 2532 4735 2786 4791; x_wconf 90' lang='lat' dir='ltr'><strong>cohibent</strong></span> <span class='ocrx_word' id='word_1_824' title='bbox 2836 4734 2937 4788; x_wconf 88' lang='lat' dir='ltr'><strong>ista</strong></span> <span class='ocrx_word' id='word_1_825' title='bbox 2961 4730 3259 4787; x_wconf 86' lang='lat' dir='ltr'><strong>retinacula</strong></span> <span class='ocrx_word' id='word_1_826' title='bbox 3285 4747 3299 4784; x_wconf 87' lang='lat'><strong>:</strong></span> <span class='ocrx_word' id='word_1_827' title='bbox 3325 4740 3386 4784; x_wconf 92' lang='lat' dir='ltr'><strong>ut</strong></span> <span class='ocrx_word' id='word_1_828' title='bbox 3415 4731 3483 4784; x_wconf 90' lang='lat' dir='ltr'><strong>ad</strong></span> <span class='ocrx_word' id='word_1_829' title='bbox 3503 4730 3661 4785; x_wconf 85' lang='lat' dir='ltr'><strong>&#39;arbi-</strong></span> 
     </span>
    </p>
   </div>
   <div class='ocr_carea' id='block_1_111' title="bbox 2088 4807 3668 4892">
    <p class='ocr_par' dir='ltr' id='par_1_111' title="bbox 2088 4807 3668 4892">
     <span class='ocr_line' id='line_1_111' title="bbox 2088 4807 3668 4892; baseline -0.005 -11"><span class='ocrx_word' id='word_1_830' title='bbox 2088 4826 2250 4881; x_wconf 91' lang='lat' dir='ltr'><strong>trium</strong></span> <span class='ocrx_word' id='word_1_831' title='bbox 2283 4824 2526 4892; x_wconf 89' lang='lat' dir='ltr'><strong>jubentis</strong></span> <span class='ocrx_word' id='word_1_832' title='bbox 2575 4824 2849 4889; x_wconf 89' lang='lat' dir='ltr'><strong>incedant,</strong></span> <span class='ocrx_word' id='word_1_833' title='bbox 2893 4835 2963 4876; x_wconf 90' lang='lat' dir='ltr'><strong>ne</strong></span> <span class='ocrx_word' id='word_1_834' title='bbox 3006 4820 3121 4875; x_wconf 90' lang='lat' dir='ltr'><strong>suis</strong></span> <span class='ocrx_word' id='word_1_835' title='bbox 3144 4817 3509 4874; x_wconf 90' lang='lat' dir='ltr'><strong>voluntatibus</strong></span> <span class='ocrx_word' id='word_1_836' title='bbox 3534 4807 3668 4873; x_wconf 65' lang='lat' dir='ltr'><strong>ell‘e:</strong></span> 
     </span>
    </p>
   </div>
   <div class='ocr_carea' id='block_1_112' title="bbox 2089 4907 3659 4974">
    <p class='ocr_par' dir='ltr' id='par_1_112' title="bbox 2089 4907 3659 4974">
     <span class='ocr_line' id='line_1_112' title="bbox 2089 4907 3659 4974; baseline -0.006 -2"><span class='ocrx_word' id='word_1_837' title='bbox 2089 4926 2295 4972; x_wconf 91' lang='lat' dir='ltr'><strong>rantur.</strong></span> <span class='ocrx_word' id='word_1_838' title='bbox 2332 4915 2547 4970; x_wconf 80' lang='lat' dir='ltr'><strong>Maxilla</strong></span> <span class='ocrx_word' id='word_1_839' title='bbox 2597 4930 2729 4971; x_wconf 91' lang='lat' dir='ltr'><strong>vero</strong></span> <span class='ocrx_word' id='word_1_840' title='bbox 2774 4910 3097 4969; x_wconf 89' lang='lat' dir='ltr'><strong>adminicula</strong></span> <span class='ocrx_word' id='word_1_841' title='bbox 3146 4917 3273 4965; x_wconf 89' lang='lat' dir='ltr'><strong>sunt</strong></span> <span class='ocrx_word' id='word_1_842' title='bbox 3320 4907 3659 4974; x_wconf 88' lang='lat' dir='ltr'><strong>animalium,</strong></span> 
     </span>
    </p>
   </div>
   <div class='ocr_carea' id='block_1_113' title="bbox 2088 5000 3655 5078">
    <p class='ocr_par' dir='ltr' id='par_1_113' title="bbox 2088 5000 3655 5078">
     <span class='ocr_line' id='line_1_113' title="bbox 2088 5000 3655 5078; baseline -0.009 -15"><span class='ocrx_word' id='word_1_843' title='bbox 2088 5007 2282 5078; x_wconf 91' lang='lat' dir='ltr'><strong>quibus</strong></span> <span class='ocrx_word' id='word_1_844' title='bbox 2308 5021 2430 5061; x_wconf 87' lang='lat' dir='ltr'><strong>esca</strong></span> <span class='ocrx_word' id='word_1_845' title='bbox 2458 5005 2754 5071; x_wconf 87' lang='lat' dir='ltr'><strong>manditur,</strong></span> <span class='ocrx_word' id='word_1_846' title='bbox 2780 5011 2841 5058; x_wconf 91' lang='lat' dir='ltr'><strong>ut</strong></span> <span class='ocrx_word' id='word_1_847' title='bbox 2865 5000 3111 5073; x_wconf 91' lang='lat' dir='ltr'><strong>corporis</strong></span> <span class='ocrx_word' id='word_1_848' title='bbox 3157 5000 3269 5053; x_wconf 90' lang='lat' dir='ltr'><strong>vita</strong></span> <span class='ocrx_word' id='word_1_849' title='bbox 3316 5004 3655 5067; x_wconf 90' lang='lat' dir='ltr'><strong>procuretur.</strong></span> 
     </span>
    </p>
   </div>
   <div class='ocr_carea' id='block_1_114' title="bbox 2085 5085 3661 5174">
    <p class='ocr_par' dir='ltr' id='par_1_114' title="bbox 2085 5085 3661 5174">
     <span class='ocr_line' id='line_1_114' title="bbox 2085 5085 3661 5174; baseline -0.01 -17"><span class='ocrx_word' id='word_1_850' title='bbox 2085 5101 2231 5174; x_wconf 86' lang='lat' dir='ltr'><strong>ipsas</strong></span> <span class='ocrx_word' id='word_1_851' title='bbox 2255 5112 2385 5169; x_wconf 86' lang='lat' dir='ltr'><strong>ergo</strong></span> <span class='ocrx_word' id='word_1_852' title='bbox 2414 5097 2659 5153; x_wconf 86' lang='lat' dir='ltr'><strong>maxillas</strong></span> <span class='ocrx_word' id='word_1_853' title='bbox 2706 5110 2803 5166; x_wconf 91' lang='lat' dir='ltr'><strong>per</strong></span> <span class='ocrx_word' id='word_1_854' title='bbox 2828 5095 3055 5167; x_wconf 87' lang='lat' dir='ltr'><strong>ﬁguram</strong></span> <span class='ocrx_word' id='word_1_855' title='bbox 3101 5100 3156 5147; x_wconf 90' lang='lat' dir='ltr'><strong>et</strong></span> <span class='ocrx_word' id='word_1_856' title='bbox 3184 5089 3493 5161; x_wconf 89' lang='lat' dir='ltr'><strong>allegoriam</strong></span> <span class='ocrx_word' id='word_1_857' title='bbox 3530 5085 3661 5143; x_wconf 90' lang='lat' dir='ltr'><strong>dicit</strong></span> 
     </span>
    </p>
   </div>
   <div class='ocr_carea' id='block_1_115' title="bbox 2086 5182 3658 5259">
    <p class='ocr_par' dir='ltr' id='par_1_115' title="bbox 2086 5182 3658 5259">
     <span class='ocr_line' id='line_1_115' title="bbox 2086 5182 3658 5259; baseline -0.007 -11"><span class='ocrx_word' id='word_1_858' title='bbox 2086 5192 2514 5248; x_wconf 90' lang='lat' dir='ltr'><strong>inobedientibus</strong></span> <span class='ocrx_word' id='word_1_859' title='bbox 2560 5192 2756 5247; x_wconf 89' lang='lat' dir='ltr'><strong>debere</strong></span> <span class='ocrx_word' id='word_1_860' title='bbox 2785 5189 3099 5259; x_wconf 88' lang='lat' dir='ltr'><strong>constringi,</strong></span> <span class='ocrx_word' id='word_1_861' title='bbox 3133 5187 3186 5242; x_wconf 91' lang='lat' dir='ltr'><strong>id</strong></span> <span class='ocrx_word' id='word_1_862' title='bbox 3226 5194 3332 5252; x_wconf 91' lang='lat' dir='ltr'><strong>est,</strong></span> <span class='ocrx_word' id='word_1_863' title='bbox 3368 5184 3553 5253; x_wconf 87' lang='lat' dir='ltr'><strong>copias</strong></span> <span class='ocrx_word' id='word_1_864' title='bbox 3581 5182 3658 5237; x_wconf 87' lang='lat' dir='ltr'><strong>vi-</strong></span> 
     </span>
    </p>
   </div>
   <div class='ocr_carea' id='block_1_116' title="bbox 2083 5274 3654 5352">
    <p class='ocr_par' dir='ltr' id='par_1_116' title="bbox 2083 5274 3654 5352">
     <span class='ocr_line' id='line_1_116' title="bbox 2083 5274 3654 5352; baseline -0.009 -11"><span class='ocrx_word' id='word_1_865' title='bbox 2083 5284 2287 5341; x_wconf 88' lang='lat' dir='ltr'><strong>ctuales</strong></span> <span class='ocrx_word' id='word_1_866' title='bbox 2312 5284 2529 5352; x_wconf 88' lang='lat' dir='ltr'><strong>parcius</strong></span> <span class='ocrx_word' id='word_1_867' title='bbox 2552 5281 2667 5336; x_wconf 87' lang='lat' dir='ltr'><strong>dari</strong></span> <span class='ocrx_word' id='word_1_868' title='bbox 2699 5300 2711 5334; x_wconf 95' lang='lat'>:</span> <span class='ocrx_word' id='word_1_869' title='bbox 2745 5289 2805 5335; x_wconf 91' lang='lat' dir='ltr'><strong>ut</strong></span> <span class='ocrx_word' id='word_1_870' title='bbox 2818 5281 3145 5351; x_wconf 86' lang='lat' dir='ltr'><strong>jejuniorum</strong></span> <span class='ocrx_word' id='word_1_871' title='bbox 3175 5274 3495 5332; x_wconf 86' lang='lat' dir='ltr'><strong>necessitate</strong></span> <span class='ocrx_word' id='word_1_872' title='bbox 3520 5288 3654 5329; x_wconf 86' lang='lat' dir='ltr'><strong>con-</strong></span> 
     </span>
    </p>
   </div>
   <div class='ocr_carea' id='block_1_117' title="bbox 2080 5362 3657 5439">
    <p class='ocr_par' dir='ltr' id='par_1_117' title="bbox 2080 5362 3657 5439">
     <span class='ocr_line' id='line_1_117' title="bbox 2080 5362 3657 5439; baseline -0.012 -7"><span class='ocrx_word' id='word_1_873' title='bbox 2080 5377 2212 5432; x_wconf 90' lang='lat' dir='ltr'><strong>clusi</strong></span> <span class='ocrx_word' id='word_1_874' title='bbox 2240 5372 2513 5430; x_wconf 88' lang='lat' dir='ltr'><strong>Creatoris</strong></span> <span class='ocrx_word' id='word_1_875' title='bbox 2534 5372 2826 5427; x_wconf 89' lang='lat' dir='ltr'><strong>subdantur</strong></span> <span class='ocrx_word' id='word_1_876' title='bbox 2873 5370 3116 5439; x_wconf 78' lang='lat' dir='ltr'><strong>impcrio.</strong></span> <span class='ocrx_word' id='word_1_877' title='bbox 3144 5365 3410 5421; x_wconf 88' lang='lat' dir='ltr'><strong>lndustria</strong></span> <span class='ocrx_word' id='word_1_878' title='bbox 3458 5362 3657 5432; x_wconf 89' lang='lat' dir='ltr'><strong>quippe</strong></span> 
     </span>
    </p>
   </div>
   <div class='ocr_carea' id='block_1_118' title="bbox 2080 5450 3655 5525">
    <p class='ocr_par' dir='ltr' id='par_1_118' title="bbox 2080 5450 3655 5525">
     <span class='ocr_line' id='line_1_118' title="bbox 2080 5450 3655 5525; baseline -0.01 -8"><span class='ocrx_word' id='word_1_879' title='bbox 2080 5464 2313 5517; x_wconf 89' lang='lat' dir='ltr'><strong>humana</strong></span> <span class='ocrx_word' id='word_1_880' title='bbox 2372 5460 2645 5514; x_wconf 90' lang='lat' dir='ltr'><strong>diversum</strong></span> <span class='ocrx_word' id='word_1_881' title='bbox 2698 5457 2897 5512; x_wconf 84' lang='lat' dir='ltr'><strong>animal</strong></span> <span class='ocrx_word' id='word_1_882' title='bbox 2924 5456 3105 5525; x_wconf 90' lang='lat' dir='ltr'><strong>coegit</strong></span> <span class='ocrx_word' id='word_1_883' title='bbox 3142 5454 3199 5508; x_wconf 91' lang='lat' dir='ltr'><strong>in</strong></span> <span class='ocrx_word' id='word_1_884' title='bbox 3240 5453 3385 5508; x_wconf 89' lang='lat' dir='ltr'><strong>coitu</strong></span> <span class='ocrx_word' id='word_1_885' title='bbox 3416 5469 3429 5504; x_wconf 89' lang='lat'><strong>:</strong></span> <span class='ocrx_word' id='word_1_886' title='bbox 3467 5450 3655 5517; x_wconf 87' lang='lat' dir='ltr'><strong>sicque</strong></span> 
     </span>
    </p>
   </div>
   <div class='ocr_carea' id='block_1_119' title="bbox 2082 5537 3655 5618">
    <p class='ocr_par' dir='ltr' id='par_1_119' title="bbox 2082 5537 3655 5618">
     <span class='ocr_line' id='line_1_119' title="bbox 2082 5537 3655 5618; baseline -0.012 -11"><span class='ocrx_word' id='word_1_887' title='bbox 2082 5552 2383 5607; x_wconf 82' lang='lat' dir='ltr'><strong>adulterina</strong></span> <span class='ocrx_word' id='word_1_888' title='bbox 2435 5548 2808 5604; x_wconf 87' lang='lat' dir='ltr'><strong>commistione</strong></span> <span class='ocrx_word' id='word_1_889' title='bbox 2843 5561 3012 5618; x_wconf 89' lang='lat' dir='ltr'><strong>genus</strong></span> <span class='ocrx_word' id='word_1_890' title='bbox 3066 5542 3209 5599; x_wconf 92' lang='lat' dir='ltr'><strong>aliud</strong></span> <span class='ocrx_word' id='word_1_891' title='bbox 3260 5539 3482 5612; x_wconf 84' lang='lat' dir='ltr'><strong>reperit,</strong></span> <span class='ocrx_word' id='word_1_892' title='bbox 3514 5537 3655 5592; x_wconf 85' lang='lat' dir='ltr'><strong>sicut</strong></span> 
     </span>
    </p>
   </div>
   <div class='ocr_carea' id='block_1_120' title="bbox 2086 5633 3654 5705">
    <p class='ocr_par' dir='ltr' id='par_1_120' title="bbox 2086 5633 3654 5705">
     <span class='ocr_line' id='line_1_120' title="bbox 2086 5633 3654 5705; baseline -0.008 -5"><span class='ocrx_word' id='word_1_893' title='bbox 2086 5656 2141 5700; x_wconf 86' lang='lat' dir='ltr'><strong>ct</strong></span> <span class='ocrx_word' id='word_1_894' title='bbox 2171 5645 2335 5701; x_wconf 69' lang='lat' dir='ltr'><strong>Iacob</strong></span> <span class='ocrx_word' id='word_1_895' title='bbox 2362 5651 2549 5705; x_wconf 83' lang='lat' dir='ltr'><strong>contra</strong></span> <span class='ocrx_word' id='word_1_896' title='bbox 2571 5650 2819 5697; x_wconf 84' lang='lat' dir='ltr'><strong>naturam</strong></span> <span class='ocrx_word' id='word_1_897' title='bbox 2846 5638 3086 5696; x_wconf 87' lang='lat' dir='ltr'><strong>colorum</strong></span> <span class='ocrx_word' id='word_1_898' title='bbox 3116 5633 3498 5699; x_wconf 81' lang='lat' dir='ltr'><strong>similitudines</strong></span> <span class='ocrx_word' id='word_1_899' title='bbox 3529 5639 3654 5701; x_wconf 71' lang='lat' dir='ltr'><strong>pro-</strong></span> 
     </span>
    </p>
   </div>
  </div>
