3930 6374
241 306 343 376 2n

1222 325 1310 382 DE
1346 324 1692 386 UNIVERSO
1726 328 1904 387 LIBRI
1938 332 2102 390 XXII.
2143 366 2212 376 —
2248 335 2377 391 LIB.
2421 334 2553 393 VIII.

236 436 449 491 curavit
484 434 647 507 (Gen.
679 436 831 510 xxx).
860 435 991 491 Nam
1018 434 1154 493 tales
1195 436 1336 495 fetus
1364 453 1492 495 ovcs
1518 439 1660 494 illius
1692 455 1821 495 con-
1852 456 1898 515 Α
1928 444 2068 501 fetus
2100 445 2333 515 pariant.
2376 445 2527 502 lianc
2563 444 2706 500 enim
2746 442 3066 501 feminarum
3098 456 3218 501 esse
3250 453 3500 503 naturam

235 524 530 593 cipiebant,
562 526 757 594 quales
782 526 997 582 umbras
1016 527 1249 582 arietum
1280 527 1510 598 desuper
1533 530 1828 586 ascenden-

238 616 367 670 tium
406 616 461 668 iu
496 630 767 686 aquarum
790 618 1007 687 speculo
1036 617 1560 688 contemplabantur.
1584 620 1826 691 Denique

231 714 287 762 et
313 707 419 761 hoc
460 705 643 777 ipsum
673 709 727 763 in
776 723 1035 779 equarum
1085 708 1337 779 gregibus
1387 709 1506 764 ﬁeri
1544 709 1734 775 fertur,
1765 719 1827 766 ut

231 810 527 866 generosos
562 798 826 869 objiciunt
853 812 1019 868 equos
1065 799 1271 853 visibus
1303 801 1776 856 concumbentium
1804 819 1818 856 :

230 908 336 962 quo
385 908 581 949 eorum
637 896 845 951 similes
905 896 1191 966 concipere
1247 905 1302 952 et
1353 912 1540 953 creare
1584 897 1817 967 possint.

229 985 360 1039 Nam
409 994 468 1041 et
504 987 878 1045 columbarum
912 992 1213 1060 specierum
1248 990 1535 1047 dilectores
1578 993 1819 1062 depictas

227 1084 436 1143 ponunt
470 1076 870 1145 pulcherrimas
894 1080 1167 1135 columbas
1197 1079 1404 1135 hisdem
1449 1080 1601 1145 locis,
1627 1081 1821 1149 quibus

227 1166 328 1220 illae
355 1177 652 1223 versantur
682 1184 698 1223 :
734 1185 842 1239 quo
870 1171 1114 1240 rapiente
1150 1171 1268 1226 visu
1310 1171 1515 1226 similes
1540 1179 1816 1240 generent.

226 1255 352 1311 In'de
381 1264 488 1321 est,
518 1258 668 1327 quod
696 1260 911 1329 quidam
948 1261 1199 1331 gravidas
1248 1260 1503 1316 mulieres
1546 1258 1738 1328 jubent
1760 1266 1819 1313 ut

225 1342 422 1401 nullius
448 1350 770 1405 intueantur
790 1352 1055 1421 pessimos
1076 1350 1387 1405 animalium
1418 1350 1618 1415 vultus,
1644 1358 1704 1403 ut
1728 1364 1818 1420 cy-

225 1436 554 1502 nocephalus
579 1446 637 1493 et
666 1440 871 1507 simias,
903 1456 970 1496 ne
989 1440 1193 1496 visibus
1230 1449 1578 1497 occurrentes
1615 1439 1819 1495 similes

1925 538 2131 604 dicunt,
2163 544 2223 591 ut
2245 535 2431 606 quales
2458 536 2838 607 conspexerint
2869 535 2981 599 sive
3010 544 3189 591 mente
3236 549 3501 596 ωηοθυθ-

1924 627 2035 682 rint
2062 627 2117 681 in
2143 633 2388 681 extremo
2411 625 2699 695 voluptatis
2746 632 2878 680 aestu
2924 625 3139 694 quando
3165 624 3499 695 concipiunt,

1923 720 2083 775 talem
2112 728 2167 775 et
2197 718 2436 775 sobolem
2476 728 2776 787 procreent.
2818 719 3035 777 Etenim
3070 719 3267 773 animal
3311 720 3365 775 in
3399 732 3502 774 usu

1922 826 2156 867 venereo
2180 809 2382 865 formas
2402 810 2741 865 extrinsecus
2762 811 2911 866 intus
2933 810 3269 874 transmittit,
3287 824 3505 866 comm-

1923 916 2027 971 que
2052 901 2241 958 satiata
2271 901 2428 971 typis,
2460 901 2600 971 rapit
2648 900 2856 970 species
2882 902 2937 955 in
2962 902 3238 972 pr0priam
3264 900 3500 971 qualita-

1926 1002 2054 1048 tem.
2086 993 2143 1047 ln
2176 993 2539 1049 animantibus
2566 992 2822 1061 bigenera
2872 990 3142 1056 dicuntur,
3174 1006 3293 1061 quae
3318 1006 3385 1045 ex
3415 990 3502 1046 di-

1923 1084 2095 1137 versis
2128 1090 2448 1145 nascunlur,
2484 1090 2544 1135 ut
2569 1081 2747 1135 mulus
2775 1096 2843 1135 ex
2868 1094 3007 1151 equa
3046 1088 3102 1134 et
3117 1081 3298 1145 asino,
3328 1080 3501 1134 burdo

1922 1187 1986 1227 ex
2016 1187 2155 1240 equo
2183 1180 2237 1226 et
2271 1173 2447 1237 asina,
2497 1170 2670 1225 ibride
2710 1185 2776 1225 ex
2806 1170 2955 1241 apris
2986 1178 3042 1224 et
3068 1170 3267 1240 porcis,
3302 1170 3501 1241 tityrus

1921 1279 1987 1318 ex
2024 1277 2123 1318 ove
2151 1272 2207 1318 et
2229 1264 2405 1331 hirco,
2427 1278 2646 1320 muscus
2674 1279 2742 1319 ex
2765 1278 2929 1333 capra
2960 1270 3017 1318 et
3041 1262 3231 1319 ariete.
3260 1261 3357 1318 Est
3395 1276 3497 1316 au-

1920 1362 2032 1410 tem
2052 1354 2161 1409 dux
2197 1356 2397 1425 gregis.

231 1551 3482 1584 ww

1434 1665 1732 1746 LIBER
1806 1661 2302 1743 OCTAVUS.

758 1886 983 1947 CAPUT
1019 1885 1309 1943 PRIMUM.

834 1979 912 2031 De
941 1978 1135 2031 bestiis.

232 2108 235 2115 ,
287 2062 599 2121 Bestiarum
623 2065 946 2121 vocabulum
979 2065 1197 2136 proprie
1245 2063 1496 2120 convenit
1531 2061 1800 2129 leonibus,

216 2158 415 2226 pardis,
450 2158 704 2229 tigribus,
746 2157 906 2225 lupis,
954 2157 1222 2225 vulpibus,
1250 2156 1605 2225 canibusque,
1635 2162 1690 2209 et
1721 2153 1799 2208 si-

216 2248 356 2312 miis,
380 2254 437 2302 et
459 2248 679 2303 eaeteris
716 2262 834 2317 quae
876 2247 961 2301 vel
990 2261 1085 2300 ore
1112 2245 1197 2301 vel
1249 2246 1518 2316 unguibus
1547 2245 1795 2310 saeviunt,

215 2343 451 2411 exceptis
503 2344 867 2414 serpentibus.
926 2344 1122 2399 Bestiae
1178 2344 1335 2399 dictae
1367 2360 1397 2397 a
1427 2344 1502 2407 vi,
1555 2358 1661 2412 qua
1693 2358 1795 2398 sae-

215 2434 400 2488 viunt:
458 2434 598 2489 ferae
625 2434 924 2503 appellatas,
982 2448 1047 2487 eo
1101 2436 1245 2502 quod
1306 2433 1539 2487 naturali
1575 2440 1796 2487 utantur

214 2521 460 2577 libertate
491 2532 550 2577 et
605 2522 871 2577 desiderio
923 2536 1019 2577 suo
1051 2520 1314 2576 ferantur.
1370 2520 1508 2576 Sunt
1555 2521 1699 2576 enim
1731 2521 1795 2576 li-

211 2610 350 2665 bera:
378 2626 572 2666 eorum
602 2612 926 2676 voluntates,
957 2619 1010 2665 et
1031 2612 1133 2665 huc
1157 2621 1319 2680 atque
1347 2612 1475 2666 illuc
1502 2619 1786 2683 vagantur,

213 2709 391 2770 etquo
417 2703 638 2756 animus
667 2702 900 2765 duxerit,
930 2716 994 2755 eo
1018 2700 1285 2755 feruntur.
1311 2701 1509 2756 Leonis
1552 2702 1792 2756 vocabu-

213 2791 316 2846 lum
368 2808 437 2848 ex
479 2792 675 2848 Graeca
726 2793 935 2865 origine
982 2791 1233 2847 inﬂexum
1280 2802 1363 2848 est
1412 2794 1466 2847 in
1515 2792 1791 2848 Latinum.

211 2880 389 2939 Gnece
438 2886 590 2939 enim
638 2884 758 2938 leon
805 2891 1051 2948 vocatur,
1095 2892 1255 2940 etest
1297 2899 1493 2939 nomen
1540 2886 1790 2949 nothum,

212 2973 331 3040 quia
384 2987 452 3028 ex
486 2982 648 3043 parte
698 2981 1011 3042 corruptum
1069 2980 1190 3028 est:
1229 2973 1395 3028 leaena
1428 2989 1558 3029 vero
1621 2982 1791 3029 totum

212 3061 450 3117 Graecum
479 3072 585 3128 est,
618 3064 759 3117 sicut
779 3073 836 3118 et
869 3065 1136 3119 draczena.
1170 3064 1242 3120 Ut
1271 3074 1450 3120 autem
1493 3065 1661 3120 leaena
1706 3067 1790 3120 lea

212 3146 435 3213 dicatur,
461 3156 784 3219 usurpatum
809 3161 893 3203 est
920 3164 950 3202 a
986 3151 1181 3217 poetis.
1230 3152 1341 3207 Leo
1372 3160 1551 3207 autem
1580 3152 1787 3218 Graece,

1829 1890 1876 1949 B
1905 1885 2089 1942 demit.
2135 1881 2237 1950 Qui
2282 1881 2420 1936 bene
2451 1878 2632 1934 catulo
2671 1875 2962 1934 dormienti
2993 1876 3169 1934 tribus
3216 1878 3405 1935 diebus
3432 1886 3491 1936 et

1905 1975 2078 2029 tribus
2099 1972 2347 2027 noctibus
2367 1974 2713 2037 comparatur
2748 1985 2761 2019 :
2801 1968 2927 2036 quia
2953 1967 3131 2022 triduo
3155 1968 3209 2022 in
3237 1968 3489 2039 sepulcro

1896 2060 2083 2130 jacens
2113 2073 2357 2116 somnum
2388 2057 2577 2113 mortis
2605 2054 2883 2126 implevit,
2912 2062 2969 2111 et
2996 2057 3113 2127 ipsa
3137 2065 3309 2113 morte
3336 2074 3486 2115 mor—

1903 2151 1972 2205 tis
2001 2148 2282 2219 imperium
2314 2146 2460 2200 vicit.
2505 2145 2581 2199 De
2609 2158 2717 2213 quo
2764 2144 2820 2198 in
2849 2143 3045 2199 Genesi
3074 2146 3333 2215 scriptum
3363 2156 3447 2203 est
3472 2164 3489 2205 :

1904 2233 2068 2305 Quds'i
2126 2235 2331 2291 catulus
2375 2233 2601 2307 leonis,‘
2640 2234 2755 2304 quis
2805 2233 3077 2288 suscitabit
3123 2237 3288 2289 eum?
3329 2235 3489 2308 (Gen.

1899 2328 2068 2400 χιιι).
2096 2326 2299 2383 Leones
2322 2324 2595 2395 praepositi
2618 2323 2873 2381 Ecclesia:
2904 2324 3295 2396 intelliguntur.
3329 2326 3487 2383 Unde

1898 2418 1955 2475 in
1976 2416 2175 2485 templo
2196 2415 2411 2469 Domini
2438 2414 2623 2482 leones
2667 2427 2790 2467 cum
2816 2412 2992 2467 bubus
3023 2427 3091 2467 ex
3119 2428 3228 2469 aere
3256 2416 3310 2469 in
3335 2415 3488 2471 basi-

1898 2511 2001 2566 bus
2024 2507 2208 2577 templi
2240 2506 2355 2562 ﬁeri
2403 2504 2805 2575 praecipiuntur.
2856 2501 2992 2569 Item
3020 2503 3104 2560 leo
3133 2518 3233 2574 per
3257 2505 3486 2577 figuram

1898 2606 2208 2654 sanctorum
2252 2598 2531 2651 doctorum
2568 2593 2913 2662 impavidum
2960 2602 3159 2649 emtum
3195 2593 3485 2665 signiﬁcat,

1895 2704 2123 2760 quorum
2152 2688 2378 2759 rugitus,
2425 2687 2529 2741 hoc
2567 2693 2673 2750 est,
2716 2684 3121 2755 praedicationis
3176 2701 3279 2741 vox
3314 2695 3483 2742 terret

1894 2779 2253 2836 adversarios.
2310 2776 2463 2833 Unde
2523 2775 2781 2844 scriptum
2832 2781 2961 2829 est:
3010 2773 3115 2828 Leo
3166 2774 3487 2848 fortissimus

1893 2874 2195 2935 bestiarum,
2247 2869 2314 2922 ad
2348 2866 2544 2922 nullius
2577 2864 2778 2935 pavebit
2806 2875 3081 2918 occursum
3109 2864 3293 2935 (Prov.
3330 2864 3484 2933 xxx).

1891 2964 1960 3018 Et
1986 2964 2041 3017 in
2063 2962 2226 3016 Amos
2250 2978 2263 3014 :
2302 2958 2405 3014 Leo
2427 2958 2593 3028 rugiet
2618 2970 2638 3008 ,τ
2667 2956 2784 3026 quis
2807 2971 2910 3009 non
2951 2953 3147 3008 timebit
3170 2954 3196 3007 7
3230 2953 3487 3010 Dominus

1891 3053 2096 3107 locutus
2125 3059 2241 3105 est:
2271 3049 2384 3119 quis
2416 3064 2519 3102 non
2559 3043 2929 3116 prophetabit?
2963 3044 3143 3114 (Amos
3190 3043 3296 3115 tu.)
3350 3043 3485 3099 Item

1889 3145 1974 3200 leo
2000 3145 2052 3199 in
2084 3141 2407 3198 contrariam
2454 3146 2669 3208 partem
2713 3137 2963 3206 ponitur,
3019 3136 3235 3205 quando
3270 3137 3482 3192 saevitia

214 3234 394 3291 Latine
424 3252 523 3290 rex
577 3237 963 3305 interpretatur
997 3251 1083 3301 eo,
1135 3239 1275 3306 quod
1301 3240 1553 3308 princeps
1581 3241 1651 3295 sit
1672 3255 1788 3295 om-
1815 3234 1860 3297 C
1890 3232 2006 3302 ejus
2032 3233 2450 3292 demonstratur,
2478 3236 2539 3283 ut
2563 3235 2649 3283 est
2681 3226 2812 3282 illud
2850 3226 2995 3282 Petri
3024 3226 3302 3295 Apostoli:
3338 3223 3485 3297 Vigi-

212 3327 353 3380 nium
386 3327 711 3380 bestiarum.
768 3325 931 3391 Cujus
960 3340 1127 3392 genus
1176 3325 1448 3381 trifarium
1503 3329 1722 3393 dicitur,
1757 3345 1788 3384 e

211 3414 399 3484 quibus
421 3415 641 3477 breves,
670 3420 725 3467 et
748 3413 878 3482 juba
910 3413 1119 3481 crispa,
1150 3414 1391 3469 imbelles
1428 3424 1586 3470 sunt:
1621 3416 1785 3487 longi,

211 3512 262 3558 et
303 3519 459 3559 coma
491 3504 749 3574 simplici,
806 3518 981 3558 acres.
1028 3503 1253 3558 Animos
1295 3518 1487 3559 eorum
1537 3505 1685 3561 frons
1733 3516 1788 3562 et

210 3594 371 3647 cauda
408 3594 660 3648 indicat:
699 3594 870 3648 virtus
906 3608 1093 3648 eorum
1122 3594 1174 3647 in
1209 3602 1427 3662 pectore
1458 3601 1539 3648 est
1570 3612 1583 3648 :
1623 3594 1790 3650 ﬁrmi-

212 3693 287 3737 tas
312 3683 365 3737 in
395 3684 592 3753 capite.
622 3682 769 3753 Septi
799 3698 829 3737 a
856 3670 1205 3738 venatoribus
1219 3690 1418 3735 terram
1444 3690 1787 3750 contuentur,

209 3787 309 3840 quo
338 3772 517 3826 minus
539 3771 844 3840 conspectis
868 3771 1148 3825 venabulis
1172 3778 1492 3825 terreantur.
1525 3770 1786 3827 Rotarum

209 3858 392 3914 timent
427 3860 709 3928 strepitus,
742 3860 837 3914 sed
862 3860 1013 3930 ignes
1045 3859 1236 3929 magis.
1287 3859 1422 3912 Cum
1445 3859 1782 3925 dormierint,

206 3946 419 4016 vigilant
440 3948 588 4001 oculi
618 3966 631 4000 :
680 3962 799 4001 cum
828 3948 1122 4011 ambulant,
1154 3947 1321 4001 cauda
1347 3962 1443 4002 sua
1470 3949 1786 4018 cooperiunt

205 4038 424 4107 vestigia
453 4052 575 4101 sua,
631 4052 699 4090 ne
732 4052 826 4092 eos
855 4046 1080 4092 venator
1119 4038 1374 4092 inveniat.
1419 4037 1552 4092 Cum
1586 4052 1785 4108 genue-

210 4130 310 4182 rint
329 4129 594 4194 catulum,
635 4128 807 4183 tribus
837 4128 1026 4184 diebus
1064 4138 1120 4185 et
1154 4130 1327 4184 tribus
1355 4130 1604 4184 noctibus
1632 4137 1785 4184 catu-

206 4216 281 4271 lus
309 4217 550 4273 dormire
588 4217 797 4272 fertur:
830 4227 961 4273 tunc
991 4219 1184 4274 deinde
1226 4221 1400 4289 patris
1428 4219 1647 4274 fremitu
1697 4220 1781 4274 vel

207 4306 371 4376 rugitu
400 4306 573 4360 veluti
607 4308 955 4362 tremefactus
980 4308 1171 4364 cubilis
1196 4309 1369 4373 locus,
1407 4311 1672 4365 suscitare
1697 4312 1779 4365 di-

205 4397 337 4451 citur
361 4396 601 4451 catulum
648 4397 1020 4451 dormientem.
1069 4397 1224 4453 Circa
1255 4400 1527 4454 hominem
1564 4401 1780 4457 leonum

206 4492 385 4539 natura
410 4484 563 4537 mitis
589 4492 674 4537 est
697 4502 710 4535 :
741 4492 819 4549 ut,
849 4485 953 4539 nisi
981 4485 1112 4551 laesi,
1140 4498 1414 4556 nequeant
1450 4489 1634 4544 irasci.
1680 4490 1779 4544 Pa-

1892 3325 2014 3391 Iate,
2048 3324 2240 3394 inquit,
2271 3330 2319 3377 et
2345 3331 2489 3376 orate
2514 3337 2531 3375 :
2559 3321 2684 3391 quia
2714 3320 3044 3375 adversarius
3080 3330 3243 3375 vester
3282 3319 3483 3375 Diabo-

1891 3415 1994 3480 lus,
2022 3425 2271 3484 tanquam
2295 3413 2373 3467 leo
2407 3414 2614 3483 rugiens
2637 3451 2653 3477 ,
2703 3410 2906 3477 circuit,
2955 3428 3190 3482 qurerens
3218 3429 3368 3483 quem
3392 3412 3484 3469 de—

1888 3514 2029 3560 voret
2065 3504 2117 3574 (Ι
2143 3502 2287 3557 Petr.
2320 3503 2394 3571 v).
2423 3502 2657 3557 Rursum
2684 3502 2738 3555 in
2759 3499 2858 3555 Job
2877 3502 3135 3570 scriptum
3158 3510 3241 3557 est
3272 3520 3284 3555 :
3316 3501 3479 3571 Rugi-

1888 3604 1970 3647 tus
2001 3594 2183 3657 leonis,
2206 3602 2253 3647 et
2287 3609 2385 3646 vox
2415 3591 2613 3656 (ciente,
2658 3601 2706 3645 et
2736 3591 2913 3646 dentes
2944 3590 3242 3644 catulorum
3273 3590 3497 3645 leonum»

1889 3684 2097 3738 contriti
2147 3692 2266 3737 sunt
2299 3682 2441 3753 (Job.
2492 3682 2588 3752 iv).
2642 3682 2845 3737 Leaenae
2894 3692 3073 3736 autem
3120 3681 3339 3737 nomine
3383 3681 3482 3736 ali-

1887 3774 2101 3842 quando
2148 3781 2333 3828 sancta
2388 3772 2649 3837 Ecclesia,
2702 3770 2987 3841 aliquando
3030 3769 3326 3840 Babylonia
3380 3771 3476 3824 de-

1885 3862 2149 3931 signatur.
2192 3862 2299 3916 Pro
2325 3876 2390 3917 eo
2417 3863 2583 3926 enim,
2611 3863 2757 3930 quod
2787 3869 2978 3917 contra
3009 3861 3349 3916 adversarios
3378 3876 3475 3915 au-

1885 3951 1989 4005 dax
2024 3959 2141 4016 est,
2187 3950 2353 4006 leaena
2379 3951 2619 4006 Ecclesia
2650 3951 2865 4015 dicitur,
2896 3951 3038 4005 sicut
3062 3950 3304 4020 ejusdem
3329 3950 3475 4006 beati

1883 4038 1985 4093 Job
2014 4041 2237 4095 vocibus
2269 4041 2626 4109 approbatur,
2674 4040 2766 4109 qui
2794 4039 3110 4095 derelictam
3139 4039 3208 4094 ab
3233 4040 3475 4099 Ecclesia

1883 4130 2120 4184 Judteam
2165 4130 2408 4185 indicans
2445 4132 2557 4185 ait:
2594 4129 2717 4184 Non
2742 4130 3073 4186 calcaverunt
3098 4148 3214 4186 eam
3249 4132 3348 4199 filii
3386 4132 3471 4185 in-

1882 4220 2125 4273 stitorum
2162 4235 2253 4272 nec
2273 4219 2602 4287 pertransibit
2632 4236 2724 4288 per
2740 4235 2854 4273 eam
2884 4219 3051 4273 leazna
3083 4220 3227 4289 (Job.
3252 4220 3469 4291 XXVIII).

1882 4308 2073 4363 Leaena
2100 4308 2339 4363 Ecclesia
2369 4309 2420 4362 in
2444 4307 2580 4364 Job:
2633 4307 2887 4379 Nunquid
2917 4310 3088 4379 capies
3124 4309 3302 4364 leaenis
3338 4326 3474 4380 prte-

1880 4399 2049 4451 dam?
2100 4409 2190 4451 aut
2246 4399 2449 4451 animas
2494 4397 2790 4451 catulorum
2835 4397 2950 4465 ejus
2996 4397 3282 4468 implebis?
3323 4398 3468 4470 (Job.

1879 4488 2090 4560 xxxix.)
2145 4488 2319 4544 Catuli
2368 4488 2568 4551 leaenae,
2619 4486 2859 4557 Apostoli
2898 4487 2990 4541 ubi
3018 4496 3074 4541 et
3122 4502 3306 4557 supra.
3356 4488 3471 4542 Ali-

204 4579 276 4627 tct
328 4572 471 4626 enim
535 4586 727 4626 eorum
782 4574 1149 4630 misericordia
1204 4578 1461 4647 exemplis
1519 4581 1771 4636 assiduis.
1800 4566 1854 4625 D
1879 4582 2094 4650 quando
2128 4579 2311 4635 leaenae
2337 4580 2555 4634 nomine
2602 4577 2763 4647 hujus
2790 4578 2974 4633 mundi
3008 4578 3220 4643 civitas,
3277 4578 3330 4632 id
3361 4586 3466 4641 est,

202 4658 482 4719 Prustratis
508 4666 657 4718 enim
682 4672 931 4732 parcunt,
965 4667 1206 4736 captivos
1233 4669 1421 4724 obvios
1460 4670 1513 4723 in
1542 4672 1773 4739 patriam

206 4754 369 4808 redire
391 4753 748 4822 permittunt,
792 4755 1061 4809 hominem
1113 4773 1221 4812 non
1250 4759 1351 4813 nisi
1401 4775 1595 4831 magna
1636 4762 1776 4817 fame

208 4844 533 4901 interimunt.
589 4846 697 4901 Leo
725 4847 890 4913 enim,
939 4848 1031 4917 qui
1061 4862 1156 4901 rex
1203 4856 1287 4903 est
1327 4850 1648 4919 bestiarum,
1678 4870 1777 4924 per

208 4928 562 4992 fortitudinem
592 4944 777 5006 typum
806 4946 954 4991 tenet
979 4937 1197 5002 Christi,
1229 4940 1319 5007 qui
1348 4949 1430 4995 est
1456 4943 1553 4996 rex
1588 4959 1773 5013 regum

208 5030 257 5078 et
287 5023 532 5080 dominus
560 5028 984 5095 dominantium,
1032 5031 1098 5086 de
1141 5046 1247 5101 quo
1284 5033 1544 5102 scriptum
1590 5043 1673 5089 est
1715 5035 1771 5089 in

208 5110 507 5183 Apocalypsi
540 5132 553 5166 :
594 5113 733 5169 Ecce
766 5119 885 5171 vicit
912 5118 990 5172 leo
1024 5120 1088 5173 de
1113 5119 1248 5173 tribu
1288 5120 1451 5186 Juda,
1487 5124 1641 5176 radix
1666 5124 1774 5177 Da-

210 5202 302 5265 vid,
342 5205 541 5272 aperire
566 5204 759 5257 librum
805 5216 854 5260 et
879 5208 1072 5263 solvere
1115 5220 1303 5279 septem
1354 5212 1626 5281 signacula
1656 5215 1773 5284 ejus

211 5291 379 5361 (Apoc.
408 5296 481 5366 v).
516 5295 669 5351 Unde
696 5304 750 5349 et
775 5295 937 5352 Jacob
961 5300 1268 5366 patriarcha
1309 5302 1443 5355 dixit
1473 5304 1527 5355 in
1556 5302 1775 5358 benedi‘

213 5382 372 5436 ctione
416 5383 567 5441 Iudae
595 5386 686 5440 lilii
717 5388 796 5441 sui
829 5402 843 5440 :
875 5388 1092 5445 Catulus
1135 5393 1296 5447 leonis
1326 5392 1488 5446 Iuda.
1536 5394 1617 5446 Ad
1639 5411 1775 5463 pra:-

213 5471 343 5537 dant,
370 5473 445 5540 ﬁli
483 5477 578 5541 mi,
614 5478 889 5531 ascendisti
920 5478 1070 5549 (Gen.
1115 5483 1299 5550 xux);
1332 5484 1582 5551 quoniam
1620 5482 1776 5537 Chri-

216 5568 318 5614 stus
358 5565 629 5618 nasceudo
679 5568 929 5635 parvulus
985 5571 1158 5624 factus
1206 5580 1307 5635 est,
1356 5580 1410 5626 et
1457 5574 1508 5626 in
1557 5587 1772 5627 crucem

219 5652 517 5717 ascendens,
546 5654 793 5723 captivos
818 5658 1037 5729 populos
1072 5660 1136 5715 de
1164 5667 1427 5729 potestate
1456 5660 1652 5725 diaboli
1683 5677 1771 5719 re—

1884 4671 2173 4740 Babylonia
2206 4670 2529 4739 exprimitur
2553 4708 2568 4733 ,
2619 4682 2740 4737 quae
2768 4673 2955 4722 contra
2989 4667 3157 4720 vitam
3206 4666 3466 4720 innocen-

1883 4758 2015 4811 tium
2068 4758 2403 4811 immanitate
2431 4756 2764 4811 crudelitatis
2811 4756 3101 4811 ell‘renatur
3131 4773 3144 4808 :
3179 4770 3296 4823 quae
3324 4756 3467 4809 anti-

1881 4863 1986 4917 quo
2016 4848 2176 4909 hosti,
2210 4848 2361 4915 quasi
2391 4847 2685 4901 saevissimo
2734 4846 2895 4909 leoni,
2934 4846 3158 4910 sociata,
3190 4860 3465 4914 perversae

1880 4937 2243 5007 persuasionis
2269 4937 2384 5006 ejus
2412 4938 2616 4991 semina
2658 4936 2909 5006 concipit,
2932 4944 2987 4991 et
3014 4937 3274 5006 reprobos
3309 4952 3375 4991 ex
3405 4952 3464 4992 se

1880 5029 2013 5082 ﬁlios
2054 5027 2119 5081 ad
2168 5026 2568 5082 similitudinem
2620 5026 2762 5081 illius
2789 5027 2943 5096 quasi
2992 5027 3223 5081 crudelis
3254 5027 3460 5083 catulos

1877 5115 2061 5186 gignit.
2092 5113 2265 5169 Catuli
2294 5124 2472 5169 autem
2497 5116 2709 5171 leonum
2736 5131 2861 5169 sunt
2887 5115 3110 5183 quilibet
3148 5116 3361 5184 reprobi
3392 5116 3460 5171 ad

1879 5206 2116 5274 iniquam
2148 5205 2315 5259 vitam
2353 5206 2711 5275 malignorum
2758 5204 3042 5273 spirituum
3088 5218 3274 5258 errore
3299 5218 3461 5272 gene-

1880 5294 2018 5349 rati:
2052 5295 2143 5364 qui
2174 5305 2228 5349 et
2272 5296 2430 5349 simul
2463 5310 2650 5349 omnes
2685 5294 2991 5347 universam
3036 5293 3220 5347 mundi
3266 5292 3455 5346 civita-

1880 5397 2006 5452 tem,
2053 5402 2215 5455 quam
2239 5387 2583 5457 praediximus
2606 5385 2975 5456 Babyloniam,
3023 5383 3239 5444 faciunt,
3288 5389 3342 5435 et
3372 5390 3453 5435 ta-

1880 5495 2001 5535 men
2053 5478 2193 5532 idem
2226 5478 2418 5547 singuli
2450 5476 2756 5547 Babyloniae
2808 5475 2898 5527 filii
2932 5474 3087 5543 quasi
3136 5488 3241 5527 non
3273 5471 3452 5525 lemma:

1879 5571 2033 5639 plene
2054 5569 2215 5624 catuli
2246 5576 2525 5624 vocantur.
2566 5566 2715 5620 Sicut
2744 5566 2888 5619 enim
2913 5562 3043 5618 Sion
3074 5570 3181 5617 tota
3212 5557 3450 5615 Ecclesia

1879 5662 2105 5731 dicitur,
2155 5659 2249 5715 lilii
2283 5675 2339 5714 ar
2377 5674 2460 5713 nm
2500 5657 2631 5714 Sion
2670 5665 2979 5713 sanctorum
3028 5649 3221 5722 singuli
3249 5648 3451 5722 quique
