  <div class='ocr_page' id='page_1' title='image "/cluster/home/n/w/nwhite01/storage/ocr_20150623/111/uva.x000827067/117.png"; bbox 0 0 3930 6338; ppageno 0'>
   <div class='ocr_carea' id='block_1_1' title="bbox 478 284 582 348">
    <p class='ocr_par' dir='ltr' id='par_1_1' title="bbox 478 284 582 348">
     <span class='ocr_line' id='line_1_1' title="bbox 478 284 582 348; baseline 0.019 -2"><span class='ocrx_word' id='word_1_1' title='bbox 478 284 582 348; x_wconf 70' lang='lat' dir='ltr'><strong>2l9</strong></span> 
     </span>
    </p>
   </div>
   <div class='ocr_carea' id='block_1_2' title="bbox 1108 262 3060 349">
    <p class='ocr_par' dir='ltr' id='par_1_2' title="bbox 1108 262 3060 349">
     <span class='ocr_line' id='line_1_2' title="bbox 1108 262 3060 349; baseline 0 -2"><span class='ocrx_word' id='word_1_2' title='bbox 1108 290 1170 347; x_wconf 76' lang='grc' dir='ltr'><strong>Β.</strong></span> <span class='ocrx_word' id='word_1_3' title='bbox 1213 289 1466 347; x_wconf 64' lang='lat' dir='ltr'><strong>sanam</strong></span> <span class='ocrx_word' id='word_1_4' title='bbox 1489 289 1723 347; x_wconf 79' lang='lat' dir='ltr'><strong>.MAURI</strong></span> <span class='ocrx_word' id='word_1_5' title='bbox 1759 287 2054 348; x_wconf 84' lang='lat' dir='ltr'><strong>ARCHIEP</strong></span> <span class='ocrx_word' id='word_1_6' title='bbox 2114 285 2419 349; x_wconf 72' lang='lat' dir='ltr'><strong>uocum.</strong></span> <span class='ocrx_word' id='word_1_7' title='bbox 2459 262 2742 349; x_wconf 73' lang='lat' dir='ltr'><strong>orntum</strong></span> <span class='ocrx_word' id='word_1_8' title='bbox 2777 288 2959 348; x_wconf 69' lang='lat' dir='ltr'><strong>psus</strong></span> <span class='ocrx_word' id='word_1_9' title='bbox 2994 292 3060 347; x_wconf 87' lang='grc' dir='ltr'><strong>ιι.</strong></span> 
     </span>
    </p>
   </div>
   <div class='ocr_carea' id='block_1_3' title="bbox 3610 293 3726 349">
    <p class='ocr_par' dir='ltr' id='par_1_3' title="bbox 3610 293 3726 349">
     <span class='ocr_line' id='line_1_3' title="bbox 3610 293 3726 349; baseline 0 0"><span class='ocrx_word' id='word_1_10' title='bbox 3610 293 3726 349; x_wconf 69' lang='lat'><strong>29.0</strong></span> 
     </span>
    </p>
   </div>
   <div class='ocr_carea' id='block_1_4' title="bbox 475 401 3732 489">
    <p class='ocr_par' dir='ltr' id='par_1_4' title="bbox 475 401 3732 489">
     <span class='ocr_line' id='line_1_4' title="bbox 475 401 3732 489; baseline -0 -26"><span class='ocrx_word' id='word_1_11' title='bbox 475 411 875 463; x_wconf 77' lang='lat' dir='ltr'><strong>memorantur:</strong></span> <span class='ocrx_word' id='word_1_12' title='bbox 906 404 980 459; x_wconf 88' lang='lat' dir='ltr'><strong>ita</strong></span> <span class='ocrx_word' id='word_1_13' title='bbox 1004 411 1060 460; x_wconf 89' lang='lat' dir='ltr'><strong>et</strong></span> <span class='ocrx_word' id='word_1_14' title='bbox 1084 404 1177 489; x_wconf 86' lang='lat' dir='ltr'><strong>ﬁlii</strong></span> <span class='ocrx_word' id='word_1_15' title='bbox 1202 404 1491 476; x_wconf 84' lang='lat' dir='ltr'><strong>Babylonis</strong></span> <span class='ocrx_word' id='word_1_16' title='bbox 1518 404 1716 475; x_wconf 75' lang='lat' dir='ltr'><strong>singuli</strong></span> <span class='ocrx_word' id='word_1_17' title='bbox 1740 406 1940 475; x_wconf 85' lang='lat' dir='ltr'><strong>quique</strong></span> <span class='ocrx_word' id='word_1_18' title='bbox 1965 419 2055 487; x_wconf 13' lang='lat' dir='ltr'><strong>re—g</strong></span> <span class='ocrx_word' id='word_1_19' title='bbox 2074 404 2125 463; x_wconf 83' lang='lat' dir='ltr'><strong>A</strong></span> <span class='ocrx_word' id='word_1_20' title='bbox 2150 402 2401 487; x_wconf 84' lang='lat' dir='ltr'><strong>animalia</strong></span> <span class='ocrx_word' id='word_1_21' title='bbox 2429 417 2550 459; x_wconf 89' lang='lat' dir='ltr'><strong>cum</strong></span> <span class='ocrx_word' id='word_1_22' title='bbox 2576 403 2748 462; x_wconf 88' lang='lat' dir='ltr'><strong>acutis</strong></span> <span class='ocrx_word' id='word_1_23' title='bbox 2774 404 3041 474; x_wconf 91' lang='lat' dir='ltr'><strong>unguibus</strong></span> <span class='ocrx_word' id='word_1_24' title='bbox 3067 401 3377 473; x_wconf 79' lang='lat' dir='ltr'><strong>frequenter</strong></span> <span class='ocrx_word' id='word_1_25' title='bbox 3402 419 3594 476; x_wconf 88' lang='lat' dir='ltr'><strong>parere</strong></span> <span class='ocrx_word' id='word_1_26' title='bbox 3613 421 3732 462; x_wconf 78' lang='lat' dir='ltr'><strong>non</strong></span> 
     </span>
    </p>
   </div>
   <div class='ocr_carea' id='block_1_5' title="bbox 474 494 2045 568">
    <p class='ocr_par' dir='ltr' id='par_1_5' title="bbox 474 494 2045 568">
     <span class='ocr_line' id='line_1_5' title="bbox 474 494 2045 568; baseline -0.001 -18"><span class='ocrx_word' id='word_1_27' title='bbox 474 494 789 568; x_wconf 87' lang='lat' dir='ltr'><strong>proborum,</strong></span> <span class='ocrx_word' id='word_1_28' title='bbox 815 502 870 551; x_wconf 86' lang='lat' dir='ltr'><strong>et</strong></span> <span class='ocrx_word' id='word_1_29' title='bbox 892 494 1400 565; x_wconf 82' lang='lat' dir='ltr'><strong>eadem&#39;Babylonia</strong></span> <span class='ocrx_word' id='word_1_30' title='bbox 1431 494 1591 553; x_wconf 85' lang='lat' dir='ltr'><strong>simul</strong></span> <span class='ocrx_word' id='word_1_31' title='bbox 1617 509 1805 551; x_wconf 88' lang='lat' dir='ltr'><strong>omnes</strong></span> <span class='ocrx_word' id='word_1_32' title='bbox 1833 495 2045 564; x_wconf 77' lang='lat' dir='ltr'><strong>reprobi</strong></span> 
     </span>
    </p>
   </div>
   <div class='ocr_carea' id='block_1_6' title="bbox 474 583 2047 651">
    <p class='ocr_par' dir='ltr' id='par_1_6' title="bbox 474 583 2047 651">
     <span class='ocr_line' id='line_1_6' title="bbox 474 583 2047 651; baseline -0.001 -9"><span class='ocrx_word' id='word_1_33' title='bbox 474 592 756 643; x_wconf 72' lang='lat' dir='ltr'><strong>vocantur.</strong></span> <span class='ocrx_word' id='word_1_34' title='bbox 796 584 929 651; x_wconf 89' lang='lat' dir='ltr'><strong>Leo,</strong></span> <span class='ocrx_word' id='word_1_35' title='bbox 976 584 1231 647; x_wconf 84' lang='lat' dir='ltr'><strong>Diabolus</strong></span> <span class='ocrx_word' id='word_1_36' title='bbox 1254 586 1323 640; x_wconf 92' lang='lat' dir='ltr'><strong>ob</strong></span> <span class='ocrx_word' id='word_1_37' title='bbox 1346 583 1716 646; x_wconf 75' lang='lat' dir='ltr'><strong>fortiuuliuem</strong></span> <span class='ocrx_word' id='word_1_38' title='bbox 1739 592 1795 646; x_wconf 85' lang='lat' dir='ltr'><strong>et</strong></span> <span class='ocrx_word' id='word_1_39' title='bbox 1818 583 2047 645; x_wconf 85' lang='lat' dir='ltr'><strong>crudeli-</strong></span> 
     </span>
    </p>
   </div>
   <div class='ocr_carea' id='block_1_7' title="bbox 476 673 2047 747">
    <p class='ocr_par' dir='ltr' id='par_1_7' title="bbox 476 673 2047 747">
     <span class='ocr_line' id='line_1_7' title="bbox 476 673 2047 747; baseline 0.001 -20"><span class='ocrx_word' id='word_1_40' title='bbox 476 679 669 741; x_wconf 87' lang='lat' dir='ltr'><strong>tatem,</strong></span> <span class='ocrx_word' id='word_1_41' title='bbox 693 682 754 731; x_wconf 88' lang='lat' dir='ltr'><strong>ut</strong></span> <span class='ocrx_word' id='word_1_42' title='bbox 782 674 837 730; x_wconf 92' lang='lat' dir='ltr'><strong>in</strong></span> <span class='ocrx_word' id='word_1_43' title='bbox 862 674 1106 729; x_wconf 87' lang='lat' dir='ltr'><strong>Psalmo:</strong></span> <span class='ocrx_word' id='word_1_44' title='bbox 1134 673 1217 729; x_wconf 84' lang='lat' dir='ltr'><strong>Ne</strong></span> <span class='ocrx_word' id='word_1_45' title='bbox 1241 675 1451 747; x_wconf 80' lang='lat' dir='ltr'><strong>quando</strong></span> <span class='ocrx_word' id='word_1_46' title='bbox 1481 676 1651 746; x_wconf 74' lang='lat' dir='ltr'><strong>rapiat</strong></span> <span class='ocrx_word' id='word_1_47' title='bbox 1667 715 1684 742; x_wconf 94' lang='lat'><strong>,</strong></span> <span class='ocrx_word' id='word_1_48' title='bbox 1722 684 1780 733; x_wconf 89' lang='lat' dir='ltr'><strong>ut</strong></span> <span class='ocrx_word' id='word_1_49' title='bbox 1806 676 1902 740; x_wconf 83' lang='lat' dir='ltr'><strong>leo,</strong></span> <span class='ocrx_word' id='word_1_50' title='bbox 1930 676 2047 730; x_wconf 88' lang='lat' dir='ltr'><strong>ani-</strong></span> 
     </span>
    </p>
   </div>
   <div class='ocr_carea' id='block_1_8' title="bbox 474 760 2044 834">
    <p class='ocr_par' dir='ltr' id='par_1_8' title="bbox 474 760 2044 834">
     <span class='ocr_line' id='line_1_8' title="bbox 474 760 2044 834; baseline 0.001 -15"><span class='ocrx_word' id='word_1_51' title='bbox 474 776 615 819; x_wconf 68' lang='lat' dir='ltr'><strong>mum</strong></span> <span class='ocrx_word' id='word_1_52' title='bbox 658 778 824 816; x_wconf 83' lang='lat' dir='ltr'><strong>meam</strong></span> <span class='ocrx_word' id='word_1_53' title='bbox 857 760 1028 833; x_wconf 86' lang='lat' dir='ltr'><strong>(Psal.</strong></span> <span class='ocrx_word' id='word_1_54' title='bbox 1060 762 1196 834; x_wconf 80' lang='lat' dir='ltr'><strong>vn);</strong></span> <span class='ocrx_word' id='word_1_55' title='bbox 1250 772 1307 821; x_wconf 89' lang='lat' dir='ltr'><strong>et</strong></span> <span class='ocrx_word' id='word_1_56' title='bbox 1339 763 1505 820; x_wconf 89' lang='lat' dir='ltr'><strong>alibi:</strong></span> <span class='ocrx_word' id='word_1_57' title='bbox 1544 763 1697 820; x_wconf 81' lang='lat' dir='ltr'><strong>Sedet</strong></span> <span class='ocrx_word' id='word_1_58' title='bbox 1745 767 1801 820; x_wconf 88' lang='lat' dir='ltr'><strong>in</strong></span> <span class='ocrx_word' id='word_1_59' title='bbox 1838 764 2044 821; x_wconf 84' lang='lat' dir='ltr'><strong>insidiis</strong></span> 
     </span>
    </p>
   </div>
   <div class='ocr_carea' id='block_1_9' title="bbox 473 851 2042 925">
    <p class='ocr_par' dir='ltr' id='par_1_9' title="bbox 473 851 2042 925">
     <span class='ocr_line' id='line_1_9' title="bbox 473 851 2042 925; baseline 0.006 -22"><span class='ocrx_word' id='word_1_60' title='bbox 473 867 589 907; x_wconf 84' lang='lat' dir='ltr'><strong>cum</strong></span> <span class='ocrx_word' id='word_1_61' title='bbox 626 851 870 905; x_wconf 82' lang='lat' dir='ltr'><strong>divitibus</strong></span> <span class='ocrx_word' id='word_1_62' title='bbox 890 852 945 905; x_wconf 90' lang='lat' dir='ltr'><strong>in</strong></span> <span class='ocrx_word' id='word_1_63' title='bbox 965 853 1203 920; x_wconf 73' lang='lat' dir='ltr'><strong>occultis,</strong></span> <span class='ocrx_word' id='word_1_64' title='bbox 1241 855 1375 909; x_wconf 87' lang='lat' dir='ltr'><strong>sicut</strong></span> <span class='ocrx_word' id='word_1_65' title='bbox 1398 854 1477 909; x_wconf 83' lang='lat' dir='ltr'><strong>leo</strong></span> <span class='ocrx_word' id='word_1_66' title='bbox 1501 856 1557 909; x_wconf 88' lang='lat' dir='ltr'><strong>in</strong></span> <span class='ocrx_word' id='word_1_67' title='bbox 1576 855 1734 911; x_wconf 84' lang='lat' dir='ltr'><strong>cubili</strong></span> <span class='ocrx_word' id='word_1_68' title='bbox 1756 872 1849 910; x_wconf 80' lang='lat' dir='ltr'><strong>suo</strong></span> <span class='ocrx_word' id='word_1_69' title='bbox 1872 854 2042 925; x_wconf 89' lang='lat' dir='ltr'><strong>(Psal.</strong></span> 
     </span>
    </p>
   </div>
   <div class='ocr_carea' id='block_1_10' title="bbox 473 940 2047 1015">
    <p class='ocr_par' dir='ltr' id='par_1_10' title="bbox 473 940 2047 1015">
     <span class='ocr_line' id='line_1_10' title="bbox 473 940 2047 1015; baseline 0.004 -21"><span class='ocrx_word' id='word_1_70' title='bbox 473 940 551 1010; x_wconf 77' lang='grc' dir='ltr'><strong>ι).</strong></span> <span class='ocrx_word' id='word_1_71' title='bbox 598 940 808 1011; x_wconf 82' lang='lat' dir='ltr'><strong>Leones</strong></span> <span class='ocrx_word' id='word_1_72' title='bbox 834 950 963 997; x_wconf 89' lang='lat' dir='ltr'><strong>sunt</strong></span> <span class='ocrx_word' id='word_1_73' title='bbox 986 951 1293 1014; x_wconf 71' lang='lat' dir='ltr'><strong>potestates</strong></span> <span class='ocrx_word' id='word_1_74' title='bbox 1310 944 1470 1015; x_wconf 81' lang='lat' dir='ltr'><strong>hujus</strong></span> <span class='ocrx_word' id='word_1_75' title='bbox 1498 946 1699 1015; x_wconf 82' lang='lat' dir='ltr'><strong>saeculi,</strong></span> <span class='ocrx_word' id='word_1_76' title='bbox 1729 954 1789 1001; x_wconf 92' lang='lat' dir='ltr'><strong>ut</strong></span> <span class='ocrx_word' id='word_1_77' title='bbox 1816 946 1869 1001; x_wconf 87' lang='lat' dir='ltr'><strong>in</strong></span> <span class='ocrx_word' id='word_1_78' title='bbox 1896 945 2047 1002; x_wconf 81' lang='lat' dir='ltr'><strong>Jere-</strong></span> 
     </span>
    </p>
   </div>
   <div class='ocr_carea' id='block_1_11' title="bbox 472 1031 2045 1109">
    <p class='ocr_par' dir='ltr' id='par_1_11' title="bbox 472 1031 2045 1109">
     <span class='ocr_line' id='line_1_11' title="bbox 472 1031 2045 1109; baseline 0.003 -22"><span class='ocrx_word' id='word_1_79' title='bbox 472 1033 613 1088; x_wconf 88' lang='lat' dir='ltr'><strong>mia:</strong></span> <span class='ocrx_word' id='word_1_80' title='bbox 648 1031 787 1089; x_wconf 74' lang='lat' dir='ltr'><strong>Grca:</strong></span> <span class='ocrx_word' id='word_1_81' title='bbox 809 1033 1075 1109; x_wconf 83' lang='lat' dir='ltr'><strong>dispersus</strong></span> <span class='ocrx_word' id='word_1_82' title='bbox 1109 1036 1331 1105; x_wconf 81' lang='lat' dir='ltr'><strong>populus</strong></span> <span class='ocrx_word' id='word_1_83' title='bbox 1357 1054 1525 1103; x_wconf 86' lang='lat' dir='ltr'><strong>meus,</strong></span> <span class='ocrx_word' id='word_1_84' title='bbox 1573 1037 1742 1093; x_wconf 82' lang='lat' dir='ltr'><strong>leones</strong></span> <span class='ocrx_word' id='word_1_85' title='bbox 1784 1038 2045 1107; x_wconf 85' lang='lat' dir='ltr'><strong>ejecerunt</strong></span> 
     </span>
    </p>
   </div>
   <div class='ocr_carea' id='block_1_12' title="bbox 472 1125 2048 1203">
    <p class='ocr_par' dir='ltr' id='par_1_12' title="bbox 472 1125 2048 1203">
     <span class='ocr_line' id='line_1_12' title="bbox 472 1125 2048 1203; baseline 0.005 -23"><span class='ocrx_word' id='word_1_86' title='bbox 472 1142 561 1185; x_wconf 23' lang='lat' dir='ltr'><strong>eos.</strong></span> <span class='ocrx_word' id='word_1_87' title='bbox 582 1125 715 1195; x_wconf 81' lang='lat' dir='ltr'><strong>(Jer.</strong></span> <span class='ocrx_word' id='word_1_88' title='bbox 747 1127 822 1197; x_wconf 80' lang='grc' dir='ltr'><strong>ι).</strong></span> <span class='ocrx_word' id='word_1_89' title='bbox 858 1127 1033 1182; x_wconf 91' lang='lat' dir='ltr'><strong>Catuli</strong></span> <span class='ocrx_word' id='word_1_90' title='bbox 1058 1129 1292 1196; x_wconf 87' lang='lat' dir='ltr'><strong>leonum,</strong></span> <span class='ocrx_word' id='word_1_91' title='bbox 1332 1133 1601 1191; x_wconf 63' lang='lat' dir='ltr'><strong>daemones</strong></span> <span class='ocrx_word' id='word_1_92' title='bbox 1627 1132 1739 1187; x_wconf 85' lang='lat' dir='ltr'><strong>sive</strong></span> <span class='ocrx_word' id='word_1_93' title='bbox 1771 1132 1923 1203; x_wconf 88' lang='lat' dir='ltr'><strong>pravi</strong></span> <span class='ocrx_word' id='word_1_94' title='bbox 1952 1133 2048 1188; x_wconf 87' lang='lat' dir='ltr'><strong>ho-</strong></span> 
     </span>
    </p>
   </div>
   <div class='ocr_carea' id='block_1_13' title="bbox 472 1218 2047 1289">
    <p class='ocr_par' dir='ltr' id='par_1_13' title="bbox 472 1218 2047 1289">
     <span class='ocr_line' id='line_1_13' title="bbox 472 1218 2047 1289; baseline 0.003 -18"><span class='ocrx_word' id='word_1_95' title='bbox 472 1218 663 1284; x_wconf 90' lang='lat' dir='ltr'><strong>mines,</strong></span> <span class='ocrx_word' id='word_1_96' title='bbox 693 1219 834 1274; x_wconf 88' lang='lat' dir='ltr'><strong>utin</strong></span> <span class='ocrx_word' id='word_1_97' title='bbox 862 1220 1109 1289; x_wconf 83' lang='lat' dir='ltr'><strong>psalmo:</strong></span> <span class='ocrx_word' id='word_1_98' title='bbox 1168 1222 1237 1275; x_wconf 88' lang='lat' dir='ltr'><strong>In</strong></span> <span class='ocrx_word' id='word_1_99' title='bbox 1286 1223 1457 1276; x_wconf 83' lang='lat' dir='ltr'><strong>medio</strong></span> <span class='ocrx_word' id='word_1_100' title='bbox 1498 1221 1791 1276; x_wconf 78' lang='lat' dir='ltr'><strong>catulorum</strong></span> <span class='ocrx_word' id='word_1_101' title='bbox 1842 1222 2047 1278; x_wconf 85' lang='lat' dir='ltr'><strong>leonum</strong></span> 
     </span>
    </p>
   </div>
   <div class='ocr_carea' id='block_1_14' title="bbox 470 1307 2048 1382">
    <p class='ocr_par' dir='ltr' id='par_1_14' title="bbox 470 1307 2048 1382">
     <span class='ocr_line' id='line_1_14' title="bbox 470 1307 2048 1382; baseline 0.003 -23"><span class='ocrx_word' id='word_1_102' title='bbox 470 1307 689 1361; x_wconf 81' lang='lat' dir='ltr'><strong>dormivi</strong></span> <span class='ocrx_word' id='word_1_103' title='bbox 715 1310 1051 1364; x_wconf 75' lang='lat' dir='ltr'><strong>conturbatus</strong></span> <span class='ocrx_word' id='word_1_104' title='bbox 1077 1309 1248 1382; x_wconf 84' lang='lat' dir='ltr'><strong>(Psal.</strong></span> <span class='ocrx_word' id='word_1_105' title='bbox 1282 1310 1413 1381; x_wconf 71' lang='lat' dir='ltr'><strong>va).</strong></span> <span class='ocrx_word' id='word_1_106' title='bbox 1442 1311 1511 1365; x_wconf 86' lang='lat' dir='ltr'><strong>Et</strong></span> <span class='ocrx_word' id='word_1_107' title='bbox 1537 1311 1659 1365; x_wconf 87' lang='lat' dir='ltr'><strong>alibi</strong></span> <span class='ocrx_word' id='word_1_108' title='bbox 1686 1329 1699 1364; x_wconf 93' lang='lat'><strong>:</strong></span> <span class='ocrx_word' id='word_1_109' title='bbox 1730 1310 1907 1365; x_wconf 85' lang='lat' dir='ltr'><strong>Catuli</strong></span> <span class='ocrx_word' id='word_1_110' title='bbox 1945 1311 2048 1365; x_wconf 88' lang='lat' dir='ltr'><strong>leo-</strong></span> 
     </span>
    </p>
   </div>
   <div class='ocr_carea' id='block_1_15' title="bbox 471 1397 2048 1469">
    <p class='ocr_par' dir='ltr' id='par_1_15' title="bbox 471 1397 2048 1469">
     <span class='ocr_line' id='line_1_15' title="bbox 471 1397 2048 1469; baseline 0.003 -21"><span class='ocrx_word' id='word_1_111' title='bbox 471 1411 599 1449; x_wconf 74' lang='lat' dir='ltr'><strong>num</strong></span> <span class='ocrx_word' id='word_1_112' title='bbox 625 1397 902 1467; x_wconf 79' lang='lat' dir='ltr'><strong>rugientes,</strong></span> <span class='ocrx_word' id='word_1_113' title='bbox 926 1409 983 1453; x_wconf 87' lang='lat' dir='ltr'><strong>ut</strong></span> <span class='ocrx_word' id='word_1_114' title='bbox 1012 1401 1217 1469; x_wconf 79' lang='lat' dir='ltr'><strong>rapiant</strong></span> <span class='ocrx_word' id='word_1_115' title='bbox 1240 1409 1286 1453; x_wconf 89' lang='lat' dir='ltr'><strong>et</strong></span> <span class='ocrx_word' id='word_1_116' title='bbox 1306 1410 1542 1469; x_wconf 73' lang='lat' dir='ltr'><strong>quierant</strong></span> <span class='ocrx_word' id='word_1_117' title='bbox 1571 1416 1603 1452; x_wconf 90' lang='lat' dir='ltr'><strong>a</strong></span> <span class='ocrx_word' id='word_1_118' title='bbox 1624 1400 1732 1454; x_wconf 88' lang='lat' dir='ltr'><strong>Deo</strong></span> <span class='ocrx_word' id='word_1_119' title='bbox 1757 1417 1927 1454; x_wconf 86' lang='lat' dir='ltr'><strong>escam</strong></span> <span class='ocrx_word' id='word_1_120' title='bbox 1951 1400 2048 1454; x_wconf 88' lang='lat' dir='ltr'><strong>sibi</strong></span> 
     </span>
    </p>
   </div>
   <div class='ocr_carea' id='block_1_16' title="bbox 470 1484 2049 1561">
    <p class='ocr_par' dir='ltr' id='par_1_16' title="bbox 470 1484 2049 1561">
     <span class='ocr_line' id='line_1_16' title="bbox 470 1484 2049 1561; baseline 0.006 -24"><span class='ocrx_word' id='word_1_121' title='bbox 470 1484 642 1556; x_wconf 86' lang='lat' dir='ltr'><strong>(Psal.</strong></span> <span class='ocrx_word' id='word_1_122' title='bbox 692 1487 830 1555; x_wconf 83' lang='lat' dir='ltr'><strong>cur).</strong></span> <span class='ocrx_word' id='word_1_123' title='bbox 884 1487 1071 1545; x_wconf 88' lang='lat' dir='ltr'><strong>Cubile</strong></span> <span class='ocrx_word' id='word_1_124' title='bbox 1107 1490 1340 1555; x_wconf 87' lang='lat' dir='ltr'><strong>leonum,</strong></span> <span class='ocrx_word' id='word_1_125' title='bbox 1396 1507 1635 1561; x_wconf 67' lang='lat' dir='ltr'><strong>praesens</strong></span> <span class='ocrx_word' id='word_1_126' title='bbox 1664 1492 1928 1546; x_wconf 88' lang='lat' dir='ltr'><strong>mundus:</strong></span> <span class='ocrx_word' id='word_1_127' title='bbox 1964 1491 2049 1546; x_wconf 93' lang='lat' dir='ltr'><strong>vel</strong></span> 
     </span>
    </p>
   </div>
   <div class='ocr_carea' id='block_1_17' title="bbox 469 1576 2050 1648">
    <p class='ocr_par' dir='ltr' id='par_1_17' title="bbox 469 1576 2050 1648">
     <span class='ocr_line' id='line_1_17' title="bbox 469 1576 2050 1648; baseline 0.005 -21"><span class='ocrx_word' id='word_1_128' title='bbox 469 1576 743 1644; x_wconf 85' lang='lat' dir='ltr'><strong>quodlibet</strong></span> <span class='ocrx_word' id='word_1_129' title='bbox 762 1591 984 1648; x_wconf 89' lang='lat' dir='ltr'><strong>regnum</strong></span> <span class='ocrx_word' id='word_1_130' title='bbox 1008 1578 1167 1647; x_wconf 87' lang='lat' dir='ltr'><strong>hujus</strong></span> <span class='ocrx_word' id='word_1_131' title='bbox 1196 1581 1378 1636; x_wconf 90' lang='lat' dir='ltr'><strong>mundi</strong></span> <span class='ocrx_word' id='word_1_132' title='bbox 1406 1582 1561 1634; x_wconf 87' lang='lat' dir='ltr'><strong>:utin</strong></span> <span class='ocrx_word' id='word_1_133' title='bbox 1576 1580 1785 1635; x_wconf 86' lang='lat' dir='ltr'><strong>Nahum</strong></span> <span class='ocrx_word' id='word_1_134' title='bbox 1812 1599 1823 1635; x_wconf 94' lang='lat'><strong>:</strong></span> <span class='ocrx_word' id='word_1_135' title='bbox 1858 1579 1954 1635; x_wconf 85' lang='lat' dir='ltr'><strong>Ubi</strong></span> <span class='ocrx_word' id='word_1_136' title='bbox 1975 1592 2050 1638; x_wconf 84' lang='lat' dir='ltr'><strong>est</strong></span> 
     </span>
    </p>
   </div>
   <div class='ocr_carea' id='block_1_18' title="bbox 472 1668 2047 1745">
    <p class='ocr_par' dir='ltr' id='par_1_18' title="bbox 472 1668 2047 1745">
     <span class='ocr_line' id='line_1_18' title="bbox 472 1668 2047 1745; baseline 0.005 -26"><span class='ocrx_word' id='word_1_137' title='bbox 472 1668 639 1721; x_wconf 82' lang='lat' dir='ltr'><strong>cubile</strong></span> <span class='ocrx_word' id='word_1_138' title='bbox 668 1668 895 1736; x_wconf 86' lang='lat' dir='ltr'><strong>leonum,</strong></span> <span class='ocrx_word' id='word_1_139' title='bbox 917 1681 965 1725; x_wconf 89' lang='lat' dir='ltr'><strong>et</strong></span> <span class='ocrx_word' id='word_1_140' title='bbox 992 1689 1188 1742; x_wconf 86' lang='lat' dir='ltr'><strong>pascua</strong></span> <span class='ocrx_word' id='word_1_141' title='bbox 1210 1673 1503 1726; x_wconf 84' lang='lat' dir='ltr'><strong>catulorum</strong></span> <span class='ocrx_word' id='word_1_142' title='bbox 1537 1671 1742 1727; x_wconf 87' lang='lat' dir='ltr'><strong>leonum</strong></span> <span class='ocrx_word' id='word_1_143' title='bbox 1768 1672 1935 1744; x_wconf 84' lang='lat' dir='ltr'><strong>(Nah.</strong></span> <span class='ocrx_word' id='word_1_144' title='bbox 1962 1673 2047 1745; x_wconf 90' lang='grc' dir='ltr'>ιι).</span> 
     </span>
    </p>
   </div>
   <div class='ocr_carea' id='block_1_19' title="bbox 2146 483 3729 567">
    <p class='ocr_par' dir='ltr' id='par_1_19' title="bbox 2146 483 3729 567">
     <span class='ocr_line' id='line_1_19' title="bbox 2146 483 3729 567; baseline 0.003 -20"><span class='ocrx_word' id='word_1_145' title='bbox 2146 483 2338 563; x_wconf 84' lang='lat' dir='ltr'><strong>posse;</strong></span> <span class='ocrx_word' id='word_1_146' title='bbox 2370 491 2628 567; x_wconf 69' lang='lat' dir='ltr'><strong>vitiantur</strong></span> <span class='ocrx_word' id='word_1_147' title='bbox 2656 493 2798 549; x_wconf 88' lang='lat' dir='ltr'><strong>enim</strong></span> <span class='ocrx_word' id='word_1_148' title='bbox 2825 494 3147 550; x_wconf 86' lang='lat' dir='ltr'><strong>intrinsecus</strong></span> <span class='ocrx_word' id='word_1_149' title='bbox 3174 510 3232 550; x_wconf 89' lang='lat' dir='ltr'><strong>se</strong></span> <span class='ocrx_word' id='word_1_150' title='bbox 3260 497 3603 552; x_wconf 81' lang='lat' dir='ltr'><strong>moventibus</strong></span> <span class='ocrx_word' id='word_1_151' title='bbox 3624 512 3729 552; x_wconf 88' lang='lat' dir='ltr'><strong>ca-</strong></span> 
     </span>
    </p>
   </div>
   <div class='ocr_carea' id='block_1_20' title="bbox 2145 579 3731 654">
    <p class='ocr_par' dir='ltr' id='par_1_20' title="bbox 2145 579 3731 654">
     <span class='ocr_line' id='line_1_20' title="bbox 2145 579 3731 654; baseline 0.004 -20"><span class='ocrx_word' id='word_1_152' title='bbox 2145 580 2293 636; x_wconf 84' lang='lat' dir='ltr'><strong>tulis.</strong></span> <span class='ocrx_word' id='word_1_153' title='bbox 2332 579 2541 637; x_wconf 87' lang='lat' dir='ltr'><strong>Pardus</strong></span> <span class='ocrx_word' id='word_1_154' title='bbox 2575 581 2845 651; x_wconf 85' lang='lat' dir='ltr'><strong>secundus</strong></span> <span class='ocrx_word' id='word_1_155' title='bbox 2888 589 3011 653; x_wconf 88' lang='lat' dir='ltr'><strong>post</strong></span> <span class='ocrx_word' id='word_1_156' title='bbox 3039 583 3380 652; x_wconf 87' lang='lat' dir='ltr'><strong>pantheram,</strong></span> <span class='ocrx_word' id='word_1_157' title='bbox 3425 600 3594 654; x_wconf 89' lang='lat' dir='ltr'><strong>genus</strong></span> <span class='ocrx_word' id='word_1_158' title='bbox 3638 593 3731 640; x_wconf 78' lang='lat' dir='ltr'><strong>est</strong></span> 
     </span>
    </p>
   </div>
   <div class='ocr_carea' id='block_1_21' title="bbox 2146 668 3727 745">
    <p class='ocr_par' dir='ltr' id='par_1_21' title="bbox 2146 668 3727 745">
     <span class='ocr_line' id='line_1_21' title="bbox 2146 668 3727 745; baseline 0.003 -22"><span class='ocrx_word' id='word_1_159' title='bbox 2146 669 2355 724; x_wconf 88' lang='lat' dir='ltr'><strong>varium</strong></span> <span class='ocrx_word' id='word_1_160' title='bbox 2375 684 2440 724; x_wconf 92' lang='lat' dir='ltr'><strong>ac</strong></span> <span class='ocrx_word' id='word_1_161' title='bbox 2462 668 2877 733; x_wconf 86' lang='lat' dir='ltr'><strong>velocissimum,</strong></span> <span class='ocrx_word' id='word_1_162' title='bbox 2903 678 2958 724; x_wconf 90' lang='lat' dir='ltr'><strong>et</strong></span> <span class='ocrx_word' id='word_1_163' title='bbox 2982 685 3223 742; x_wconf 78' lang='lat' dir='ltr'><strong>praeceps</strong></span> <span class='ocrx_word' id='word_1_164' title='bbox 3254 670 3320 726; x_wconf 92' lang='lat' dir='ltr'><strong>ad</strong></span> <span class='ocrx_word' id='word_1_165' title='bbox 3361 673 3676 745; x_wconf 89' lang='lat' dir='ltr'><strong>sanguinem</strong></span> <span class='ocrx_word' id='word_1_166' title='bbox 3709 690 3727 740; x_wconf 88' lang='lat'><strong>;</strong></span> 
     </span>
    </p>
   </div>
   <div class='ocr_carea' id='block_1_22' title="bbox 2147 758 3733 834">
    <p class='ocr_par' dir='ltr' id='par_1_22' title="bbox 2147 758 3733 834">
     <span class='ocr_line' id='line_1_22' title="bbox 2147 758 3733 834; baseline 0.004 -22"><span class='ocrx_word' id='word_1_167' title='bbox 2147 758 2285 813; x_wconf 89' lang='lat' dir='ltr'><strong>saltu</strong></span> <span class='ocrx_word' id='word_1_168' title='bbox 2310 758 2452 813; x_wconf 90' lang='lat' dir='ltr'><strong>enim</strong></span> <span class='ocrx_word' id='word_1_169' title='bbox 2484 758 2553 813; x_wconf 88' lang='lat' dir='ltr'><strong>ad</strong></span> <span class='ocrx_word' id='word_1_170' title='bbox 2580 767 2809 814; x_wconf 87' lang='lat' dir='ltr'><strong>mortem</strong></span> <span class='ocrx_word' id='word_1_171' title='bbox 2857 759 2983 813; x_wconf 87' lang='lat' dir='ltr'><strong>ruit.</strong></span> <span class='ocrx_word' id='word_1_172' title='bbox 3039 759 3243 816; x_wconf 90' lang='lat' dir='ltr'><strong>Pardus</strong></span> <span class='ocrx_word' id='word_1_173' title='bbox 3287 770 3467 818; x_wconf 88' lang='lat' dir='ltr'><strong>autem</strong></span> <span class='ocrx_word' id='word_1_174' title='bbox 3498 763 3733 834; x_wconf 84' lang='lat' dir='ltr'><strong>mystice</strong></span> 
     </span>
    </p>
   </div>
   <div class='ocr_carea' id='block_1_23' title="bbox 2146 846 3737 923">
    <p class='ocr_par' dir='ltr' id='par_1_23' title="bbox 2146 846 3737 923">
     <span class='ocr_line' id='line_1_23' title="bbox 2146 846 3737 923; baseline 0.003 -17"><span class='ocrx_word' id='word_1_175' title='bbox 2146 846 2414 921; x_wconf 89' lang='lat' dir='ltr'><strong>signiﬁcat</strong></span> <span class='ocrx_word' id='word_1_176' title='bbox 2453 849 2734 910; x_wconf 85' lang='lat' dir='ltr'><strong>Diabolum</strong></span> <span class='ocrx_word' id='word_1_177' title='bbox 2780 851 3007 907; x_wconf 82' lang='lat' dir='ltr'><strong>diversis</strong></span> <span class='ocrx_word' id='word_1_178' title='bbox 3050 854 3194 908; x_wconf 84' lang='lat' dir='ltr'><strong>vitiis</strong></span> <span class='ocrx_word' id='word_1_179' title='bbox 3219 852 3607 923; x_wconf 89' lang='lat' dir='ltr'><strong>plenissimum,</strong></span> <span class='ocrx_word' id='word_1_180' title='bbox 3639 849 3737 910; x_wconf 81' lang='lat' dir='ltr'><strong>vel</strong></span> 
     </span>
    </p>
   </div>
   <div class='ocr_carea' id='block_1_24' title="bbox 2145 943 3736 1015">
    <p class='ocr_par' dir='ltr' id='par_1_24' title="bbox 2145 943 3736 1015">
     <span class='ocr_line' id='line_1_24' title="bbox 2145 943 3736 1015; baseline 0.002 -17"><span class='ocrx_word' id='word_1_181' title='bbox 2145 951 2487 1012; x_wconf 84' lang='lat' dir='ltr'><strong>peccatorem</strong></span> <span class='ocrx_word' id='word_1_182' title='bbox 2526 943 2820 1015; x_wconf 87' lang='lat' dir='ltr'><strong>quemlibet</strong></span> <span class='ocrx_word' id='word_1_183' title='bbox 2860 944 3084 999; x_wconf 85' lang='lat' dir='ltr'><strong>maculis</strong></span> <span class='ocrx_word' id='word_1_184' title='bbox 3119 944 3382 1005; x_wconf 87' lang='lat' dir='ltr'><strong>scelerum</strong></span> <span class='ocrx_word' id='word_1_185' title='bbox 3408 952 3464 999; x_wconf 93' lang='lat' dir='ltr'><strong>et</strong></span> <span class='ocrx_word' id='word_1_186' title='bbox 3488 945 3736 1001; x_wconf 79' lang='lat' dir='ltr'><strong>diverso-</strong></span> 
     </span>
    </p>
   </div>
   <div class='ocr_carea' id='block_1_25' title="bbox 2145 1033 3728 1107">
    <p class='ocr_par' dir='ltr' id='par_1_25' title="bbox 2145 1033 3728 1107">
     <span class='ocr_line' id='line_1_25' title="bbox 2145 1033 3728 1107; baseline 0.001 -20"><span class='ocrx_word' id='word_1_187' title='bbox 2145 1049 2267 1088; x_wconf 86' lang='lat' dir='ltr'><strong>rum</strong></span> <span class='ocrx_word' id='word_1_188' title='bbox 2296 1049 2541 1090; x_wconf 90' lang='lat' dir='ltr'><strong>errorum</strong></span> <span class='ocrx_word' id='word_1_189' title='bbox 2582 1050 2879 1106; x_wconf 88' lang='lat' dir='ltr'><strong>aspersum.</strong></span> <span class='ocrx_word' id='word_1_190' title='bbox 2943 1033 3091 1091; x_wconf 91' lang='lat' dir='ltr'><strong>Unde</strong></span> <span class='ocrx_word' id='word_1_191' title='bbox 3120 1036 3249 1090; x_wconf 88' lang='lat' dir='ltr'><strong>dicit</strong></span> <span class='ocrx_word' id='word_1_192' title='bbox 3267 1035 3563 1107; x_wconf 82' lang='lat' dir='ltr'><strong>propheta:</strong></span> <span class='ocrx_word' id='word_1_193' title='bbox 3615 1034 3728 1089; x_wconf 71' lang='lat' dir='ltr'><strong>AE-</strong></span> 
     </span>
    </p>
   </div>
   <div class='ocr_carea' id='block_1_26' title="bbox 2149 1124 3718 1196">
    <p class='ocr_par' dir='ltr' id='par_1_26' title="bbox 2149 1124 3718 1196">
     <span class='ocr_line' id='line_1_26' title="bbox 2149 1124 3718 1196; baseline 0.002 -18"><span class='ocrx_word' id='word_1_194' title='bbox 2149 1124 2317 1195; x_wconf 82' lang='lat' dir='ltr'><strong>thiops</strong></span> <span class='ocrx_word' id='word_1_195' title='bbox 2348 1142 2451 1179; x_wconf 88' lang='lat' dir='ltr'><strong>non</strong></span> <span class='ocrx_word' id='word_1_196' title='bbox 2486 1127 2703 1181; x_wconf 82' lang='lat' dir='ltr'><strong>mutavit</strong></span> <span class='ocrx_word' id='word_1_197' title='bbox 2730 1125 2934 1196; x_wconf 86' lang='lat' dir='ltr'><strong>pellem,</strong></span> <span class='ocrx_word' id='word_1_198' title='bbox 2957 1136 3003 1180; x_wconf 89' lang='lat' dir='ltr'><strong>et</strong></span> <span class='ocrx_word' id='word_1_199' title='bbox 3024 1127 3219 1196; x_wconf 78' lang='lat' dir='ltr'><strong>pardus</strong></span> <span class='ocrx_word' id='word_1_200' title='bbox 3242 1130 3718 1183; x_wconf 69' lang='lat' dir='ltr'><strong>varietatemsuam</strong></span> 
     </span>
    </p>
   </div>
   <div class='ocr_carea' id='block_1_27' title="bbox 2149 1213 3730 1293">
    <p class='ocr_par' dir='ltr' id='par_1_27' title="bbox 2149 1213 3730 1293">
     <span class='ocr_line' id='line_1_27' title="bbox 2149 1213 3730 1293; baseline 0.003 -24"><span class='ocrx_word' id='word_1_201' title='bbox 2149 1213 2280 1287; x_wconf 83' lang='lat' dir='ltr'><strong>(Jer.</strong></span> <span class='ocrx_word' id='word_1_202' title='bbox 2308 1215 2467 1293; x_wconf 65' lang='lat' dir='ltr'><strong>xm).</strong></span> <span class='ocrx_word' id='word_1_203' title='bbox 2504 1216 2635 1271; x_wconf 85' lang='lat' dir='ltr'><strong>Item</strong></span> <span class='ocrx_word' id='word_1_204' title='bbox 2678 1217 2876 1287; x_wconf 90' lang='lat' dir='ltr'><strong>pardus</strong></span> <span class='ocrx_word' id='word_1_205' title='bbox 2904 1216 3265 1274; x_wconf 81' lang='lat' dir='ltr'><strong>Antichristus</strong></span> <span class='ocrx_word' id='word_1_206' title='bbox 3297 1219 3517 1275; x_wconf 63' lang='lat' dir='ltr'><strong>malitia:</strong></span> <span class='ocrx_word' id='word_1_207' title='bbox 3546 1219 3730 1274; x_wconf 87' lang='lat' dir='ltr'><strong>varie-</strong></span> 
     </span>
    </p>
   </div>
   <div class='ocr_carea' id='block_1_28' title="bbox 2148 1305 3733 1385">
    <p class='ocr_par' dir='ltr' id='par_1_28' title="bbox 2148 1305 3733 1385">
     <span class='ocr_line' id='line_1_28' title="bbox 2148 1305 3733 1385; baseline 0.004 -28"><span class='ocrx_word' id='word_1_208' title='bbox 2148 1311 2259 1385; x_wconf 87' lang='lat' dir='ltr'><strong>tate</strong></span> <span class='ocrx_word' id='word_1_209' title='bbox 2281 1319 2553 1373; x_wconf 89' lang='lat' dir='ltr'><strong>aspersus,</strong></span> <span class='ocrx_word' id='word_1_210' title='bbox 2571 1314 2633 1359; x_wconf 91' lang='lat' dir='ltr'><strong>ut</strong></span> <span class='ocrx_word' id='word_1_211' title='bbox 2650 1306 2704 1359; x_wconf 92' lang='lat' dir='ltr'><strong>in</strong></span> <span class='ocrx_word' id='word_1_212' title='bbox 2737 1305 3050 1379; x_wconf 81' lang='lat' dir='ltr'><strong>Apocalypsi</strong></span> <span class='ocrx_word' id='word_1_213' title='bbox 3079 1324 3093 1373; x_wconf 89' lang='lat'><strong>;</strong></span> <span class='ocrx_word' id='word_1_214' title='bbox 3126 1306 3192 1361; x_wconf 87' lang='lat' dir='ltr'><strong>Et</strong></span> <span class='ocrx_word' id='word_1_215' title='bbox 3215 1307 3395 1374; x_wconf 85' lang='lat' dir='ltr'><strong>bestia,</strong></span> <span class='ocrx_word' id='word_1_216' title='bbox 3419 1325 3536 1379; x_wconf 70' lang='lat' dir='ltr'><strong>qua</strong></span> <span class='ocrx_word' id='word_1_217' title='bbox 3555 1324 3733 1363; x_wconf 79' lang='lat' dir='ltr'><strong>ascen—</strong></span> 
     </span>
    </p>
   </div>
   <div class='ocr_carea' id='block_1_29' title="bbox 2148 1397 3731 1476">
    <p class='ocr_par' dir='ltr' id='par_1_29' title="bbox 2148 1397 3731 1476">
     <span class='ocr_line' id='line_1_29' title="bbox 2148 1397 3731 1476; baseline 0.003 -21"><span class='ocrx_word' id='word_1_218' title='bbox 2148 1397 2299 1455; x_wconf 85' lang='lat' dir='ltr'><strong>debat</strong></span> <span class='ocrx_word' id='word_1_219' title='bbox 2322 1398 2387 1453; x_wconf 84' lang='lat' dir='ltr'><strong>de</strong></span> <span class='ocrx_word' id='word_1_220' title='bbox 2406 1401 2564 1466; x_wconf 89' lang='lat' dir='ltr'><strong>mari,</strong></span> <span class='ocrx_word' id='word_1_221' title='bbox 2592 1400 2775 1456; x_wconf 82' lang='lat' dir='ltr'><strong>similis</strong></span> <span class='ocrx_word' id='word_1_222' title='bbox 2800 1411 2912 1456; x_wconf 86' lang='lat' dir='ltr'><strong>erat</strong></span> <span class='ocrx_word' id='word_1_223' title='bbox 2935 1404 3100 1473; x_wconf 82' lang='lat' dir='ltr'><strong>pardo</strong></span> <span class='ocrx_word' id='word_1_224' title='bbox 3129 1402 3309 1475; x_wconf 80' lang='lat' dir='ltr'><strong>(Apoc.</strong></span> <span class='ocrx_word' id='word_1_225' title='bbox 3339 1405 3462 1476; x_wconf 79' lang='lat' dir='ltr'><strong>xm)</strong></span> <span class='ocrx_word' id='word_1_226' title='bbox 3488 1422 3503 1471; x_wconf 87' lang='lat'><strong>;</strong></span> <span class='ocrx_word' id='word_1_227' title='bbox 3536 1405 3604 1459; x_wconf 91' lang='lat' dir='ltr'><strong>de</strong></span> <span class='ocrx_word' id='word_1_228' title='bbox 3623 1404 3731 1459; x_wconf 87' lang='lat' dir='ltr'><strong>illis</strong></span> 
     </span>
    </p>
   </div>
   <div class='ocr_carea' id='block_1_30' title="bbox 2150 1488 3731 1566">
    <p class='ocr_par' dir='ltr' id='par_1_30' title="bbox 2150 1488 3731 1566">
     <span class='ocr_line' id='line_1_30' title="bbox 2150 1488 3731 1566; baseline 0.006 -24"><span class='ocrx_word' id='word_1_229' title='bbox 2150 1488 2301 1553; x_wconf 87' lang='lat' dir='ltr'><strong>dicit,</strong></span> <span class='ocrx_word' id='word_1_230' title='bbox 2332 1490 2420 1558; x_wconf 91' lang='lat' dir='ltr'><strong>qui</strong></span> <span class='ocrx_word' id='word_1_231' title='bbox 2450 1490 2503 1543; x_wconf 91' lang='lat' dir='ltr'><strong>in</strong></span> <span class='ocrx_word' id='word_1_232' title='bbox 2528 1490 2804 1560; x_wconf 74' lang='lat' dir='ltr'><strong>nigredine</strong></span> <span class='ocrx_word' id='word_1_233' title='bbox 2824 1503 3165 1563; x_wconf 89' lang='lat' dir='ltr'><strong>peccatorum</strong></span> <span class='ocrx_word' id='word_1_234' title='bbox 3188 1501 3245 1549; x_wconf 91' lang='lat' dir='ltr'><strong>et</strong></span> <span class='ocrx_word' id='word_1_235' title='bbox 3262 1496 3524 1551; x_wconf 86' lang='lat' dir='ltr'><strong>varietate</strong></span> <span class='ocrx_word' id='word_1_236' title='bbox 3549 1511 3731 1566; x_wconf 90' lang='lat' dir='ltr'><strong>perse-</strong></span> 
     </span>
    </p>
   </div>
   <div class='ocr_carea' id='block_1_31' title="bbox 2149 1580 3730 1657">
    <p class='ocr_par' dir='ltr' id='par_1_31' title="bbox 2149 1580 3730 1657">
     <span class='ocr_line' id='line_1_31' title="bbox 2149 1580 3730 1657; baseline 0.004 -23"><span class='ocrx_word' id='word_1_237' title='bbox 2149 1588 2358 1635; x_wconf 88' lang='lat' dir='ltr'><strong>verant.</strong></span> <span class='ocrx_word' id='word_1_238' title='bbox 2405 1580 2543 1651; x_wconf 84' lang='lat' dir='ltr'><strong>Alibi</strong></span> <span class='ocrx_word' id='word_1_239' title='bbox 2572 1590 2754 1637; x_wconf 89' lang='lat' dir='ltr'><strong>tamen</strong></span> <span class='ocrx_word' id='word_1_240' title='bbox 2799 1585 3056 1653; x_wconf 90' lang='lat' dir='ltr'><strong>scriptum</strong></span> <span class='ocrx_word' id='word_1_241' title='bbox 3085 1593 3206 1641; x_wconf 88' lang='lat' dir='ltr'><strong>est:</strong></span> <span class='ocrx_word' id='word_1_242' title='bbox 3261 1584 3532 1639; x_wconf 84' lang='lat' dir='ltr'><strong>Habitabit</strong></span> <span class='ocrx_word' id='word_1_243' title='bbox 3575 1586 3730 1657; x_wconf 82' lang='lat' dir='ltr'><strong>lupus</strong></span> 
     </span>
    </p>
   </div>
   <div class='ocr_carea' id='block_1_32' title="bbox 2148 1672 3725 1744">
    <p class='ocr_par' dir='ltr' id='par_1_32' title="bbox 2148 1672 3725 1744">
     <span class='ocr_line' id='line_1_32' title="bbox 2148 1672 3725 1744; baseline 0.003 -21"><span class='ocrx_word' id='word_1_244' title='bbox 2148 1686 2267 1723; x_wconf 84' lang='lat' dir='ltr'><strong>cum</strong></span> <span class='ocrx_word' id='word_1_245' title='bbox 2296 1687 2457 1740; x_wconf 85' lang='lat' dir='ltr'><strong>agno,</strong></span> <span class='ocrx_word' id='word_1_246' title='bbox 2508 1680 2557 1724; x_wconf 87' lang='lat' dir='ltr'><strong>et</strong></span> <span class='ocrx_word' id='word_1_247' title='bbox 2580 1672 2776 1740; x_wconf 84' lang='lat' dir='ltr'><strong>pardus</strong></span> <span class='ocrx_word' id='word_1_248' title='bbox 2822 1688 2939 1725; x_wconf 88' lang='lat' dir='ltr'><strong>cum</strong></span> <span class='ocrx_word' id='word_1_249' title='bbox 2983 1673 3132 1726; x_wconf 80' lang='lat' dir='ltr'><strong>Itde</strong></span> <span class='ocrx_word' id='word_1_250' title='bbox 3184 1673 3393 1727; x_wconf 87' lang='lat' dir='ltr'><strong>cubabit</strong></span> <span class='ocrx_word' id='word_1_251' title='bbox 3441 1672 3577 1744; x_wconf 89' lang='lat' dir='ltr'><strong>(Isa.</strong></span> <span class='ocrx_word' id='word_1_252' title='bbox 3625 1674 3725 1744; x_wconf 77' lang='lat' dir='ltr'><strong>xi).</strong></span> 
     </span>
    </p>
   </div>
   <div class='ocr_carea' id='block_1_33' title="bbox 468 1754 3727 1833">
    <p class='ocr_par' dir='ltr' id='par_1_33' title="bbox 468 1754 3727 1833">
     <span class='ocr_line' id='line_1_33' title="bbox 468 1754 3727 1833; baseline 0.002 -24"><span class='ocrx_word' id='word_1_253' title='bbox 468 1754 603 1810; x_wconf 79' lang='lat' dir='ltr'><strong>Item</strong></span> <span class='ocrx_word' id='word_1_254' title='bbox 628 1757 801 1812; x_wconf 87' lang='lat' dir='ltr'><strong>cubile</strong></span> <span class='ocrx_word' id='word_1_255' title='bbox 814 1758 1050 1823; x_wconf 86' lang='lat' dir='ltr'><strong>leonum,</strong></span> <span class='ocrx_word' id='word_1_256' title='bbox 1072 1761 1238 1818; x_wconf 76' lang='lat' dir='ltr'><strong>corda</strong></span> <span class='ocrx_word' id='word_1_257' title='bbox 1258 1762 1630 1830; x_wconf 81' lang='lat' dir='ltr'><strong>reproborum,</strong></span> <span class='ocrx_word' id='word_1_258' title='bbox 1649 1771 1706 1816; x_wconf 92' lang='lat' dir='ltr'><strong>ut</strong></span> <span class='ocrx_word' id='word_1_259' title='bbox 1731 1763 1785 1816; x_wconf 92' lang='lat' dir='ltr'><strong>in</strong></span> <span class='ocrx_word' id='word_1_260' title='bbox 1809 1761 2043 1832; x_wconf 90' lang='lat' dir='ltr'><strong>psalmo:</strong></span> <span class='ocrx_word' id='word_1_261' title='bbox 2074 1756 2122 1815; x_wconf 88' lang='lat' dir='ltr'><strong>B</strong></span> <span class='ocrx_word' id='word_1_262' title='bbox 2150 1758 2301 1826; x_wconf 86' lang='lat' dir='ltr'><strong>Quod</strong></span> <span class='ocrx_word' id='word_1_263' title='bbox 2328 1760 2384 1813; x_wconf 91' lang='lat' dir='ltr'><strong>in</strong></span> <span class='ocrx_word' id='word_1_264' title='bbox 2405 1759 2635 1814; x_wconf 82' lang='lat' dir='ltr'><strong>adventu</strong></span> <span class='ocrx_word' id='word_1_265' title='bbox 2662 1760 2864 1817; x_wconf 88' lang='lat' dir='ltr'><strong>Christi</strong></span> <span class='ocrx_word' id='word_1_266' title='bbox 2890 1762 3213 1832; x_wconf 90' lang='lat' dir='ltr'><strong>completum</strong></span> <span class='ocrx_word' id='word_1_267' title='bbox 3239 1771 3339 1827; x_wconf 91' lang='lat' dir='ltr'><strong>est,</strong></span> <span class='ocrx_word' id='word_1_268' title='bbox 3384 1763 3599 1833; x_wconf 86' lang='lat' dir='ltr'><strong>quando</strong></span> <span class='ocrx_word' id='word_1_269' title='bbox 3629 1763 3727 1829; x_wconf 88' lang='lat' dir='ltr'><strong>illi,</strong></span> 
     </span>
    </p>
   </div>
   <div class='ocr_carea' id='block_1_34' title="bbox 473 1844 2044 1921">
    <p class='ocr_par' dir='ltr' id='par_1_34' title="bbox 473 1844 2044 1921">
     <span class='ocr_line' id='line_1_34' title="bbox 473 1844 2044 1921; baseline 0.004 -20"><span class='ocrx_word' id='word_1_270' title='bbox 473 1844 634 1903; x_wconf 74' lang='lat' dir='ltr'><strong>Ortus</strong></span> <span class='ocrx_word' id='word_1_271' title='bbox 654 1857 729 1903; x_wconf 86' lang='lat' dir='ltr'><strong>est</strong></span> <span class='ocrx_word' id='word_1_272' title='bbox 752 1849 854 1915; x_wconf 89' lang='lat' dir='ltr'><strong>sol,</strong></span> <span class='ocrx_word' id='word_1_273' title='bbox 897 1858 947 1905; x_wconf 86' lang='lat' dir='ltr'><strong>et</strong></span> <span class='ocrx_word' id='word_1_274' title='bbox 973 1852 1267 1921; x_wconf 70' lang='lat' dir='ltr'><strong>congregati</strong></span> <span class='ocrx_word' id='word_1_275' title='bbox 1294 1861 1435 1917; x_wconf 83' lang='lat' dir='ltr'><strong>sunt,</strong></span> <span class='ocrx_word' id='word_1_276' title='bbox 1484 1862 1535 1913; x_wconf 79' lang='lat' dir='ltr'><strong>et</strong></span> <span class='ocrx_word' id='word_1_277' title='bbox 1558 1853 1614 1906; x_wconf 90' lang='lat' dir='ltr'><strong>in</strong></span> <span class='ocrx_word' id='word_1_278' title='bbox 1642 1852 1897 1907; x_wconf 85' lang='lat' dir='ltr'><strong>cubilibus</strong></span> <span class='ocrx_word' id='word_1_279' title='bbox 1936 1855 2044 1908; x_wconf 87' lang='lat' dir='ltr'><strong>suis</strong></span> 
     </span>
    </p>
   </div>
   <div class='ocr_carea' id='block_1_35' title="bbox 470 1940 2048 2018">
    <p class='ocr_par' dir='ltr' id='par_1_35' title="bbox 470 1940 2048 2018">
     <span class='ocr_line' id='line_1_35' title="bbox 470 1940 2048 2018; baseline 0.004 -23"><span class='ocrx_word' id='word_1_280' title='bbox 470 1957 529 1995; x_wconf 89' lang='lat' dir='ltr'><strong>se</strong></span> <span class='ocrx_word' id='word_1_281' title='bbox 548 1940 874 1997; x_wconf 78' lang='lat' dir='ltr'><strong>collocabant</strong></span> <span class='ocrx_word' id='word_1_282' title='bbox 910 1941 1082 2015; x_wconf 88' lang='lat' dir='ltr'><strong>(Psal.</strong></span> <span class='ocrx_word' id='word_1_283' title='bbox 1114 1944 1251 2016; x_wconf 84' lang='lat' dir='ltr'><strong>cm).</strong></span> <span class='ocrx_word' id='word_1_284' title='bbox 1292 1944 1470 2018; x_wconf 93' lang='lat' dir='ltr'><strong>Tigris</strong></span> <span class='ocrx_word' id='word_1_285' title='bbox 1486 1956 1681 2005; x_wconf 79' lang='lat' dir='ltr'><strong>vocata</strong></span> <span class='ocrx_word' id='word_1_286' title='bbox 1712 1956 1932 2018; x_wconf 86' lang='lat' dir='ltr'><strong>propter</strong></span> <span class='ocrx_word' id='word_1_287' title='bbox 1955 1963 2048 2002; x_wconf 84' lang='lat' dir='ltr'><strong>ve-</strong></span> 
     </span>
    </p>
   </div>
   <div class='ocr_carea' id='block_1_36' title="bbox 469 2024 2048 2103">
    <p class='ocr_par' dir='ltr' id='par_1_36' title="bbox 469 2024 2048 2103">
     <span class='ocr_line' id='line_1_36' title="bbox 469 2024 2048 2103; baseline 0.004 -16"><span class='ocrx_word' id='word_1_288' title='bbox 469 2030 645 2087; x_wconf 85' lang='lat' dir='ltr'><strong>locem</strong></span> <span class='ocrx_word' id='word_1_289' title='bbox 671 2030 870 2103; x_wconf 78' lang='lat' dir='ltr'><strong>fugam.</strong></span> <span class='ocrx_word' id='word_1_290' title='bbox 916 2024 992 2089; x_wconf 83' lang='lat' dir='ltr'><strong>lta</strong></span> <span class='ocrx_word' id='word_1_291' title='bbox 1019 2036 1164 2091; x_wconf 80' lang='lat' dir='ltr'><strong>enim</strong></span> <span class='ocrx_word' id='word_1_292' title='bbox 1192 2039 1472 2093; x_wconf 87' lang='lat' dir='ltr'><strong>nominant</strong></span> <span class='ocrx_word' id='word_1_293' title='bbox 1509 2039 1687 2093; x_wconf 75' lang='lat' dir='ltr'><strong>Persa:</strong></span> <span class='ocrx_word' id='word_1_294' title='bbox 1719 2048 1776 2093; x_wconf 91' lang='lat' dir='ltr'><strong>et</strong></span> <span class='ocrx_word' id='word_1_295' title='bbox 1801 2039 1938 2094; x_wconf 83' lang='lat' dir='ltr'><strong>Medi</strong></span> <span class='ocrx_word' id='word_1_296' title='bbox 1964 2055 2048 2094; x_wconf 85' lang='lat' dir='ltr'><strong>sa-</strong></span> 
     </span>
    </p>
   </div>
   <div class='ocr_carea' id='block_1_37' title="bbox 469 2120 2045 2200">
    <p class='ocr_par' dir='ltr' id='par_1_37' title="bbox 469 2120 2045 2200">
     <span class='ocr_line' id='line_1_37' title="bbox 469 2120 2045 2200; baseline 0.006 -26"><span class='ocrx_word' id='word_1_297' title='bbox 469 2120 681 2191; x_wconf 81' lang='lat' dir='ltr'><strong>gittam.</strong></span> <span class='ocrx_word' id='word_1_298' title='bbox 711 2121 807 2178; x_wconf 84' lang='lat' dir='ltr'><strong>Est</strong></span> <span class='ocrx_word' id='word_1_299' title='bbox 829 2123 974 2200; x_wconf 85' lang='lat' dir='ltr'><strong>enim</strong></span> <span class='ocrx_word' id='word_1_300' title='bbox 994 2124 1169 2180; x_wconf 83' lang='lat' dir='ltr'><strong>bestia</strong></span> <span class='ocrx_word' id='word_1_301' title='bbox 1194 2128 1358 2182; x_wconf 88' lang='lat' dir='ltr'><strong>variis</strong></span> <span class='ocrx_word' id='word_1_302' title='bbox 1388 2128 1643 2182; x_wconf 87' lang='lat' dir='ltr'><strong>distincta</strong></span> <span class='ocrx_word' id='word_1_303' title='bbox 1668 2128 1913 2194; x_wconf 88' lang='lat' dir='ltr'><strong>maculis,</strong></span> <span class='ocrx_word' id='word_1_304' title='bbox 1940 2130 2045 2183; x_wconf 89' lang='lat' dir='ltr'><strong>vir-</strong></span> 
     </span>
    </p>
   </div>
   <div class='ocr_carea' id='block_1_38' title="bbox 470 2213 2048 2288">
    <p class='ocr_par' dir='ltr' id='par_1_38' title="bbox 470 2213 2048 2288">
     <span class='ocr_line' id='line_1_38' title="bbox 470 2213 2048 2288; baseline 0.004 -21"><span class='ocrx_word' id='word_1_305' title='bbox 470 2219 587 2268; x_wconf 87' lang='lat' dir='ltr'><strong>tute</strong></span> <span class='ocrx_word' id='word_1_306' title='bbox 609 2222 664 2268; x_wconf 89' lang='lat' dir='ltr'><strong>et</strong></span> <span class='ocrx_word' id='word_1_307' title='bbox 687 2213 972 2269; x_wconf 81' lang='lat' dir='ltr'><strong>velocitate</strong></span> <span class='ocrx_word' id='word_1_308' title='bbox 1008 2216 1290 2271; x_wconf 79' lang='lat' dir='ltr'><strong>mirabilis.</strong></span> <span class='ocrx_word' id='word_1_309' title='bbox 1324 2216 1405 2271; x_wconf 80' lang='lat' dir='ltr'><strong>Ex</strong></span> <span class='ocrx_word' id='word_1_310' title='bbox 1431 2218 1584 2288; x_wconf 84' lang='lat' dir='ltr'><strong>cujus</strong></span> <span class='ocrx_word' id='word_1_311' title='bbox 1610 2218 1827 2273; x_wconf 87' lang='lat' dir='ltr'><strong>nomine</strong></span> <span class='ocrx_word' id='word_1_312' title='bbox 1849 2217 2048 2274; x_wconf 80' lang='lat' dir='ltr'><strong>flumen</strong></span> 
     </span>
    </p>
   </div>
   <div class='ocr_carea' id='block_1_39' title="bbox 470 2304 2049 2377">
    <p class='ocr_par' dir='ltr' id='par_1_39' title="bbox 470 2304 2049 2377">
     <span class='ocr_line' id='line_1_39' title="bbox 470 2304 2049 2377; baseline 0.003 -19"><span class='ocrx_word' id='word_1_313' title='bbox 470 2304 647 2375; x_wconf 82' lang='lat' dir='ltr'><strong>Tigris</strong></span> <span class='ocrx_word' id='word_1_314' title='bbox 676 2305 993 2375; x_wconf 88' lang='lat' dir='ltr'><strong>appellatur,</strong></span> <span class='ocrx_word' id='word_1_315' title='bbox 1026 2308 1170 2377; x_wconf 82' lang='lat' dir='ltr'><strong>quod</strong></span> <span class='ocrx_word' id='word_1_316' title='bbox 1198 2308 1243 2361; x_wconf 88' lang='lat' dir='ltr'><strong>is</strong></span> <span class='ocrx_word' id='word_1_317' title='bbox 1281 2309 1657 2377; x_wconf 86' lang='lat' dir='ltr'><strong>rapidissimus</strong></span> <span class='ocrx_word' id='word_1_318' title='bbox 1699 2310 1770 2363; x_wconf 89' lang='lat' dir='ltr'><strong>sit</strong></span> <span class='ocrx_word' id='word_1_319' title='bbox 1807 2309 2049 2363; x_wconf 91' lang='lat' dir='ltr'><strong>omnium</strong></span> 
     </span>
    </p>
   </div>
   <div class='ocr_carea' id='block_1_40' title="bbox 468 2391 2049 2470">
    <p class='ocr_par' dir='ltr' id='par_1_40' title="bbox 468 2391 2049 2470">
     <span class='ocr_line' id='line_1_40' title="bbox 468 2391 2049 2470; baseline 0.004 -23"><span class='ocrx_word' id='word_1_320' title='bbox 468 2392 775 2451; x_wconf 81' lang='lat' dir='ltr'><strong>ﬂuviorum.</strong></span> <span class='ocrx_word' id='word_1_321' title='bbox 823 2395 935 2451; x_wconf 82' lang='lat' dir='ltr'><strong>Has</strong></span> <span class='ocrx_word' id='word_1_322' title='bbox 961 2396 1134 2467; x_wconf 83' lang='lat' dir='ltr'><strong>magis</strong></span> <span class='ocrx_word' id='word_1_323' title='bbox 1166 2391 1420 2468; x_wconf 65' lang='lat' dir='ltr'><strong>Hiicania</strong></span> <span class='ocrx_word' id='word_1_324' title='bbox 1450 2399 1639 2470; x_wconf 84' lang='lat' dir='ltr'><strong>gignit.</strong></span> <span class='ocrx_word' id='word_1_325' title='bbox 1672 2399 1849 2469; x_wconf 86' lang='lat' dir='ltr'><strong>Tigris</strong></span> <span class='ocrx_word' id='word_1_326' title='bbox 1870 2406 2049 2454; x_wconf 90' lang='lat' dir='ltr'><strong>autem</strong></span> 
     </span>
    </p>
   </div>
   <div class='ocr_carea' id='block_1_41' title="bbox 470 2486 2051 2557">
    <p class='ocr_par' dir='ltr' id='par_1_41' title="bbox 470 2486 2051 2557">
     <span class='ocr_line' id='line_1_41' title="bbox 470 2486 2051 2557; baseline 0.003 -17"><span class='ocrx_word' id='word_1_327' title='bbox 470 2486 698 2556; x_wconf 84' lang='lat' dir='ltr'><strong>mystice</strong></span> <span class='ocrx_word' id='word_1_328' title='bbox 723 2486 990 2557; x_wconf 83' lang='lat' dir='ltr'><strong>signiﬁcat</strong></span> <span class='ocrx_word' id='word_1_329' title='bbox 1008 2489 1263 2543; x_wconf 85' lang='lat' dir='ltr'><strong>astutiam</strong></span> <span class='ocrx_word' id='word_1_330' title='bbox 1292 2489 1519 2545; x_wconf 81' lang='lat' dir='ltr'><strong>Diaboli.</strong></span> <span class='ocrx_word' id='word_1_331' title='bbox 1569 2491 1693 2546; x_wconf 90' lang='lat' dir='ltr'><strong>lnde</strong></span> <span class='ocrx_word' id='word_1_332' title='bbox 1718 2492 1771 2545; x_wconf 92' lang='lat' dir='ltr'><strong>in</strong></span> <span class='ocrx_word' id='word_1_333' title='bbox 1793 2490 1891 2545; x_wconf 77' lang='lat' dir='ltr'><strong>Job</strong></span> <span class='ocrx_word' id='word_1_334' title='bbox 1919 2492 2051 2547; x_wconf 88' lang='lat' dir='ltr'><strong>scri-</strong></span> 
     </span>
    </p>
   </div>
   <div class='ocr_carea' id='block_1_42' title="bbox 469 2575 2048 2649">
    <p class='ocr_par' dir='ltr' id='par_1_42' title="bbox 469 2575 2048 2649">
     <span class='ocr_line' id='line_1_42' title="bbox 469 2575 2048 2649; baseline 0.004 -22"><span class='ocrx_word' id='word_1_335' title='bbox 469 2582 623 2645; x_wconf 87' lang='lat' dir='ltr'><strong>ptum</strong></span> <span class='ocrx_word' id='word_1_336' title='bbox 648 2584 734 2630; x_wconf 91' lang='lat' dir='ltr'><strong>est</strong></span> <span class='ocrx_word' id='word_1_337' title='bbox 756 2594 769 2629; x_wconf 89' lang='lat'><strong>:</strong></span> <span class='ocrx_word' id='word_1_338' title='bbox 804 2575 975 2647; x_wconf 85' lang='lat' dir='ltr'><strong>Tigris</strong></span> <span class='ocrx_word' id='word_1_339' title='bbox 994 2578 1149 2649; x_wconf 76' lang='lat' dir='ltr'><strong>periit</strong></span> <span class='ocrx_word' id='word_1_340' title='bbox 1192 2594 1252 2633; x_wconf 84' lang='lat' dir='ltr'><strong>eo</strong></span> <span class='ocrx_word' id='word_1_341' title='bbox 1272 2579 1412 2649; x_wconf 85' lang='lat' dir='ltr'><strong>quod</strong></span> <span class='ocrx_word' id='word_1_342' title='bbox 1436 2596 1538 2633; x_wconf 90' lang='lat' dir='ltr'><strong>non</strong></span> <span class='ocrx_word' id='word_1_343' title='bbox 1560 2580 1765 2634; x_wconf 82' lang='lat' dir='ltr'><strong>haberet</strong></span> <span class='ocrx_word' id='word_1_344' title='bbox 1794 2583 2048 2649; x_wconf 76' lang='lat' dir='ltr'><strong>prwdam,</strong></span> 
     </span>
    </p>
   </div>
   <div class='ocr_carea' id='block_1_43' title="bbox 469 2663 2051 2740">
    <p class='ocr_par' dir='ltr' id='par_1_43' title="bbox 469 2663 2051 2740">
     <span class='ocr_line' id='line_1_43' title="bbox 469 2663 2051 2740; baseline 0.007 -25"><span class='ocrx_word' id='word_1_345' title='bbox 469 2671 520 2716; x_wconf 89' lang='lat' dir='ltr'><strong>et</strong></span> <span class='ocrx_word' id='word_1_346' title='bbox 541 2663 700 2716; x_wconf 80' lang='lat' dir='ltr'><strong>catuli</strong></span> <span class='ocrx_word' id='word_1_347' title='bbox 727 2663 933 2719; x_wconf 85' lang='lat' dir='ltr'><strong>leonum</strong></span> <span class='ocrx_word' id='word_1_348' title='bbox 973 2666 1210 2737; x_wconf 77' lang='lat' dir='ltr'><strong>dissipati</strong></span> <span class='ocrx_word' id='word_1_349' title='bbox 1251 2677 1371 2721; x_wconf 81' lang='lat' dir='ltr'><strong>sunt</strong></span> <span class='ocrx_word' id='word_1_350' title='bbox 1403 2667 1545 2740; x_wconf 78' lang='lat' dir='ltr'><strong>(Job.</strong></span> <span class='ocrx_word' id='word_1_351' title='bbox 1585 2668 1679 2739; x_wconf 86' lang='lat' dir='ltr'><strong>tv).</strong></span> <span class='ocrx_word' id='word_1_352' title='bbox 1715 2668 1867 2725; x_wconf 82' lang='lat' dir='ltr'><strong>Hunc</strong></span> <span class='ocrx_word' id='word_1_353' title='bbox 1892 2686 2051 2726; x_wconf 86' lang='lat' dir='ltr'><strong>voca-</strong></span> 
     </span>
    </p>
   </div>
   <div class='ocr_carea' id='block_1_44' title="bbox 469 2755 2053 2832">
    <p class='ocr_par' dir='ltr' id='par_1_44' title="bbox 469 2755 2053 2832">
     <span class='ocr_line' id='line_1_44' title="bbox 469 2755 2053 2832; baseline 0.003 -21"><span class='ocrx_word' id='word_1_354' title='bbox 469 2755 596 2811; x_wconf 80' lang='lat' dir='ltr'><strong>bulo</strong></span> <span class='ocrx_word' id='word_1_355' title='bbox 621 2758 826 2827; x_wconf 82' lang='lat' dir='ltr'><strong>tigridis</strong></span> <span class='ocrx_word' id='word_1_356' title='bbox 853 2759 1071 2828; x_wconf 86' lang='lat' dir='ltr'><strong>repetit,</strong></span> <span class='ocrx_word' id='word_1_357' title='bbox 1111 2775 1272 2829; x_wconf 89' lang='lat' dir='ltr'><strong>quem</strong></span> <span class='ocrx_word' id='word_1_358' title='bbox 1300 2760 1471 2815; x_wconf 89' lang='lat' dir='ltr'><strong>leonis</strong></span> <span class='ocrx_word' id='word_1_359' title='bbox 1498 2761 1849 2829; x_wconf 87' lang='lat' dir='ltr'><strong>appellatione</strong></span> <span class='ocrx_word' id='word_1_360' title='bbox 1878 2762 2053 2832; x_wconf 85' lang='lat' dir='ltr'><strong>signa-</strong></span> 
     </span>
    </p>
   </div>
   <div class='ocr_carea' id='block_1_45' title="bbox 468 2846 2051 2918">
    <p class='ocr_par' dir='ltr' id='par_1_45' title="bbox 468 2846 2051 2918">
     <span class='ocr_line' id='line_1_45' title="bbox 468 2846 2051 2918; baseline 0.004 -20"><span class='ocrx_word' id='word_1_361' title='bbox 468 2846 568 2899; x_wconf 84' lang='lat' dir='ltr'><strong>vit.</strong></span> <span class='ocrx_word' id='word_1_362' title='bbox 619 2846 787 2900; x_wconf 84' lang='lat' dir='ltr'><strong>Satan</strong></span> <span class='ocrx_word' id='word_1_363' title='bbox 834 2848 1030 2917; x_wconf 88' lang='lat' dir='ltr'><strong>quippe</strong></span> <span class='ocrx_word' id='word_1_364' title='bbox 1073 2856 1128 2901; x_wconf 88' lang='lat' dir='ltr'><strong>et</strong></span> <span class='ocrx_word' id='word_1_365' title='bbox 1159 2858 1377 2918; x_wconf 87' lang='lat' dir='ltr'><strong>propter</strong></span> <span class='ocrx_word' id='word_1_366' title='bbox 1403 2848 1773 2903; x_wconf 81' lang='lat' dir='ltr'><strong>crudelitatem</strong></span> <span class='ocrx_word' id='word_1_367' title='bbox 1801 2850 1885 2904; x_wconf 88' lang='lat' dir='ltr'><strong>leo</strong></span> <span class='ocrx_word' id='word_1_368' title='bbox 1917 2850 2051 2905; x_wconf 87' lang='lat' dir='ltr'><strong>dici-</strong></span> 
     </span>
    </p>
   </div>
   <div class='ocr_carea' id='block_1_46' title="bbox 469 2936 2054 3006">
    <p class='ocr_par' dir='ltr' id='par_1_46' title="bbox 469 2936 2054 3006">
     <span class='ocr_line' id='line_1_46' title="bbox 469 2936 2054 3006; baseline 0.002 -16"><span class='ocrx_word' id='word_1_369' title='bbox 469 2942 579 3001; x_wconf 77' lang='lat' dir='ltr'><strong>tur,</strong></span> <span class='ocrx_word' id='word_1_370' title='bbox 620 2945 674 2991; x_wconf 90' lang='lat' dir='ltr'><strong>et</strong></span> <span class='ocrx_word' id='word_1_371' title='bbox 713 2945 934 3006; x_wconf 85' lang='lat' dir='ltr'><strong>propter</strong></span> <span class='ocrx_word' id='word_1_372' title='bbox 978 2936 1323 2992; x_wconf 82' lang='lat' dir='ltr'><strong>multiformis</strong></span> <span class='ocrx_word' id='word_1_373' title='bbox 1348 2940 1558 2992; x_wconf 84' lang='lat' dir='ltr'><strong>astutiae</strong></span> <span class='ocrx_word' id='word_1_374' title='bbox 1604 2939 1918 2992; x_wconf 82' lang='lat' dir='ltr'><strong>varietatem</strong></span> <span class='ocrx_word' id='word_1_375' title='bbox 1946 2954 2054 2993; x_wconf 92' lang='lat' dir='ltr'><strong>non</strong></span> 
     </span>
    </p>
   </div>
   <div class='ocr_carea' id='block_1_47' title="bbox 469 3024 2056 3096">
    <p class='ocr_par' dir='ltr' id='par_1_47' title="bbox 469 3024 2056 3096">
     <span class='ocr_line' id='line_1_47' title="bbox 469 3024 2056 3096; baseline 0.003 -16"><span class='ocrx_word' id='word_1_376' title='bbox 469 3024 763 3096; x_wconf 82' lang='lat' dir='ltr'><strong>incongrue</strong></span> <span class='ocrx_word' id='word_1_377' title='bbox 791 3026 943 3096; x_wconf 86' lang='lat' dir='ltr'><strong>tigris</strong></span> <span class='ocrx_word' id='word_1_378' title='bbox 994 3036 1236 3082; x_wconf 85' lang='lat' dir='ltr'><strong>vocatur.</strong></span> <span class='ocrx_word' id='word_1_379' title='bbox 1284 3027 1441 3083; x_wconf 72' lang='lat' dir='ltr'><strong>Modo</strong></span> <span class='ocrx_word' id='word_1_380' title='bbox 1474 3028 1619 3083; x_wconf 89' lang='lat' dir='ltr'><strong>enim</strong></span> <span class='ocrx_word' id='word_1_381' title='bbox 1666 3042 1744 3093; x_wconf 89' lang='lat' dir='ltr'><strong>se,</strong></span> <span class='ocrx_word' id='word_1_382' title='bbox 1796 3029 1936 3084; x_wconf 89' lang='lat' dir='ltr'><strong>sicut</strong></span> <span class='ocrx_word' id='word_1_383' title='bbox 1972 3039 2056 3085; x_wconf 91' lang='lat' dir='ltr'><strong>est</strong></span> 
     </span>
    </p>
   </div>
   <div class='ocr_carea' id='block_1_48' title="bbox 2148 1849 3726 1920">
    <p class='ocr_par' dir='ltr' id='par_1_48' title="bbox 2148 1849 3726 1920">
     <span class='ocr_line' id='line_1_48' title="bbox 2148 1849 3726 1920; baseline 0.003 -16"><span class='ocrx_word' id='word_1_384' title='bbox 2148 1851 2239 1920; x_wconf 90' lang='lat' dir='ltr'><strong>qui</strong></span> <span class='ocrx_word' id='word_1_385' title='bbox 2268 1859 2427 1907; x_wconf 89' lang='lat' dir='ltr'><strong>antea</strong></span> <span class='ocrx_word' id='word_1_386' title='bbox 2465 1849 2672 1907; x_wconf 84' lang='lat' dir='ltr'><strong>feroces</strong></span> <span class='ocrx_word' id='word_1_387' title='bbox 2700 1851 2936 1918; x_wconf 82' lang='lat' dir='ltr'><strong>fuerunt,</strong></span> <span class='ocrx_word' id='word_1_388' title='bbox 2968 1868 3090 1908; x_wconf 90' lang='lat' dir='ltr'><strong>cum</strong></span> <span class='ocrx_word' id='word_1_389' title='bbox 3139 1853 3513 1910; x_wconf 89' lang='lat' dir='ltr'><strong>innocentibus</strong></span> <span class='ocrx_word' id='word_1_390' title='bbox 3558 1856 3726 1909; x_wconf 87' lang='lat' dir='ltr'><strong>vitam</strong></span> 
     </span>
    </p>
   </div>
   <div class='ocr_carea' id='block_1_49' title="bbox 2148 1936 3730 2012">
    <p class='ocr_par' dir='ltr' id='par_1_49' title="bbox 2148 1936 3730 2012">
     <span class='ocr_line' id='line_1_49' title="bbox 2148 1936 3730 2012; baseline 0.003 -21"><span class='ocrx_word' id='word_1_391' title='bbox 2148 1936 2369 2004; x_wconf 91' lang='lat' dir='ltr'><strong>ducunt,</strong></span> <span class='ocrx_word' id='word_1_392' title='bbox 2400 1946 2455 1994; x_wconf 91' lang='lat' dir='ltr'><strong>et</strong></span> <span class='ocrx_word' id='word_1_393' title='bbox 2490 1940 2582 2008; x_wconf 88' lang='lat' dir='ltr'><strong>qui</strong></span> <span class='ocrx_word' id='word_1_394' title='bbox 2611 1955 2858 1996; x_wconf 90' lang='lat' dir='ltr'><strong>errorum</strong></span> <span class='ocrx_word' id='word_1_395' title='bbox 2888 1940 3113 1995; x_wconf 89' lang='lat' dir='ltr'><strong>maculis</strong></span> <span class='ocrx_word' id='word_1_396' title='bbox 3137 1940 3324 2012; x_wconf 88' lang='lat' dir='ltr'><strong>polluti</strong></span> <span class='ocrx_word' id='word_1_397' title='bbox 3346 1950 3522 2007; x_wconf 90' lang='lat' dir='ltr'><strong>erant,</strong></span> <span class='ocrx_word' id='word_1_398' title='bbox 3555 1942 3730 2012; x_wconf 69' lang='lat' dir='ltr'><strong>paeni-</strong></span> 
     </span>
    </p>
   </div>
   <div class='ocr_carea' id='block_1_50' title="bbox 2149 2030 3724 2101">
    <p class='ocr_par' dir='ltr' id='par_1_50' title="bbox 2149 2030 3724 2101">
     <span class='ocr_line' id='line_1_50' title="bbox 2149 2030 3724 2101; baseline 0.003 -18"><span class='ocrx_word' id='word_1_399' title='bbox 2149 2031 2373 2085; x_wconf 88' lang='lat' dir='ltr'><strong>tentiam</strong></span> <span class='ocrx_word' id='word_1_400' title='bbox 2426 2039 2643 2101; x_wconf 89' lang='lat' dir='ltr'><strong>agentes</strong></span> <span class='ocrx_word' id='word_1_401' title='bbox 2694 2033 2761 2086; x_wconf 90' lang='lat' dir='ltr'><strong>ad</strong></span> <span class='ocrx_word' id='word_1_402' title='bbox 2810 2032 3097 2087; x_wconf 84' lang='lat' dir='ltr'><strong>veritatem</strong></span> <span class='ocrx_word' id='word_1_403' title='bbox 3136 2030 3257 2087; x_wconf 91' lang='lat' dir='ltr'><strong>ﬁdei</strong></span> <span class='ocrx_word' id='word_1_404' title='bbox 3311 2042 3724 2087; x_wconf 89' lang='lat' dir='ltr'><strong>convertuntur.</strong></span> 
     </span>
    </p>
   </div>
   <div class='ocr_carea' id='block_1_51' title="bbox 2148 2118 3732 2191">
    <p class='ocr_par' dir='ltr' id='par_1_51' title="bbox 2148 2118 3732 2191">
     <span class='ocr_line' id='line_1_51' title="bbox 2148 2118 3732 2191; baseline 0.002 -17"><span class='ocrx_word' id='word_1_405' title='bbox 2148 2118 2457 2189; x_wconf 88' lang='lat' dir='ltr'><strong>Leopardus</strong></span> <span class='ocrx_word' id='word_1_406' title='bbox 2482 2135 2550 2176; x_wconf 77' lang='lat' dir='ltr'><strong>ex</strong></span> <span class='ocrx_word' id='word_1_407' title='bbox 2576 2120 2838 2176; x_wconf 88' lang='lat' dir='ltr'><strong>adulterio</strong></span> <span class='ocrx_word' id='word_1_408' title='bbox 2880 2121 3063 2176; x_wconf 77' lang='lat' dir='ltr'><strong>leaenae</strong></span> <span class='ocrx_word' id='word_1_409' title='bbox 3084 2128 3139 2176; x_wconf 88' lang='lat' dir='ltr'><strong>et</strong></span> <span class='ocrx_word' id='word_1_410' title='bbox 3179 2121 3333 2191; x_wconf 86' lang='lat' dir='ltr'><strong>pardi</strong></span> <span class='ocrx_word' id='word_1_411' title='bbox 3368 2122 3629 2186; x_wconf 87' lang='lat' dir='ltr'><strong>nascitur,</strong></span> <span class='ocrx_word' id='word_1_412' title='bbox 3676 2130 3732 2177; x_wconf 89' lang='lat' dir='ltr'><strong>et</strong></span> 
     </span>
    </p>
   </div>
   <div class='ocr_carea' id='block_1_52' title="bbox 2149 2208 3729 2282">
    <p class='ocr_par' dir='ltr' id='par_1_52' title="bbox 2149 2208 3729 2282">
     <span class='ocr_line' id='line_1_52' title="bbox 2149 2208 3729 2282; baseline 0 -16"><span class='ocrx_word' id='word_1_413' title='bbox 2149 2212 2363 2266; x_wconf 83' lang='lat' dir='ltr'><strong>tertiam</strong></span> <span class='ocrx_word' id='word_1_414' title='bbox 2396 2211 2657 2282; x_wconf 88' lang='lat' dir='ltr'><strong>originem</strong></span> <span class='ocrx_word' id='word_1_415' title='bbox 2684 2208 2844 2268; x_wconf 79' lang='lat' dir='ltr'><strong>elﬁcit</strong></span> <span class='ocrx_word' id='word_1_416' title='bbox 2872 2226 2887 2265; x_wconf 93' lang='lat'><strong>:</strong></span> <span class='ocrx_word' id='word_1_417' title='bbox 2926 2212 3065 2267; x_wconf 88' lang='lat' dir='ltr'><strong>sicut</strong></span> <span class='ocrx_word' id='word_1_418' title='bbox 3096 2219 3151 2265; x_wconf 91' lang='lat' dir='ltr'><strong>et</strong></span> <span class='ocrx_word' id='word_1_419' title='bbox 3173 2210 3379 2266; x_wconf 89' lang='lat' dir='ltr'><strong>Plinius</strong></span> <span class='ocrx_word' id='word_1_420' title='bbox 3406 2210 3460 2265; x_wconf 92' lang='lat' dir='ltr'><strong>in</strong></span> <span class='ocrx_word' id='word_1_421' title='bbox 3491 2211 3729 2266; x_wconf 88' lang='lat' dir='ltr'><strong>naturali</strong></span> 
     </span>
    </p>
   </div>
   <div class='ocr_carea' id='block_1_53' title="bbox 2150 2298 3729 2371">
    <p class='ocr_par' dir='ltr' id='par_1_53' title="bbox 2150 2298 3729 2371">
     <span class='ocr_line' id='line_1_53' title="bbox 2150 2298 3729 2371; baseline 0.001 -17"><span class='ocrx_word' id='word_1_422' title='bbox 2150 2298 2387 2355; x_wconf 83' lang='lat' dir='ltr'><strong>Historia</strong></span> <span class='ocrx_word' id='word_1_423' title='bbox 2414 2301 2561 2367; x_wconf 89' lang='lat' dir='ltr'><strong>dicit,</strong></span> <span class='ocrx_word' id='word_1_424' title='bbox 2605 2301 2816 2357; x_wconf 87' lang='lat' dir='ltr'><strong>leonem</strong></span> <span class='ocrx_word' id='word_1_425' title='bbox 2845 2316 2968 2357; x_wconf 90' lang='lat' dir='ltr'><strong>cum</strong></span> <span class='ocrx_word' id='word_1_426' title='bbox 3014 2299 3183 2371; x_wconf 89' lang='lat' dir='ltr'><strong>pardo</strong></span> <span class='ocrx_word' id='word_1_427' title='bbox 3213 2308 3306 2355; x_wconf 90' lang='lat' dir='ltr'><strong>aut</strong></span> <span class='ocrx_word' id='word_1_428' title='bbox 3348 2302 3576 2371; x_wconf 90' lang='lat' dir='ltr'><strong>pardum</strong></span> <span class='ocrx_word' id='word_1_429' title='bbox 3604 2316 3729 2356; x_wconf 90' lang='lat' dir='ltr'><strong>cum</strong></span> 
     </span>
    </p>
   </div>
   <div class='ocr_carea' id='block_1_54' title="bbox 2151 2389 3732 2462">
    <p class='ocr_par' dir='ltr' id='par_1_54' title="bbox 2151 2389 3732 2462">
     <span class='ocr_line' id='line_1_54' title="bbox 2151 2389 3732 2462; baseline 0.003 -19"><span class='ocrx_word' id='word_1_430' title='bbox 2151 2389 2317 2445; x_wconf 66' lang='lat' dir='ltr'><strong>leaana</strong></span> <span class='ocrx_word' id='word_1_431' title='bbox 2348 2391 2725 2457; x_wconf 82' lang='lat' dir='ltr'><strong>concumbere,</strong></span> <span class='ocrx_word' id='word_1_432' title='bbox 2771 2399 2826 2445; x_wconf 91' lang='lat' dir='ltr'><strong>et</strong></span> <span class='ocrx_word' id='word_1_433' title='bbox 2868 2404 2935 2447; x_wconf 81' lang='lat' dir='ltr'><strong>ex</strong></span> <span class='ocrx_word' id='word_1_434' title='bbox 2972 2400 3201 2460; x_wconf 89' lang='lat' dir='ltr'><strong>utroque</strong></span> <span class='ocrx_word' id='word_1_435' title='bbox 3252 2391 3393 2449; x_wconf 90' lang='lat' dir='ltr'><strong>coitu</strong></span> <span class='ocrx_word' id='word_1_436' title='bbox 3434 2392 3732 2462; x_wconf 87' lang='lat' dir='ltr'><strong>degeneres</strong></span> 
     </span>
    </p>
   </div>
   <div class='ocr_carea' id='block_1_55' title="bbox 2151 2478 3733 2548">
    <p class='ocr_par' dir='ltr' id='par_1_55' title="bbox 2151 2478 3733 2548">
     <span class='ocr_line' id='line_1_55' title="bbox 2151 2478 3733 2548; baseline 0.004 -18"><span class='ocrx_word' id='word_1_437' title='bbox 2151 2485 2338 2547; x_wconf 90' lang='lat' dir='ltr'><strong>partus</strong></span> <span class='ocrx_word' id='word_1_438' title='bbox 2377 2479 2571 2544; x_wconf 81' lang='lat' dir='ltr'><strong>creari,</strong></span> <span class='ocrx_word' id='word_1_439' title='bbox 2600 2487 2661 2533; x_wconf 92' lang='lat' dir='ltr'><strong>ut</strong></span> <span class='ocrx_word' id='word_1_440' title='bbox 2688 2478 2864 2534; x_wconf 89' lang='lat' dir='ltr'><strong>mulus</strong></span> <span class='ocrx_word' id='word_1_441' title='bbox 2892 2494 2959 2534; x_wconf 80' lang='lat' dir='ltr'><strong>ex</strong></span> <span class='ocrx_word' id='word_1_442' title='bbox 2996 2494 3133 2548; x_wconf 90' lang='lat' dir='ltr'><strong>equo</strong></span> <span class='ocrx_word' id='word_1_443' title='bbox 3172 2487 3227 2534; x_wconf 89' lang='lat' dir='ltr'><strong>et</strong></span> <span class='ocrx_word' id='word_1_444' title='bbox 3252 2480 3421 2534; x_wconf 91' lang='lat' dir='ltr'><strong>asina.</strong></span> <span class='ocrx_word' id='word_1_445' title='bbox 3461 2480 3733 2536; x_wconf 80' lang='lat' dir='ltr'><strong>Rhinoce-</strong></span> 
     </span>
    </p>
   </div>
   <div class='ocr_carea' id='block_1_56' title="bbox 2150 2569 3732 2639">
    <p class='ocr_par' dir='ltr' id='par_1_56' title="bbox 2150 2569 3732 2639">
     <span class='ocr_line' id='line_1_56' title="bbox 2150 2569 3732 2639; baseline 0.001 -15"><span class='ocrx_word' id='word_1_446' title='bbox 2150 2576 2269 2624; x_wconf 90' lang='lat' dir='ltr'><strong>rota</strong></span> <span class='ocrx_word' id='word_1_447' title='bbox 2308 2584 2480 2638; x_wconf 73' lang='lat' dir='ltr'><strong>gra:ce</strong></span> <span class='ocrx_word' id='word_1_448' title='bbox 2516 2578 2741 2625; x_wconf 88' lang='lat' dir='ltr'><strong>vocatus</strong></span> <span class='ocrx_word' id='word_1_449' title='bbox 2763 2610 2777 2633; x_wconf 96' lang='lat'><strong>,</strong></span> <span class='ocrx_word' id='word_1_450' title='bbox 2836 2569 3003 2624; x_wconf 90' lang='lat' dir='ltr'><strong>latine</strong></span> <span class='ocrx_word' id='word_1_451' title='bbox 3041 2569 3447 2639; x_wconf 89' lang='lat' dir='ltr'><strong>interpretatur,</strong></span> <span class='ocrx_word' id='word_1_452' title='bbox 3504 2571 3560 2625; x_wconf 88' lang='lat' dir='ltr'><strong>in</strong></span> <span class='ocrx_word' id='word_1_453' title='bbox 3601 2588 3732 2625; x_wconf 87' lang='lat' dir='ltr'><strong>nare</strong></span> 
     </span>
    </p>
   </div>
   <div class='ocr_carea' id='block_1_57' title="bbox 2153 2659 3733 2741">
    <p class='ocr_par' dir='ltr' id='par_1_57' title="bbox 2153 2659 3733 2741">
     <span class='ocr_line' id='line_1_57' title="bbox 2153 2659 3733 2741; baseline 0.003 -28"><span class='ocrx_word' id='word_1_454' title='bbox 2153 2677 2332 2741; x_wconf 79' lang='lat' dir='ltr'><strong>cornu.</strong></span> <span class='ocrx_word' id='word_1_455' title='bbox 2384 2659 2527 2715; x_wconf 87' lang='lat' dir='ltr'><strong>Idem</strong></span> <span class='ocrx_word' id='word_1_456' title='bbox 2580 2670 2634 2715; x_wconf 88' lang='lat' dir='ltr'><strong>et</strong></span> <span class='ocrx_word' id='word_1_457' title='bbox 2691 2674 3039 2726; x_wconf 91' lang='lat' dir='ltr'><strong>monoceros,</strong></span> <span class='ocrx_word' id='word_1_458' title='bbox 3096 2659 3151 2714; x_wconf 91' lang='lat' dir='ltr'><strong>id</strong></span> <span class='ocrx_word' id='word_1_459' title='bbox 3180 2670 3286 2726; x_wconf 88' lang='lat' dir='ltr'><strong>est,</strong></span> <span class='ocrx_word' id='word_1_460' title='bbox 3336 2662 3632 2725; x_wconf 89' lang='lat' dir='ltr'><strong>unicornis,</strong></span> <span class='ocrx_word' id='word_1_461' title='bbox 3664 2676 3733 2717; x_wconf 92' lang='lat' dir='ltr'><strong>eo</strong></span> 
     </span>
    </p>
   </div>
   <div class='ocr_carea' id='block_1_58' title="bbox 2153 2747 3731 2821">
    <p class='ocr_par' dir='ltr' id='par_1_58' title="bbox 2153 2747 3731 2821">
     <span class='ocr_line' id='line_1_58' title="bbox 2153 2747 3731 2821; baseline 0.002 -18"><span class='ocrx_word' id='word_1_462' title='bbox 2153 2749 2299 2817; x_wconf 90' lang='lat' dir='ltr'><strong>quod</strong></span> <span class='ocrx_word' id='word_1_463' title='bbox 2344 2764 2507 2803; x_wconf 88' lang='lat' dir='ltr'><strong>unum</strong></span> <span class='ocrx_word' id='word_1_464' title='bbox 2553 2764 2724 2805; x_wconf 92' lang='lat' dir='ltr'><strong>cornu</strong></span> <span class='ocrx_word' id='word_1_465' title='bbox 2776 2749 2829 2804; x_wconf 92' lang='lat' dir='ltr'><strong>in</strong></span> <span class='ocrx_word' id='word_1_466' title='bbox 2861 2750 3034 2804; x_wconf 90' lang='lat' dir='ltr'><strong>media</strong></span> <span class='ocrx_word' id='word_1_467' title='bbox 3080 2747 3259 2805; x_wconf 82' lang='lat' dir='ltr'><strong>fronte</strong></span> <span class='ocrx_word' id='word_1_468' title='bbox 3288 2749 3485 2806; x_wconf 87' lang='lat' dir='ltr'><strong>habeat</strong></span> <span class='ocrx_word' id='word_1_469' title='bbox 3530 2751 3731 2821; x_wconf 89' lang='lat' dir='ltr'><strong>pedum</strong></span> 
     </span>
    </p>
   </div>
   <div class='ocr_carea' id='block_1_59' title="bbox 2153 2838 3737 2912">
    <p class='ocr_par' dir='ltr' id='par_1_59' title="bbox 2153 2838 3737 2912">
     <span class='ocr_line' id='line_1_59' title="bbox 2153 2838 3737 2912; baseline 0.003 -21"><span class='ocrx_word' id='word_1_470' title='bbox 2153 2846 2403 2906; x_wconf 89' lang='lat' dir='ltr'><strong>quatuor,</strong></span> <span class='ocrx_word' id='word_1_471' title='bbox 2442 2838 2515 2892; x_wconf 91' lang='lat' dir='ltr'><strong>ita</strong></span> <span class='ocrx_word' id='word_1_472' title='bbox 2547 2847 2763 2894; x_wconf 91' lang='lat' dir='ltr'><strong>acutum</strong></span> <span class='ocrx_word' id='word_1_473' title='bbox 2800 2847 2854 2895; x_wconf 90' lang='lat' dir='ltr'><strong>et</strong></span> <span class='ocrx_word' id='word_1_474' title='bbox 2875 2839 3142 2906; x_wconf 89' lang='lat' dir='ltr'><strong>validum,</strong></span> <span class='ocrx_word' id='word_1_475' title='bbox 3173 2848 3231 2896; x_wconf 93' lang='lat' dir='ltr'><strong>ut</strong></span> <span class='ocrx_word' id='word_1_476' title='bbox 3256 2841 3515 2911; x_wconf 87' lang='lat' dir='ltr'><strong>quidquid</strong></span> <span class='ocrx_word' id='word_1_477' title='bbox 3564 2841 3737 2912; x_wconf 79' lang='lat' dir='ltr'><strong>impe-</strong></span> 
     </span>
    </p>
   </div>
   <div class='ocr_carea' id='block_1_60' title="bbox 2155 2930 3737 3002">
    <p class='ocr_par' dir='ltr' id='par_1_60' title="bbox 2155 2930 3737 3002">
     <span class='ocr_line' id='line_1_60' title="bbox 2155 2930 3737 3002; baseline 0.002 -17"><span class='ocrx_word' id='word_1_478' title='bbox 2155 2931 2317 2994; x_wconf 90' lang='lat' dir='ltr'><strong>tierit,</strong></span> <span class='ocrx_word' id='word_1_479' title='bbox 2357 2941 2448 2985; x_wconf 89' lang='lat' dir='ltr'><strong>aut</strong></span> <span class='ocrx_word' id='word_1_480' title='bbox 2469 2930 2691 2987; x_wconf 90' lang='lat' dir='ltr'><strong>ventilet</strong></span> <span class='ocrx_word' id='word_1_481' title='bbox 2727 2940 2820 2986; x_wconf 90' lang='lat' dir='ltr'><strong>aut</strong></span> <span class='ocrx_word' id='word_1_482' title='bbox 2868 2931 3122 3002; x_wconf 80' lang='lat' dir='ltr'><strong>perforet.</strong></span> <span class='ocrx_word' id='word_1_483' title='bbox 3170 2931 3305 2987; x_wconf 85' lang='lat' dir='ltr'><strong>Nam</strong></span> <span class='ocrx_word' id='word_1_484' title='bbox 3354 2940 3409 2986; x_wconf 91' lang='lat' dir='ltr'><strong>et</strong></span> <span class='ocrx_word' id='word_1_485' title='bbox 3451 2947 3573 2987; x_wconf 89' lang='lat' dir='ltr'><strong>cum</strong></span> <span class='ocrx_word' id='word_1_486' title='bbox 3616 2930 3737 2988; x_wconf 73' lang='lat' dir='ltr'><strong>cle-</strong></span> 
     </span>
    </p>
   </div>
   <div class='ocr_carea' id='block_1_61' title="bbox 2155 3024 3738 3096">
    <p class='ocr_par' dir='ltr' id='par_1_61' title="bbox 2155 3024 3738 3096">
     <span class='ocr_line' id='line_1_61' title="bbox 2155 3024 3738 3096; baseline 0.003 -19"><span class='ocrx_word' id='word_1_487' title='bbox 2155 3024 2355 3093; x_wconf 78' lang='lat' dir='ltr'><strong>pliante</strong></span> <span class='ocrx_word' id='word_1_488' title='bbox 2397 3038 2609 3094; x_wconf 88' lang='lat' dir='ltr'><strong>semper</strong></span> <span class='ocrx_word' id='word_1_489' title='bbox 2637 3032 2907 3080; x_wconf 86' lang='lat' dir='ltr'><strong>certamen</strong></span> <span class='ocrx_word' id='word_1_490' title='bbox 2931 3024 3117 3090; x_wconf 83' lang='lat' dir='ltr'><strong>habet,</strong></span> <span class='ocrx_word' id='word_1_491' title='bbox 3157 3033 3213 3080; x_wconf 91' lang='lat' dir='ltr'><strong>et</strong></span> <span class='ocrx_word' id='word_1_492' title='bbox 3251 3026 3305 3079; x_wconf 91' lang='lat' dir='ltr'><strong>in</strong></span> <span class='ocrx_word' id='word_1_493' title='bbox 3332 3032 3519 3080; x_wconf 84' lang='lat' dir='ltr'><strong>ventre</strong></span> <span class='ocrx_word' id='word_1_494' title='bbox 3545 3024 3738 3096; x_wconf 71' lang='lat' dir='ltr'><strong>vulne-</strong></span> 
     </span>
    </p>
   </div>
   <div class='ocr_carea' id='block_1_62' title="bbox 469 3100 3734 3190">
    <p class='ocr_par' dir='ltr' id='par_1_62' title="bbox 469 3100 3734 3190">
     <span class='ocr_line' id='line_1_62' title="bbox 469 3100 3734 3190; baseline 0.001 -21"><span class='ocrx_word' id='word_1_495' title='bbox 469 3117 737 3187; x_wconf 87' lang='lat' dir='ltr'><strong>perditus,</strong></span> <span class='ocrx_word' id='word_1_496' title='bbox 767 3118 1018 3173; x_wconf 88' lang='lat' dir='ltr'><strong>humanis</strong></span> <span class='ocrx_word' id='word_1_497' title='bbox 1051 3119 1296 3174; x_wconf 86' lang='lat' dir='ltr'><strong>sensibus</strong></span> <span class='ocrx_word' id='word_1_498' title='bbox 1326 3119 1511 3189; x_wconf 86' lang='lat' dir='ltr'><strong>objicit</strong></span> <span class='ocrx_word' id='word_1_499' title='bbox 1539 3134 1552 3173; x_wconf 90' lang='lat'><strong>:</strong></span> <span class='ocrx_word' id='word_1_500' title='bbox 1597 3121 1753 3177; x_wconf 93' lang='lat' dir='ltr'><strong>modo</strong></span> <span class='ocrx_word' id='word_1_501' title='bbox 1775 3122 1925 3190; x_wconf 82' lang='lat' dir='ltr'><strong>quasi</strong></span> <span class='ocrx_word' id='word_1_502' title='bbox 1955 3137 2052 3175; x_wconf 86' lang='lat' dir='ltr'><strong>an-</strong></span> <span class='ocrx_word' id='word_1_503' title='bbox 2083 3100 2126 3162; x_wconf 82' lang='lat' dir='ltr'><strong>C</strong></span> <span class='ocrx_word' id='word_1_504' title='bbox 2157 3123 2333 3170; x_wconf 91' lang='lat' dir='ltr'><strong>ratum</strong></span> <span class='ocrx_word' id='word_1_505' title='bbox 2361 3116 2672 3185; x_wconf 87' lang='lat' dir='ltr'><strong>prosternit.</strong></span> <span class='ocrx_word' id='word_1_506' title='bbox 2716 3114 2900 3170; x_wconf 84' lang='lat' dir='ltr'><strong>Tantae</strong></span> <span class='ocrx_word' id='word_1_507' title='bbox 2932 3123 3109 3171; x_wconf 91' lang='lat' dir='ltr'><strong>autem</strong></span> <span class='ocrx_word' id='word_1_508' title='bbox 3138 3115 3471 3172; x_wconf 83' lang='lat' dir='ltr'><strong>fortitudinis</strong></span> <span class='ocrx_word' id='word_1_509' title='bbox 3499 3130 3618 3173; x_wconf 85' lang='lat' dir='ltr'><strong>esse</strong></span> <span class='ocrx_word' id='word_1_510' title='bbox 3639 3116 3734 3172; x_wconf 88' lang='lat' dir='ltr'><strong>di-</strong></span> 
     </span>
    </p>
   </div>
   <div class='ocr_carea' id='block_1_63' title="bbox 472 3205 2047 3274">
    <p class='ocr_par' dir='ltr' id='par_1_63' title="bbox 472 3205 2047 3274">
     <span class='ocr_line' id='line_1_63' title="bbox 472 3205 2047 3274; baseline 0.004 -16"><span class='ocrx_word' id='word_1_511' title='bbox 472 3205 653 3274; x_wconf 90' lang='lat' dir='ltr'><strong>gelum</strong></span> <span class='ocrx_word' id='word_1_512' title='bbox 676 3206 812 3261; x_wconf 90' lang='lat' dir='ltr'><strong>lucis</strong></span> <span class='ocrx_word' id='word_1_513' title='bbox 844 3208 1081 3263; x_wconf 90' lang='lat' dir='ltr'><strong>ostendit</strong></span> <span class='ocrx_word' id='word_1_514' title='bbox 1105 3227 1117 3261; x_wconf 92' lang='lat'><strong>:</strong></span> <span class='ocrx_word' id='word_1_515' title='bbox 1172 3209 1331 3264; x_wconf 88' lang='lat' dir='ltr'><strong>modo</strong></span> <span class='ocrx_word' id='word_1_516' title='bbox 1352 3208 1637 3264; x_wconf 88' lang='lat' dir='ltr'><strong>stultorum</strong></span> <span class='ocrx_word' id='word_1_517' title='bbox 1663 3219 1869 3265; x_wconf 83' lang='lat' dir='ltr'><strong>mentes</strong></span> <span class='ocrx_word' id='word_1_518' title='bbox 1896 3211 2047 3265; x_wconf 90' lang='lat' dir='ltr'><strong>blan-</strong></span> 
     </span>
    </p>
   </div>
   <div class='ocr_carea' id='block_1_64' title="bbox 470 3294 2048 3371">
    <p class='ocr_par' dir='ltr' id='par_1_64' title="bbox 470 3294 2048 3371">
     <span class='ocr_line' id='line_1_64' title="bbox 470 3294 2048 3371; baseline 0.003 -20"><span class='ocrx_word' id='word_1_519' title='bbox 470 3294 671 3351; x_wconf 80' lang='lat' dir='ltr'><strong>diendo</strong></span> <span class='ocrx_word' id='word_1_520' title='bbox 714 3298 1039 3365; x_wconf 86' lang='lat' dir='ltr'><strong>persuadet:</strong></span> <span class='ocrx_word' id='word_1_521' title='bbox 1093 3299 1252 3353; x_wconf 85' lang='lat' dir='ltr'><strong>modo</strong></span> <span class='ocrx_word' id='word_1_522' title='bbox 1300 3300 1364 3354; x_wconf 87' lang='lat' dir='ltr'><strong>ad</strong></span> <span class='ocrx_word' id='word_1_523' title='bbox 1397 3300 1609 3369; x_wconf 89' lang='lat' dir='ltr'><strong>culpam</strong></span> <span class='ocrx_word' id='word_1_524' title='bbox 1649 3303 1897 3357; x_wconf 88' lang='lat' dir='ltr'><strong>terrendo</strong></span> <span class='ocrx_word' id='word_1_525' title='bbox 1923 3316 2048 3371; x_wconf 92' lang='lat' dir='ltr'><strong>per-</strong></span> 
     </span>
    </p>
   </div>
   <div class='ocr_carea' id='block_1_65' title="bbox 470 3386 2049 3459">
    <p class='ocr_par' dir='ltr' id='par_1_65' title="bbox 470 3386 2049 3459">
     <span class='ocr_line' id='line_1_65' title="bbox 470 3386 2049 3459; baseline 0.004 -19"><span class='ocrx_word' id='word_1_526' title='bbox 470 3386 642 3441; x_wconf 88' lang='lat' dir='ltr'><strong>trabit</strong></span> <span class='ocrx_word' id='word_1_527' title='bbox 667 3406 679 3440; x_wconf 87' lang='lat'><strong>:</strong></span> <span class='ocrx_word' id='word_1_528' title='bbox 713 3388 875 3443; x_wconf 85' lang='lat' dir='ltr'><strong>modo</strong></span> <span class='ocrx_word' id='word_1_529' title='bbox 903 3389 1130 3444; x_wconf 89' lang='lat' dir='ltr'><strong>suadere</strong></span> <span class='ocrx_word' id='word_1_530' title='bbox 1157 3390 1284 3443; x_wconf 86' lang='lat' dir='ltr'><strong>vitia</strong></span> <span class='ocrx_word' id='word_1_531' title='bbox 1314 3399 1499 3459; x_wconf 87' lang='lat' dir='ltr'><strong>aperte</strong></span> <span class='ocrx_word' id='word_1_532' title='bbox 1550 3391 1774 3445; x_wconf 88' lang='lat' dir='ltr'><strong>nititur:</strong></span> <span class='ocrx_word' id='word_1_533' title='bbox 1807 3392 1966 3447; x_wconf 90' lang='lat' dir='ltr'><strong>modo</strong></span> <span class='ocrx_word' id='word_1_534' title='bbox 1994 3393 2049 3446; x_wconf 88' lang='lat' dir='ltr'><strong>in</strong></span> 
     </span>
    </p>
   </div>
   <div class='ocr_carea' id='block_1_66' title="bbox 470 3477 2046 3549">
    <p class='ocr_par' dir='ltr' id='par_1_66' title="bbox 470 3477 2046 3549">
     <span class='ocr_line' id='line_1_66' title="bbox 470 3477 2046 3549; baseline 0.003 -17"><span class='ocrx_word' id='word_1_535' title='bbox 470 3478 588 3532; x_wconf 79' lang='lat' dir='ltr'><strong>suis</strong></span> <span class='ocrx_word' id='word_1_536' title='bbox 638 3477 1066 3547; x_wconf 87' lang='lat' dir='ltr'><strong>suggestiouibus</strong></span> <span class='ocrx_word' id='word_1_537' title='bbox 1123 3480 1221 3534; x_wconf 91' lang='lat' dir='ltr'><strong>sub</strong></span> <span class='ocrx_word' id='word_1_538' title='bbox 1278 3480 1495 3533; x_wconf 88' lang='lat' dir='ltr'><strong>virtutis</strong></span> <span class='ocrx_word' id='word_1_539' title='bbox 1549 3479 1726 3548; x_wconf 88' lang='lat' dir='ltr'><strong>specie</strong></span> <span class='ocrx_word' id='word_1_540' title='bbox 1777 3480 2046 3549; x_wconf 88' lang='lat' dir='ltr'><strong>palliatur.</strong></span> 
     </span>
    </p>
   </div>
   <div class='ocr_carea' id='block_1_67' title="bbox 473 3564 2047 3642">
    <p class='ocr_par' dir='ltr' id='par_1_67' title="bbox 473 3564 2047 3642">
     <span class='ocr_line' id='line_1_67' title="bbox 473 3564 2047 3642; baseline 0.004 -22"><span class='ocrx_word' id='word_1_541' title='bbox 473 3564 601 3621; x_wconf 63' lang='lat' dir='ltr'><strong>Hac</strong></span> <span class='ocrx_word' id='word_1_542' title='bbox 621 3569 801 3636; x_wconf 89' lang='lat' dir='ltr'><strong>itaque</strong></span> <span class='ocrx_word' id='word_1_543' title='bbox 825 3568 1023 3634; x_wconf 87' lang='lat' dir='ltr'><strong>bellua,</strong></span> <span class='ocrx_word' id='word_1_544' title='bbox 1056 3585 1175 3639; x_wconf 80' lang='lat' dir='ltr'><strong>quae</strong></span> <span class='ocrx_word' id='word_1_545' title='bbox 1202 3578 1349 3627; x_wconf 87' lang='lat' dir='ltr'><strong>tanta</strong></span> <span class='ocrx_word' id='word_1_546' title='bbox 1386 3570 1650 3624; x_wconf 89' lang='lat' dir='ltr'><strong>varietate</strong></span> <span class='ocrx_word' id='word_1_547' title='bbox 1702 3572 2047 3642; x_wconf 87' lang='lat' dir='ltr'><strong>respergitur,</strong></span> 
     </span>
    </p>
   </div>
   <div class='ocr_carea' id='block_1_68' title="bbox 466 3658 2049 3732">
    <p class='ocr_par' dir='ltr' id='par_1_68' title="bbox 466 3658 2049 3732">
     <span class='ocr_line' id='line_1_68' title="bbox 466 3658 2049 3732; baseline 0.004 -20"><span class='ocrx_word' id='word_1_548' title='bbox 466 3658 590 3728; x_wconf 86' lang='lat' dir='ltr'><strong>jure</strong></span> <span class='ocrx_word' id='word_1_549' title='bbox 638 3658 795 3728; x_wconf 87' lang='lat' dir='ltr'><strong>tigris</strong></span> <span class='ocrx_word' id='word_1_550' title='bbox 838 3668 1077 3715; x_wconf 84' lang='lat' dir='ltr'><strong>vocatur.</strong></span> <span class='ocrx_word' id='word_1_551' title='bbox 1130 3660 1258 3726; x_wconf 70' lang='lat' dir='ltr'><strong>Quae</strong></span> <span class='ocrx_word' id='word_1_552' title='bbox 1316 3660 1455 3729; x_wconf 87' lang='lat' dir='ltr'><strong>apud</strong></span> <span class='ocrx_word' id='word_1_553' title='bbox 1500 3662 1837 3732; x_wconf 86' lang='lat' dir='ltr'><strong>septuaginta</strong></span> <span class='ocrx_word' id='word_1_554' title='bbox 1884 3663 2049 3718; x_wconf 90' lang='lat' dir='ltr'><strong>inter-</strong></span> 
     </span>
    </p>
   </div>
   <div class='ocr_carea' id='block_1_69' title="bbox 471 3753 2049 3824">
    <p class='ocr_par' dir='ltr' id='par_1_69' title="bbox 471 3753 2049 3824">
     <span class='ocr_line' id='line_1_69' title="bbox 471 3753 2049 3824; baseline 0.003 -16"><span class='ocrx_word' id='word_1_555' title='bbox 471 3761 654 3824; x_wconf 88' lang='lat' dir='ltr'><strong>pretes</strong></span> <span class='ocrx_word' id='word_1_556' title='bbox 680 3753 1062 3823; x_wconf 88' lang='lat' dir='ltr'><strong>myrmicoleon</strong></span> <span class='ocrx_word' id='word_1_557' title='bbox 1119 3754 1333 3818; x_wconf 86' lang='lat' dir='ltr'><strong>dicitur,</strong></span> <span class='ocrx_word' id='word_1_558' title='bbox 1389 3754 1528 3822; x_wconf 90' lang='lat' dir='ltr'><strong>quod</strong></span> <span class='ocrx_word' id='word_1_559' title='bbox 1558 3754 1807 3809; x_wconf 88' lang='lat' dir='ltr'><strong>videlicet</strong></span> <span class='ocrx_word' id='word_1_560' title='bbox 1853 3757 2049 3811; x_wconf 90' lang='lat' dir='ltr'><strong>animal</strong></span> 
     </span>
    </p>
   </div>
   <div class='ocr_carea' id='block_1_70' title="bbox 472 3841 2047 3915">
    <p class='ocr_par' dir='ltr' id='par_1_70' title="bbox 472 3841 2047 3915">
     <span class='ocr_line' id='line_1_70' title="bbox 472 3841 2047 3915; baseline 0.001 -17"><span class='ocrx_word' id='word_1_561' title='bbox 472 3844 792 3898; x_wconf 85' lang='lat' dir='ltr'><strong>absconsum</strong></span> <span class='ocrx_word' id='word_1_562' title='bbox 818 3842 1057 3912; x_wconf 88' lang='lat' dir='ltr'><strong>pulvere,</strong></span> <span class='ocrx_word' id='word_1_563' title='bbox 1102 3841 1357 3898; x_wconf 80' lang='lat' dir='ltr'><strong>fonnlcas</strong></span> <span class='ocrx_word' id='word_1_564' title='bbox 1389 3842 1471 3912; x_wconf 89' lang='lat' dir='ltr'><strong>(ut</strong></span> <span class='ocrx_word' id='word_1_565' title='bbox 1496 3842 1749 3915; x_wconf 84' lang='lat' dir='ltr'><strong>diximus)</strong></span> <span class='ocrx_word' id='word_1_566' title='bbox 1780 3843 2047 3900; x_wconf 84' lang='lat' dir='ltr'><strong>frumenta</strong></span> 
     </span>
    </p>
   </div>
   <div class='ocr_carea' id='block_1_71' title="bbox 472 3930 2049 4004">
    <p class='ocr_par' dir='ltr' id='par_1_71' title="bbox 472 3930 2049 4004">
     <span class='ocr_line' id='line_1_71' title="bbox 472 3930 2049 4004; baseline 0.003 -18"><span class='ocrx_word' id='word_1_567' title='bbox 472 3938 745 4002; x_wconf 85' lang='lat' dir='ltr'><strong>gestantes</strong></span> <span class='ocrx_word' id='word_1_568' title='bbox 773 3930 1062 3987; x_wconf 83' lang='lat' dir='ltr'><strong>interﬁcit:</strong></span> <span class='ocrx_word' id='word_1_569' title='bbox 1094 3931 1217 3998; x_wconf 88' lang='lat' dir='ltr'><strong>quia</strong></span> <span class='ocrx_word' id='word_1_570' title='bbox 1253 3930 1507 3984; x_wconf 88' lang='lat' dir='ltr'><strong>nimirum</strong></span> <span class='ocrx_word' id='word_1_571' title='bbox 1549 3940 1793 4000; x_wconf 89' lang='lat' dir='ltr'><strong>apostata</strong></span> <span class='ocrx_word' id='word_1_572' title='bbox 1832 3934 2049 4004; x_wconf 90' lang='lat' dir='ltr'><strong>angelus</strong></span> 
     </span>
    </p>
   </div>
   <div class='ocr_carea' id='block_1_72' title="bbox 472 4019 2049 4094">
    <p class='ocr_par' dir='ltr' id='par_1_72' title="bbox 472 4019 2049 4094">
     <span class='ocr_line' id='line_1_72' title="bbox 472 4019 2049 4094; baseline 0 -16"><span class='ocrx_word' id='word_1_573' title='bbox 472 4022 527 4078; x_wconf 87' lang='lat' dir='ltr'><strong>in</strong></span> <span class='ocrx_word' id='word_1_574' title='bbox 552 4031 749 4076; x_wconf 90' lang='lat' dir='ltr'><strong>terram</strong></span> <span class='ocrx_word' id='word_1_575' title='bbox 773 4022 838 4077; x_wconf 89' lang='lat' dir='ltr'><strong>de</strong></span> <span class='ocrx_word' id='word_1_576' title='bbox 871 4022 1026 4077; x_wconf 72' lang='lat' dir='ltr'><strong>ctelis</strong></span> <span class='ocrx_word' id='word_1_577' title='bbox 1066 4019 1622 4090; x_wconf 74' lang='lat' dir='ltr'><strong>projeetusjustorum</strong></span> <span class='ocrx_word' id='word_1_578' title='bbox 1668 4031 1899 4089; x_wconf 91' lang='lat' dir='ltr'><strong>mentes,</strong></span> <span class='ocrx_word' id='word_1_579' title='bbox 1932 4040 2049 4094; x_wconf 74' lang='lat' dir='ltr'><strong>qua:</strong></span> 
     </span>
    </p>
   </div>
   <div class='ocr_carea' id='block_1_73' title="bbox 472 4110 2049 4182">
    <p class='ocr_par' dir='ltr' id='par_1_73' title="bbox 472 4110 2049 4182">
     <span class='ocr_line' id='line_1_73' title="bbox 472 4110 2049 4182; baseline 0.001 -14"><span class='ocrx_word' id='word_1_580' title='bbox 472 4114 736 4169; x_wconf 85' lang='lat' dir='ltr'><strong>bonorum</strong></span> <span class='ocrx_word' id='word_1_581' title='bbox 787 4112 889 4167; x_wconf 89' lang='lat' dir='ltr'><strong>sibi</strong></span> <span class='ocrx_word' id='word_1_582' title='bbox 935 4126 1158 4180; x_wconf 85' lang='lat' dir='ltr'><strong>operum</strong></span> <span class='ocrx_word' id='word_1_583' title='bbox 1195 4110 1576 4179; x_wconf 73' lang='lat' dir='ltr'><strong>perfectionem</strong></span> <span class='ocrx_word' id='word_1_584' title='bbox 1618 4123 1941 4182; x_wconf 60' lang='lat' dir='ltr'><strong>praeparant,</strong></span> <span class='ocrx_word' id='word_1_585' title='bbox 1991 4116 2049 4169; x_wconf 83' lang='lat' dir='ltr'><strong>in</strong></span> 
     </span>
    </p>
   </div>
   <div class='ocr_carea' id='block_1_74' title="bbox 474 4202 2045 4273">
    <p class='ocr_par' dir='ltr' id='par_1_74' title="bbox 474 4202 2045 4273">
     <span class='ocr_line' id='line_1_74' title="bbox 474 4202 2045 4273; baseline -0.001 -14"><span class='ocrx_word' id='word_1_586' title='bbox 474 4206 592 4273; x_wconf 89' lang='lat' dir='ltr'><strong>ipso</strong></span> <span class='ocrx_word' id='word_1_587' title='bbox 620 4204 846 4258; x_wconf 85' lang='lat' dir='ltr'><strong>actionis</strong></span> <span class='ocrx_word' id='word_1_588' title='bbox 884 4203 1076 4257; x_wconf 88' lang='lat' dir='ltr'><strong>itinere</strong></span> <span class='ocrx_word' id='word_1_589' title='bbox 1110 4202 1319 4256; x_wconf 85' lang='lat' dir='ltr'><strong>obsidet</strong></span> <span class='ocrx_word' id='word_1_590' title='bbox 1347 4218 1359 4255; x_wconf 93' lang='lat'><strong>:</strong></span> <span class='ocrx_word' id='word_1_591' title='bbox 1406 4217 1635 4271; x_wconf 87' lang='lat' dir='ltr'><strong>cumque</strong></span> <span class='ocrx_word' id='word_1_592' title='bbox 1663 4204 1763 4258; x_wconf 91' lang='lat' dir='ltr'><strong>has</strong></span> <span class='ocrx_word' id='word_1_593' title='bbox 1786 4218 1883 4273; x_wconf 86' lang='lat' dir='ltr'><strong>per</strong></span> <span class='ocrx_word' id='word_1_594' title='bbox 1913 4204 2045 4259; x_wconf 88' lang='lat' dir='ltr'><strong>insi-</strong></span> 
     </span>
    </p>
   </div>
   <div class='ocr_carea' id='block_1_75' title="bbox 474 4286 2047 4362">
    <p class='ocr_par' dir='ltr' id='par_1_75' title="bbox 474 4286 2047 4362">
     <span class='ocr_line' id='line_1_75' title="bbox 474 4286 2047 4362; baseline -0.003 -12"><span class='ocrx_word' id='word_1_595' title='bbox 474 4296 593 4350; x_wconf 89' lang='lat' dir='ltr'><strong>dias</strong></span> <span class='ocrx_word' id='word_1_596' title='bbox 622 4286 857 4362; x_wconf 76' lang='lat' dir='ltr'><strong>superat,</strong></span> <span class='ocrx_word' id='word_1_597' title='bbox 881 4293 1033 4362; x_wconf 84' lang='lat' dir='ltr'><strong>quasi</strong></span> <span class='ocrx_word' id='word_1_598' title='bbox 1071 4291 1323 4347; x_wconf 83' lang='lat' dir='ltr'><strong>formicas</strong></span> <span class='ocrx_word' id='word_1_599' title='bbox 1352 4290 1620 4347; x_wconf 84' lang='lat' dir='ltr'><strong>frumenta</strong></span> <span class='ocrx_word' id='word_1_600' title='bbox 1648 4300 1918 4362; x_wconf 90' lang='lat' dir='ltr'><strong>gestantes</strong></span> <span class='ocrx_word' id='word_1_601' title='bbox 1947 4294 2047 4347; x_wconf 90' lang='lat' dir='ltr'><strong>im-</strong></span> 
     </span>
    </p>
   </div>
   <div class='ocr_carea' id='block_1_76' title="bbox 472 4382 2044 4455">
    <p class='ocr_par' dir='ltr' id='par_1_76' title="bbox 472 4382 2044 4455">
     <span class='ocr_line' id='line_1_76' title="bbox 472 4382 2044 4455; baseline -0.003 -16"><span class='ocrx_word' id='word_1_602' title='bbox 472 4386 721 4455; x_wconf 83' lang='lat' dir='ltr'><strong>provisus</strong></span> <span class='ocrx_word' id='word_1_603' title='bbox 749 4392 926 4438; x_wconf 84' lang='lat' dir='ltr'><strong>necat.</strong></span> <span class='ocrx_word' id='word_1_604' title='bbox 977 4382 1214 4437; x_wconf 87' lang='lat' dir='ltr'><strong>Panther</strong></span> <span class='ocrx_word' id='word_1_605' title='bbox 1264 4383 1438 4437; x_wconf 90' lang='lat' dir='ltr'><strong>dictus</strong></span> <span class='ocrx_word' id='word_1_606' title='bbox 1483 4383 1594 4436; x_wconf 86' lang='lat' dir='ltr'><strong>sive</strong></span> <span class='ocrx_word' id='word_1_607' title='bbox 1624 4382 1767 4450; x_wconf 91' lang='lat' dir='ltr'><strong>quod</strong></span> <span class='ocrx_word' id='word_1_608' title='bbox 1805 4382 2044 4436; x_wconf 88' lang='lat' dir='ltr'><strong>omnium</strong></span> 
     </span>
    </p>
   </div>
   <div class='ocr_carea' id='block_1_77' title="bbox 475 4448 2124 4539">
    <p class='ocr_par' dir='ltr' id='par_1_77' title="bbox 475 4448 2124 4539">
     <span class='ocr_line' id='line_1_77' title="bbox 475 4448 2124 4539; baseline -0.003 -11"><span class='ocrx_word' id='word_1_609' title='bbox 475 4474 786 4529; x_wconf 86' lang='lat' dir='ltr'><strong>animalium</strong></span> <span class='ocrx_word' id='word_1_610' title='bbox 815 4474 885 4527; x_wconf 89' lang='lat' dir='ltr'><strong>sit</strong></span> <span class='ocrx_word' id='word_1_611' title='bbox 903 4472 1127 4535; x_wconf 88' lang='lat' dir='ltr'><strong>amicus,</strong></span> <span class='ocrx_word' id='word_1_612' title='bbox 1158 4478 1383 4539; x_wconf 79' lang='lat' dir='ltr'><strong>excepto</strong></span> <span class='ocrx_word' id='word_1_613' title='bbox 1408 4471 1641 4525; x_wconf 90' lang='lat' dir='ltr'><strong>dracone</strong></span> <span class='ocrx_word' id='word_1_614' title='bbox 1671 4487 1685 4523; x_wconf 91' lang='lat'><strong>:</strong></span> <span class='ocrx_word' id='word_1_615' title='bbox 1713 4471 1824 4524; x_wconf 89' lang='lat' dir='ltr'><strong>sive</strong></span> <span class='ocrx_word' id='word_1_616' title='bbox 1844 4471 1968 4539; x_wconf 89' lang='lat' dir='ltr'><strong>quia</strong></span> <span class='ocrx_word' id='word_1_617' title='bbox 1993 4479 2047 4524; x_wconf 88' lang='lat' dir='ltr'><strong>et</strong></span> <span class='ocrx_word' id='word_1_618' title='bbox 2073 4448 2124 4506; x_wconf 81' lang='lat' dir='ltr'><strong>D</strong></span> 
     </span>
    </p>
   </div>
   <div class='ocr_carea' id='block_1_78' title="bbox 475 4561 2051 4636">
    <p class='ocr_par' dir='ltr' id='par_1_78' title="bbox 475 4561 2051 4636">
     <span class='ocr_line' id='line_1_78' title="bbox 475 4561 2051 4636; baseline -0.004 -14"><span class='ocrx_word' id='word_1_619' title='bbox 475 4567 558 4622; x_wconf 88' lang='lat' dir='ltr'><strong>sui</strong></span> <span class='ocrx_word' id='word_1_620' title='bbox 590 4565 801 4636; x_wconf 87' lang='lat' dir='ltr'><strong>generis</strong></span> <span class='ocrx_word' id='word_1_621' title='bbox 834 4564 1089 4618; x_wconf 87' lang='lat' dir='ltr'><strong>societate</strong></span> <span class='ocrx_word' id='word_1_622' title='bbox 1123 4562 1338 4632; x_wconf 87' lang='lat' dir='ltr'><strong>gaudet,</strong></span> <span class='ocrx_word' id='word_1_623' title='bbox 1363 4570 1417 4615; x_wconf 90' lang='lat' dir='ltr'><strong>et</strong></span> <span class='ocrx_word' id='word_1_624' title='bbox 1444 4562 1511 4615; x_wconf 88' lang='lat' dir='ltr'><strong>ad</strong></span> <span class='ocrx_word' id='word_1_625' title='bbox 1536 4561 1780 4615; x_wconf 88' lang='lat' dir='ltr'><strong>eamdem</strong></span> <span class='ocrx_word' id='word_1_626' title='bbox 1806 4562 2051 4615; x_wconf 90' lang='lat' dir='ltr'><strong>similitu-</strong></span> 
     </span>
    </p>
   </div>
   <div class='ocr_carea' id='block_1_79' title="bbox 475 4650 2051 4723">
    <p class='ocr_par' dir='ltr' id='par_1_79' title="bbox 475 4650 2051 4723">
     <span class='ocr_line' id='line_1_79' title="bbox 475 4650 2051 4723; baseline -0.002 -14"><span class='ocrx_word' id='word_1_627' title='bbox 475 4656 676 4720; x_wconf 88' lang='lat' dir='ltr'><strong>dinem,</strong></span> <span class='ocrx_word' id='word_1_628' title='bbox 724 4654 981 4723; x_wconf 90' lang='lat' dir='ltr'><strong>quidquid</strong></span> <span class='ocrx_word' id='word_1_629' title='bbox 1023 4654 1243 4721; x_wconf 83' lang='lat' dir='ltr'><strong>accipit,</strong></span> <span class='ocrx_word' id='word_1_630' title='bbox 1292 4652 1485 4706; x_wconf 78' lang='lat' dir='ltr'><strong>reddit.</strong></span> <span class='ocrx_word' id='word_1_631' title='bbox 1540 4650 1650 4705; x_wconf 90' lang='lat' dir='ltr'><strong>Pan</strong></span> <span class='ocrx_word' id='word_1_632' title='bbox 1696 4652 1839 4705; x_wconf 87' lang='lat' dir='ltr'><strong>enim</strong></span> <span class='ocrx_word' id='word_1_633' title='bbox 1866 4650 2051 4707; x_wconf 77' lang='lat' dir='ltr'><strong>Graece</strong></span> 
     </span>
    </p>
   </div>
   <div class='ocr_carea' id='block_1_80' title="bbox 474 4740 2047 4815">
    <p class='ocr_par' dir='ltr' id='par_1_80' title="bbox 474 4740 2047 4815">
     <span class='ocr_line' id='line_1_80' title="bbox 474 4740 2047 4815; baseline -0.004 -15"><span class='ocrx_word' id='word_1_634' title='bbox 474 4759 633 4800; x_wconf 85' lang='lat' dir='ltr'><strong>omne</strong></span> <span class='ocrx_word' id='word_1_635' title='bbox 675 4743 872 4797; x_wconf 89' lang='lat' dir='ltr'><strong>dicitur</strong></span> <span class='ocrx_word' id='word_1_636' title='bbox 896 4760 909 4795; x_wconf 92' lang='lat'><strong>:</strong></span> <span class='ocrx_word' id='word_1_637' title='bbox 936 4741 1133 4815; x_wconf 34' lang='lat' dir='ltr'><strong>‘bestia</strong></span> <span class='ocrx_word' id='word_1_638' title='bbox 1181 4742 1405 4795; x_wconf 84' lang='lat' dir='ltr'><strong>minutis</strong></span> <span class='ocrx_word' id='word_1_639' title='bbox 1432 4740 1689 4794; x_wconf 87' lang='lat' dir='ltr'><strong>orbiculis</strong></span> <span class='ocrx_word' id='word_1_640' title='bbox 1724 4740 2047 4810; x_wconf 85' lang='lat' dir='ltr'><strong>superpicta,</strong></span> 
     </span>
    </p>
   </div>
   <div class='ocr_carea' id='block_1_81' title="bbox 474 4829 2051 4901">
    <p class='ocr_par' dir='ltr' id='par_1_81' title="bbox 474 4829 2051 4901">
     <span class='ocr_line' id='line_1_81' title="bbox 474 4829 2051 4901; baseline -0.003 -13"><span class='ocrx_word' id='word_1_641' title='bbox 474 4836 552 4889; x_wconf 90' lang='lat' dir='ltr'><strong>ita</strong></span> <span class='ocrx_word' id='word_1_642' title='bbox 581 4842 639 4887; x_wconf 89' lang='lat' dir='ltr'><strong>ut</strong></span> <span class='ocrx_word' id='word_1_643' title='bbox 661 4832 885 4887; x_wconf 86' lang='lat' dir='ltr'><strong>oculatis</strong></span> <span class='ocrx_word' id='word_1_644' title='bbox 911 4846 978 4886; x_wconf 82' lang='lat' dir='ltr'><strong>ex</strong></span> <span class='ocrx_word' id='word_1_645' title='bbox 1006 4831 1154 4886; x_wconf 81' lang='lat' dir='ltr'><strong>fulvo</strong></span> <span class='ocrx_word' id='word_1_646' title='bbox 1178 4831 1394 4886; x_wconf 82' lang='lat' dir='ltr'><strong>circulis</strong></span> <span class='ocrx_word' id='word_1_647' title='bbox 1422 4831 1574 4901; x_wconf 89' lang='lat' dir='ltr'><strong>nigra</strong></span> <span class='ocrx_word' id='word_1_648' title='bbox 1604 4830 1686 4884; x_wconf 90' lang='lat' dir='ltr'><strong>vel</strong></span> <span class='ocrx_word' id='word_1_649' title='bbox 1712 4829 1832 4885; x_wconf 89' lang='lat' dir='ltr'><strong>alba</strong></span> <span class='ocrx_word' id='word_1_650' title='bbox 1866 4831 2051 4884; x_wconf 89' lang='lat' dir='ltr'><strong>distin-</strong></span> 
     </span>
    </p>
   </div>
   <div class='ocr_carea' id='block_1_82' title="bbox 477 4920 2051 4993">
    <p class='ocr_par' dir='ltr' id='par_1_82' title="bbox 477 4920 2051 4993">
     <span class='ocr_line' id='line_1_82' title="bbox 477 4920 2051 4993; baseline 0.001 -19"><span class='ocrx_word' id='word_1_651' title='bbox 477 4930 671 4993; x_wconf 82' lang='lat' dir='ltr'><strong>guatur</strong></span> <span class='ocrx_word' id='word_1_652' title='bbox 696 4922 971 4976; x_wconf 83' lang='lat' dir='ltr'><strong>varietate.</strong></span> <span class='ocrx_word' id='word_1_653' title='bbox 1013 4921 1139 4975; x_wconf 67' lang='lat' dir='ltr'><strong>Haec</strong></span> <span class='ocrx_word' id='word_1_654' title='bbox 1168 4921 1333 4975; x_wconf 88' lang='lat' dir='ltr'><strong>semel</strong></span> <span class='ocrx_word' id='word_1_655' title='bbox 1360 4922 1579 4975; x_wconf 92' lang='lat' dir='ltr'><strong>omnino</strong></span> <span class='ocrx_word' id='word_1_656' title='bbox 1609 4921 1856 4989; x_wconf 90' lang='lat' dir='ltr'><strong>parturit.</strong></span> <span class='ocrx_word' id='word_1_657' title='bbox 1890 4920 2051 4987; x_wconf 90' lang='lat' dir='ltr'><strong>Cujus</strong></span> 
     </span>
    </p>
   </div>
   <div class='ocr_carea' id='block_1_83' title="bbox 475 5009 2050 5067">
    <p class='ocr_par' dir='ltr' id='par_1_83' title="bbox 475 5009 2050 5067">
     <span class='ocr_line' id='line_1_83' title="bbox 475 5009 2050 5067; baseline -0.002 0"><span class='ocrx_word' id='word_1_658' title='bbox 475 5027 653 5067; x_wconf 67' lang='lat' dir='ltr'><strong>causae</strong></span> <span class='ocrx_word' id='word_1_659' title='bbox 684 5010 820 5066; x_wconf 87' lang='lat' dir='ltr'><strong>ratio</strong></span> <span class='ocrx_word' id='word_1_660' title='bbox 841 5009 1125 5064; x_wconf 77' lang='lat' dir='ltr'><strong>manifesta</strong></span> <span class='ocrx_word' id='word_1_661' title='bbox 1152 5018 1253 5064; x_wconf 90' lang='lat' dir='ltr'><strong>est.</strong></span> <span class='ocrx_word' id='word_1_662' title='bbox 1290 5009 1421 5064; x_wconf 87' lang='lat' dir='ltr'><strong>Nam</strong></span> <span class='ocrx_word' id='word_1_663' title='bbox 1452 5024 1572 5064; x_wconf 89' lang='lat' dir='ltr'><strong>cum</strong></span> <span class='ocrx_word' id='word_1_664' title='bbox 1602 5010 1655 5063; x_wconf 89' lang='lat' dir='ltr'><strong>in</strong></span> <span class='ocrx_word' id='word_1_665' title='bbox 1688 5019 1842 5065; x_wconf 91' lang='lat' dir='ltr'><strong>utero</strong></span> <span class='ocrx_word' id='word_1_666' title='bbox 1864 5009 2050 5064; x_wconf 88' lang='lat' dir='ltr'><strong>matris</strong></span> 
     </span>
    </p>
   </div>
   <div class='ocr_carea' id='block_1_84' title="bbox 473 5102 2046 5175">
    <p class='ocr_par' dir='ltr' id='par_1_84' title="bbox 473 5102 2046 5175">
     <span class='ocr_line' id='line_1_84' title="bbox 473 5102 2046 5175; baseline 0 -18"><span class='ocrx_word' id='word_1_667' title='bbox 473 5102 776 5157; x_wconf 88' lang='lat' dir='ltr'><strong>coaluerint</strong></span> <span class='ocrx_word' id='word_1_668' title='bbox 808 5102 993 5167; x_wconf 91' lang='lat' dir='ltr'><strong>catuli,</strong></span> <span class='ocrx_word' id='word_1_669' title='bbox 1024 5102 1356 5171; x_wconf 84' lang='lat' dir='ltr'><strong>maturisque</strong></span> <span class='ocrx_word' id='word_1_670' title='bbox 1394 5102 1467 5175; x_wconf 85' lang='lat' dir='ltr'><strong>ad</strong></span> <span class='ocrx_word' id='word_1_671' title='bbox 1496 5103 1823 5155; x_wconf 86' lang='lat' dir='ltr'><strong>nascendum</strong></span> <span class='ocrx_word' id='word_1_672' title='bbox 1845 5102 2046 5157; x_wconf 88' lang='lat' dir='ltr'><strong>viribus</strong></span> 
     </span>
    </p>
   </div>
   <div class='ocr_carea' id='block_1_85' title="bbox 472 5192 2045 5264">
    <p class='ocr_par' dir='ltr' id='par_1_85' title="bbox 472 5192 2045 5264">
     <span class='ocr_line' id='line_1_85' title="bbox 472 5192 2045 5264; baseline -0.001 -18"><span class='ocrx_word' id='word_1_673' title='bbox 472 5194 698 5264; x_wconf 85' lang='lat' dir='ltr'><strong>pollent,</strong></span> <span class='ocrx_word' id='word_1_674' title='bbox 753 5193 941 5248; x_wconf 86' lang='lat' dir='ltr'><strong>odiunt</strong></span> <span class='ocrx_word' id='word_1_675' title='bbox 1006 5202 1304 5262; x_wconf 87' lang='lat' dir='ltr'><strong>temporum</strong></span> <span class='ocrx_word' id='word_1_676' title='bbox 1366 5208 1564 5247; x_wconf 91' lang='lat' dir='ltr'><strong>moras.</strong></span> <span class='ocrx_word' id='word_1_677' title='bbox 1620 5192 1803 5261; x_wconf 89' lang='lat' dir='ltr'><strong>Itaque</strong></span> <span class='ocrx_word' id='word_1_678' title='bbox 1856 5208 2045 5247; x_wconf 87' lang='lat' dir='ltr'><strong>onera-</strong></span> 
     </span>
    </p>
   </div>
   <div class='ocr_carea' id='block_1_86' title="bbox 476 5284 2045 5355">
    <p class='ocr_par' dir='ltr' id='par_1_86' title="bbox 476 5284 2045 5355">
     <span class='ocr_line' id='line_1_86' title="bbox 476 5284 2045 5355; baseline -0.001 -16"><span class='ocrx_word' id='word_1_679' title='bbox 476 5293 587 5339; x_wconf 85' lang='lat' dir='ltr'><strong>tam</strong></span> <span class='ocrx_word' id='word_1_680' title='bbox 624 5285 817 5340; x_wconf 88' lang='lat' dir='ltr'><strong>letibus</strong></span> <span class='ocrx_word' id='word_1_681' title='bbox 846 5286 1077 5348; x_wconf 86' lang='lat' dir='ltr'><strong>vulvam,</strong></span> <span class='ocrx_word' id='word_1_682' title='bbox 1110 5294 1365 5355; x_wconf 91' lang='lat' dir='ltr'><strong>tanquam</strong></span> <span class='ocrx_word' id='word_1_683' title='bbox 1394 5284 1695 5338; x_wconf 83' lang='lat' dir='ltr'><strong>obstantem</strong></span> <span class='ocrx_word' id='word_1_684' title='bbox 1721 5286 1917 5354; x_wconf 89' lang='lat' dir='ltr'><strong>partui,</strong></span> <span class='ocrx_word' id='word_1_685' title='bbox 1947 5302 2045 5337; x_wconf 88' lang='lat' dir='ltr'><strong>uu-</strong></span> 
     </span>
    </p>
   </div>
   <div class='ocr_carea' id='block_1_87' title="bbox 476 5373 2045 5443">
    <p class='ocr_par' dir='ltr' id='par_1_87' title="bbox 476 5373 2045 5443">
     <span class='ocr_line' id='line_1_87' title="bbox 476 5373 2045 5443; baseline -0.002 -15"><span class='ocrx_word' id='word_1_686' title='bbox 476 5373 667 5443; x_wconf 89' lang='lat' dir='ltr'><strong>guibus</strong></span> <span class='ocrx_word' id='word_1_687' title='bbox 696 5375 952 5430; x_wconf 89' lang='lat' dir='ltr'><strong>lacerant.</strong></span> <span class='ocrx_word' id='word_1_688' title='bbox 996 5373 1234 5429; x_wconf 81' lang='lat' dir='ltr'><strong>Eﬁ&#39;undit</strong></span> <span class='ocrx_word' id='word_1_689' title='bbox 1262 5373 1350 5428; x_wconf 86' lang='lat' dir='ltr'><strong>illa</strong></span> <span class='ocrx_word' id='word_1_690' title='bbox 1380 5382 1592 5443; x_wconf 86' lang='lat' dir='ltr'><strong>partum</strong></span> <span class='ocrx_word' id='word_1_691' title='bbox 1636 5389 1729 5427; x_wconf 88' lang='lat' dir='ltr'><strong>seu</strong></span> <span class='ocrx_word' id='word_1_692' title='bbox 1765 5375 1940 5442; x_wconf 89' lang='lat' dir='ltr'><strong>potius</strong></span> <span class='ocrx_word' id='word_1_693' title='bbox 1968 5374 2045 5427; x_wconf 86' lang='lat' dir='ltr'><strong>di-</strong></span> 
     </span>
    </p>
   </div>
   <div class='ocr_carea' id='block_1_88' title="bbox 474 5464 2045 5535">
    <p class='ocr_par' dir='ltr' id='par_1_88' title="bbox 474 5464 2045 5535">
     <span class='ocr_line' id='line_1_88' title="bbox 474 5464 2045 5535; baseline -0.002 -17"><span class='ocrx_word' id='word_1_694' title='bbox 474 5464 674 5528; x_wconf 82' lang='lat' dir='ltr'><strong>mittit,</strong></span> <span class='ocrx_word' id='word_1_695' title='bbox 703 5464 885 5519; x_wconf 90' lang='lat' dir='ltr'><strong>dolore</strong></span> <span class='ocrx_word' id='word_1_696' title='bbox 914 5475 1153 5534; x_wconf 86' lang='lat' dir='ltr'><strong>cogente.</strong></span> <span class='ocrx_word' id='word_1_697' title='bbox 1199 5466 1276 5520; x_wconf 87' lang='lat' dir='ltr'><strong>Ita</strong></span> <span class='ocrx_word' id='word_1_698' title='bbox 1316 5472 1499 5535; x_wconf 90' lang='lat' dir='ltr'><strong>postea</strong></span> <span class='ocrx_word' id='word_1_699' title='bbox 1527 5464 1791 5532; x_wconf 84' lang='lat' dir='ltr'><strong>corruptis</strong></span> <span class='ocrx_word' id='word_1_700' title='bbox 1821 5474 1867 5518; x_wconf 88' lang='lat' dir='ltr'><strong>et</strong></span> <span class='ocrx_word' id='word_1_701' title='bbox 1906 5464 2045 5517; x_wconf 81' lang='lat' dir='ltr'><strong>cica-</strong></span> 
     </span>
    </p>
   </div>
   <div class='ocr_carea' id='block_1_89' title="bbox 478 5556 2045 5628">
    <p class='ocr_par' dir='ltr' id='par_1_89' title="bbox 478 5556 2045 5628">
     <span class='ocr_line' id='line_1_89' title="bbox 478 5556 2045 5628; baseline -0.001 -19"><span class='ocrx_word' id='word_1_702' title='bbox 478 5558 691 5614; x_wconf 86' lang='lat' dir='ltr'><strong>tricosis</strong></span> <span class='ocrx_word' id='word_1_703' title='bbox 737 5556 1227 5628; x_wconf 37' lang='lat' dir='ltr'><strong>sediliumgenitale</strong></span> <span class='ocrx_word' id='word_1_704' title='bbox 1274 5573 1458 5613; x_wconf 89' lang='lat' dir='ltr'><strong>semen</strong></span> <span class='ocrx_word' id='word_1_705' title='bbox 1514 5556 1745 5611; x_wconf 80' lang='lat' dir='ltr'><strong>infusum</strong></span> <span class='ocrx_word' id='word_1_706' title='bbox 1790 5572 1893 5610; x_wconf 92' lang='lat' dir='ltr'><strong>non</strong></span> <span class='ocrx_word' id='word_1_707' title='bbox 1942 5556 2045 5609; x_wconf 88' lang='lat' dir='ltr'><strong>erit</strong></span> 
     </span>
    </p>
   </div>
   <div class='ocr_carea' id='block_1_90' title="bbox 473 5646 2047 5715">
    <p class='ocr_par' dir='ltr' id='par_1_90' title="bbox 473 5646 2047 5715">
     <span class='ocr_line' id='line_1_90' title="bbox 473 5646 2047 5715; baseline 0 -11"><span class='ocrx_word' id='word_1_708' title='bbox 473 5655 749 5712; x_wconf 79' lang='lat' dir='ltr'><strong>accentum</strong></span> <span class='ocrx_word' id='word_1_709' title='bbox 772 5687 786 5715; x_wconf 88' lang='lat'><strong>,</strong></span> <span class='ocrx_word' id='word_1_710' title='bbox 842 5649 936 5705; x_wconf 88' lang='lat' dir='ltr'><strong>sed</strong></span> <span class='ocrx_word' id='word_1_711' title='bbox 989 5646 1200 5704; x_wconf 86' lang='lat' dir='ltr'><strong>irritum</strong></span> <span class='ocrx_word' id='word_1_712' title='bbox 1241 5648 1432 5705; x_wconf 86' lang='lat' dir='ltr'><strong>resilit.</strong></span> <span class='ocrx_word' id='word_1_713' title='bbox 1487 5646 1619 5703; x_wconf 86' lang='lat' dir='ltr'><strong>Nam</strong></span> <span class='ocrx_word' id='word_1_714' title='bbox 1665 5646 1870 5705; x_wconf 85' lang='lat' dir='ltr'><strong>Plinius</strong></span> <span class='ocrx_word' id='word_1_715' title='bbox 1918 5648 2047 5705; x_wconf 89' lang='lat' dir='ltr'><strong>dicit</strong></span> 
     </span>
    </p>
   </div>
   <div class='ocr_carea' id='block_1_91' title="bbox 2153 3204 3739 3276">
    <p class='ocr_par' dir='ltr' id='par_1_91' title="bbox 2153 3204 3739 3276">
     <span class='ocr_line' id='line_1_91' title="bbox 2153 3204 3739 3276; baseline 0.001 -15"><span class='ocrx_word' id='word_1_716' title='bbox 2153 3207 2312 3271; x_wconf 89' lang='lat' dir='ltr'><strong>citur,</strong></span> <span class='ocrx_word' id='word_1_717' title='bbox 2337 3214 2395 3260; x_wconf 90' lang='lat' dir='ltr'><strong>ut</strong></span> <span class='ocrx_word' id='word_1_718' title='bbox 2426 3206 2567 3259; x_wconf 86' lang='lat' dir='ltr'><strong>nulla</strong></span> <span class='ocrx_word' id='word_1_719' title='bbox 2599 3204 2911 3261; x_wconf 88' lang='lat' dir='ltr'><strong>venantium</strong></span> <span class='ocrx_word' id='word_1_720' title='bbox 2941 3208 3141 3262; x_wconf 89' lang='lat' dir='ltr'><strong>virtute</strong></span> <span class='ocrx_word' id='word_1_721' title='bbox 3169 3208 3443 3276; x_wconf 89' lang='lat' dir='ltr'><strong>capiatur:</strong></span> <span class='ocrx_word' id='word_1_722' title='bbox 3472 3207 3587 3271; x_wconf 90' lang='lat' dir='ltr'><strong>sed,</strong></span> <span class='ocrx_word' id='word_1_723' title='bbox 3625 3207 3739 3263; x_wconf 87' lang='lat' dir='ltr'><strong>sic-</strong></span> 
     </span>
    </p>
   </div>
   <div class='ocr_carea' id='block_1_92' title="bbox 2149 3297 3737 3366">
    <p class='ocr_par' dir='ltr' id='par_1_92' title="bbox 2149 3297 3737 3366">
     <span class='ocr_line' id='line_1_92' title="bbox 2149 3297 3737 3366; baseline 0.001 -15"><span class='ocrx_word' id='word_1_724' title='bbox 2149 3305 2210 3353; x_wconf 89' lang='lat' dir='ltr'><strong>ut</strong></span> <span class='ocrx_word' id='word_1_725' title='bbox 2246 3297 2302 3352; x_wconf 91' lang='lat' dir='ltr'><strong>bi</strong></span> <span class='ocrx_word' id='word_1_726' title='bbox 2334 3305 2604 3363; x_wconf 89' lang='lat' dir='ltr'><strong>asserunt,</strong></span> <span class='ocrx_word' id='word_1_727' title='bbox 2637 3298 2729 3366; x_wconf 90' lang='lat' dir='ltr'><strong>qui</strong></span> <span class='ocrx_word' id='word_1_728' title='bbox 2774 3297 3143 3353; x_wconf 91' lang='lat' dir='ltr'><strong>describendis</strong></span> <span class='ocrx_word' id='word_1_729' title='bbox 3172 3297 3381 3351; x_wconf 91' lang='lat' dir='ltr'><strong>naturis</strong></span> <span class='ocrx_word' id='word_1_730' title='bbox 3417 3297 3737 3361; x_wconf 85' lang='lat' dir='ltr'><strong>animalium</strong></span> 
     </span>
    </p>
   </div>
   <div class='ocr_carea' id='block_1_93' title="bbox 2149 3386 3735 3459">
    <p class='ocr_par' dir='ltr' id='par_1_93' title="bbox 2149 3386 3735 3459">
     <span class='ocr_line' id='line_1_93' title="bbox 2149 3386 3735 3459; baseline -0.001 -16"><span class='ocrx_word' id='word_1_731' title='bbox 2149 3388 2414 3445; x_wconf 90' lang='lat' dir='ltr'><strong>laboriosa</strong></span> <span class='ocrx_word' id='word_1_732' title='bbox 2444 3388 2853 3459; x_wconf 89' lang='lat' dir='ltr'><strong>investigatione</strong></span> <span class='ocrx_word' id='word_1_733' title='bbox 2880 3387 3210 3442; x_wconf 89' lang='lat' dir='ltr'><strong>sudaverunt</strong></span> <span class='ocrx_word' id='word_1_734' title='bbox 3231 3426 3246 3451; x_wconf 95' lang='lat'><strong>,</strong></span> <span class='ocrx_word' id='word_1_735' title='bbox 3294 3386 3446 3458; x_wconf 87' lang='lat' dir='ltr'><strong>virgo</strong></span> <span class='ocrx_word' id='word_1_736' title='bbox 3475 3388 3524 3442; x_wconf 91' lang='lat' dir='ltr'><strong>ei</strong></span> <span class='ocrx_word' id='word_1_737' title='bbox 3552 3386 3735 3458; x_wconf 87' lang='lat' dir='ltr'><strong>puella</strong></span> 
     </span>
    </p>
   </div>
   <div class='ocr_carea' id='block_1_94' title="bbox 2149 3478 3738 3551">
    <p class='ocr_par' dir='ltr' id='par_1_94' title="bbox 2149 3478 3738 3551">
     <span class='ocr_line' id='line_1_94' title="bbox 2149 3478 3738 3551; baseline -0.001 -16"><span class='ocrx_word' id='word_1_738' title='bbox 2149 3481 2485 3551; x_wconf 89' lang='lat' dir='ltr'><strong>proponitur,</strong></span> <span class='ocrx_word' id='word_1_739' title='bbox 2516 3496 2622 3549; x_wconf 89' lang='lat' dir='ltr'><strong>quo</strong></span> <span class='ocrx_word' id='word_1_740' title='bbox 2650 3479 2884 3535; x_wconf 89' lang='lat' dir='ltr'><strong>venienti</strong></span> <span class='ocrx_word' id='word_1_741' title='bbox 2932 3478 3019 3533; x_wconf 91' lang='lat' dir='ltr'><strong>illa</strong></span> <span class='ocrx_word' id='word_1_742' title='bbox 3066 3479 3242 3533; x_wconf 90' lang='lat' dir='ltr'><strong>sinum</strong></span> <span class='ocrx_word' id='word_1_743' title='bbox 3285 3478 3493 3549; x_wconf 90' lang='lat' dir='ltr'><strong>aperit,</strong></span> <span class='ocrx_word' id='word_1_744' title='bbox 3542 3478 3596 3532; x_wconf 84' lang='lat' dir='ltr'><strong>in</strong></span> <span class='ocrx_word' id='word_1_745' title='bbox 3621 3494 3738 3548; x_wconf 90' lang='lat' dir='ltr'><strong>quo</strong></span> 
     </span>
    </p>
   </div>
   <div class='ocr_carea' id='block_1_95' title="bbox 2149 3568 3729 3638">
    <p class='ocr_par' dir='ltr' id='par_1_95' title="bbox 2149 3568 3729 3638">
     <span class='ocr_line' id='line_1_95' title="bbox 2149 3568 3729 3638; baseline 0 -15"><span class='ocrx_word' id='word_1_746' title='bbox 2149 3570 2260 3635; x_wconf 92' lang='lat' dir='ltr'><strong>ille,</strong></span> <span class='ocrx_word' id='word_1_747' title='bbox 2291 3570 2436 3624; x_wconf 90' lang='lat' dir='ltr'><strong>omni</strong></span> <span class='ocrx_word' id='word_1_748' title='bbox 2462 3569 2741 3625; x_wconf 82' lang='lat' dir='ltr'><strong>ferocitate</strong></span> <span class='ocrx_word' id='word_1_749' title='bbox 2784 3568 3102 3638; x_wconf 89' lang='lat' dir='ltr'><strong>postposita,</strong></span> <span class='ocrx_word' id='word_1_750' title='bbox 3136 3575 3296 3638; x_wconf 91' lang='lat' dir='ltr'><strong>caput</strong></span> <span class='ocrx_word' id='word_1_751' title='bbox 3329 3568 3575 3637; x_wconf 87' lang='lat' dir='ltr'><strong>deponit,</strong></span> <span class='ocrx_word' id='word_1_752' title='bbox 3625 3568 3729 3623; x_wconf 83' lang='lat' dir='ltr'><strong>sic-</strong></span> 
     </span>
    </p>
   </div>
   <div class='ocr_carea' id='block_1_96' title="bbox 2149 3658 3735 3731">
    <p class='ocr_par' dir='ltr' id='par_1_96' title="bbox 2149 3658 3735 3731">
     <span class='ocr_line' id='line_1_96' title="bbox 2149 3658 3735 3731; baseline -0.001 -16"><span class='ocrx_word' id='word_1_753' title='bbox 2149 3676 2252 3730; x_wconf 89' lang='lat' dir='ltr'><strong>que</strong></span> <span class='ocrx_word' id='word_1_754' title='bbox 2282 3668 2593 3731; x_wconf 90' lang='lat' dir='ltr'><strong>soporatus,</strong></span> <span class='ocrx_word' id='word_1_755' title='bbox 2625 3660 2693 3714; x_wconf 89' lang='lat' dir='ltr'><strong>ab</strong></span> <span class='ocrx_word' id='word_1_756' title='bbox 2733 3659 2831 3723; x_wconf 88' lang='lat' dir='ltr'><strong>eis,</strong></span> <span class='ocrx_word' id='word_1_757' title='bbox 2872 3675 2902 3712; x_wconf 93' lang='lat' dir='ltr'><strong>a</strong></span> <span class='ocrx_word' id='word_1_758' title='bbox 2934 3659 3127 3729; x_wconf 89' lang='lat' dir='ltr'><strong>quibus</strong></span> <span class='ocrx_word' id='word_1_759' title='bbox 3153 3658 3273 3728; x_wconf 89' lang='lat' dir='ltr'><strong>capi</strong></span> <span class='ocrx_word' id='word_1_760' title='bbox 3314 3658 3574 3727; x_wconf 70' lang='lat' dir='ltr'><strong>quaeritur</strong></span> <span class='ocrx_word' id='word_1_761' title='bbox 3594 3698 3609 3723; x_wconf 91' lang='lat'><strong>,</strong></span> <span class='ocrx_word' id='word_1_762' title='bbox 3637 3672 3735 3713; x_wconf 89' lang='lat' dir='ltr'><strong>re-</strong></span> 
     </span>
    </p>
   </div>
   <div class='ocr_carea' id='block_1_97' title="bbox 2147 3747 3739 3821">
    <p class='ocr_par' dir='ltr' id='par_1_97' title="bbox 2147 3747 3739 3821">
     <span class='ocr_line' id='line_1_97' title="bbox 2147 3747 3739 3821; baseline -0.003 -15"><span class='ocrx_word' id='word_1_763' title='bbox 2147 3760 2308 3821; x_wconf 89' lang='lat' dir='ltr'><strong>pente</strong></span> <span class='ocrx_word' id='word_1_764' title='bbox 2334 3750 2481 3805; x_wconf 86' lang='lat' dir='ltr'><strong>velut</strong></span> <span class='ocrx_word' id='word_1_765' title='bbox 2502 3751 2723 3805; x_wconf 90' lang='lat' dir='ltr'><strong>inermis</strong></span> <span class='ocrx_word' id='word_1_766' title='bbox 2748 3750 3039 3806; x_wconf 88' lang='lat' dir='ltr'><strong>invenitur.</strong></span> <span class='ocrx_word' id='word_1_767' title='bbox 3094 3749 3260 3803; x_wconf 81' lang='lat' dir='ltr'><strong>Buxei</strong></span> <span class='ocrx_word' id='word_1_768' title='bbox 3287 3760 3501 3817; x_wconf 87' lang='lat' dir='ltr'><strong>quoque</strong></span> <span class='ocrx_word' id='word_1_769' title='bbox 3531 3747 3739 3803; x_wconf 90' lang='lat' dir='ltr'><strong>coloris</strong></span> 
     </span>
    </p>
   </div>
   <div class='ocr_carea' id='block_1_98' title="bbox 2148 3838 3739 3909">
    <p class='ocr_par' dir='ltr' id='par_1_98' title="bbox 2148 3838 3739 3909">
     <span class='ocr_line' id='line_1_98' title="bbox 2148 3838 3739 3909; baseline -0.004 -11"><span class='ocrx_word' id='word_1_770' title='bbox 2148 3858 2268 3898; x_wconf 89' lang='lat' dir='ltr'><strong>esse</strong></span> <span class='ocrx_word' id='word_1_771' title='bbox 2308 3840 2647 3896; x_wconf 89' lang='lat' dir='ltr'><strong>describitur.</strong></span> <span class='ocrx_word' id='word_1_772' title='bbox 2697 3840 2799 3907; x_wconf 87' lang='lat' dir='ltr'><strong>Qui</strong></span> <span class='ocrx_word' id='word_1_773' title='bbox 2827 3841 2989 3895; x_wconf 89' lang='lat' dir='ltr'><strong>etiam</strong></span> <span class='ocrx_word' id='word_1_774' title='bbox 3012 3854 3133 3895; x_wconf 91' lang='lat' dir='ltr'><strong>cum</strong></span> <span class='ocrx_word' id='word_1_775' title='bbox 3173 3838 3473 3909; x_wconf 88' lang='lat' dir='ltr'><strong>elephantis</strong></span> <span class='ocrx_word' id='word_1_776' title='bbox 3516 3840 3739 3909; x_wconf 90' lang='lat' dir='ltr'><strong>quando</strong></span> 
     </span>
    </p>
   </div>
   <div class='ocr_carea' id='block_1_99' title="bbox 2149 3929 3711 4002">
    <p class='ocr_par' dir='ltr' id='par_1_99' title="bbox 2149 3929 3711 4002">
     <span class='ocr_line' id='line_1_99' title="bbox 2149 3929 3711 4002; baseline -0.004 -15"><span class='ocrx_word' id='word_1_777' title='bbox 2149 3940 2421 3987; x_wconf 89' lang='lat' dir='ltr'><strong>certamen</strong></span> <span class='ocrx_word' id='word_1_778' title='bbox 2452 3931 2783 4002; x_wconf 88' lang='lat' dir='ltr'><strong>aggreditur,</strong></span> <span class='ocrx_word' id='word_1_779' title='bbox 2810 3946 2874 3986; x_wconf 92' lang='lat' dir='ltr'><strong>eo</strong></span> <span class='ocrx_word' id='word_1_780' title='bbox 2920 3946 3110 3995; x_wconf 91' lang='lat' dir='ltr'><strong>cornu,</strong></span> <span class='ocrx_word' id='word_1_781' title='bbox 3139 3930 3283 3999; x_wconf 90' lang='lat' dir='ltr'><strong>quod</strong></span> <span class='ocrx_word' id='word_1_782' title='bbox 3311 3929 3364 3983; x_wconf 91' lang='lat' dir='ltr'><strong>in</strong></span> <span class='ocrx_word' id='word_1_783' title='bbox 3397 3945 3529 3985; x_wconf 89' lang='lat' dir='ltr'><strong>nare</strong></span> <span class='ocrx_word' id='word_1_784' title='bbox 3552 3931 3711 3998; x_wconf 90' lang='lat' dir='ltr'><strong>singu</strong></span> 
     </span>
    </p>
   </div>
   <div class='ocr_carea' id='block_1_100' title="bbox 2148 4020 3739 4093">
    <p class='ocr_par' dir='ltr' id='par_1_100' title="bbox 2148 4020 3739 4093">
     <span class='ocr_line' id='line_1_100' title="bbox 2148 4020 3739 4093; baseline -0.001 -16"><span class='ocrx_word' id='word_1_785' title='bbox 2148 4023 2335 4077; x_wconf 88' lang='lat' dir='ltr'><strong>lariter</strong></span> <span class='ocrx_word' id='word_1_786' title='bbox 2360 4031 2555 4093; x_wconf 89' lang='lat' dir='ltr'><strong>gestat,</strong></span> <span class='ocrx_word' id='word_1_787' title='bbox 2600 4030 2842 4076; x_wconf 83' lang='lat' dir='ltr'><strong>ventrem</strong></span> <span class='ocrx_word' id='word_1_788' title='bbox 2869 4022 3267 4075; x_wconf 85' lang='lat' dir='ltr'><strong>adversantium</strong></span> <span class='ocrx_word' id='word_1_789' title='bbox 3299 4020 3463 4076; x_wconf 84' lang='lat' dir='ltr'><strong>ferire</strong></span> <span class='ocrx_word' id='word_1_790' title='bbox 3483 4022 3739 4091; x_wconf 86' lang='lat' dir='ltr'><strong>perhibe-</strong></span> 
     </span>
    </p>
   </div>
   <div class='ocr_carea' id='block_1_101' title="bbox 2148 4110 3733 4182">
    <p class='ocr_par' dir='ltr' id='par_1_101' title="bbox 2148 4110 3733 4182">
     <span class='ocr_line' id='line_1_101' title="bbox 2148 4110 3733 4182; baseline 0 -17"><span class='ocrx_word' id='word_1_791' title='bbox 2148 4120 2256 4179; x_wconf 91' lang='lat' dir='ltr'><strong>tur,</strong></span> <span class='ocrx_word' id='word_1_792' title='bbox 2291 4122 2351 4167; x_wconf 92' lang='lat' dir='ltr'><strong>ut</strong></span> <span class='ocrx_word' id='word_1_793' title='bbox 2376 4129 2498 4168; x_wconf 90' lang='lat' dir='ltr'><strong>cum</strong></span> <span class='ocrx_word' id='word_1_794' title='bbox 2525 4127 2610 4176; x_wconf 89' lang='lat' dir='ltr'><strong>ea,</strong></span> <span class='ocrx_word' id='word_1_795' title='bbox 2638 4128 2757 4180; x_wconf 65' lang='lat' dir='ltr'><strong>quae</strong></span> <span class='ocrx_word' id='word_1_796' title='bbox 2794 4110 3033 4165; x_wconf 87' lang='lat' dir='ltr'><strong>molliora</strong></span> <span class='ocrx_word' id='word_1_797' title='bbox 3061 4120 3188 4165; x_wconf 89' lang='lat' dir='ltr'><strong>sunt</strong></span> <span class='ocrx_word' id='word_1_798' title='bbox 3229 4111 3495 4175; x_wconf 88' lang='lat' dir='ltr'><strong>vulnerat,</strong></span> <span class='ocrx_word' id='word_1_799' title='bbox 3548 4112 3733 4182; x_wconf 82' lang='lat' dir='ltr'><strong>impu-</strong></span> 
     </span>
    </p>
   </div>
   <div class='ocr_carea' id='block_1_102' title="bbox 2147 4199 3734 4274">
    <p class='ocr_par' dir='ltr' id='par_1_102' title="bbox 2147 4199 3734 4274">
     <span class='ocr_line' id='line_1_102' title="bbox 2147 4199 3734 4274; baseline -0.003 -15"><span class='ocrx_word' id='word_1_800' title='bbox 2147 4213 2372 4274; x_wconf 87' lang='lat' dir='ltr'><strong>gnantes</strong></span> <span class='ocrx_word' id='word_1_801' title='bbox 2398 4219 2455 4259; x_wconf 89' lang='lat' dir='ltr'><strong>se</strong></span> <span class='ocrx_word' id='word_1_802' title='bbox 2492 4202 2647 4256; x_wconf 84' lang='lat' dir='ltr'><strong>facile</strong></span> <span class='ocrx_word' id='word_1_803' title='bbox 2676 4209 2897 4257; x_wconf 89' lang='lat' dir='ltr'><strong>sternat.</strong></span> <span class='ocrx_word' id='word_1_804' title='bbox 2930 4199 3113 4254; x_wconf 72' lang='lat' dir='ltr'><strong>Potest</strong></span> <span class='ocrx_word' id='word_1_805' title='bbox 3144 4214 3271 4269; x_wconf 90' lang='lat' dir='ltr'><strong>ergo</strong></span> <span class='ocrx_word' id='word_1_806' title='bbox 3308 4215 3405 4268; x_wconf 89' lang='lat' dir='ltr'><strong>per</strong></span> <span class='ocrx_word' id='word_1_807' title='bbox 3434 4201 3581 4254; x_wconf 90' lang='lat' dir='ltr'><strong>hunc</strong></span> <span class='ocrx_word' id='word_1_808' title='bbox 3615 4201 3734 4255; x_wconf 53' lang='lat' dir='ltr'><strong>rhi-</strong></span> 
     </span>
    </p>
   </div>
   <div class='ocr_carea' id='block_1_103' title="bbox 2147 4289 3733 4348">
    <p class='ocr_par' dir='ltr' id='par_1_103' title="bbox 2147 4289 3733 4348">
     <span class='ocr_line' id='line_1_103' title="bbox 2147 4289 3733 4348; baseline -0.003 0"><span class='ocrx_word' id='word_1_809' title='bbox 2147 4301 2452 4348; x_wconf 82' lang='lat' dir='ltr'><strong>nocerotem</strong></span> <span class='ocrx_word' id='word_1_810' title='bbox 2505 4291 2587 4346; x_wconf 88' lang='lat' dir='ltr'><strong>vel</strong></span> <span class='ocrx_word' id='word_1_811' title='bbox 2616 4297 3017 4347; x_wconf 89' lang='lat' dir='ltr'><strong>monocerotem</strong></span> <span class='ocrx_word' id='word_1_812' title='bbox 3064 4289 3268 4345; x_wconf 90' lang='lat' dir='ltr'><strong>scilicet</strong></span> <span class='ocrx_word' id='word_1_813' title='bbox 3293 4290 3610 4343; x_wconf 90' lang='lat' dir='ltr'><strong>unicornem</strong></span> <span class='ocrx_word' id='word_1_814' title='bbox 3637 4291 3733 4345; x_wconf 87' lang='lat' dir='ltr'><strong>ille</strong></span> 
     </span>
    </p>
   </div>
   <div class='ocr_carea' id='block_1_104' title="bbox 2146 4380 3733 4454">
    <p class='ocr_par' dir='ltr' id='par_1_104' title="bbox 2146 4380 3733 4454">
     <span class='ocr_line' id='line_1_104' title="bbox 2146 4380 3733 4454; baseline -0.002 -16"><span class='ocrx_word' id='word_1_815' title='bbox 2146 4384 2373 4454; x_wconf 89' lang='lat' dir='ltr'><strong>populus</strong></span> <span class='ocrx_word' id='word_1_816' title='bbox 2403 4382 2643 4453; x_wconf 87' lang='lat' dir='ltr'><strong>intelligi,</strong></span> <span class='ocrx_word' id='word_1_817' title='bbox 2670 4382 2759 4451; x_wconf 88' lang='lat' dir='ltr'><strong>qui</strong></span> <span class='ocrx_word' id='word_1_818' title='bbox 2787 4382 2910 4437; x_wconf 92' lang='lat' dir='ltr'><strong>dum</strong></span> <span class='ocrx_word' id='word_1_819' title='bbox 2946 4382 3011 4437; x_wconf 93' lang='lat' dir='ltr'><strong>de</strong></span> <span class='ocrx_word' id='word_1_820' title='bbox 3034 4390 3254 4451; x_wconf 89' lang='lat' dir='ltr'><strong>accepta</strong></span> <span class='ocrx_word' id='word_1_821' title='bbox 3285 4380 3402 4451; x_wconf 87' lang='lat' dir='ltr'><strong>lege</strong></span> <span class='ocrx_word' id='word_1_822' title='bbox 3428 4396 3537 4435; x_wconf 92' lang='lat' dir='ltr'><strong>non</strong></span> <span class='ocrx_word' id='word_1_823' title='bbox 3563 4394 3733 4450; x_wconf 87' lang='lat' dir='ltr'><strong>opera</strong></span> 
     </span>
    </p>
   </div>
   <div class='ocr_carea' id='block_1_105' title="bbox 2151 4472 3730 4542">
    <p class='ocr_par' dir='ltr' id='par_1_105' title="bbox 2151 4472 3730 4542">
     <span class='ocr_line' id='line_1_105' title="bbox 2151 4472 3730 4542; baseline -0.001 -13"><span class='ocrx_word' id='word_1_824' title='bbox 2151 4474 2245 4529; x_wconf 88' lang='lat' dir='ltr'><strong>sed</strong></span> <span class='ocrx_word' id='word_1_825' title='bbox 2270 4473 2435 4527; x_wconf 91' lang='lat' dir='ltr'><strong>solam</strong></span> <span class='ocrx_word' id='word_1_826' title='bbox 2462 4473 2600 4526; x_wconf 91' lang='lat' dir='ltr'><strong>inter</strong></span> <span class='ocrx_word' id='word_1_827' title='bbox 2625 4480 2848 4527; x_wconf 90' lang='lat' dir='ltr'><strong>cunctos</strong></span> <span class='ocrx_word' id='word_1_828' title='bbox 2874 4473 3120 4527; x_wconf 88' lang='lat' dir='ltr'><strong>homines</strong></span> <span class='ocrx_word' id='word_1_829' title='bbox 3157 4472 3444 4527; x_wconf 89' lang='lat' dir='ltr'><strong>elationem</strong></span> <span class='ocrx_word' id='word_1_830' title='bbox 3472 4473 3730 4542; x_wconf 85' lang='lat' dir='ltr'><strong>sumpsit,</strong></span> 
     </span>
    </p>
   </div>
   <div class='ocr_carea' id='block_1_106' title="bbox 2151 4548 3726 4632">
    <p class='ocr_par' dir='ltr' id='par_1_106' title="bbox 2151 4548 3726 4632">
     <span class='ocr_line' id='line_1_106' title="bbox 2151 4548 3726 4632; baseline -0.001 -15"><span class='ocrx_word' id='word_1_831' title='bbox 2151 4563 2304 4632; x_wconf 90' lang='lat' dir='ltr'><strong>quasi</strong></span> <span class='ocrx_word' id='word_1_832' title='bbox 2334 4548 2471 4617; x_wconf 89' lang='lat' dir='ltr'><strong>inter</strong></span> <span class='ocrx_word' id='word_1_833' title='bbox 2500 4568 2720 4615; x_wconf 66' lang='lat' dir='ltr'><strong>caeteras</strong></span> <span class='ocrx_word' id='word_1_834' title='bbox 2749 4562 2951 4616; x_wconf 86' lang='lat' dir='ltr'><strong>bestias</strong></span> <span class='ocrx_word' id='word_1_835' title='bbox 2975 4577 3141 4617; x_wconf 91' lang='lat' dir='ltr'><strong>cornu</strong></span> <span class='ocrx_word' id='word_1_836' title='bbox 3172 4561 3440 4632; x_wconf 88' lang='lat' dir='ltr'><strong>singulare</strong></span> <span class='ocrx_word' id='word_1_837' title='bbox 3470 4562 3726 4632; x_wconf 88' lang='lat' dir='ltr'><strong>gestavit.</strong></span> 
     </span>
    </p>
   </div>
   <div class='ocr_carea' id='block_1_107' title="bbox 2152 4650 3725 4721">
    <p class='ocr_par' dir='ltr' id='par_1_107' title="bbox 2152 4650 3725 4721">
     <span class='ocr_line' id='line_1_107' title="bbox 2152 4650 3725 4721; baseline -0.002 -13"><span class='ocrx_word' id='word_1_838' title='bbox 2152 4652 2305 4708; x_wconf 89' lang='lat' dir='ltr'><strong>Unde</strong></span> <span class='ocrx_word' id='word_1_839' title='bbox 2328 4652 2630 4721; x_wconf 88' lang='lat' dir='ltr'><strong>passionem</strong></span> <span class='ocrx_word' id='word_1_840' title='bbox 2658 4666 2811 4705; x_wconf 92' lang='lat' dir='ltr'><strong>suam</strong></span> <span class='ocrx_word' id='word_1_841' title='bbox 2842 4650 3128 4717; x_wconf 90' lang='lat' dir='ltr'><strong>Dominus,</strong></span> <span class='ocrx_word' id='word_1_842' title='bbox 3179 4650 3447 4720; x_wconf 89' lang='lat' dir='ltr'><strong>Propheta</strong></span> <span class='ocrx_word' id='word_1_843' title='bbox 3473 4662 3725 4717; x_wconf 86' lang='lat' dir='ltr'><strong>canente,</strong></span> 
     </span>
    </p>
   </div>
   <div class='ocr_carea' id='block_1_108' title="bbox 2150 4734 3724 4813">
    <p class='ocr_par' dir='ltr' id='par_1_108' title="bbox 2150 4734 3724 4813">
     <span class='ocr_line' id='line_1_108' title="bbox 2150 4734 3724 4813; baseline -0.001 -16"><span class='ocrx_word' id='word_1_844' title='bbox 2150 4744 2502 4813; x_wconf 88' lang='lat' dir='ltr'><strong>pronuntians</strong></span> <span class='ocrx_word' id='word_1_845' title='bbox 2537 4744 2649 4797; x_wconf 90' lang='lat' dir='ltr'><strong>ait:</strong></span> <span class='ocrx_word' id='word_1_846' title='bbox 2698 4742 2885 4796; x_wconf 84' lang='lat' dir='ltr'><strong>Libera</strong></span> <span class='ocrx_word' id='word_1_847' title='bbox 2914 4759 2993 4796; x_wconf 89' lang='lat' dir='ltr'><strong>me</strong></span> <span class='ocrx_word' id='word_1_848' title='bbox 3023 4742 3086 4797; x_wconf 87' lang='lat' dir='ltr'><strong>de</strong></span> <span class='ocrx_word' id='word_1_849' title='bbox 3112 4758 3199 4797; x_wconf 89' lang='lat' dir='ltr'><strong>ore</strong></span> <span class='ocrx_word' id='word_1_850' title='bbox 3236 4743 3428 4807; x_wconf 88' lang='lat' dir='ltr'><strong>leonis,</strong></span> <span class='ocrx_word' id='word_1_851' title='bbox 3460 4751 3507 4795; x_wconf 88' lang='lat' dir='ltr'><strong>et</strong></span> <span class='ocrx_word' id='word_1_852' title='bbox 3534 4760 3566 4796; x_wconf 93' lang='grc' dir='ltr'><strong>α</strong></span> <span class='ocrx_word' id='word_1_853' title='bbox 3610 4734 3724 4796; x_wconf 72' lang='grc' dir='ltr'><em>ἑαν-</em></span> 
     </span>
    </p>
   </div>
   <div class='ocr_carea' id='block_1_109' title="bbox 2154 4829 3727 4903">
    <p class='ocr_par' dir='ltr' id='par_1_109' title="bbox 2154 4829 3727 4903">
     <span class='ocr_line' id='line_1_109' title="bbox 2154 4829 3727 4903; baseline -0.001 -14"><span class='ocrx_word' id='word_1_854' title='bbox 2154 4835 2301 4889; x_wconf 87' lang='lat' dir='ltr'><strong>nibus</strong></span> <span class='ocrx_word' id='word_1_855' title='bbox 2324 4836 2652 4888; x_wconf 89' lang='lat' dir='ltr'><strong>unicornium</strong></span> <span class='ocrx_word' id='word_1_856' title='bbox 2682 4832 3025 4887; x_wconf 84' lang='lat' dir='ltr'><strong>humilitatem</strong></span> <span class='ocrx_word' id='word_1_857' title='bbox 3055 4849 3221 4886; x_wconf 86' lang='lat' dir='ltr'><strong>meam</strong></span> <span class='ocrx_word' id='word_1_858' title='bbox 3255 4829 3426 4902; x_wconf 84' lang='lat' dir='ltr'><strong>(Psal.</strong></span> <span class='ocrx_word' id='word_1_859' title='bbox 3454 4830 3593 4903; x_wconf 74' lang='lat' dir='ltr'><strong>XXI).</strong></span> <span class='ocrx_word' id='word_1_860' title='bbox 3622 4832 3727 4888; x_wconf 82' lang='lat' dir='ltr'><strong>Tot</strong></span> 
     </span>
    </p>
   </div>
   <div class='ocr_carea' id='block_1_110' title="bbox 2152 4923 3725 4997">
    <p class='ocr_par' dir='ltr' id='par_1_110' title="bbox 2152 4923 3725 4997">
     <span class='ocr_line' id='line_1_110' title="bbox 2152 4923 3725 4997; baseline 0.001 -19"><span class='ocrx_word' id='word_1_861' title='bbox 2152 4927 2347 4997; x_wconf 87' lang='lat' dir='ltr'><strong>quippe</strong></span> <span class='ocrx_word' id='word_1_862' title='bbox 2393 4926 2447 4979; x_wconf 92' lang='lat' dir='ltr'><strong>in</strong></span> <span class='ocrx_word' id='word_1_863' title='bbox 2493 4926 2579 4980; x_wconf 91' lang='lat' dir='ltr'><strong>illa</strong></span> <span class='ocrx_word' id='word_1_864' title='bbox 2606 4934 2763 4995; x_wconf 89' lang='lat' dir='ltr'><strong>gente</strong></span> <span class='ocrx_word' id='word_1_865' title='bbox 2794 4924 3077 4979; x_wconf 86' lang='lat' dir='ltr'><strong>unicornes</strong></span> <span class='ocrx_word' id='word_1_866' title='bbox 3114 4923 3198 4977; x_wconf 90' lang='lat' dir='ltr'><strong>vel</strong></span> <span class='ocrx_word' id='word_1_867' title='bbox 3235 4930 3381 4977; x_wconf 86' lang='lat' dir='ltr'><strong>certe</strong></span> <span class='ocrx_word' id='word_1_868' title='bbox 3410 4923 3725 4979; x_wconf 84' lang='lat' dir='ltr'><strong>rhinocero-</strong></span> 
     </span>
    </p>
   </div>
   <div class='ocr_carea' id='block_1_111' title="bbox 2152 5014 3725 5086">
    <p class='ocr_par' dir='ltr' id='par_1_111' title="bbox 2152 5014 3725 5086">
     <span class='ocr_line' id='line_1_111' title="bbox 2152 5014 3725 5086; baseline -0.001 -15"><span class='ocrx_word' id='word_1_869' title='bbox 2152 5026 2235 5071; x_wconf 88' lang='lat' dir='ltr'><strong>tes</strong></span> <span class='ocrx_word' id='word_1_870' title='bbox 2262 5017 2604 5082; x_wconf 83' lang='lat' dir='ltr'><strong>exstiterunt,</strong></span> <span class='ocrx_word' id='word_1_871' title='bbox 2634 5025 2764 5086; x_wconf 88' lang='lat' dir='ltr'><strong>quot</strong></span> <span class='ocrx_word' id='word_1_872' title='bbox 2802 5025 2988 5069; x_wconf 87' lang='lat' dir='ltr'><strong>contra</strong></span> <span class='ocrx_word' id='word_1_873' title='bbox 3033 5014 3450 5083; x_wconf 86' lang='lat' dir='ltr'><strong>praedicamenta</strong></span> <span class='ocrx_word' id='word_1_874' title='bbox 3475 5015 3725 5070; x_wconf 89' lang='lat' dir='ltr'><strong>veritatis</strong></span> 
     </span>
    </p>
   </div>
   <div class='ocr_carea' id='block_1_112' title="bbox 2150 5099 3724 5180">
    <p class='ocr_par' dir='ltr' id='par_1_112' title="bbox 2150 5099 3724 5180">
     <span class='ocr_line' id='line_1_112' title="bbox 2150 5099 3724 5180; baseline -0.004 -16"><span class='ocrx_word' id='word_1_875' title='bbox 2150 5110 2215 5164; x_wconf 93' lang='lat' dir='ltr'><strong>de</strong></span> <span class='ocrx_word' id='word_1_876' title='bbox 2237 5109 2367 5180; x_wconf 90' lang='lat' dir='ltr'><strong>legis</strong></span> <span class='ocrx_word' id='word_1_877' title='bbox 2410 5109 2659 5179; x_wconf 82' lang='lat' dir='ltr'><strong>Operibus</strong></span> <span class='ocrx_word' id='word_1_878' title='bbox 2688 5105 2944 5177; x_wconf 89' lang='lat' dir='ltr'><strong>singulari</strong></span> <span class='ocrx_word' id='word_1_879' title='bbox 2978 5115 3033 5160; x_wconf 85' lang='lat' dir='ltr'><strong>et</strong></span> <span class='ocrx_word' id='word_1_880' title='bbox 3078 5099 3222 5159; x_wconf 79' lang='lat' dir='ltr'><strong>fatua</strong></span> <span class='ocrx_word' id='word_1_881' title='bbox 3269 5102 3502 5160; x_wconf 85' lang='lat' dir='ltr'><strong>elatione</strong></span> <span class='ocrx_word' id='word_1_882' title='bbox 3533 5102 3724 5159; x_wconf 85' lang='lat' dir='ltr'><strong>conﬁsi</strong></span> 
     </span>
    </p>
   </div>
   <div class='ocr_carea' id='block_1_113' title="bbox 2146 5193 3722 5268">
    <p class='ocr_par' dir='ltr' id='par_1_113' title="bbox 2146 5193 3722 5268">
     <span class='ocr_line' id='line_1_113' title="bbox 2146 5193 3722 5268; baseline -0.003 -15"><span class='ocrx_word' id='word_1_883' title='bbox 2146 5210 2289 5254; x_wconf 87' lang='lat' dir='ltr'><strong>sunt.</strong></span> <span class='ocrx_word' id='word_1_884' title='bbox 2318 5198 2483 5253; x_wconf 87' lang='lat' dir='ltr'><strong>Beato</strong></span> <span class='ocrx_word' id='word_1_885' title='bbox 2505 5198 2665 5268; x_wconf 88' lang='lat' dir='ltr'><strong>igitur</strong></span> <span class='ocrx_word' id='word_1_886' title='bbox 2683 5196 2782 5252; x_wconf 87' lang='lat' dir='ltr'><strong>Job</strong></span> <span class='ocrx_word' id='word_1_887' title='bbox 2810 5204 3009 5250; x_wconf 70' lang='lat' dir='ltr'><strong>sancta:</strong></span> <span class='ocrx_word' id='word_1_888' title='bbox 3029 5194 3281 5251; x_wconf 64' lang='lat' dir='ltr'><strong>Ecclesia:</strong></span> <span class='ocrx_word' id='word_1_889' title='bbox 3308 5202 3491 5263; x_wconf 88' lang='lat' dir='ltr'><strong>typum</strong></span> <span class='ocrx_word' id='word_1_890' title='bbox 3517 5193 3722 5248; x_wconf 86' lang='lat' dir='ltr'><strong>tenenti</strong></span> 
     </span>
    </p>
   </div>
   <div class='ocr_carea' id='block_1_114' title="bbox 2148 5280 3716 5357">
    <p class='ocr_par' dir='ltr' id='par_1_114' title="bbox 2148 5280 3716 5357">
     <span class='ocr_line' id='line_1_114' title="bbox 2148 5280 3716 5357; baseline -0.004 -13"><span class='ocrx_word' id='word_1_891' title='bbox 2148 5291 2375 5345; x_wconf 88' lang='lat' dir='ltr'><strong>dicitur:</strong></span> <span class='ocrx_word' id='word_1_892' title='bbox 2427 5287 2678 5357; x_wconf 84' lang='lat' dir='ltr'><strong>Nunquid</strong></span> <span class='ocrx_word' id='word_1_893' title='bbox 2711 5285 2837 5339; x_wconf 84' lang='lat' dir='ltr'><strong>volet</strong></span> <span class='ocrx_word' id='word_1_894' title='bbox 2866 5286 3162 5339; x_wconf 79' lang='lat' dir='ltr'><strong>rltinoceros</strong></span> <span class='ocrx_word' id='word_1_895' title='bbox 3189 5284 3377 5337; x_wconf 80' lang='lat' dir='ltr'><strong>servire</strong></span> <span class='ocrx_word' id='word_1_896' title='bbox 3404 5281 3497 5335; x_wconf 89' lang='lat' dir='ltr'><strong>tibi</strong></span> <span class='ocrx_word' id='word_1_897' title='bbox 3526 5282 3552 5335; x_wconf 75' lang='lat'><em>?</em></span> <span class='ocrx_word' id='word_1_898' title='bbox 3575 5280 3716 5353; x_wconf 76' lang='lat' dir='ltr'><strong>(Job.</strong></span> 
     </span>
    </p>
   </div>
   <div class='ocr_carea' id='block_1_115' title="bbox 2146 5369 3719 5450">
    <p class='ocr_par' dir='ltr' id='par_1_115' title="bbox 2146 5369 3719 5450">
     <span class='ocr_line' id='line_1_115' title="bbox 2146 5369 3719 5450; baseline -0.006 -17"><span class='ocrx_word' id='word_1_899' title='bbox 2146 5378 2358 5450; x_wconf 74' lang='lat' dir='ltr'><strong>xxxrx.)</strong></span> <span class='ocrx_word' id='word_1_900' title='bbox 2394 5383 2470 5432; x_wconf 87' lang='lat' dir='ltr'><strong>Ac</strong></span> <span class='ocrx_word' id='word_1_901' title='bbox 2513 5378 2557 5432; x_wconf 91' lang='lat' dir='ltr'><strong>si</strong></span> <span class='ocrx_word' id='word_1_902' title='bbox 2603 5377 2841 5445; x_wconf 88' lang='lat' dir='ltr'><strong>apertius</strong></span> <span class='ocrx_word' id='word_1_903' title='bbox 2869 5374 3077 5430; x_wconf 89' lang='lat' dir='ltr'><strong>dicatur</strong></span> <span class='ocrx_word' id='word_1_904' title='bbox 3108 5392 3120 5426; x_wconf 89' lang='lat'><strong>:</strong></span> <span class='ocrx_word' id='word_1_905' title='bbox 3153 5370 3404 5438; x_wconf 86' lang='lat' dir='ltr'><strong>Nunquid</strong></span> <span class='ocrx_word' id='word_1_906' title='bbox 3434 5369 3586 5425; x_wconf 88' lang='lat' dir='ltr'><strong>illum</strong></span> <span class='ocrx_word' id='word_1_907' title='bbox 3618 5387 3719 5442; x_wconf 62' lang='lat' dir='ltr'><strong>po-</strong></span> 
     </span>
    </p>
   </div>
   <div class='ocr_carea' id='block_1_116' title="bbox 2145 5459 3717 5541">
    <p class='ocr_par' dir='ltr' id='par_1_116' title="bbox 2145 5459 3717 5541">
     <span class='ocr_line' id='line_1_116' title="bbox 2145 5459 3717 5541; baseline -0.006 -16"><span class='ocrx_word' id='word_1_908' title='bbox 2145 5472 2345 5541; x_wconf 90' lang='lat' dir='ltr'><strong>pulum,</strong></span> <span class='ocrx_word' id='word_1_909' title='bbox 2373 5484 2530 5538; x_wconf 91' lang='lat' dir='ltr'><strong>quem</strong></span> <span class='ocrx_word' id='word_1_910' title='bbox 2568 5468 2846 5537; x_wconf 89' lang='lat' dir='ltr'><strong>superbire</strong></span> <span class='ocrx_word' id='word_1_911' title='bbox 2876 5467 2927 5519; x_wconf 89' lang='lat' dir='ltr'><strong>in</strong></span> <span class='ocrx_word' id='word_1_912' title='bbox 2979 5478 3109 5518; x_wconf 88' lang='lat' dir='ltr'><strong>nece</strong></span> <span class='ocrx_word' id='word_1_913' title='bbox 3140 5461 3375 5514; x_wconf 85' lang='lat' dir='ltr'><strong>ﬁdelium</strong></span> <span class='ocrx_word' id='word_1_914' title='bbox 3421 5459 3583 5513; x_wconf 88' lang='lat' dir='ltr'><strong>stulta</strong></span> <span class='ocrx_word' id='word_1_915' title='bbox 3620 5476 3717 5515; x_wconf 90' lang='lat' dir='ltr'><strong>sua</strong></span> 
     </span>
    </p>
   </div>
   <div class='ocr_carea' id='block_1_117' title="bbox 2146 5548 3720 5626">
    <p class='ocr_par' dir='ltr' id='par_1_117' title="bbox 2146 5548 3720 5626">
     <span class='ocr_line' id='line_1_117' title="bbox 2146 5548 3720 5626; baseline -0.006 -11"><span class='ocrx_word' id='word_1_916' title='bbox 2146 5561 2373 5615; x_wconf 82' lang='lat' dir='ltr'><strong>elatione</strong></span> <span class='ocrx_word' id='word_1_917' title='bbox 2402 5558 2734 5621; x_wconf 86' lang='lat' dir='ltr'><strong>consideras,</strong></span> <span class='ocrx_word' id='word_1_918' title='bbox 2768 5557 2867 5611; x_wconf 91' lang='lat' dir='ltr'><strong>sub</strong></span> <span class='ocrx_word' id='word_1_919' title='bbox 2882 5556 3003 5626; x_wconf 89' lang='lat' dir='ltr'><strong>jure</strong></span> <span class='ocrx_word' id='word_1_920' title='bbox 3028 5548 3132 5607; x_wconf 69' lang='lat' dir='ltr'><strong>tuaa&#39;</strong></span> <span class='ocrx_word' id='word_1_921' title='bbox 3149 5550 3549 5622; x_wconf 84' lang='lat' dir='ltr'><strong>praedicationls</strong></span> <span class='ocrx_word' id='word_1_922' title='bbox 3568 5550 3720 5606; x_wconf 87' lang='lat' dir='ltr'><strong>incli-</strong></span> 
     </span>
    </p>
   </div>
   <div class='ocr_carea' id='block_1_118' title="bbox 2146 5642 3717 5720">
    <p class='ocr_par' dir='ltr' id='par_1_118' title="bbox 2146 5642 3717 5720">
     <span class='ocr_line' id='line_1_118' title="bbox 2146 5642 3717 5720; baseline -0.008 -11"><span class='ocrx_word' id='word_1_923' title='bbox 2146 5654 2279 5710; x_wconf 86' lang='lat' dir='ltr'><strong>nas?</strong></span> <span class='ocrx_word' id='word_1_924' title='bbox 2300 5650 2572 5716; x_wconf 88' lang='lat' dir='ltr'><strong>subaudis,</strong></span> <span class='ocrx_word' id='word_1_925' title='bbox 2595 5657 2653 5703; x_wconf 88' lang='lat' dir='ltr'><strong>ut</strong></span> <span class='ocrx_word' id='word_1_926' title='bbox 2673 5664 2793 5720; x_wconf 87' lang='lat' dir='ltr'><strong>ego,</strong></span> <span class='ocrx_word' id='word_1_927' title='bbox 2817 5648 2907 5718; x_wconf 88' lang='lat' dir='ltr'><strong>qui</strong></span> <span class='ocrx_word' id='word_1_928' title='bbox 2938 5654 2991 5702; x_wconf 88' lang='lat' dir='ltr'><strong>et</strong></span> <span class='ocrx_word' id='word_1_929' title='bbox 3018 5653 3206 5701; x_wconf 87' lang='lat' dir='ltr'><strong>contra</strong></span> <span class='ocrx_word' id='word_1_930' title='bbox 3247 5658 3333 5700; x_wconf 90' lang='lat' dir='ltr'><strong>me</strong></span> <span class='ocrx_word' id='word_1_931' title='bbox 3361 5643 3514 5699; x_wconf 90' lang='lat' dir='ltr'><strong>illum</strong></span> <span class='ocrx_word' id='word_1_932' title='bbox 3534 5642 3717 5716; x_wconf 79' lang='lat' dir='ltr'><strong>singu-</strong></span> 
     </span>
    </p>
   </div>
  </div>
