3930 6380
1189 359 1273 416 DE
1313 361 1656 418 UNIVERSO
1696 361 1871 417 LIBRI
1913 363 2071 421 XXII.
2114 397 2186 408 -
2222 367 2348 423 LIB.
2390 368 2522 426 VIII.

216 464 316 554 tari
341 478 518 519 cornu
543 463 739 520 extolli
781 465 1078 538 conspicio,
1104 474 1158 523 et
1188 476 1366 523 tamen
1395 471 1547 538 mihi,
1574 486 1699 526 cum
1722 488 1816 525 vr»-
1840 474 1893 535 Α
1916 477 2104 547 gignit.
2151 478 2383 550 Elephas
2404 490 2580 536 autem
2609 481 2876 554 signiﬁcat
2900 486 3237 552 peccatorem
3286 481 3477 538 imma-

213 548 388 621 luero,
414 554 675 626 protinus
694 555 884 613 subdo.
908 557 1325 614 Rhinocerotem
1347 575 1475 631 ergo
1496 560 1662 617 Paulo
1675 561 1813 633 Apo-

213 645 353 705 stolo
396 660 502 715 per
546 646 958 705 similitudinem
1001 664 1315 720 comparare
1356 666 1673 722 possumus,
1718 653 1811 723 qui

210 736 364 813 prius
376 745 705 806 persecutor
714 746 769 794 et
782 738 1127 809 blasphemus
1138 742 1363 807 exstitit,
1377 743 1516 798 sicut
1529 742 1595 798 de
1606 756 1671 798 eo
1685 745 1812 800 scri-

212 835 365 897 ptum
386 835 516 883 est:
551 826 753 886 Saulus
774 829 946 885 adhuc
976 830 1180 902 spirans
1212 832 1475 886 minarum
1501 841 1550 886 et
1580 833 1735 887 credis
1753 834 1811 888 in

213 919 510 990 discipulos
534 920 774 989 Domini,
796 921 1013 977 accessit
1053 921 1122 975 ad
1148 923 1430 992 principem
1459 922 1807 989 sacerdotum,

210 1019 258 1066 et
286 1011 438 1080 petiit
468 1011 541 1066 ab
561 1028 625 1067 eo
664 1011 907 1084 epistolas
941 1012 997 1065 in
1035 1010 1352 1067 Damascum
1376 1012 1446 1066 ad
1479 1028 1767 1084 synagogas
1788 1028 1808 1067 :

210 1110 268 1155 ut
290 1104 337 1157 si
354 1119 491 1174 quos
514 1104 797 1159 invenisset
823 1104 982 1175 hujus
1004 1105 1121 1159 vita
1157 1105 1289 1160 viros
1312 1121 1374 1158 ac
1396 1104 1635 1160 mulieres
1652 1145 1667 1169 ,
1693 1105 1807 1160 vin-

209 1203 318 1250 ctos
366 1197 685 1271 perduceret
731 1196 786 1250 in
825 1196 1119 1251 Jerusalem
1157 1195 1295 1267 (Act.
1330 1195 1429 1267 1x).
1458 1195 1562 1263 Qui
1618 1196 1810 1252 divinat

209 1283 347 1356 legis
405 1286 725 1342 eruditione
772 1286 1026 1358 praeditus
1084 1287 1210 1342 dum
1258 1285 1487 1341 aliorum
1519 1286 1808 1357 ingluviem

210 1376 516 1447 redarguit,
546 1391 720 1434 cornu
750 1376 1049 1446 elephantis
1080 1377 1135 1431 in
1156 1385 1399 1433 ventrem
1430 1376 1573 1433 ferit.
1597 1377 1657 1431 ln
1683 1394 1812 1433 ven-

210 1472 349 1520 trem
401 1467 616 1538 quippe
643 1466 956 1536 elephantos
985 1460 1359 1535 percusserat,
1404 1481 1526 1520 cum
1556 1465 1768 1522 dicebat
1793 1484 1807 1521 :

213 1556 269 1611 ll
274 1558 371 1611 ulti
400 1557 706 1622 ambulant,
720 1574 848 1627 quos
870 1573 1006 1627 saepe
1032 1556 1264 1610 dicebam
1292 1556 1453 1621 vobis,
1473 1572 1609 1610 nunc
1637 1564 1808 1609 autem

209 1654 257 1699 et
283 1646 417 1715 flens
442 1646 571 1701 dico
590 1686 608 1712 ,
634 1645 869 1699 inimicos
898 1645 1067 1699 crucis
1094 1644 1318 1711 Christi,
1343 1660 1565 1715 quorum
1585 1644 1706 1714 finis
1727 1646 1809 1697 in-

209 1737 420 1803 teritus,
448 1753 683 1807 quorum
704 1737 830 1792 deus
859 1746 1031 1793 uenter
1056 1746 1151 1802 est,
1177 1745 1226 1790 et
1245 1735 1411 1807 gloria
1438 1736 1491 1790 in
1511 1736 1811 1807 confusione

210 1827 446 1897 ipsorum
476 1825 656 1898 (Phil.
706 1826 807 1899 ιιι).
838 1827 906 1881 Ει
951 1842 1166 1882 rursum
1193 1845 1205 1881 :
1234 1825 1576 1897 Hujusmodi,
1612 1827 1803 1896 inquit,
1834 1814 1881 1873 Β

214 1912 422 1972 Christo
446 1918 684 1973 Domino
714 1935 817 1973 non
851 1920 1100 1983 serviunt,
1148 1933 1236 1973 sea
1275 1934 1368 1972 suo
1400 1918 1565 1971 ventri
1596 1916 1804 1989 (Μαι).

212 2005 394 2062 Cornu
422 2023 525 2062 suo
556 2007 724 2077 igitur
753 2008 1067 2061 rhinoceros
1115 2006 1218 2059 iste
1258 2021 1365 2060 non
1405 2004 1521 2073 jam
1543 2006 1806 2069 homines,

213 2095 307 2152 sed
354 2095 574 2151 bestias
626 2096 882 2165 percutit,
938 2094 1155 2164 quando
1184 2092 1272 2148 illo
1317 2093 1515 2147 Paulus
1554 2092 1811 2147 doctrinae

214 2199 322 2240 sum
368 2183 697 2239 fortitudine
722 2199 1062 2253 nequaquam
1088 2182 1431 2253 perimendos
1458 2181 1689 2235 humiles
1711 2181 1811 2233 im-

214 2275 366 2346 petit,
425 2275 525 2330 sed
585 2276 845 2344 superbos
891 2273 1097 2328 ventris
1140 2272 1374 2327 cultores
1429 2271 1642 2326 occidit.
1682 2269 1810 2335 Quae

215 2376 342 2433 ergo
378 2363 433 2417 in
466 2364 645 2418 Paulo
668 2364 868 2431 scripta
900 2358 1267 2433 cognovimus,
1298 2375 1569 2430 superem,
1592 2368 1652 2416 ut
1671 2360 1810 2415 facta

216 2460 269 2506 et
304 2452 358 2505 in
409 2451 539 2506 aliis
591 2452 893 2506 credamus.
933 2450 1085 2503 Multi
1132 2450 1329 2519 quippe
1376 2449 1443 2502 ad
1494 2448 1811 2502 humilitatis

216 2544 450 2613 gratiam
494 2558 572 2597 ex
600 2542 741 2596 illius
766 2542 945 2613 populi
980 2541 1210 2597 elatione
1234 2540 1479 2595 conversi
1510 2548 1653 2603 sunt,
1681 2554 1811 2609 quo-

216 2647 336 2686 rum
381 2632 656 2687 saevitiam
686 2632 945 2686 Dominus
982 2633 1108 2687 dum
1142 2632 1242 2685 sub
1282 2631 1411 2701 jugo
1454 2630 1700 2698 inspirati
1745 2629 1814 2682 ti-

219 2720 385 2775 moris
414 2721 687 2784 edomuit,
722 2720 978 2774 nimirum
1011 2719 1368 2774 rhinocerotis
1394 2719 1496 2773 sibi
1542 2717 1812 2772 fortitudi-

220 2825 343 2865 nem
392 2810 638 2882 subegit.
691 2810 1027 2865 Rhinoceros
1057 2810 1305 2865 Christus
1350 2809 1610 2865 Dominus
1637 2814 1815 2878 potest

222 2900 444 2971 intelligi
470 2908 700 2972 propter
725 2900 981 2955 invictam
1014 2899 1411 2963 fortitudinem,
1438 2906 1499 2951 ut
1526 2897 1579 2951 in
1611 2897 1809 2950 Dente-

224 2990 467 3045 ronomio
523 3008 539 3044 :
597 2989 760 3058 Cujus
814 2989 1064 3058 fortitudo
1113 2990 1297 3042 similis
1351 2996 1425 3041 est
1478 2986 1813 3039 rhinocerotis

225 3074 399 3147 (Deut.
447 3076 676 3145 xxxm).
706 3077 1054 3141 Rhinoceros,
1084 3084 1143 3130 ut
1165 3091 1325 3145 supra
1354 3074 1606 3139 diximus,
1653 3073 1817 3127 fortes

225 3178 436 3233 quoque
463 3165 586 3217 sive
607 3172 899 3232 potestates
925 3164 1106 3218 saeculi
1127 3162 1286 3231 hujus
1315 3164 1368 3217 in
1386 3161 1486 3217 Job
1515 3180 1527 3216 :
1559 3161 1811 3233 Nunquid
1840 3147 1884 3209 C

223 3253 352 3309 volet
397 3254 707 3308 rhinoceros
753 3256 943 3308 servire
974 3254 1104 3307 tibi?
1149 3253 1289 3325 (Job.
1322 3254 1533 3326 χχχιιι.)
1566 3253 1813 3308 Monoec—

227 3359 332 3409 ros,
367 3344 473 3398 hoc
517 3353 630 3407 est,
660 3344 957 3406 unicornis,
984 3342 1229 3398 Christus
1254 3349 1355 3408 est,
1384 3349 1443 3395 ut
1470 3343 1522 3395 in
1559 3340 1765 3410 psalmo
1795 3358 1807 3393 :

230 3434 293 3488 Et
320 3434 550 3488 dilectus
594 3435 727 3487 sicut
758 3432 900 3502 ﬁlius
934 3434 1262 3485 unicornium
1288 3431 1459 3503 (Psal.
1504 3431 1721 3501 xxvm),
1756 3429 1812 3484 id

229 3532 330 3589 est,
356 3524 656 3595 singularis
681 3523 952 3593 potentia},
979 3530 1033 3577 et
1049 3538 1212 3577 unum
1239 3526 1807 3592 sanctorumjregnum.

230 3615 517 3672 Unicornis
550 3616 765 3685 superbi
807 3615 891 3670 vel
915 3630 1081 3670 unum
1110 3614 1369 3669 habentes
1410 3621 1811 3678 testamentum,

231 3716 285 3761 ut
326 3708 380 3761 in
408 3707 624 3777 psalmo
648 3722 661 3761 :
690 3706 758 3760 Et
789 3726 820 3760 α
848 3707 1090 3761 cornibus
1116 3706 1445 3760 unicornium
1469 3704 1814 3759 humilitatem

232 3812 395 3867 meam
433 3794 615 3867 (Psal.
647 3796 783 3867 ut).
808 3796 1156 3866 Elephantem
1180 3794 1353 3850 Graeci
1393 3812 1421 3848 a
1448 3794 1814 3864 magnitudine

233 3886 470 3956 corporis
537 3894 788 3942 vocatum
854 3894 1080 3957 putant,
1130 3885 1271 3954 quod
1330 3884 1559 3938 formam
1617 3881 1813 3934 montis

232 3978 489 4049 proferat.
504 3978 696 4033 Graece
709 3994 775 4033 en
792 3979 1025 4033 immons
1045 3975 1229 4046 lophos
1245 3974 1459 4029 dicitur.
1488 3972 1640 4041 Apud
1656 3970 1812 4025 Indos

233 4077 408 4122 autem
435 4084 467 4122 a
497 4083 633 4122 voce
660 4068 844 4121 burrus
869 4075 1111 4121 vocatur.
1142 4063 1293 4119 Unde
1327 4070 1382 4117 et
1411 4078 1516 4117 vox
1546 4059 1663 4128 ejus
1690 4060 1813 4113 bar-

236 4157 366 4212 ritus
390 4197 407 4223 ,
465 4166 523 4213 et
572 4158 759 4212 dentes
799 4158 951 4212 ebur.
996 4156 1249 4209 Rostrum
1297 4162 1475 4207 autem
1514 4150 1815 4220 promuscis

235 4248 446 4314 dicitur,
494 4248 754 4317 quoniam
800 4246 891 4300 illo
926 4244 1182 4315 pabulum
1226 4244 1306 4297 ori
1338 4244 1607 4304 admovet,
1640 4248 1693 4293 et
1731 4245 1814 4292 est

237 4341 393 4412 angui
426 4338 624 4394 similis
658 4336 798 4391 vallo
822 4336 1062 4390 munitus
1085 4334 1343 4388 eburneo.
1392 4332 1456 4385 Ili
1484 4332 1646 4385 boves
1667 4329 1811 4381 lucas

236 4435 359 4491 dicti
414 4435 485 4489 ab
547 4431 781 4500 antiquis
832 4428 1089 4482 Romanis
1143 4446 1155 4479 :
1204 4428 1384 4488 boves,
1438 4423 1561 4492 quia
1609 4419 1809 4473 nullum

237 4526 430 4579 animal
477 4522 741 4595 grandius
769 4520 1024 4573 videbant
1056 4534 1069 4572 :
1105 4518 1275 4583 lucas,
1309 4516 1433 4586 quia
1487 4514 1539 4567 in
1572 4512 1812 4565 Lucania

236 4617 351 4672 illos
401 4615 611 4687 primos
656 4612 896 4683 Pyrrhus
950 4611 1005 4664 in
1060 4608 1242 4680 praelio
1288 4606 1488 4676 objecit
1531 4602 1809 4657 Romanis.

239 4709 501 4764 Namhoc
548 4721 717 4779 genus
764 4704 1054 4759 animantis
1083 4703 1135 4755 in
1192 4703 1352 4755 rebus
1398 4698 1606 4753 bellicis
1633 4703 1815 4766 aptum

239 4810 339 4857 est.
375 4800 434 4855 In
465 4800 551 4856 eis
583 4798 729 4854 enim
757 4796 935 4850 Persae
967 4804 1021 4848 et
1057 4793 1169 4847 lndi
1206 4792 1396 4862 ligneis
1434 4788 1668 4844 turribus
1712 4786 1818 4842 col-

240 4891 424 4947 locatis
455 4900 713 4961 tanquam
738 4888 805 4942 de
827 4901 979 4941 muro
1003 4883 1197 4953 jaculis
1224 4883 1502 4936 dimicant.
1539 4878 1815 4933 lntellectu

244 4988 417 5035 autem
440 4988 495 5034 ει
521 4978 785 5035 memoria
813 4976 976 5031 multa
1009 4971 1496 5044 vigentzgregatim
1526 4969 1811 5023 incedunt:

248 5080 409 5135 motu,
447 5085 558 5138 quo
596 5068 793 5132 valent,
822 5066 1089 5130 salutant,
1124 5077 1328 5117 murem
1380 5060 1609 5130 fugiunt,
1642 5059 1818 5112 aversi

247 5169 452 5216 coeunt.
495 5158 723 5226 Quando
769 5168 949 5214 autem
991 5158 1309 5229 parturiunt,
1352 5156 1405 5209 in
1454 5154 1608 5224 aquis
1635 5153 1718 5208 vel
1765 5153 1818 5206 in

253 5248 434 5303 insulis
481 5246 763 5303 dimittunt
813 5246 953 5301 fetus
998 5256 1215 5317 propter
1243 5246 1524 5309 dracones,
1562 5244 1684 5313 quia
1718 5242 1819 5296 ini-

253 5340 371 5393 mici
416 5346 563 5405 sunt,
595 5346 651 5394 ει
701 5339 768 5393 ab
822 5339 901 5393 eis
956 5339 1211 5408 implicati
1261 5345 1539 5393 necantur.
1596 5336 1819 5389 Biennio

255 5439 426 5485 autem
471 5438 692 5500 portant
733 5429 887 5493 fetus,
934 5444 1035 5483 nec
1078 5430 1306 5499 amplius
1347 5445 1504 5499 quam
1552 5428 1715 5484 semel
1746 5428 1823 5498 gi-

258 5530 440 5589 gnunt,
467 5534 570 5575 nec
593 5519 795 5590 plures,
830 5520 925 5576 sed
956 5527 1161 5574 tantum
1190 5536 1376 5573 unum.
1421 5521 1617 5575 Vivunt
1644 5528 1821 5574 autem

260 5621 518 5667 trecentos
567 5626 760 5666 annos.
812 5610 964 5681 Apud
1012 5610 1179 5665 solam
1230 5609 1465 5666 Africam
1519 5622 1573 5665 et
1620 5613 1821 5667 Indiam

260 5700 519 5767 elephanti
548 5701 704 5777 prius
756 5702 1160 5760 nascebantur:
1208 5717 1351 5757 nunc
1386 5702 1499 5757 sola
1544 5704 1688 5759 ludia
1732 5720 1824 5760 cos

1911 582 2034 623 nem
2055 568 2368 636 sceleribus,
2387 578 2440 625 et
2462 569 2758 626 facinorum
2783 569 3120 628 deformitate
3139 570 3437 642 squalidum
3460 588 3475 625 :

1911 667 2151 715 attamen
2178 660 2313 716 tales
2334 674 2475 731 saepe
2494 661 2562 717 ad
2593 661 2865 717 Christum
2891 648 3297 718 cenvertuntur.
3329 661 3481 718 Unde

1909 752 2171 822 scriptum
2192 758 2275 808 est
2303 752 2358 807 in
2382 751 2519 808 libro
2547 749 2750 824 Regum
2767 796 2782 821 ,
2804 755 2948 825 quod
2988 754 3382 809 adducerentur
3412 754 3482 810 ad

1912 841 2253 897 Salomonem
2274 841 2444 897 simiae
2456 849 2510 897 et
2523 841 2790 913 elephanti
2804 841 2925 914 (ΙΙΙ
2946 841 3076 913 Reg.
3099 841 3176 913 ι),
3202 841 3350 911 quia,
3371 842 3482 912 ipse

1909 940 1983 986 est
2006 948 2111 1003 pas:
2150 940 2347 998 nostra,
2373 933 2461 1004 qui
2486 933 2605 1002 fecit
2636 942 2856 1003 utraque
2877 950 3039 987 unum
3082 931 3251 1002 (Eph.
3276 931 3339 1002 ιι)
3368 971 3383 997 ,
3431 938 3485 987 ει

1910 1022 1966 1077 in
2000 1022 2259 1092 sanguine
2305 1036 2404 1077 suo
2428 1023 2705 1078 mandavit
2733 1022 3116 1077 conscientiam
3144 1031 3387 1075 nostram
3416 1019 3483 1073 ab

1910 1113 2162 1183 operibus
2182 1116 2537 1168 mortuorum.
2565 1110 2795 1182 Griphes
2820 1119 3061 1175 vocatur,
3093 1112 3235 1181 quod
3263 1112 3333 1165 sit
3362 1108 3481 1164 ani-

1910 1202 2018 1259 mal
2042 1213 2333 1273 pennatum
2355 1211 2411 1258 et
2433 1204 2755 1274 quadrupes.
2790 1202 2901 1258 Hoc
2926 1217 3095 1274 genus
3134 1202 3187 1256 in
3210 1200 3487 1271 Hyperbo-

1912 1292 2020 1347 reis
2046 1292 2286 1349 nascitur
2330 1292 2620 1347 montibus.
2648 1290 2804 1347 Omni
2844 1301 2997 1362 parte
3026 1290 3268 1360 corporis
3305 1289 3485 1345 leones

1911 1388 2057 1446 sunt,
2087 1382 2186 1436 alis
2221 1389 2276 1437 et
2313 1381 2449 1436 facie
2485 1380 2677 1450 aquilis
2707 1379 2927 1445 similes,
2958 1380 3112 1449 equis
3140 1380 3488 1432 vehementer

1911 1469 2114 1524 infesti.
2133 1469 2266 1523 Nam
2287 1478 2342 1525 et
2366 1470 2611 1525 homines
2641 1469 2791 1523 vivos
2814 1469 3144 1537 discerpunt.
3168 1466 3235 1521 Hi
3259 1473 3483 1536 possunt

1911 1560 2217 1633 significare
2262 1560 2595 1616 ferocitatem
2628 1567 3062 1629 persecutorum,
3099 1566 3153 1611 et
3196 1555 3485 1612 elationem

1910 1652 2284 1720 superborum,
2330 1651 2422 1719 qui
2449 1648 2629 1704 infesti
2657 1656 2783 1704 sunt
2809 1646 3129 1710 hominibus,
3161 1644 3252 1715 qui
3281 1641 3487 1715 simpli-

1911 1740 2132 1795 citatem
2158 1740 2520 1795 Christianam
2553 1746 2850 1807 sequuntur
2886 1743 2942 1792 et
2991 1734 3379 1789 rationabiliter
3404 1732 3487 1787 vi-

1908 1840 2060 1888 vunt.
2110 1831 2397 1888 Cameleon
2431 1846 2539 1887 non
2586 1830 2750 1885 habet
2777 1844 2942 1883 unum
2983 1827 3240 1891 colorem,
3272 1825 3365 1880 sed
3408 1822 3489 1879 di-

1909 1937 2064 1978 versa
2101 1928 2186 1977 est
2219 1920 2479 1975 varietate
2536 1932 2878 1987 conspersus,
2930 1925 2988 1970 ut
3033 1916 3250 1985 pardus.
3302 1913 3485 1968 Dictus

1911 2018 2091 2065 autem
2120 2010 2210 2072 ita,
2247 2008 2390 2078 quod
2417 2004 2575 2075 hujus
2623 2005 2968 2061 cameleontis
2988 2003 3380 2073 ,corpusculum
3417 2003 3482 2058 ad

1912 2100 2138 2165 colores,
2180 2114 2315 2169 quos
2353 2096 2513 2160 videt,
2560 2096 2811 2153 facillima
2844 2094 3197 2150 conversione
3226 2093 3486 2159 variatur,

1910 2190 2049 2259 quod
2077 2190 2303 2245 aliorum
2333 2188 2643 2243 animalium
2686 2202 2794 2241 non
2830 2194 2913 2241 est
2958 2186 3033 2239 ita
3082 2185 3149 2239 ad
3181 2184 3487 2239 conversic-

1910 2295 2034 2335 nem
2112 2279 2287 2334 facilis
2353 2277 2702 2347 corpulentia.
2762 2273 3213 2343 Cameleopardus
3268 2272 3485 2338 'dictus,

1910 2369 2076 2437 quod,
2111 2368 2237 2422 dum
2270 2367 2363 2429 sit,
2393 2374 2454 2420 ut
2499 2366 2721 2435 pardus,
2768 2363 2904 2418 albis
2950 2361 3177 2417 maculis
3214 2374 3485 2430 aspersus,

1913 2456 2050 2512 collo
2089 2472 2229 2525 equo
2271 2454 2482 2519 similis,
2530 2452 3046 2529 pedibus'bubulis,
3077 2451 3253 2519 capite
3304 2457 3486 2503 tamen

1913 2546 2120 2602 camelo
2153 2555 2238 2601 est
2280 2545 2490 2600 similis.
2520 2543 2670 2599 Hunc
2711 2541 2983 2611 Ethiopia
3032 2541 3220 2611 gignit.
3262 2538 3371 2594 Nec
3423 2540 3490 2593 ab

1914 2652 1974 2691 re
2001 2644 2105 2701 est,
2133 2637 2275 2705 quod
2294 2635 2589 2691 bestiarum
2621 2635 2812 2689 harum
2839 2632 2987 2687 color
3010 2641 3064 2687 et
3092 2631 3299 2686 factura
3329 2630 3394 2683 ad
3416 2630 3492 2683 si-

1913 2724 2308 2797 gnificationem
2322 2723 2591 2778 variorum
2611 2737 2854 2777 errorum
2871 2730 3031 2792 atque
3045 2720 3298 2775 vitiorum
3320 2728 3490 2773 trans-

1914 2816 2146 2880 feratur,
2172 2815 2217 2870 si
2254 2814 2447 2869 alicubi
2477 2815 2531 2867 in
2575 2812 2855 2882 scripturis
2895 2811 3037 2864 illius
3085 2809 3284 2863 mentio
3331 2805 3489 2861 fuerit

1917 2916 2151 2978 reperta.
2182 2907 2336 2978 Lynx
2362 2905 2577 2969 dicitur,
2605 2904 2731 2974 quia
2786 2904 2841 2957 i'n
2869 2901 3117 2970 luporum
3148 2912 3343 2969 genere
3386 2912 3488 2950 nu-

1919 3008 2181 3063 meratur,
2212 2998 2385 3053 bestia
2422 2994 2643 3051 maculis
2682 3003 2832 3065 terga
2881 2992 3151 3055 distincta,
3182 2997 3241 3043 ut
3270 2988 3487 3057 pardus,

1922 3091 2017 3145 sed
2046 3088 2235 3143 similis
2264 3088 2407 3157 lupo.
2448 3085 2614 3156 Hujus
2636 3086 2847 3139 urinam
2876 3090 3191 3137 convertere
3222 3094 3281 3134 se
3308 3079 3362 3132 in
3388 3077 3487 3131 du-

1915 3181 2092 3235 ritiam
2127 3178 2319 3247 lapidis
2364 3175 2581 3244 pretiosi
2610 3175 2814 3239 dicunt,
2846 3173 2937 3242 qui
2990 3170 3209 3241 ligurius
3248 3165 3487 3237 appella-

1919 3279 2007 3325 tur
2036 3288 2048 3323 :
2074 3269 2218 3338 quod
2254 3275 2309 3322 et
2356 3267 2500 3337 ipsos
2528 3265 2711 3337 lynces
2766 3262 2965 3319 sentire
3017 3261 3120 3315 hoc
3168 3258 3489 3313 documento

1914 3361 2191 3431 probatur.
2223 3357 2360 3412 Nam
2381 3363 2619 3427 egestum
2657 3354 2923 3423 liquorem
2944 3350 3143 3416 arenis,
3173 3349 3489 3418 inquantum

1912 3451 2203 3522 potuerint,
2246 3454 2555 3519 contegunt,
2604 3445 2801 3500 invidia
2852 3444 3085 3513 quadam
3136 3437 3386 3503 naturali,
3423 3449 3494 3493 ne

1914 3538 2037 3592 talis
2085 3538 2289 3607 egestio
2338 3543 2578 3589 transeat
2620 3535 2674 3587 in
2722 3548 2877 3587 usum
2931 3532 3245 3585 humanum.
3284 3526 3491 3598 Lynces

1915 3628 2045 3682 dicit
2079 3627 2286 3682 Plinius
2336 3626 2602 3682 secundus
2643 3633 2793 3681 extra
2829 3639 2996 3678 unum
3047 3636 3154 3677 non
3206 3619 3491 3674 admittere

1914 3718 2103 3775 fetum.
2150 3716 2409 3773 Similiter
2464 3724 2519 3770 et
2559 3716 2660 3770 ista
2701 3714 2873 3769 bestia
2929 3720 3115 3783 typum
3162 3715 3309 3765 tenet
3346 3706 3488 3763 invi-

1915 3808 2107 3862 dorum
2160 3807 2435 3862 hominum
2478 3812 2636 3874 atque
2688 3803 3028 3865 dolosorum',
3082 3798 3170 3867 qui
3206 3796 3377 3866 magis
3402 3810 3493 3850 cu-

1912 3900 2067 3968 piunt
2100 3911 2297 3952 nocere
2341 3910 2499 3965 quam
2543 3893 2817 3964 prodesse,
2865 3900 2919 3945 et
2969 3888 3200 3945 terrenis
3227 3885 3491 3957 cupidita-

1915 3988 2059 4043 tibus
2078 3986 2272 4041 intenti
2298 3999 2386 4050 ea,
2419 3998 2537 4052 quae
2566 3980 2836 4050 superﬂua
2862 3980 2966 4033 sibi
3008 3984 3160 4042 sunt,
3204 3982 3260 4030 et
3285 3972 3491 4029 caeteris

1916 4076 2171 4145 prodesse
2218 4079 2497 4142 poterant,
2552 4069 2812 4125 inutiliter
2871 4074 3108 4123 servant.
3158 4063 3410 4119 Castores
3460 4076 3493 4115 a

1917 4166 2201 4222 castrando
2224 4165 2351 4219 dicti
2383 4172 2526 4218 sunt.
2558 4160 2691 4215 Nam
2723 4158 2958 4213 testiculi
2996 4171 3184 4212 eorum
3221 4154 3334 4223 apti
3365 4159 3492 4207 sunt

1916 4255 2378 4311 medicaminibus.
2396 4253 2625 4322 Propter
2649 4264 2783 4319 quos
2802 4263 2923 4303 cum
2939 4243 3489 4316 persenserintvena-

1916 4353 2108 4410 torem,
2142 4344 2243 4415 ipsi
2271 4359 2329 4398 se
2374 4350 2612 4399 castraut
2638 4348 2695 4395 et
2731 4337 2999 4394 morsibus
3033 4336 3175 4390 vires
3209 4347 3335 4388 suas
3371 4346 3489 4386 am-

1838 4481 1889 4540 Β
1913 4446 2124 4509 putant.
2149 4436 2225 4491 De
2244 4436 2436 4504 quibus
2457 4433 2644 4488 Cicero
2678 4431 2731 4484 in
2765 4428 3059 4483 Scauriana
3089 4443 3103 4480 :
3134 4424 3413 4480 Redimunt
3438 4439 3491 4477 se

1915 4547 1975 4584 ea
2005 4537 2150 4597 parte
2176 4526 2406 4596 corporis
2438 4542 2455 4577 :
2475 4530 2684 4594 propter
2704 4535 2858 4591 quam
2898 4516 3123 4571 maxime
3160 4520 3487 4584 expetuntur.

1916 4617 2188 4673 Juvenalis
2234 4634 2247 4669 :
2280 4615 2381 4681 Qui
2413 4630 2466 4668 se
2490 4612 2782 4667 eunuchum
2820 4609 2925 4679 ipse
2970 4606 3096 4677 facit
3122 4604 3331 4675 cupiens
3369 4619 3491 4658 eva-

1917 4710 2036 4763 dere
2061 4707 2253 4761 damno
2279 4704 2523 4759 testiculi.
2557 4703 2662 4774 Ipsi
2689 4711 2813 4756 sunt
2858 4709 2911 4754 et
2941 4698 3083 4763 fibri,
3121 4696 3213 4767 qui
3248 4695 3408 4751 etiam
3435 4701 3492 4752 et

1916 4796 2116 4868 pontici
2165 4810 2325 4850 canes
2349 4803 2631 4849 vocantur.
2664 4791 2793 4845 Mira
2844 4804 2969 4859 ergo
3011 4797 3093 4842 est
3138 4785 3489 4840 animantium

1918 4886 2273 4957 quorumdam
2289 4884 2604 4954 prudentia:
2630 4882 2723 4936 sed
2750 4879 2917 4934 multo
2943 4877 3109 4949 magis
3130 4873 3487 4945 quorumdam

1922 4980 2199 5034 hominum
2219 4975 2478 5047 stupenda
2495 4983 2578 5030 est
2596 4972 2882 5037 dementia,
2898 4967 2985 5039 qui
3004 4976 3307 5023 creaturam
3320 4964 3415 5019 Dei
3434 4965 3488 5018 in

1922 5086 1981 5127 se
2004 5070 2274 5126 conditam
2294 5069 2563 5123 aestimant
2587 5066 2837 5120 vitiorum
2885 5078 3003 5118 esse
3034 5055 3493 5116 efﬁcaciam-Inde

1923 5162 2137 5232 quidem
2154 5160 2391 5215 haeretici
2407 5158 2747 5221 exstiterunt,
2765 5155 2854 5228 qui
2869 5152 3117 5225 genitalia
3134 5148 3377 5205 membra
3390 5145 3491 5201 sibi

1925 5258 2353 5319 amputaverunt,
2387 5263 2492 5317 quo
2518 5246 2726 5301 facilius
2766 5259 2982 5307 servare
3015 5247 3236 5313 possent
3258 5235 3492 5295 nubendi

1925 5340 2328 5405 continentiam,
2376 5337 2521 5391 illam
2569 5334 2887 5391 sententiam
2915 5332 3128 5388 Domini
3155 5328 3293 5385 male
3321 5326 3493 5381 inter-

1924 5439 2341 5503 pretantes,qua
2370 5428 2446 5482 ait
2476 5444 2489 5480 :
2522 5425 2653 5481 Sunt
2682 5424 3027 5494 eunuchi,qui
3048 5437 3102 5476 se
3123 5422 3263 5491 ipsos
3290 5425 3492 5472 castra-

1923 5530 2104 5578 verunt
2152 5529 2363 5590 prapter
2400 5534 2613 5588 regnum
2640 5515 2879 5570 calorum
2909 5512 3124 5585 (Matth.
3173 5508 3317 5580 xu);
3371 5521 3492 5561 cum

1926 5612 2027 5666 hoc
2056 5609 2225 5679 magis
2250 5607 2649 5677 intelligendum
2678 5603 2749 5658 sit
2768 5601 3039 5671 pertinere
3063 5600 3130 5655 ad
3166 5596 3495 5665 voluptatum

1926 5711 1981 5757 ct
2033 5699 2269 5754 libidinis
2322 5694 2765 5767 amputationem,
2824 5705 2984 5763 quam
3021 5690 3088 5745 ad
3133 5684 3499 5743 membrorum
