3930 6400
426 359 536 422 923

994 392 999 397 -
1074 358 1133 414 Β.
1176 355 1426 413 ltABANl
1460 354 1680 413 MAURl
1714 353 2035 411 ARCHIEP.
2078 351 2389 411 MOCUNT.
2431 351 2715 409 OPERUM
2751 352 2931 412 PARS
2970 351 3035 410 Il.

3582 354 3710 416 ρει

418 473 661 544 corporis
681 471 1166 529 detruncationem.
1187 470 1343 525 Tales
1371 484 1499 541 ergo
1526 469 1785 524 canonica
1818 474 2003 521 aucto-
2028 470 2079 530 Α
2106 472 2283 530 scunt,
2315 463 2561 519 dominos
2600 478 2727 519 suos
2752 462 3010 535 diligunt,
3037 465 3377 521 dominorum
3413 474 3556 523 tecta
3598 469 3709 526 de-

422 565 554 620 ritas
609 563 1079 619 excommunicare
1124 570 1179 616 et
1228 563 1295 615 ad
1351 561 1722 631 paenitentiam
1756 558 2001 629 redigere

417 658 697 727 praecepit.
734 656 905 711 Ursus
934 655 1106 711 fertur
1140 654 1336 719 dictus,
1358 653 1502 723 quod
1531 667 1625 708 ore
1658 666 1755 707 suo
1805 649 2002 705 formet

418 748 579 813 fetus,
611 748 767 819 quasi
796 765 969 803 orsus.
996 747 1130 802 Nam
1156 748 1309 803 aiunt
1330 761 1426 801 eos
1451 745 1710 801 informes
1738 756 2002 814 generare

418 847 638 911 partus,
684 849 739 898 et
767 857 989 897 carnem
1040 842 1329 911 quamdam
1362 840 1552 905 .nasci,
1613 853 1775 909 quam
1828 844 2003 893 mater

415 930 703 989 lambendo
739 934 796 988 in
838 932 1081 988 membra
1108 932 1401 1007 componit.
1428 931 1581 987 Unde
1611 939 1697 986 est
1733 929 1881 995 illud,
1912 929 2001 985 Sic

417 1022 610 1092 format
655 1022 837 1094 lingua
867 1024 1003 1092 fetus
1044 1040 1162 1077 cum
1203 1022 1419 1093 protulit
1446 1040 1592 1077 ursa.
1624 1020 1731 1076 Sed
1771 1022 1874 1076 hoc
1902 1022 2001 1076 im—

414 1114 703 1170 maturitas
731 1125 923 1186 partus
949 1116 1097 1171 facit.
1145 1116 1385 1185 Denique
1420 1115 1693 1170 tricesimo
1722 1115 1810 1169 die
1835 1129 2001 1186 gene-

419 1210 525 1257 rat.
559 1203 708 1259 Unde
737 1205 1011 1267 evenit,ut
1036 1205 1368 1275 praecipitata
1408 1203 1711 1259 fecunditas
1742 1203 2003 1259 informes

418 1303 685 1364 procreet.
741 1295 1002 1351 Ursorum
1061 1304 1224 1365 caput
1278 1296 1605 1362 invalidum,
1642 1295 1727 1351 vis
1764 1296 2001 1350 maxima

414 1382 470 1439 in
517 1384 755 1440 brachiis
802 1395 857 1441 et
900 1388 1117 1443 lumbis.
1170 1387 1324 1443 Unde
1384 1388 1655 1443 interdum
1704 1388 1876 1443 erecti
1922 1388 2003 1443 in-

413 1474 631 1530 sistunt.
661 1476 832 1533 Ursus
882 1494 1013 1549 ergo
1060 1478 1530 1549 aliquandojuxta
1561 1479 1879 1550 allegoriam
1928 1480 2001 1534 si-

411 1565 632 1636 gnificat
661 1567 932 1623 diabolum
962 1569 1331 1625 insidiatorem
1362 1570 1541 1640 gregis
1569 1570 1688 1635 Dei,
1711 1570 2000 1638 aliquando

410 1666 590 1713 autem
615 1659 784 1716 duces
805 1676 975 1717 saevos
996 1670 1053 1717 et
1077 1662 1344 1718 crudeles.
1380 1662 1533 1718 Unde
1559 1662 1614 1715 in
1643 1662 1784 1715 libro
1810 1677 1998 1733 regum

409 1747 673 1817 scriptum
707 1758 790 1804 est
820 1748 939 1823 (IV
969 1750 1097 1821 Reg.
1135 1751 1231 1822 ιι),
1283 1752 1425 1820 quod
1468 1764 1696 1819 pueros,
1744 1750 1837 1820 qui
1884 1751 1997 1805 Eli-

2103 554 2341 615 fendunt.
2371 570 2470 625 pro
2500 554 2730 609 dominis
2754 555 2865 609 suis
2891 555 3051 609 morti
3082 571 3141 612 se
3170 555 3461 626 objiciunt,
3502 557 3706 614 volun-

2102 645 2240 699 tarie
2269 660 2391 699 cum
2426 644 2644 698 domino
2687 644 2753 698 ad
2785 644 3022 714 praedam
3065 658 3310 715 currunt,
3342 663 3540 720 corpus
3588 651 3703 707 do—

2101 736 2235 789 mini
2265 735 2347 789 sui
2392 734 2557 790 etiam
2604 742 2876 789 mortuum
2905 750 3013 790 non
3062 736 3393 807 relinquunt.
3443 740 3705 809 Quorum

2099 831 2376 893 postremo
2407 833 2599 879 natura
2629 833 2732 891 est,
2764 834 2919 880 extra
2948 826 3193 882 homines
3220 842 3341 884 esse
3373 846 3481 886 non
3511 846 3707 903 posse.

2100 918 2158 973 In
2188 920 2410 973 canibus
2434 920 2539 974 duo
2579 927 2707 975 sunt
2730 920 3091 989 exspectanda
3120 938 3132 974 :
3168 928 3262 975 aut
3290 919 3569 992 fortitudo,
3598 933 3709 981 aut

2100 1009 2378 1079 velocitas.
2407 1008 2571 1064 Canis
2597 1017 2774 1064 autem
2801 1010 3042 1066 diversas
3062 1010 3482 1083 significationes
3503 1016 3702 1071 habet.

2100 1101 2234 1156 Nam
2257 1109 2349 1156 aut
2379 1102 2649 1157 diabolum
2678 1102 2763 1157 vel
2790 1101 3055 1170 Judaeum,
3094 1103 3207 1160 sive.
3233 1106 3488 1177 gentilem
3517 1123 3707 1178 pepu-

2101 1192 2211 1247 lum
2254 1192 2540 1264 significat.
2591 1192 2745 1248 Unde
2794 1191 3064 1262 Propheta
3108 1196 3392 1253 Dominum
3438 1208 3710 1268 precatur

2101 1283 2285 1337 dicens
2318 1284 2370 1336 in
2397 1283 2607 1353 psalmo
2635 1300 2648 1337 :
2676 1284 2820 1338 Erue
2844 1301 2875 1336 a
2906 1286 3108 1354 framea
3139 1290 3371 1343 animam
3414 1306 3606 1357 meam,
3648 1300 3708 1345 et

2099 1374 2164 1427 de
2202 1390 2361 1427 manu
2409 1374 2556 1427 canis
2600 1376 2809 1428 unicam
2846 1391 3015 1432 meam
3046 1375 3219 1447 (Psal.
3275 1379 3425 1451 χιιι).
3469 1379 3605 1434 Nam
3641 1382 3702 1436 in

2100 1464 2323 1519 meliore
2348 1473 2502 1533 parte
2549 1465 2700 1520 canis
2746 1467 2981 1536 ponitur,
3010 1476 3070 1522 ut
3110 1468 3168 1523 in
3209 1470 3563 1537 Ecclesiaste,
3599 1472 3700 1528 ubi

2100 1555 2357 1623 scriptum
2406 1562 2489 1610 est
2532 1554 2764 1609 :Melior
2811 1567 2885 1610 est
2935 1560 3078 1613 canis
3112 1559 3253 1615 vivus
3292 1559 3439 1615 leone
3486 1572 3703 1617 mortuo

2101 1643 2299 1713 (Eccle.
2325 1644 2423 1715 xu).
2451 1644 2550 1699 Hic
2584 1644 2794 1701 leonem
2823 1647 3116 1713 diabolum,
3140 1664 3330 1703 canem
3368 1665 3495 1705 vero
3518 1653 3702 1721 genti-

2099 1734 2203 1789 lem
2229 1733 2313 1787 vel
2350 1735 2624 1791 hominem
2649 1748 2991 1806 peccatorem
3016 1740 3389 1809 accipiendum
3410 1750 3563 1811 puto.
3587 1743 3696 1809 Qui

409 1849 574 1890 szeum
593 1822 910 1906 prophetam
934 1839 1251 1902 irridebant,
1268 1838 1373 1893 duo
1401 1837 1514 1892 ursi
1542 1838 1745 1907 egressi
1772 1838 1840 1893 de
1866 1838 1998 1894 silva

2104 1822 2225 1876 ideo
2265 1822 2455 1878 melior
2498 1824 2715 1889 dicitur,
2740 1826 2881 1893 quod
2913 1827 2979 1879 ad
3026 1826 3188 1881 fidem
3232 1839 3288 1883 et
3315 1831 3698 1898 paenitentiam

408 1926 759 1980 cotnederunt
797 1942 812 1980 :
844 1928 987 1995 quod
1028 1926 1297 1997 significat
1324 1926 1459 1982 duos
1488 1926 1759 1996 principes
1798 1926 1998 1982 Roma-

406 2025 633 2078 norum,
666 2013 1056 2083 Vespasianum
1106 2015 1359 2069 videlicet
1402 2022 1457 2068 et
1499 2014 1700 2080 Titum,
1748 2029 1999 2085 egressos

409 2101 476 2157 de
515 2103 654 2157 saltu
684 2105 923 2174 gentium
968 2104 1230 2159 devorare
1267 2103 1523 2159 Judaicos
1546 2119 1766 2173 pueros,
1789 2106 1881 2173 qui
1927 2107 2001 2159 ir-

408 2191 647 2246 riserunt
698 2192 1035 2247 Salvatorem
1067 2208 1313 2248 nosu'um
1340 2194 1394 2245 in
1422 2191 1683 2246 Calvarim
1719 2193 1837 2247 loco
1877 2210 1999 2248 cru-

405 2279 644 2335 cifixum.
670 2280 737 2336 Et
766 2282 960 2336 iterum
988 2282 1060 2336 ibi
1092 2298 1105 2335 :
1143 2282 1393 2336 Veniebat
1418 2282 1497 2336 leo
1526 2293 1574 2337 et
1601 2300 1757 2338 ursus
1782 2293 1830 2338 et
1852 2284 2000 2338 tolle-

408 2371 494 2426 bat
514 2372 729 2427 arietem
751 2372 815 2427 de
834 2389 984 2443 grege
1010 2372 1063 2445 (Ι
1084 2372 1211 2443 Reg.
1244 2374 1397 2446 xvn).
1434 2374 1617 2444 Lupus
1648 2374 1836 2430 Graeca
1859 2376 2001 2429 deri-

405 2458 621 2515 vatione
650 2461 704 2515 in
733 2461 973 2532 linguam
999 2470 1239 2516 nostram
1280 2462 1626 2517 transfertur.
1653 2463 1834 2532 Lupos
1852 2465 1998 2519 enim

408 2548 483 2602 illi
514 2551 699 2619 lycous
726 2550 929 2605 dicunt.
945 2550 1116 2620 Lycos
1140 2562 1319 2605 autem
1341 2550 1527 2606 Graece
1551 2566 1581 2605 a
1612 2552 1882 2607 morsibus
1909 2568 2001 2622 ap-

407 2638 668 2709 pellatur,
711 2642 805 2709 qui
863 2641 1013 2695 rabie
1043 2642 1355 2711 rapacitatis
1379 2656 1604 2711 qumque
1648 2642 1854 2697 invenit
1888 2652 2002 2697 tru-

408 2727 573 2783 cidat.
608 2729 710 2784 Alii
756 2730 910 2799 lupos
938 2741 1159 2785 vocatos
1190 2732 1360 2797 aiunt,
1397 2734 1554 2800 quasi
1600 2732 1809 2802 leopos,
1855 2732 2000 2801 quod

407 2820 563 2888 quasi
605 2819 764 2884 leoni,
798 2822 872 2875 ila
909 2822 979 2876 sit
1028 2820 1103 2878 illi
1138 2823 1311 2877 virtus
1356 2823 1411 2876 in
1458 2823 1682 2891 pedibus
1725 2841 1738 2876 :
1775 2824 1915 2877 unde
1943 2831 2001 2879 ct

407 2908 667 2977 quidquid
717 2910 977 2979 presserit
1028 2912 1180 2981 pede,
1215 2926 1324 2965 non
1376 2912 1528 2965 vivit.
1584 2910 1771 2979 Rapax
1818 2919 2000 2966 autem

408 2997 583 3055 bestia
641 3010 696 3055 ct
740 3003 951 3056 cruoris
999 3012 1275 3073 appetens.
1309 3004 1385 3058 De
1436 3019 1544 3073 quo
1587 3004 1776 3059 rustici
1825 3005 1998 3069 aiunt,

414 3104 599 3144 vocem
627 3091 899 3147 hominem
921 3095 1171 3161 perdere,
1207 3095 1251 3149 si
1282 3110 1404 3149 eum
1427 3094 1585 3163 lupus
1612 3096 1763 3163 prior
1783 3096 1996 3149 viderit.

2104 1916 2273 1986 possit
2309 1916 2516 1971 venire.
2542 1916 2679 1972 lline
2706 1917 2773 1972 de
2790 1915 2990 1973 Judaais
3011 1919 3272 1989 scriptum
3300 1929 3384 1975 est
3408 1939 3421 1975 :
3460 1921 3696 1978 Conver-

2101 2018 2281 2063 tantur
2315 2010 2383 2063 ad
2409 2025 2695 2080 vesperam,
2718 2019 2767 2064 et
2800 2012 2994 2079 famem
3020 2012 3287 2082 patientur
3324 2024 3382 2068 ut
3423 2031 3581 2070 canes
3600 2056 3615 2082 ,
3640 2025 3694 2070 et

2101 2086 2394 2153 circuiltunt
2420 2102 2680 2154 civitatem
2704 2098 2878 2170 (Psal.
2912 2100 3087 2172 Lvnl).
3115 2102 3289 2158 Canes
3314 2103 3698 2173 intelliguntur

2102 2190 2236 2243 muti
2284 2189 2592 2245 sacerdotes
2621 2190 2705 2245 vel
2748 2192 3012 2261 improbi,
3058 2200 3120 2246 ut
3172 2193 3224 2247 in
3280 2192 3463 2248 Isaia:
3520 2194 3695 2251 Canes

2102 2281 2232 2351 muti
2271 2296 2376 2333 non
2420 2282 2647 2335 valentes
2673 2280 2872 2335 latrare
2900 2282 3037 2351 (Isa.
3086 2284 3220 2353 va).
3271 2284 3471 2351 Canes,
3492 2284 3687 2341 Judaei.

2100 2373 2156 2428 In
2189 2374 2397 2443 psalmo
2429 2389 2444 2429 :
2478 2376 2740 2440 Quoniam
2765 2375 3219 2431 circumdederunt
3243 2393 3324 2432 me
3349 2393 3504 2432 canes
3539 2378 3696 2433 multi

2103 2464 2275 2534 (Psat.
2303 2464 2440 2535 xxi).
2459 2464 2896 2535 Canes,populus
2921 2467 3183 2535 gentium,
3205 2478 3266 2525 ut
3286 2470 3339 2524 in
3365 2470 3690 2541 Evangelio:

2054 2616 2057 2617 ν
2106 2553 2229 2607 Non
2248 2563 2324 2607 est
2349 2554 2539 2607 bonum
2568 2572 2771 2610 sumere
2796 2572 2983 2626 panem
3004 2557 3259 2626 ﬁliorum,
3288 2570 3337 2615 et
3369 2562 3575 2615 mittere
3600 2579 3691 2615 ca-

2102 2644 2253 2697 nibus
2285 2643 2498 2714 (Matth.
2537 2644 2649 2716 xv).
2695 2646 2892 2713 Canes,
2946 2649 3207 2715 haeretici,
3238 2660 3298 2705 ut
3335 2651 3390 2705 in
3425 2652 3692 2707 Deutero—

2103 2735 2320 2789 nomio:
2356 2734 2482 2789 Non
2502 2736 2694 2805 iuferes
2720 2739 2943 2808 pretium
2976 2742 3121 2795 canis
3144 2743 3200 2797 in
3233 2743 3449 2797 domum
3491 2744 3589 2799 Dei
3611 2747 3694 2799 tui

2103 2824 2282 2896 (Deut.
2326 2826 2508 2897 χχιιι).
2539 2828 2607 2881 Ει
2635 2830 2689 2882 in
2718 2828 2975 2899 Apostolo
3012 2849 3025 2885 :
3068 2830 3249 2887 Videte
3283 2850 3438 2888 canes
3463 2875 3479 2900 ,
3527 2835 3697 2890 videte

2102 2916 2270 2971 malos
2316 2920 2603 2989 operarios,
2648 2921 2813 2976 videte
2847 2924 3166 2980 concisiones
3195 2924 3361 2996 (Phil.
3394 2927 3498 2997 ιιι).
3526 2926 3695 2983 Canis

2101 3021 2232 3061 vero
2270 3008 2678 3063 veracissimam
2707 3011 2905 3065 animal
2956 3021 3118 3083 atque
3155 3013 3521 3084 importunum
3564 3029 3693 3071 con-

2103 3097 2279 3150 suevit
2322 3097 2443 3151 illas
2488 3099 2678 3153 domus
2727 3099 3011 3154 latratibus
3059 3084 3364 3167 defendere,
3411 3104 3464 3157 in
3492 3102 3693 3173 quibus

412 3176 565 3235 Unde
611 3189 665 3236 et
693 3182 870 3236 subito
904 3184 1101 3239 tacenti
1156 3185 1373 3251 dicitur,
1404 3184 1556 3254 lupus
1585 3195 1662 3239 est
1702 3187 1757 3239 in
1792 3186 1995 3256 fabula.
2028 3196 2071 3258 ο
2104 3185 2422 3241 edacitatem
2452 3203 2606 3242 suam
2632 3189 2781 3243 novit
2803 3195 3022 3259 accepto
3043 3206 3182 3260 pane
3202 3194 3420 3247 satiare.
3444 3193 3542 3272 His
3568 3208 3694 3249 me-

412 3272 571 3328 Certe
593 3274 637 3328 si
670 3288 729 3329 se
750 3276 1037 3345 praevisum
1062 3276 1312 3341 senserit,
1338 3277 1555 3347 deponit
1580 3276 1878 3333 ferocitatis
1898 3293 1995 3332 au—

411 3364 643 3420 daciam.
671 3366 805 3437 Lupi
837 3376 949 3423 toto
977 3384 1118 3423 anno
1141 3384 1249 3424 non
1272 3369 1504 3438 amplius
1537 3384 1698 3438 quam
1733 3369 1849 3424 dies
1869 3369 2000 3425 duo-

414 3455 589 3510 decim
631 3465 846 3511 coeunt.
876 3457 1097 3512 Famem
1120 3458 1209 3512 diu
1242 3467 1480 3527 portant,
1508 3466 1563 3512 et
1588 3466 1711 3527 post
1739 3458 1893 3529 longa
1917 3460 2001 3529 je-

405 3544 557 3613 junia
619 3547 847 3600 multum
924 3549 1201 3603 devorant.
1264 3548 1441 3617 Lupos
1496 3547 1775 3618 Ethiopia
1830 3550 2000 3620 gignit

412 3636 621 3691 cervice
638 3635 878 3704 jubatos,
910 3646 965 3693 et
1006 3647 1214 3692 tantum
1245 3640 1456 3703 varios,
1504 3648 1564 3693 ut
1598 3640 1808 3694 nullum
1852 3640 1999 3695 colo-

411 3743 525 3781 rem
554 3727 659 3781 illis
689 3728 870 3782 dicant
899 3731 1109 3785 abesse.
1147 3730 1327 3799 Lupus
1378 3745 1506 3798 ergo
1552 3746 1679 3785 raro
1726 3732 2000 3785 invenitur

410 3818 607 3872 bonam
653 3819 1099 3890 significationem
1153 3821 1375 3886 habere,
1413 3821 1509 3875 sed
1540 3820 1738 3890 saepius
1780 3830 2000 3876 contra-

411 3908 567 3963 riam.
597 3908 731 3963 Nam
762 3919 856 3965 aut
885 3910 1159 3965 diabolum
1208 3912 1498 3980 significat,
1534 3920 1597 3966 ut
1649 3921 1731 3967 est
1764 3913 1893 3968 illud
1942 3915 1996 3969 in

411 3999 703 4069 Evangelio
731 4018 744 4053 :
774 3998 952 4069 Lupus
979 4002 1114 4070 rapit
1136 4010 1181 4054 et
1213 4001 1459 4071 dispergit
1486 4017 1603 4055 oves
1654 4001 1673 4071 (
1687 4000 1848 4055 Joan.
1896 4001 1951 4073 ιι)
1980 4018 1995 4068 ;

413 4098 507 4144 aut
532 4090 815 4144 hmreticos
838 4090 924 4145 vel
946 4090 1159 4144 dolosos
1201 4091 1468 4154 homines,
1500 4093 1565 4145 de
1598 4092 1792 4159 quibus
1825 4080 1999 4147 Domi-

412 4196 514 4235 nus
542 4180 656 4234 ait:
682 4180 941 4234 Attendite
965 4198 997 4233 a
1026 4180 1177 4249 falsis
1222 4181 1502 4249 praphetis,
1549 4183 1638 4250 qui
1671 4183 1883 4235 veniunt
1928 4184 1997 4236 ad

411 4287 498 4323 vos
530 4272 583 4324 in
614 4270 929 4324 vestimentis
958 4270 1149 4335 ovium,
1184 4271 1493 4324 intrinsecus
1517 4281 1691 4325 autem
1734 4282 1854 4325 sunt
1890 4273 1998 4342 lupi

416 4378 627 4430 rapaces
652 4361 866 4430 (Matth.
902 4362 1020 4429 v11).
1048 4361 1116 4414 Et
1145 4362 1337 4415 iterum
1374 4378 1386 4414 :
1420 4359 1571 4415 Videt
1593 4355 1771 4431 lupum
1795 4365 2000 4416 venien-

413 4459 596 4514 tem,et
625 4450 841 4503 dimittit
863 4466 1001 4516 oves,
1025 4460 1073 4504 et
1098 4452 1230 4520 fugit
1258 4451 1439 4520 (Joan.
1464 4452 1542 4523 ιι).
1568 4452 1789 4521 Legitur
1817 4462 1995 4508 tamen

412 4538 577 4596 Jacob
610 4542 918 4611 patriarcha
966 4544 1019 4595 in
1060 4543 1435 4596 benedictione
1473 4542 1751 4611 Beniamin
1781 4544 1872 4597 lilii
1913 4545 1993 4599 sui
2023 4561 2073 4619 D

413 4630 613 4685 dixisse
664 4633 737 4685 ita
776 4647 789 4683 :
833 4630 1113 4698 Benjamin
1163 4630 1315 4697 lupus
1366 4647 1532 4699 rapam
1576 4648 1728 4684 mane
1768 4634 1995 4687 comedet

412 4720 669 4789 praedam,
712 4736 915 4789 vespere
959 4719 1151 4771 dividet
1186 4717 1354 4787 spolia
1399 4717 1554 4783 (Gen.
1586 4720 1756 4789 xux).
1794 4720 1998 4786 Quibus

414 4810 571 4864 dictis
616 4810 886 4878 apostolus
950 4810 1148 4863 Paulus
1199 4810 1549 4880 designatur,
1600 4812 1668 4865 dc
1718 4811 1995 4881 Bcnjamin

414 4900 582 4970 stirpe
630 4901 963 4971 progenitus,
991 4901 1082 4969 qui
1115 4916 1271 4955 mane
1304 4901 1479 4971 rapuit
1507 4901 1764 4970 praedam,
1801 4902 1852 4955 id
1890 4911 1995 4968 cst,

416 4990 468 5043 in
494 4991 800 5057 primordiis
824 4990 1026 5055 ﬁdeles,
1055 5006 1189 5060 quos
1218 4991 1390 5061 potuit
1409 4990 1703 5045 devastavit
1728 5008 1739 5043 :
1774 5005 1999 5059 vespere

418 5087 595 5132 autem
626 5081 795 5149 spolia
828 5081 1010 5135 divisit
1045 5100 1055 5132 :
1091 5082 1214 5149 quia
1246 5082 1415 5135 fidelis
1456 5085 1796 5149 postmodum
1825 5082 1997 5137 factus

416 5185 571 5225 sacra
594 5170 804 5239 eloquia
832 5171 1171 5225 audientibus
1200 5172 1601 5240 dispensatione
1622 5171 1849 5225 mirifica
1887 5172 1998 5226 dis-

416 5262 679 5331 pensavit.
697 5262 857 5316 Canis
877 5277 1070 5316 nomen
1095 5262 1340 5316 Latinum
1359 5262 1598 5317 Grmcam
1620 5264 1997 5333 etymologiam

420 5352 618 5406 habere
650 5354 877 5409 videtur.
923 5354 1105 5408 Graece
1144 5355 1287 5409 enim
1324 5356 1474 5409 cinos
1523 5354 1723 5427 [Kyon]
1755 5358 1950 5412 dicitur
1980 5372 1994 5410 :

419 5439 546 5494 licet
569 5458 691 5497 eum
721 5446 940 5513 quidam
971 5462 1000 5498 a
1034 5461 1228 5499 canore
1257 5447 1484 5499 latratus
1526 5446 1845 5513 appellatum
1877 5448 1995 5502 cxi-

420 5533 641 5587 stimeut
667 5550 729 5589 eo
768 5539 909 5606 quod
941 5538 1189 5592 insonat:
1224 5539 1343 5593 inde
1378 5547 1432 5591 ct
1468 5554 1681 5593 canere.
1720 5540 1861 5593 Nihil
1904 5556 1999 5593 au-

422 5633 528 5679 tem
559 5628 803 5697 sagacius
827 5632 1069 5686 canibus.
1099 5630 1223 5686 Plus
1252 5632 1393 5686 enim
1421 5646 1612 5685 sensus
1650 5633 1860 5686 caeteris
1886 5633 1999 5684 ani-

421 5718 651 5775 malibus
688 5718 905 5775 habent.
934 5720 1175 5791 Namque
1202 5723 1301 5778 soli
1351 5738 1445 5778 sua
1484 5723 1700 5780 nomina
1736 5738 1997 5793 recogno-

2099 3278 2205 3331 rito
2231 3285 2613 3348 comparantur
2646 3277 2943 3348 Judaei,qui
2970 3279 3290 3336 Christiana:
3317 3280 3443 3337 fidei
3465 3295 3697 3340 munere

2099 3368 2347 3438 saginati,
2385 3368 2682 3423 Ecclesiam
2704 3369 2797 3424 Dei
2822 3370 3059 3425 clamosa
3081 3372 3466 3441 praedicatione
3496 3373 3690 3428 defen-

2100 3458 2228 3512 dere
2251 3456 2624 3511 festinabunt:
2663 3459 2804 3514 sicut
2830 3458 2998 3513 Paulo
3054 3460 3296 3529 apostolo
3345 3462 3595 3531 contigit,
3626 3470 3695 3517 ut

2099 3548 2189 3616 qui
2235 3556 2361 3602 ante
2395 3547 2496 3601 fuit
2525 3556 2836 3615 persecutor
2884 3548 3176 3604 Christiani
3215 3550 3466 3616 nominis,
3499 3560 3693 3619 postea

2099 3640 2280 3693 divino
2317 3652 2540 3693 munere
2578 3639 2897 3708 jnngeretur
2941 3639 3233 3710 Apostolis.
3263 3639 3474 3705 Canes,
3519 3641 3695 3696 homi-

2099 3741 2196 3781 nes
2223 3727 2392 3781 rixosi
2422 3728 2505 3781 vel
2535 3728 2865 3783 detractores
2891 3728 3152 3784 alterutro
3191 3744 3251 3785 se
3273 3718 3581 3785 lacerantes
3624 3740 3693 3786 ut

2101 3817 2155 3871 in
2180 3817 2434 3886 Apostolo
2469 3836 2481 3871 :
2519 3818 2673 3883 Quod
2701 3820 2746 3873 si
2785 3819 3004 3874 invicem
3029 3822 3281 3876 mordetis
3306 3829 3356 3876 et
3384 3823 3687 3887 comedetis,

2099 3910 2264 3962 videte
2286 3926 2348 3963 ne
2372 3911 2436 3963 ab
2465 3910 2681 3965 invicem
2704 3912 3085 3967 consumamini
3100 3910 3243 3983 (Gal.
3260 3913 3336 3983 v).
3355 3911 3530 3968 Catuli
3558 3914 3692 3968 abu-

2100 3996 2213 4052 sive
2241 3997 2494 4054 dicuntur
2525 4001 2886 4069 quarumlibet
2910 4002 3209 4057 bestiarum
3238 4000 3353 4056 lilii.
3387 4001 3524 4057 Nam
3552 4017 3688 4072 pro-

2098 4086 2215 4155 prie
2264 4088 2427 4143 catuli
2480 4104 2677 4145 canum
2731 4100 2878 4156 sunt,
2932 4105 3028 4161 per
3077 4091 3486 4147 diminutionem
3532 4092 3683 4148 dicti.

2101 4175 2310 4243 Lycisci
2357 4194 2486 4233 vero
2515 4180 2767 4234 dicuntur
2796 4180 2877 4251 (ut
2916 4181 2992 4234 ait
3022 4179 3248 4252 Plinius)
3285 4196 3449 4237 canes
3485 4183 3594 4237 nati
3618 4197 3688 4238 ex

2101 4263 2241 4330 lupis
2275 4273 2326 4318 et
2354 4267 2595 4331 canibus,
2639 4283 2759 4321 cum
2810 4270 2951 4323 intra
2982 4284 3041 4323 se
3068 4272 3207 4325 forte
3236 4272 3548 4327 miscentur.
3582 4272 3690 4327 So-

2101 4354 2211 4409 lent
2236 4363 2291 4409 et
2320 4353 2460 4409 Indae
2509 4355 2719 4410 feminae
2767 4372 2928 4413 canes
2974 4368 3135 4412 noctu
3170 4360 3224 4411 in
3273 4361 3425 4415 silvis
3455 4362 3691 4432 alligatae

2102 4444 2313 4499 admitti
2340 4446 2408 4498 ad
2440 4445 2609 4514 tigres
2636 4444 2856 4508 bestias,
2901 4462 2931 4499 a
2959 4447 3154 4515 quibus
3183 4432 3377 4501 insiliri
3429 4456 3486 4502 et
3535 4452 3686 4505 nasci

2099 4550 2169 4590 ex
2216 4534 2403 4591 eodem
2452 4535 2561 4589 fetu
2618 4552 2779 4591 canes
2811 4537 2946 4592 adeo
2976 4538 3270 4593 acerrimos
3315 4547 3369 4593 et
3398 4537 3597 4603 fortes,
3629 4551 3691 4596 nt

2100 4630 2155 4681 in
2204 4628 2483 4696 complexu
2538 4628 2721 4681 leones
2772 4637 3139 4696 prosternant.
3202 4628 3375 4684 Catuli
3423 4645 3555 4703 ergo
3610 4633 3685 4687 si-

2101 4716 2357 4787 gnificant
2402 4716 2646 4785 gentiles.
2698 4715 2852 4771 Unde
2907 4725 2992 4772 est
3048 4718 3101 4771 in
3158 4719 3479 4790 Evangelio,
3545 4724 3689 4793 quod

2103 4808 2513 4878 Syropliaznissa
2562 4806 2791 4872 mulier,
2843 4808 2928 4861 cui
2985 4808 3243 4864 Dominus
3290 4810 3408 4865 ait:
3444 4811 3569 4865 Non
3612 4822 3688 4867 est

2101 4897 2291 4949 bonum
2334 4915 2535 4951 sumere
2573 4914 2757 4967 panem
2801 4898 3073 4966 ﬁliorum,
3118 4911 3167 4954 et
3209 4902 3407 4955 mittere
3469 4904 3684 4957 canibus

2106 4986 2338 5057 (Matth.
2393 4986 2528 5058 xv),
2584 4990 2862 5058 respondit
2900 4990 2948 5043 ei
2994 4989 3178 5045 dicens
3228 5007 3240 5042 :
3289 4992 3447 5044 etiam
3501 4982 3684 5046 Domi-

2106 5096 2196 5143 ne,
2246 5096 2365 5132 nam
2406 5089 2452 5134 et
2501 5080 2673 5133 catelli
2717 5081 2874 5134 edunt
2918 5082 2981 5134 de
3044 5082 3192 5136 micis
3240 5099 3358 5152 qua:
3388 5085 3582 5140 cadunt
3620 5087 3682 5141 de

2104 5186 2282 5223 mensa
2331 5170 2660 5223 dominorum
2694 5186 2929 5223 suorum.
2975 5169 3156 5225 Mensa
3189 5172 3387 5243 quippe
3435 5182 3519 5229 est
3549 5175 3682 5230 scri-

2102 5267 2261 5328 ptura
2288 5273 2463 5323 sacra,
2493 5274 2611 5328 quae
2646 5260 2800 5314 nobis
2825 5274 3015 5329 panem
3036 5261 3162 5317 vitae
3187 5262 3492 5328 ministrat,
3531 5268 3679 5323 micae

2105 5366 2410 5421 puerorum,
2448 5352 2657 5405 interna
2695 5359 2820 5406 sunt
2846 5353 3098 5422 mysteria
3126 5352 3678 5425 Scripturarum,qui-

2104 5442 2204 5496 bus
2238 5441 2515 5496 humilium
2569 5440 2743 5495 solent
2794 5443 2954 5497 corda
3007 5457 3296 5513 puerorum
3340 5442 3510 5500 refici.
3564 5445 3675 5499 Non

2101 5550 2230 5605 ergo
2261 5543 2471 5589 crustas
2497 5574 2511 5597 ,
2558 5532 2650 5586 sed
2684 5533 2848 5588 micas
2893 5534 2960 5587 de
2988 5548 3125 5604 pane
3176 5548 3467 5603 puerorum
3514 5537 3674 5592 edunt

2098 5629 2274 5684 catelli
2299 5648 2310 5682 :
2342 5628 2465 5698 quia
2489 5627 2729 5682 conversi
2759 5627 2827 5683 ad
2855 5626 3033 5691 fidem,
3062 5627 3152 5695 qui
3174 5636 3333 5683 erant
3357 5626 3594 5696 despecti
3623 5626 3673 5680 in

2100 5720 2347 5789 gentibus
2379 5734 2483 5773 non
2514 5717 2708 5774 littera:
2759 5715 3099 5786 superficiem
3149 5715 3203 5772 in
3233 5715 3555 5789 scripturis,
3585 5715 3675 5773 sed
