  <div class='ocr_page' id='page_1' title='image "/cluster/home/n/w/nwhite01/storage/ocr_20150623/111/uva.x000827067/120.png"; bbox 0 0 3930 6322; ppageno 0'>
   <div class='ocr_carea' id='block_1_1' title="bbox 193 401 292 458">
    <p class='ocr_par' dir='ltr' id='par_1_1' title="bbox 193 401 292 458">
     <span class='ocr_line' id='line_1_1' title="bbox 193 401 292 458; baseline 0 0"><span class='ocrx_word' id='word_1_1' title='bbox 193 401 292 458; x_wconf 71' lang='lat'><strong>225</strong></span> 
     </span>
    </p>
   </div>
   <div class='ocr_carea' id='block_1_2' title="bbox 1140 415 2478 477">
    <p class='ocr_par' dir='ltr' id='par_1_2' title="bbox 1140 415 2478 477">
     <span class='ocr_line' id='line_1_2' title="bbox 1140 415 2478 477; baseline 0.004 -7"><span class='ocrx_word' id='word_1_2' title='bbox 1140 415 1226 470; x_wconf 87' lang='lat' dir='ltr'><strong>DE</strong></span> <span class='ocrx_word' id='word_1_3' title='bbox 1267 415 1612 472; x_wconf 75' lang='lat' dir='ltr'><strong>UNIVERSO</strong></span> <span class='ocrx_word' id='word_1_4' title='bbox 1652 415 1828 472; x_wconf 80' lang='lat' dir='ltr'><strong>LIBRI</strong></span> <span class='ocrx_word' id='word_1_5' title='bbox 1866 417 2031 474; x_wconf 80' lang='lat' dir='ltr'><strong>XXII.</strong></span> <span class='ocrx_word' id='word_1_6' title='bbox 2068 449 2141 460; x_wconf 95' lang='lat'><strong>—</strong></span> <span class='ocrx_word' id='word_1_7' title='bbox 2177 420 2306 475; x_wconf 89' lang='lat' dir='ltr'><strong>LIB.</strong></span> <span class='ocrx_word' id='word_1_8' title='bbox 2345 420 2478 477; x_wconf 84' lang='lat' dir='ltr'><strong>VIII.</strong></span> 
     </span>
    </p>
   </div>
   <div class='ocr_carea' id='block_1_3' title="bbox 3332 431 3435 487">
    <p class='ocr_par' dir='ltr' id='par_1_3' title="bbox 3332 431 3435 487">
     <span class='ocr_line' id='line_1_3' title="bbox 3332 431 3435 487; baseline 0.039 -4"><span class='ocrx_word' id='word_1_9' title='bbox 3332 431 3435 487; x_wconf 75' lang='lat'><strong>2‘26</strong></span> 
     </span>
    </p>
   </div>
   <div class='ocr_carea' id='block_1_4' title="bbox 194 515 3432 610">
    <p class='ocr_par' dir='ltr' id='par_1_4' title="bbox 194 515 3432 610">
     <span class='ocr_line' id='line_1_4' title="bbox 194 515 3432 610; baseline 0.009 -39"><span class='ocrx_word' id='word_1_10' title='bbox 194 515 500 586; x_wconf 73' lang='lat' dir='ltr'><strong>spiritalium</strong></span> <span class='ocrx_word' id='word_1_11' title='bbox 533 533 779 587; x_wconf 87' lang='lat' dir='ltr'><strong>sensum,</strong></span> <span class='ocrx_word' id='word_1_12' title='bbox 810 523 1002 593; x_wconf 89' lang='lat' dir='ltr'><strong>quibus</strong></span> <span class='ocrx_word' id='word_1_13' title='bbox 1055 525 1108 578; x_wconf 83' lang='lat' dir='ltr'><strong>in</strong></span> <span class='ocrx_word' id='word_1_14' title='bbox 1155 526 1310 580; x_wconf 83' lang='lat' dir='ltr'><strong>bonis</strong></span> <span class='ocrx_word' id='word_1_15' title='bbox 1349 528 1556 582; x_wconf 89' lang='lat' dir='ltr'><strong>actibus</strong></span> <span class='ocrx_word' id='word_1_16' title='bbox 1596 528 1763 596; x_wconf 90' lang='lat' dir='ltr'><strong>proﬁ-</strong></span> <span class='ocrx_word' id='word_1_17' title='bbox 1792 537 1844 596; x_wconf 81' lang='grc' dir='ltr'><strong>Α</strong></span> <span class='ocrx_word' id='word_1_18' title='bbox 1869 546 1990 584; x_wconf 92' lang='lat' dir='ltr'><strong>cum</strong></span> <span class='ocrx_word' id='word_1_19' title='bbox 2024 531 2134 584; x_wconf 91' lang='lat' dir='ltr'><strong>vim</strong></span> <span class='ocrx_word' id='word_1_20' title='bbox 2166 547 2318 586; x_wconf 91' lang='lat' dir='ltr'><strong>suam</strong></span> <span class='ocrx_word' id='word_1_21' title='bbox 2363 534 2638 598; x_wconf 71' lang='lat' dir='ltr'><strong>transfert,</strong></span> <span class='ocrx_word' id='word_1_22' title='bbox 2673 534 2896 605; x_wconf 89' lang='lat' dir='ltr'><strong>decepta</strong></span> <span class='ocrx_word' id='word_1_23' title='bbox 2924 537 3233 608; x_wconf 79' lang='lat' dir='ltr'><strong>corripitur.</strong></span> <span class='ocrx_word' id='word_1_24' title='bbox 3278 542 3432 610; x_wconf 88' lang='lat' dir='ltr'><strong>Melo,</strong></span> 
     </span>
    </p>
   </div>
   <div class='ocr_carea' id='block_1_5' title="bbox 192 607 1752 690">
    <p class='ocr_par' dir='ltr' id='par_1_5' title="bbox 192 607 1752 690">
     <span class='ocr_line' id='line_1_5' title="bbox 192 607 1752 690; baseline 0.008 -28"><span class='ocrx_word' id='word_1_25' title='bbox 192 623 305 664; x_wconf 90' lang='lat' dir='ltr'><strong>cere</strong></span> <span class='ocrx_word' id='word_1_26' title='bbox 323 611 549 674; x_wconf 79' lang='lat' dir='ltr'><strong>valeant,</strong></span> <span class='ocrx_word' id='word_1_27' title='bbox 583 613 876 683; x_wconf 83' lang='lat' dir='ltr'><strong>inquirunt.</strong></span> <span class='ocrx_word' id='word_1_28' title='bbox 915 616 1109 686; x_wconf 89' lang='lat' dir='ltr'><strong>Vulpes</strong></span> <span class='ocrx_word' id='word_1_29' title='bbox 1136 607 1296 683; x_wconf 86' lang='lat' dir='ltr'><strong>dieta,</strong></span> <span class='ocrx_word' id='word_1_30' title='bbox 1331 623 1481 689; x_wconf 87' lang='lat' dir='ltr'><strong>quasi</strong></span> <span class='ocrx_word' id='word_1_31' title='bbox 1513 621 1752 690; x_wconf 84' lang='lat' dir='ltr'><strong>volupcs.</strong></span> 
     </span>
    </p>
   </div>
   <div class='ocr_carea' id='block_1_6' title="bbox 192 697 1755 780">
    <p class='ocr_par' dir='ltr' id='par_1_6' title="bbox 192 697 1755 780">
     <span class='ocr_line' id='line_1_6' title="bbox 192 697 1755 780; baseline 0.009 -29"><span class='ocrx_word' id='word_1_32' title='bbox 192 697 280 752; x_wconf 81' lang='lat' dir='ltr'><strong>Est</strong></span> <span class='ocrx_word' id='word_1_33' title='bbox 327 701 465 753; x_wconf 90' lang='lat' dir='ltr'><strong>enim</strong></span> <span class='ocrx_word' id='word_1_34' title='bbox 500 701 824 759; x_wconf 81' lang='lat' dir='ltr'><strong>volubilibus</strong></span> <span class='ocrx_word' id='word_1_35' title='bbox 874 709 1134 775; x_wconf 85' lang='lat' dir='ltr'><strong>pedibus,</strong></span> <span class='ocrx_word' id='word_1_36' title='bbox 1186 718 1238 762; x_wconf 90' lang='lat' dir='ltr'><strong>et</strong></span> <span class='ocrx_word' id='word_1_37' title='bbox 1273 727 1545 780; x_wconf 87' lang='lat' dir='ltr'><strong>nunquam</strong></span> <span class='ocrx_word' id='word_1_38' title='bbox 1595 713 1755 766; x_wconf 90' lang='lat' dir='ltr'><strong>rectis</strong></span> 
     </span>
    </p>
   </div>
   <div class='ocr_carea' id='block_1_7' title="bbox 192 788 1756 854">
    <p class='ocr_par' dir='ltr' id='par_1_7' title="bbox 192 788 1756 854">
     <span class='ocr_line' id='line_1_7' title="bbox 192 788 1756 854; baseline 0.009 -13"><span class='ocrx_word' id='word_1_39' title='bbox 192 788 482 853; x_wconf 90' lang='lat' dir='ltr'><strong>itincribus,</strong></span> <span class='ocrx_word' id='word_1_40' title='bbox 512 791 605 844; x_wconf 89' lang='lat' dir='ltr'><strong>sed</strong></span> <span class='ocrx_word' id='word_1_41' title='bbox 637 796 893 849; x_wconf 88' lang='lat' dir='ltr'><strong>tortuosis</strong></span> <span class='ocrx_word' id='word_1_42' title='bbox 930 795 1260 852; x_wconf 74' lang='lat' dir='ltr'><strong>anfractibus</strong></span> <span class='ocrx_word' id='word_1_43' title='bbox 1289 800 1461 853; x_wconf 91' lang='lat' dir='ltr'><strong>currit</strong></span> <span class='ocrx_word' id='word_1_44' title='bbox 1497 819 1508 853; x_wconf 94' lang='lat'>:</span> <span class='ocrx_word' id='word_1_45' title='bbox 1545 798 1756 854; x_wconf 86' lang='lat' dir='ltr'><strong>fraudu-</strong></span> 
     </span>
    </p>
   </div>
   <div class='ocr_carea' id='block_1_8' title="bbox 189 876 1753 955">
    <p class='ocr_par' dir='ltr' id='par_1_8' title="bbox 189 876 1753 955">
     <span class='ocr_line' id='line_1_8' title="bbox 189 876 1753 955; baseline 0.007 -24"><span class='ocrx_word' id='word_1_46' title='bbox 189 876 378 931; x_wconf 87' lang='lat' dir='ltr'><strong>lentum</strong></span> <span class='ocrx_word' id='word_1_47' title='bbox 409 879 611 933; x_wconf 88' lang='lat' dir='ltr'><strong>animal</strong></span> <span class='ocrx_word' id='word_1_48' title='bbox 643 882 958 952; x_wconf 87' lang='lat' dir='ltr'><strong>insidiisque</strong></span> <span class='ocrx_word' id='word_1_49' title='bbox 985 883 1274 955; x_wconf 91' lang='lat' dir='ltr'><strong>decipiens.</strong></span> <span class='ocrx_word' id='word_1_50' title='bbox 1307 887 1440 940; x_wconf 82' lang='lat' dir='ltr'><strong>Nam</strong></span> <span class='ocrx_word' id='word_1_51' title='bbox 1477 888 1601 942; x_wconf 92' lang='lat' dir='ltr'><strong>dum</strong></span> <span class='ocrx_word' id='word_1_52' title='bbox 1646 904 1753 943; x_wconf 92' lang='lat' dir='ltr'><strong>non</strong></span> 
     </span>
    </p>
   </div>
   <div class='ocr_carea' id='block_1_9' title="bbox 189 966 1753 1046">
    <p class='ocr_par' dir='ltr' id='par_1_9' title="bbox 189 966 1753 1046">
     <span class='ocr_line' id='line_1_9' title="bbox 189 966 1753 1046; baseline 0.008 -24"><span class='ocrx_word' id='word_1_53' title='bbox 189 966 424 1022; x_wconf 77' lang='lat' dir='ltr'><strong>habuerit</strong></span> <span class='ocrx_word' id='word_1_54' title='bbox 447 983 629 1024; x_wconf 90' lang='lat' dir='ltr'><strong>eseam</strong></span> <span class='ocrx_word' id='word_1_55' title='bbox 662 972 815 1044; x_wconf 91' lang='lat' dir='ltr'><strong>ﬁngit</strong></span> <span class='ocrx_word' id='word_1_56' title='bbox 843 985 1103 1040; x_wconf 88' lang='lat' dir='ltr'><strong>mortem,</strong></span> <span class='ocrx_word' id='word_1_57' title='bbox 1135 977 1320 1046; x_wconf 88' lang='lat' dir='ltr'><strong>sicque</strong></span> <span class='ocrx_word' id='word_1_58' title='bbox 1365 978 1753 1035; x_wconf 88' lang='lat' dir='ltr'><strong>descendentes</strong></span> 
     </span>
    </p>
   </div>
   <div class='ocr_carea' id='block_1_10' title="bbox 187 1057 1752 1138">
    <p class='ocr_par' dir='ltr' id='par_1_10' title="bbox 187 1057 1752 1138">
     <span class='ocr_line' id='line_1_10' title="bbox 187 1057 1752 1138; baseline 0.01 -29"><span class='ocrx_word' id='word_1_59' title='bbox 187 1057 328 1127; x_wconf 90' lang='lat' dir='ltr'><strong>quasi</strong></span> <span class='ocrx_word' id='word_1_60' title='bbox 364 1060 430 1112; x_wconf 92' lang='lat' dir='ltr'><strong>ad</strong></span> <span class='ocrx_word' id='word_1_61' title='bbox 455 1061 690 1117; x_wconf 85' lang='lat' dir='ltr'><strong>cadaver</strong></span> <span class='ocrx_word' id='word_1_62' title='bbox 717 1079 842 1118; x_wconf 91' lang='lat' dir='ltr'><strong>aves</strong></span> <span class='ocrx_word' id='word_1_63' title='bbox 869 1067 1005 1135; x_wconf 86' lang='lat' dir='ltr'><strong>rapit</strong></span> <span class='ocrx_word' id='word_1_64' title='bbox 1031 1074 1084 1121; x_wconf 90' lang='lat' dir='ltr'><strong>et</strong></span> <span class='ocrx_word' id='word_1_65' title='bbox 1114 1068 1354 1122; x_wconf 89' lang='lat' dir='ltr'><strong>devorat.</strong></span> <span class='ocrx_word' id='word_1_66' title='bbox 1386 1068 1584 1138; x_wconf 84' lang='lat' dir='ltr'><strong>Vulpes</strong></span> <span class='ocrx_word' id='word_1_67' title='bbox 1609 1070 1752 1124; x_wconf 93' lang='lat' dir='ltr'><strong>enim</strong></span> 
     </span>
    </p>
   </div>
   <div class='ocr_carea' id='block_1_11' title="bbox 187 1148 1754 1222">
    <p class='ocr_par' dir='ltr' id='par_1_11' title="bbox 187 1148 1754 1222">
     <span class='ocr_line' id='line_1_11' title="bbox 187 1148 1754 1222; baseline 0.01 -22"><span class='ocrx_word' id='word_1_68' title='bbox 187 1148 404 1217; x_wconf 83' lang='lat' dir='ltr'><strong>mystice</strong></span> <span class='ocrx_word' id='word_1_69' title='bbox 452 1150 728 1206; x_wconf 88' lang='lat' dir='ltr'><strong>diabolum</strong></span> <span class='ocrx_word' id='word_1_70' title='bbox 773 1154 1013 1210; x_wconf 89' lang='lat' dir='ltr'><strong>dolosum</strong></span> <span class='ocrx_word' id='word_1_71' title='bbox 1041 1198 1054 1222; x_wconf 93' lang='lat'><strong>,</strong></span> <span class='ocrx_word' id='word_1_72' title='bbox 1105 1158 1190 1212; x_wconf 90' lang='lat' dir='ltr'><strong>vel</strong></span> <span class='ocrx_word' id='word_1_73' title='bbox 1243 1159 1558 1214; x_wconf 70' lang='lat' dir='ltr'><strong>hazrctieum</strong></span> <span class='ocrx_word' id='word_1_74' title='bbox 1605 1161 1754 1215; x_wconf 85' lang='lat' dir='ltr'><strong>calli-</strong></span> 
     </span>
    </p>
   </div>
   <div class='ocr_carea' id='block_1_12' title="bbox 186 1235 1752 1318">
    <p class='ocr_par' dir='ltr' id='par_1_12' title="bbox 186 1235 1752 1318">
     <span class='ocr_line' id='line_1_12' title="bbox 186 1235 1752 1318; baseline 0.01 -28"><span class='ocrx_word' id='word_1_75' title='bbox 186 1235 320 1300; x_wconf 87' lang='lat' dir='ltr'><strong>dum,</strong></span> <span class='ocrx_word' id='word_1_76' title='bbox 351 1239 464 1294; x_wconf 87' lang='lat' dir='ltr'><strong>sive</strong></span> <span class='ocrx_word' id='word_1_77' title='bbox 491 1251 838 1310; x_wconf 90' lang='lat' dir='ltr'><strong>peccatorem</strong></span> <span class='ocrx_word' id='word_1_78' title='bbox 869 1245 1142 1301; x_wconf 89' lang='lat' dir='ltr'><strong>hominem</strong></span> <span class='ocrx_word' id='word_1_79' title='bbox 1175 1247 1461 1318; x_wconf 88' lang='lat' dir='ltr'><strong>signiﬁcat.</strong></span> <span class='ocrx_word' id='word_1_80' title='bbox 1505 1249 1658 1306; x_wconf 90' lang='lat' dir='ltr'><strong>Unde</strong></span> <span class='ocrx_word' id='word_1_81' title='bbox 1687 1253 1752 1306; x_wconf 93' lang='lat' dir='ltr'><strong>de</strong></span> 
     </span>
    </p>
   </div>
   <div class='ocr_carea' id='block_1_13' title="bbox 184 1324 1750 1410">
    <p class='ocr_par' dir='ltr' id='par_1_13' title="bbox 184 1324 1750 1410">
     <span class='ocr_line' id='line_1_13' title="bbox 184 1324 1750 1410; baseline 0.009 -30"><span class='ocrx_word' id='word_1_82' title='bbox 184 1324 382 1382; x_wconf 79' lang='lat' dir='ltr'><strong>Herode</strong></span> <span class='ocrx_word' id='word_1_83' title='bbox 405 1330 666 1388; x_wconf 89' lang='lat' dir='ltr'><strong>Dominus</strong></span> <span class='ocrx_word' id='word_1_84' title='bbox 691 1333 767 1387; x_wconf 89' lang='lat' dir='ltr'><strong>ait</strong></span> <span class='ocrx_word' id='word_1_85' title='bbox 798 1335 850 1388; x_wconf 91' lang='lat' dir='ltr'><strong>in</strong></span> <span class='ocrx_word' id='word_1_86' title='bbox 878 1335 1168 1406; x_wconf 88' lang='lat' dir='ltr'><strong>Evangelio</strong></span> <span class='ocrx_word' id='word_1_87' title='bbox 1197 1353 1212 1390; x_wconf 88' lang='lat'><strong>:</strong></span> <span class='ocrx_word' id='word_1_88' title='bbox 1253 1338 1335 1393; x_wconf 83' lang='lat' dir='ltr'><strong>Ite</strong></span> <span class='ocrx_word' id='word_1_89' title='bbox 1355 1379 1368 1404; x_wconf 94' lang='lat'><strong>,</strong></span> <span class='ocrx_word' id='word_1_90' title='bbox 1415 1338 1572 1393; x_wconf 84' lang='lat' dir='ltr'><strong>dicite</strong></span> <span class='ocrx_word' id='word_1_91' title='bbox 1610 1341 1750 1410; x_wconf 83' lang='lat' dir='ltr'><strong>vulpi</strong></span> 
     </span>
    </p>
   </div>
   <div class='ocr_carea' id='block_1_14' title="bbox 183 1417 1752 1500">
    <p class='ocr_par' dir='ltr' id='par_1_14' title="bbox 183 1417 1752 1500">
     <span class='ocr_line' id='line_1_14' title="bbox 183 1417 1752 1500; baseline 0.01 -32"><span class='ocrx_word' id='word_1_92' title='bbox 183 1417 253 1469; x_wconf 85' lang='lat' dir='ltr'><strong>illi</strong></span> <span class='ocrx_word' id='word_1_93' title='bbox 289 1418 434 1488; x_wconf 89' lang='lat' dir='ltr'><strong>(Luc.</strong></span> <span class='ocrx_word' id='word_1_94' title='bbox 481 1422 628 1494; x_wconf 82' lang='lat' dir='ltr'><strong>xm).</strong></span> <span class='ocrx_word' id='word_1_95' title='bbox 658 1424 725 1480; x_wconf 88' lang='lat' dir='ltr'><strong>Et</strong></span> <span class='ocrx_word' id='word_1_96' title='bbox 752 1425 873 1480; x_wconf 89' lang='lat' dir='ltr'><strong>alibi</strong></span> <span class='ocrx_word' id='word_1_97' title='bbox 914 1444 925 1478; x_wconf 88' lang='lat'><strong>:</strong></span> <span class='ocrx_word' id='word_1_98' title='bbox 965 1426 1177 1496; x_wconf 85' lang='lat' dir='ltr'><strong>Vulpes,</strong></span> <span class='ocrx_word' id='word_1_99' title='bbox 1211 1430 1414 1500; x_wconf 85' lang='lat' dir='ltr'><strong>inquit,</strong></span> <span class='ocrx_word' id='word_1_100' title='bbox 1446 1432 1619 1500; x_wconf 80' lang='lat' dir='ltr'><strong>foveas</strong></span> <span class='ocrx_word' id='word_1_101' title='bbox 1658 1433 1752 1484; x_wconf 84' lang='lat' dir='ltr'><strong>ha-</strong></span> 
     </span>
    </p>
   </div>
   <div class='ocr_carea' id='block_1_15' title="bbox 183 1503 1752 1591">
    <p class='ocr_par' dir='ltr' id='par_1_15' title="bbox 183 1503 1752 1591">
     <span class='ocr_line' id='line_1_15' title="bbox 183 1503 1752 1591; baseline 0.01 -30"><span class='ocrx_word' id='word_1_102' title='bbox 183 1507 321 1561; x_wconf 83' lang='lat' dir='ltr'><strong>beant</strong></span> <span class='ocrx_word' id='word_1_103' title='bbox 349 1526 367 1563; x_wconf 88' lang='lat'><strong><em>:</em></strong></span> <span class='ocrx_word' id='word_1_104' title='bbox 393 1522 441 1565; x_wconf 89' lang='lat' dir='ltr'><strong>et</strong></span> <span class='ocrx_word' id='word_1_105' title='bbox 477 1513 713 1568; x_wconf 83' lang='lat' dir='ltr'><strong>volucres</strong></span> <span class='ocrx_word' id='word_1_106' title='bbox 735 1516 847 1569; x_wconf 68' lang='lat' dir='ltr'><strong>coeli</strong></span> <span class='ocrx_word' id='word_1_107' title='bbox 870 1517 1019 1570; x_wconf 90' lang='lat' dir='ltr'><strong>nidos</strong></span> <span class='ocrx_word' id='word_1_108' title='bbox 1053 1503 1443 1590; x_wconf 37' lang='lat' dir='ltr'><strong>(Matthfvut);</strong></span> <span class='ocrx_word' id='word_1_109' title='bbox 1479 1521 1533 1575; x_wconf 90' lang='lat' dir='ltr'><strong>in</strong></span> <span class='ocrx_word' id='word_1_110' title='bbox 1582 1521 1752 1591; x_wconf 81' lang='lat' dir='ltr'><strong>vulpi-</strong></span> 
     </span>
    </p>
   </div>
   <div class='ocr_carea' id='block_1_16' title="bbox 182 1597 1751 1678">
    <p class='ocr_par' dir='ltr' id='par_1_16' title="bbox 182 1597 1751 1678">
     <span class='ocr_line' id='line_1_16' title="bbox 182 1597 1751 1678; baseline 0.008 -27"><span class='ocrx_word' id='word_1_111' title='bbox 182 1597 273 1653; x_wconf 92' lang='lat' dir='ltr'><strong>bus</strong></span> <span class='ocrx_word' id='word_1_112' title='bbox 304 1599 608 1666; x_wconf 66' lang='lat' dir='ltr'><strong>htrreticos,</strong></span> <span class='ocrx_word' id='word_1_113' title='bbox 641 1606 775 1658; x_wconf 91' lang='lat' dir='ltr'><strong>etin</strong></span> <span class='ocrx_word' id='word_1_114' title='bbox 815 1606 1122 1661; x_wconf 89' lang='lat' dir='ltr'><strong>volucribus</strong></span> <span class='ocrx_word' id='word_1_115' title='bbox 1171 1608 1292 1662; x_wconf 85' lang='lat' dir='ltr'><strong>coeli</strong></span> <span class='ocrx_word' id='word_1_116' title='bbox 1339 1609 1600 1676; x_wconf 85' lang='lat' dir='ltr'><strong>malignos</strong></span> <span class='ocrx_word' id='word_1_117' title='bbox 1639 1610 1751 1678; x_wconf 85' lang='lat' dir='ltr'><strong>spi-</strong></span> 
     </span>
    </p>
   </div>
   <div class='ocr_carea' id='block_1_17' title="bbox 181 1691 1750 1766">
    <p class='ocr_par' dir='ltr' id='par_1_17' title="bbox 181 1691 1750 1766">
     <span class='ocr_line' id='line_1_17' title="bbox 181 1691 1750 1766; baseline 0.007 -22"><span class='ocrx_word' id='word_1_118' title='bbox 181 1691 306 1746; x_wconf 88' lang='lat' dir='ltr'><strong>ritus</strong></span> <span class='ocrx_word' id='word_1_119' title='bbox 329 1694 662 1763; x_wconf 82' lang='lat' dir='ltr'><strong>exprimens,</strong></span> <span class='ocrx_word' id='word_1_120' title='bbox 693 1696 785 1764; x_wconf 89' lang='lat' dir='ltr'><strong>qui</strong></span> <span class='ocrx_word' id='word_1_121' title='bbox 811 1697 865 1750; x_wconf 93' lang='lat' dir='ltr'><strong>in</strong></span> <span class='ocrx_word' id='word_1_122' title='bbox 887 1699 1195 1766; x_wconf 89' lang='lat' dir='ltr'><strong>pectoribus</strong></span> <span class='ocrx_word' id='word_1_123' title='bbox 1221 1700 1470 1756; x_wconf 88' lang='lat' dir='ltr'><strong>humanis</strong></span> <span class='ocrx_word' id='word_1_124' title='bbox 1497 1701 1597 1756; x_wconf 86' lang='lat' dir='ltr'><strong>sibi</strong></span> <span class='ocrx_word' id='word_1_125' title='bbox 1626 1701 1750 1755; x_wconf 88' lang='lat' dir='ltr'><strong>lati-</strong></span> 
     </span>
    </p>
   </div>
   <div class='ocr_carea' id='block_1_18' title="bbox 178 1783 1751 1862">
    <p class='ocr_par' dir='ltr' id='par_1_18' title="bbox 178 1783 1751 1862">
     <span class='ocr_line' id='line_1_18' title="bbox 178 1783 1751 1862; baseline 0.006 -25"><span class='ocrx_word' id='word_1_126' title='bbox 178 1783 295 1838; x_wconf 89' lang='lat' dir='ltr'><strong>bula</strong></span> <span class='ocrx_word' id='word_1_127' title='bbox 315 1795 582 1855; x_wconf 70' lang='lat' dir='ltr'><strong>quaerunt,</strong></span> <span class='ocrx_word' id='word_1_128' title='bbox 609 1788 700 1843; x_wconf 91' lang='lat' dir='ltr'><strong>ubi</strong></span> <span class='ocrx_word' id='word_1_129' title='bbox 723 1791 1093 1860; x_wconf 88' lang='lat' dir='ltr'><strong>suggestiones</strong></span> <span class='ocrx_word' id='word_1_130' title='bbox 1116 1807 1241 1846; x_wconf 90' lang='lat' dir='ltr'><strong>suas</strong></span> <span class='ocrx_word' id='word_1_131' title='bbox 1275 1807 1560 1862; x_wconf 75' lang='lat' dir='ltr'><strong>perversae</strong></span> <span class='ocrx_word' id='word_1_132' title='bbox 1584 1793 1751 1848; x_wconf 87' lang='lat' dir='ltr'><strong>inter-</strong></span> 
     </span>
    </p>
   </div>
   <div class='ocr_carea' id='block_1_19' title="bbox 1855 621 3435 698">
    <p class='ocr_par' dir='ltr' id='par_1_19' title="bbox 1855 621 3435 698">
     <span class='ocr_line' id='line_1_19' title="bbox 1855 621 3435 698; baseline 0.011 -26"><span class='ocrx_word' id='word_1_133' title='bbox 1855 621 1938 673; x_wconf 90' lang='lat' dir='ltr'><strong>vel</strong></span> <span class='ocrx_word' id='word_1_134' title='bbox 1970 622 2114 689; x_wconf 91' lang='lat' dir='ltr'><strong>quod</strong></span> <span class='ocrx_word' id='word_1_135' title='bbox 2145 623 2217 675; x_wconf 86' lang='lat' dir='ltr'><strong>sit</strong></span> <span class='ocrx_word' id='word_1_136' title='bbox 2246 625 2630 678; x_wconf 89' lang='lat' dir='ltr'><strong>rotundissimo</strong></span> <span class='ocrx_word' id='word_1_137' title='bbox 2668 627 2931 692; x_wconf 88' lang='lat' dir='ltr'><strong>membro,</strong></span> <span class='ocrx_word' id='word_1_138' title='bbox 2978 627 3062 681; x_wconf 90' lang='lat' dir='ltr'><strong>vel</strong></span> <span class='ocrx_word' id='word_1_139' title='bbox 3115 631 3257 698; x_wconf 92' lang='lat' dir='ltr'><strong>quod</strong></span> <span class='ocrx_word' id='word_1_140' title='bbox 3289 631 3435 690; x_wconf 86' lang='lat' dir='ltr'><strong>favos</strong></span> 
     </span>
    </p>
   </div>
   <div class='ocr_carea' id='block_1_20' title="bbox 1854 711 3434 790">
    <p class='ocr_par' dir='ltr' id='par_1_20' title="bbox 1854 711 3434 790">
     <span class='ocr_line' id='line_1_20' title="bbox 1854 711 3434 790; baseline 0.011 -29"><span class='ocrx_word' id='word_1_141' title='bbox 1854 717 2030 776; x_wconf 85' lang='lat' dir='ltr'><strong>petat,</strong></span> <span class='ocrx_word' id='word_1_142' title='bbox 2087 719 2144 765; x_wconf 94' lang='lat' dir='ltr'><strong>et</strong></span> <span class='ocrx_word' id='word_1_143' title='bbox 2179 711 2394 766; x_wconf 87' lang='lat' dir='ltr'><strong>assidue</strong></span> <span class='ocrx_word' id='word_1_144' title='bbox 2435 713 2593 767; x_wconf 89' lang='lat' dir='ltr'><strong>mella</strong></span> <span class='ocrx_word' id='word_1_145' title='bbox 2643 722 2840 782; x_wconf 88' lang='lat' dir='ltr'><strong>captet.</strong></span> <span class='ocrx_word' id='word_1_146' title='bbox 2895 716 3064 770; x_wconf 87' lang='lat' dir='ltr'><strong>Musio</strong></span> <span class='ocrx_word' id='word_1_147' title='bbox 3115 720 3434 790; x_wconf 81' lang='lat' dir='ltr'><strong>appellatus,</strong></span> 
     </span>
    </p>
   </div>
   <div class='ocr_carea' id='block_1_21' title="bbox 1855 800 3436 877">
    <p class='ocr_par' dir='ltr' id='par_1_21' title="bbox 1855 800 3436 877">
     <span class='ocr_line' id='line_1_21' title="bbox 1855 800 3436 877; baseline 0.011 -25"><span class='ocrx_word' id='word_1_148' title='bbox 1855 800 1996 868; x_wconf 90' lang='lat' dir='ltr'><strong>quod</strong></span> <span class='ocrx_word' id='word_1_149' title='bbox 2045 802 2292 856; x_wconf 90' lang='lat' dir='ltr'><strong>muribus</strong></span> <span class='ocrx_word' id='word_1_150' title='bbox 2335 801 2558 858; x_wconf 87' lang='lat' dir='ltr'><strong>infestus</strong></span> <span class='ocrx_word' id='word_1_151' title='bbox 2605 805 2694 859; x_wconf 89' lang='lat' dir='ltr'><strong>sit.</strong></span> <span class='ocrx_word' id='word_1_152' title='bbox 2761 804 2912 860; x_wconf 86' lang='lat' dir='ltr'><strong>Hunc</strong></span> <span class='ocrx_word' id='word_1_153' title='bbox 2951 808 3141 877; x_wconf 88' lang='lat' dir='ltr'><strong>vulgus</strong></span> <span class='ocrx_word' id='word_1_154' title='bbox 3196 826 3356 867; x_wconf 90' lang='lat' dir='ltr'><strong>caum</strong></span> <span class='ocrx_word' id='word_1_155' title='bbox 3404 828 3436 867; x_wconf 76' lang='grc' dir='ltr'><strong>ιι</strong></span> 
     </span>
    </p>
   </div>
   <div class='ocr_carea' id='block_1_22' title="bbox 1854 892 3433 964">
    <p class='ocr_par' dir='ltr' id='par_1_22' title="bbox 1854 892 3433 964">
     <span class='ocr_line' id='line_1_22' title="bbox 1854 892 3433 964; baseline 0.008 -22"><span class='ocrx_word' id='word_1_156' title='bbox 1854 898 2076 958; x_wconf 91' lang='lat' dir='ltr'><strong>captura</strong></span> <span class='ocrx_word' id='word_1_157' title='bbox 2119 899 2296 946; x_wconf 89' lang='lat' dir='ltr'><strong>vocat.</strong></span> <span class='ocrx_word' id='word_1_158' title='bbox 2330 892 2437 946; x_wconf 85' lang='lat' dir='ltr'><strong>Alii</strong></span> <span class='ocrx_word' id='word_1_159' title='bbox 2477 894 2691 959; x_wconf 91' lang='lat' dir='ltr'><strong>dicunt,</strong></span> <span class='ocrx_word' id='word_1_160' title='bbox 2735 896 2879 963; x_wconf 89' lang='lat' dir='ltr'><strong>quod</strong></span> <span class='ocrx_word' id='word_1_161' title='bbox 2911 904 3076 962; x_wconf 88' lang='lat' dir='ltr'><strong>eatat,</strong></span> <span class='ocrx_word' id='word_1_162' title='bbox 3117 898 3175 951; x_wconf 89' lang='lat' dir='ltr'><strong>id</strong></span> <span class='ocrx_word' id='word_1_163' title='bbox 3223 909 3325 964; x_wconf 91' lang='lat' dir='ltr'><strong>est,</strong></span> <span class='ocrx_word' id='word_1_164' title='bbox 3363 902 3433 954; x_wconf 88' lang='lat' dir='ltr'><strong>vi-</strong></span> 
     </span>
    </p>
   </div>
   <div class='ocr_carea' id='block_1_23' title="bbox 1854 981 3424 1057">
    <p class='ocr_par' dir='ltr' id='par_1_23' title="bbox 1854 981 3424 1057">
     <span class='ocr_line' id='line_1_23' title="bbox 1854 981 3424 1057; baseline 0.008 -24"><span class='ocrx_word' id='word_1_165' title='bbox 1854 981 1996 1034; x_wconf 88' lang='lat' dir='ltr'><strong>deat.</strong></span> <span class='ocrx_word' id='word_1_166' title='bbox 2036 981 2173 1036; x_wconf 86' lang='lat' dir='ltr'><strong>Nam</strong></span> <span class='ocrx_word' id='word_1_167' title='bbox 2235 991 2346 1036; x_wconf 91' lang='lat' dir='ltr'><strong>tam</strong></span> <span class='ocrx_word' id='word_1_168' title='bbox 2397 992 2554 1038; x_wconf 86' lang='lat' dir='ltr'><strong>acute</strong></span> <span class='ocrx_word' id='word_1_169' title='bbox 2600 987 2806 1050; x_wconf 89' lang='lat' dir='ltr'><strong>cernit,</strong></span> <span class='ocrx_word' id='word_1_170' title='bbox 2863 996 2921 1040; x_wconf 94' lang='lat' dir='ltr'><strong>ut</strong></span> <span class='ocrx_word' id='word_1_171' title='bbox 2959 985 3169 1057; x_wconf 76' lang='lat' dir='ltr'><strong>fulgore</strong></span> <span class='ocrx_word' id='word_1_172' title='bbox 3215 989 3424 1046; x_wconf 82' lang='lat' dir='ltr'><strong>luminit</strong></span> 
     </span>
    </p>
   </div>
   <div class='ocr_carea' id='block_1_24' title="bbox 1853 1074 3436 1147">
    <p class='ocr_par' dir='ltr' id='par_1_24' title="bbox 1853 1074 3436 1147">
     <span class='ocr_line' id='line_1_24' title="bbox 1853 1074 3436 1147; baseline 0.008 -23"><span class='ocrx_word' id='word_1_173' title='bbox 1853 1077 2030 1126; x_wconf 84' lang='lat' dir='ltr'><strong>noctis</strong></span> <span class='ocrx_word' id='word_1_174' title='bbox 2073 1074 2324 1129; x_wconf 88' lang='lat' dir='ltr'><strong>tenebras</strong></span> <span class='ocrx_word' id='word_1_175' title='bbox 2354 1085 2587 1143; x_wconf 91' lang='lat' dir='ltr'><strong>superet.</strong></span> <span class='ocrx_word' id='word_1_176' title='bbox 2619 1075 2771 1130; x_wconf 89' lang='lat' dir='ltr'><strong>Unde</strong></span> <span class='ocrx_word' id='word_1_177' title='bbox 2806 1091 2836 1129; x_wconf 88' lang='lat' dir='ltr'><strong>a</strong></span> <span class='ocrx_word' id='word_1_178' title='bbox 2860 1075 3048 1133; x_wconf 65' lang='lat' dir='ltr'><strong>Graeco</strong></span> <span class='ocrx_word' id='word_1_179' title='bbox 3076 1078 3222 1133; x_wconf 90' lang='lat' dir='ltr'><strong>venit</strong></span> <span class='ocrx_word' id='word_1_180' title='bbox 3260 1088 3436 1147; x_wconf 86' lang='lat' dir='ltr'><strong>catus,</strong></span> 
     </span>
    </p>
   </div>
   <div class='ocr_carea' id='block_1_25' title="bbox 1854 1161 3434 1231">
    <p class='ocr_par' dir='ltr' id='par_1_25' title="bbox 1854 1161 3434 1231">
     <span class='ocr_line' id='line_1_25' title="bbox 1854 1161 3434 1231; baseline 0.008 -18"><span class='ocrx_word' id='word_1_181' title='bbox 1854 1161 1908 1214; x_wconf 90' lang='lat' dir='ltr'><strong>id</strong></span> <span class='ocrx_word' id='word_1_182' title='bbox 1927 1169 2027 1225; x_wconf 91' lang='lat' dir='ltr'><strong>est,</strong></span> <span class='ocrx_word' id='word_1_183' title='bbox 2059 1162 2389 1230; x_wconf 82' lang='lat' dir='ltr'><strong>ingeniosus.</strong></span> <span class='ocrx_word' id='word_1_184' title='bbox 2417 1164 2652 1218; x_wconf 83' lang='lat' dir='ltr'><strong>Venator</strong></span> <span class='ocrx_word' id='word_1_185' title='bbox 2700 1164 2950 1220; x_wconf 90' lang='lat' dir='ltr'><strong>Christus</strong></span> <span class='ocrx_word' id='word_1_186' title='bbox 2985 1175 3087 1231; x_wconf 88' lang='lat' dir='ltr'><strong>est,</strong></span> <span class='ocrx_word' id='word_1_187' title='bbox 3117 1176 3175 1222; x_wconf 91' lang='lat' dir='ltr'><strong>ut</strong></span> <span class='ocrx_word' id='word_1_188' title='bbox 3214 1169 3270 1224; x_wconf 91' lang='lat' dir='ltr'><strong>in</strong></span> <span class='ocrx_word' id='word_1_189' title='bbox 3297 1169 3434 1225; x_wconf 87' lang='lat' dir='ltr'><strong>Isaia</strong></span> 
     </span>
    </p>
   </div>
   <div class='ocr_carea' id='block_1_26' title="bbox 1853 1253 3438 1324">
    <p class='ocr_par' dir='ltr' id='par_1_26' title="bbox 1853 1253 3438 1324">
     <span class='ocr_line' id='line_1_26' title="bbox 1853 1253 3438 1324; baseline 0.006 -19"><span class='ocrx_word' id='word_1_190' title='bbox 1853 1253 2146 1307; x_wconf 89' lang='lat' dir='ltr'><strong>secundum</strong></span> <span class='ocrx_word' id='word_1_191' title='bbox 2181 1253 2324 1307; x_wconf 80' lang='lat' dir='ltr'><strong>LXX</strong></span> <span class='ocrx_word' id='word_1_192' title='bbox 2354 1269 2368 1306; x_wconf 88' lang='lat'><strong>:</strong></span> <span class='ocrx_word' id='word_1_193' title='bbox 2402 1253 2536 1308; x_wconf 88' lang='lat' dir='ltr'><strong>Ecce</strong></span> <span class='ocrx_word' id='word_1_194' title='bbox 2575 1255 3010 1324; x_wconf 85' lang='lat' dir='ltr'><strong>quemadmodum</strong></span> <span class='ocrx_word' id='word_1_195' title='bbox 3041 1256 3118 1310; x_wconf 92' lang='lat' dir='ltr'><strong>leo</strong></span> <span class='ocrx_word' id='word_1_196' title='bbox 3149 1269 3241 1311; x_wconf 88' lang='lat' dir='ltr'><strong>aut</strong></span> <span class='ocrx_word' id='word_1_197' title='bbox 3289 1270 3438 1313; x_wconf 89' lang='lat' dir='ltr'><strong>catu-</strong></span> 
     </span>
    </p>
   </div>
   <div class='ocr_carea' id='block_1_27' title="bbox 1853 1342 3438 1419">
    <p class='ocr_par' dir='ltr' id='par_1_27' title="bbox 1853 1342 3438 1419">
     <span class='ocr_line' id='line_1_27' title="bbox 1853 1342 3438 1419; baseline 0.005 -25"><span class='ocrx_word' id='word_1_198' title='bbox 1853 1342 1934 1397; x_wconf 89' lang='lat' dir='ltr'><strong>lus</strong></span> <span class='ocrx_word' id='word_1_199' title='bbox 1965 1343 2126 1398; x_wconf 78' lang='lat' dir='ltr'><strong>leonis</strong></span> <span class='ocrx_word' id='word_1_200' title='bbox 2162 1347 2218 1399; x_wconf 87' lang='lat' dir='ltr'><strong>in</strong></span> <span class='ocrx_word' id='word_1_201' title='bbox 2257 1347 2530 1400; x_wconf 88' lang='lat' dir='ltr'><strong>venatione</strong></span> <span class='ocrx_word' id='word_1_202' title='bbox 2571 1364 2728 1416; x_wconf 89' lang='lat' dir='ltr'><strong>quam</strong></span> <span class='ocrx_word' id='word_1_203' title='bbox 2772 1349 2909 1416; x_wconf 87' lang='lat' dir='ltr'><strong>capit</strong></span> <span class='ocrx_word' id='word_1_204' title='bbox 2956 1347 3093 1419; x_wconf 85' lang='lat' dir='ltr'><strong>(Isa.</strong></span> <span class='ocrx_word' id='word_1_205' title='bbox 3150 1348 3331 1419; x_wconf 74' lang='lat' dir='ltr'><strong>xxxx);</strong></span> <span class='ocrx_word' id='word_1_206' title='bbox 3364 1349 3438 1402; x_wconf 88' lang='lat' dir='ltr'><strong>ita</strong></span> 
     </span>
    </p>
   </div>
   <div class='ocr_carea' id='block_1_28' title="bbox 1854 1433 3432 1505">
    <p class='ocr_par' dir='ltr' id='par_1_28' title="bbox 1854 1433 3432 1505">
     <span class='ocr_line' id='line_1_28' title="bbox 1854 1433 3432 1505; baseline 0.003 -19"><span class='ocrx_word' id='word_1_207' title='bbox 1854 1433 2032 1486; x_wconf 87' lang='lat' dir='ltr'><strong>veniet.</strong></span> <span class='ocrx_word' id='word_1_208' title='bbox 2062 1434 2378 1501; x_wconf 80' lang='lat' dir='ltr'><strong>Venatores,</strong></span> <span class='ocrx_word' id='word_1_209' title='bbox 2407 1435 2650 1504; x_wconf 82' lang='lat' dir='ltr'><strong>Apostoli</strong></span> <span class='ocrx_word' id='word_1_210' title='bbox 2680 1435 2762 1489; x_wconf 88' lang='lat' dir='ltr'><strong>vel</strong></span> <span class='ocrx_word' id='word_1_211' title='bbox 2792 1436 2975 1490; x_wconf 75' lang='lat' dir='ltr'><strong>caeteri</strong></span> <span class='ocrx_word' id='word_1_212' title='bbox 3026 1438 3432 1505; x_wconf 56' lang='lat' dir='ltr'><strong>praedicatores,</strong></span> 
     </span>
    </p>
   </div>
   <div class='ocr_carea' id='block_1_29' title="bbox 1852 1523 3438 1594">
    <p class='ocr_par' dir='ltr' id='par_1_29' title="bbox 1852 1523 3438 1594">
     <span class='ocr_line' id='line_1_29' title="bbox 1852 1523 3438 1594; baseline 0.003 -17"><span class='ocrx_word' id='word_1_213' title='bbox 1852 1531 1913 1577; x_wconf 88' lang='lat' dir='ltr'><strong>ut</strong></span> <span class='ocrx_word' id='word_1_214' title='bbox 1953 1523 2008 1576; x_wconf 87' lang='lat' dir='ltr'><strong>in</strong></span> <span class='ocrx_word' id='word_1_215' title='bbox 2037 1523 2269 1578; x_wconf 64' lang='lat' dir='ltr'><strong>Ieremia</strong></span> <span class='ocrx_word' id='word_1_216' title='bbox 2309 1543 2322 1578; x_wconf 88' lang='lat'><strong>:</strong></span> <span class='ocrx_word' id='word_1_217' title='bbox 2367 1525 2573 1578; x_wconf 83' lang='lat' dir='ltr'><strong>Mittam</strong></span> <span class='ocrx_word' id='word_1_218' title='bbox 2627 1527 2700 1579; x_wconf 89' lang='lat' dir='ltr'><strong>eis</strong></span> <span class='ocrx_word' id='word_1_219' title='bbox 2731 1538 3035 1594; x_wconf 84' lang='lat' dir='ltr'><strong>venatores,</strong></span> <span class='ocrx_word' id='word_1_220' title='bbox 3081 1537 3127 1581; x_wconf 90' lang='lat' dir='ltr'><strong>et</strong></span> <span class='ocrx_word' id='word_1_221' title='bbox 3174 1530 3438 1582; x_wconf 87' lang='lat' dir='ltr'><strong>venabun-</strong></span> 
     </span>
    </p>
   </div>
   <div class='ocr_carea' id='block_1_30' title="bbox 1853 1613 3439 1686">
    <p class='ocr_par' dir='ltr' id='par_1_30' title="bbox 1853 1613 3439 1686">
     <span class='ocr_line' id='line_1_30' title="bbox 1853 1613 3439 1686; baseline 0.003 -20"><span class='ocrx_word' id='word_1_222' title='bbox 1853 1622 1941 1667; x_wconf 85' lang='lat' dir='ltr'><strong>tur</strong></span> <span class='ocrx_word' id='word_1_223' title='bbox 1984 1630 2070 1667; x_wconf 86' lang='lat' dir='ltr'><strong>eos</strong></span> <span class='ocrx_word' id='word_1_224' title='bbox 2124 1614 2188 1667; x_wconf 89' lang='lat' dir='ltr'><strong>de</strong></span> <span class='ocrx_word' id='word_1_225' title='bbox 2235 1616 2375 1668; x_wconf 88' lang='lat' dir='ltr'><strong>omni</strong></span> <span class='ocrx_word' id='word_1_226' title='bbox 2432 1624 2603 1668; x_wconf 88' lang='lat' dir='ltr'><strong>monte</strong></span> <span class='ocrx_word' id='word_1_227' title='bbox 2661 1613 2805 1684; x_wconf 79' lang='lat' dir='ltr'><strong>(Jer.</strong></span> <span class='ocrx_word' id='word_1_228' title='bbox 2852 1617 2999 1686; x_wconf 79' lang='lat' dir='ltr'><strong>xvi).</strong></span> <span class='ocrx_word' id='word_1_229' title='bbox 3038 1614 3275 1672; x_wconf 82' lang='lat' dir='ltr'><strong>Venator</strong></span> <span class='ocrx_word' id='word_1_230' title='bbox 3325 1616 3439 1670; x_wconf 84' lang='lat' dir='ltr'><strong>dia-</strong></span> 
     </span>
    </p>
   </div>
   <div class='ocr_carea' id='block_1_31' title="bbox 1853 1703 3438 1777">
    <p class='ocr_par' dir='ltr' id='par_1_31' title="bbox 1853 1703 3438 1777">
     <span class='ocr_line' id='line_1_31' title="bbox 1853 1703 3438 1777; baseline 0.001 -17"><span class='ocrx_word' id='word_1_231' title='bbox 1853 1704 2026 1768; x_wconf 89' lang='lat' dir='ltr'><strong>bolus,</strong></span> <span class='ocrx_word' id='word_1_232' title='bbox 2069 1705 2123 1758; x_wconf 93' lang='lat' dir='ltr'><strong>in</strong></span> <span class='ocrx_word' id='word_1_233' title='bbox 2165 1703 2319 1772; x_wconf 88' lang='lat' dir='ltr'><strong>cujus</strong></span> <span class='ocrx_word' id='word_1_234' title='bbox 2373 1705 2541 1775; x_wconf 88' lang='lat' dir='ltr'><strong>ﬁgura</strong></span> <span class='ocrx_word' id='word_1_235' title='bbox 2595 1704 2830 1760; x_wconf 87' lang='lat' dir='ltr'><strong>Nemrod</strong></span> <span class='ocrx_word' id='word_1_236' title='bbox 2881 1706 2968 1761; x_wconf 83' lang='lat' dir='ltr'><strong>ille</strong></span> <span class='ocrx_word' id='word_1_237' title='bbox 3023 1707 3171 1777; x_wconf 89' lang='lat' dir='ltr'><strong>gigas</strong></span> <span class='ocrx_word' id='word_1_238' title='bbox 3214 1717 3438 1762; x_wconf 88' lang='lat' dir='ltr'><strong>venator</strong></span> 
     </span>
    </p>
   </div>
   <div class='ocr_carea' id='block_1_32' title="bbox 1856 1794 3438 1865">
    <p class='ocr_par' dir='ltr' id='par_1_32' title="bbox 1856 1794 3438 1865">
     <span class='ocr_line' id='line_1_32' title="bbox 1856 1794 3438 1865; baseline 0.002 -15"><span class='ocrx_word' id='word_1_239' title='bbox 1856 1810 2040 1850; x_wconf 88' lang='lat' dir='ltr'><strong>coram</strong></span> <span class='ocrx_word' id='word_1_240' title='bbox 2071 1796 2330 1864; x_wconf 78' lang='lat' dir='ltr'><strong>Domino,</strong></span> <span class='ocrx_word' id='word_1_241' title='bbox 2369 1804 2429 1850; x_wconf 91' lang='lat' dir='ltr'><strong>ut</strong></span> <span class='ocrx_word' id='word_1_242' title='bbox 2475 1795 2530 1849; x_wconf 92' lang='lat' dir='ltr'><strong>in</strong></span> <span class='ocrx_word' id='word_1_243' title='bbox 2587 1794 2781 1850; x_wconf 89' lang='lat' dir='ltr'><strong>Genesi</strong></span> <span class='ocrx_word' id='word_1_244' title='bbox 2830 1795 2983 1864; x_wconf 89' lang='lat' dir='ltr'><strong>(Gen.</strong></span> <span class='ocrx_word' id='word_1_245' title='bbox 3014 1795 3106 1865; x_wconf 82' lang='lat' dir='ltr'><strong>x);</strong></span> <span class='ocrx_word' id='word_1_246' title='bbox 3153 1805 3438 1853; x_wconf 87' lang='lat' dir='ltr'><strong>venatores</strong></span> 
     </span>
    </p>
   </div>
   <div class='ocr_carea' id='block_1_33' title="bbox 178 1880 3437 1955">
    <p class='ocr_par' dir='ltr' id='par_1_33' title="bbox 178 1880 3437 1955">
     <span class='ocr_line' id='line_1_33' title="bbox 178 1880 3437 1955; baseline 0.003 -24"><span class='ocrx_word' id='word_1_247' title='bbox 178 1885 368 1942; x_wconf 87' lang='lat' dir='ltr'><strong>serant,</strong></span> <span class='ocrx_word' id='word_1_248' title='bbox 410 1888 466 1933; x_wconf 84' lang='lat' dir='ltr'><strong>et</strong></span> <span class='ocrx_word' id='word_1_249' title='bbox 506 1881 817 1938; x_wconf 87' lang='lat' dir='ltr'><strong>voluntates</strong></span> <span class='ocrx_word' id='word_1_250' title='bbox 859 1898 985 1938; x_wconf 90' lang='lat' dir='ltr'><strong>suas</strong></span> <span class='ocrx_word' id='word_1_251' title='bbox 1011 1885 1272 1953; x_wconf 90' lang='lat' dir='ltr'><strong>pessimas</strong></span> <span class='ocrx_word' id='word_1_252' title='bbox 1315 1885 1583 1954; x_wconf 79' lang='lat' dir='ltr'><strong>expleant.</strong></span> <span class='ocrx_word' id='word_1_253' title='bbox 1615 1886 1746 1940; x_wconf 91' lang='lat' dir='ltr'><strong>Item</strong></span> <span class='ocrx_word' id='word_1_254' title='bbox 1782 1880 1823 1939; x_wconf 87' lang='grc' dir='ltr'><strong>Β</strong></span> <span class='ocrx_word' id='word_1_255' title='bbox 1853 1885 2004 1954; x_wconf 90' lang='lat' dir='ltr'><strong>pravi</strong></span> <span class='ocrx_word' id='word_1_256' title='bbox 2055 1886 2324 1950; x_wconf 89' lang='lat' dir='ltr'><strong>homines,</strong></span> <span class='ocrx_word' id='word_1_257' title='bbox 2364 1892 2423 1938; x_wconf 93' lang='lat' dir='ltr'><strong>ut</strong></span> <span class='ocrx_word' id='word_1_258' title='bbox 2461 1885 2514 1937; x_wconf 90' lang='lat' dir='ltr'><strong>in</strong></span> <span class='ocrx_word' id='word_1_259' title='bbox 2545 1886 2809 1954; x_wconf 90' lang='lat' dir='ltr'><strong>pr0pheta</strong></span> <span class='ocrx_word' id='word_1_260' title='bbox 2844 1902 2855 1936; x_wconf 91' lang='grc'>;</span> <span class='ocrx_word' id='word_1_261' title='bbox 2896 1883 3150 1939; x_wconf 84' lang='lat' dir='ltr'><strong>Venantes</strong></span> <span class='ocrx_word' id='word_1_262' title='bbox 3197 1896 3437 1955; x_wconf 88' lang='lat' dir='ltr'><strong>ceperunt</strong></span> 
     </span>
    </p>
   </div>
   <div class='ocr_carea' id='block_1_34' title="bbox 177 1971 1751 2044">
    <p class='ocr_par' dir='ltr' id='par_1_34' title="bbox 177 1971 1751 2044">
     <span class='ocr_line' id='line_1_34' title="bbox 177 1971 1751 2044; baseline 0.005 -22"><span class='ocrx_word' id='word_1_263' title='bbox 177 1971 351 2040; x_wconf 88' lang='lat' dir='ltr'><strong>vulpes</strong></span> <span class='ocrx_word' id='word_1_264' title='bbox 400 1972 651 2029; x_wconf 90' lang='lat' dir='ltr'><strong>diabolus</strong></span> <span class='ocrx_word' id='word_1_265' title='bbox 695 1975 778 2030; x_wconf 89' lang='lat' dir='ltr'><strong>vel</strong></span> <span class='ocrx_word' id='word_1_266' title='bbox 815 1976 1107 2041; x_wconf 69' lang='lat' dir='ltr'><strong>daemones,</strong></span> <span class='ocrx_word' id='word_1_267' title='bbox 1133 1985 1190 2030; x_wconf 92' lang='lat' dir='ltr'><strong>ut</strong></span> <span class='ocrx_word' id='word_1_268' title='bbox 1219 1977 1275 2030; x_wconf 89' lang='lat' dir='ltr'><strong>in</strong></span> <span class='ocrx_word' id='word_1_269' title='bbox 1327 1977 1579 2044; x_wconf 87' lang='lat' dir='ltr'><strong>psalmo:</strong></span> <span class='ocrx_word' id='word_1_270' title='bbox 1621 1976 1751 2030; x_wconf 85' lang='lat' dir='ltr'><strong>Tra-</strong></span> 
     </span>
    </p>
   </div>
   <div class='ocr_carea' id='block_1_35' title="bbox 176 2062 1748 2137">
    <p class='ocr_par' dir='ltr' id='par_1_35' title="bbox 176 2062 1748 2137">
     <span class='ocr_line' id='line_1_35' title="bbox 176 2062 1748 2137; baseline 0.003 -23"><span class='ocrx_word' id='word_1_271' title='bbox 176 2062 353 2116; x_wconf 80' lang='lat' dir='ltr'><strong>dentur</strong></span> <span class='ocrx_word' id='word_1_272' title='bbox 381 2066 435 2116; x_wconf 92' lang='lat' dir='ltr'><strong>in</strong></span> <span class='ocrx_word' id='word_1_273' title='bbox 467 2081 659 2120; x_wconf 85' lang='lat' dir='ltr'><strong>manus</strong></span> <span class='ocrx_word' id='word_1_274' title='bbox 706 2066 890 2135; x_wconf 81' lang='lat' dir='ltr'><strong>gladii,</strong></span> <span class='ocrx_word' id='word_1_275' title='bbox 938 2077 1113 2134; x_wconf 86' lang='lat' dir='ltr'><strong>partes</strong></span> <span class='ocrx_word' id='word_1_276' title='bbox 1139 2066 1372 2135; x_wconf 83' lang='lat' dir='ltr'><strong>vulpium</strong></span> <span class='ocrx_word' id='word_1_277' title='bbox 1400 2076 1550 2120; x_wconf 91' lang='lat' dir='ltr'><strong>erunt</strong></span> <span class='ocrx_word' id='word_1_278' title='bbox 1576 2064 1748 2137; x_wconf 87' lang='lat' dir='ltr'><strong>(Psal.</strong></span> 
     </span>
    </p>
   </div>
   <div class='ocr_carea' id='block_1_36' title="bbox 177 2151 1756 2225">
    <p class='ocr_par' dir='ltr' id='par_1_36' title="bbox 177 2151 1756 2225">
     <span class='ocr_line' id='line_1_36' title="bbox 177 2151 1756 2225; baseline 0.001 -19"><span class='ocrx_word' id='word_1_279' title='bbox 177 2151 320 2220; x_wconf 81' lang='lat' dir='ltr'><strong>uti).</strong></span> <span class='ocrx_word' id='word_1_280' title='bbox 351 2152 418 2206; x_wconf 88' lang='lat' dir='ltr'><strong>Et</strong></span> <span class='ocrx_word' id='word_1_281' title='bbox 445 2153 498 2206; x_wconf 91' lang='lat' dir='ltr'><strong>in</strong></span> <span class='ocrx_word' id='word_1_282' title='bbox 539 2152 779 2209; x_wconf 68' lang='lat' dir='ltr'><strong>Ieremia</strong></span> <span class='ocrx_word' id='word_1_283' title='bbox 827 2169 841 2208; x_wconf 89' lang='lat'><strong>:</strong></span> <span class='ocrx_word' id='word_1_284' title='bbox 890 2154 1114 2224; x_wconf 82' lang='lat' dir='ltr'><strong>Propter</strong></span> <span class='ocrx_word' id='word_1_285' title='bbox 1165 2166 1391 2210; x_wconf 83' lang='lat' dir='ltr'><strong>montem</strong></span> <span class='ocrx_word' id='word_1_286' title='bbox 1447 2155 1578 2210; x_wconf 88' lang='lat' dir='ltr'><strong>Sion</strong></span> <span class='ocrx_word' id='word_1_287' title='bbox 1631 2158 1756 2225; x_wconf 84' lang='lat' dir='ltr'><strong>quia</strong></span> 
     </span>
    </p>
   </div>
   <div class='ocr_carea' id='block_1_37' title="bbox 177 2243 1750 2316">
    <p class='ocr_par' dir='ltr' id='par_1_37' title="bbox 177 2243 1750 2316">
     <span class='ocr_line' id='line_1_37' title="bbox 177 2243 1750 2316; baseline 0.003 -22"><span class='ocrx_word' id='word_1_288' title='bbox 177 2243 690 2316; x_wconf 79' lang='lat' dir='ltr'><strong>disperiit(Tren.v).</strong></span> <span class='ocrx_word' id='word_1_289' title='bbox 712 2244 896 2316; x_wconf 81' lang='lat' dir='ltr'><strong>Vulpes</strong></span> <span class='ocrx_word' id='word_1_290' title='bbox 926 2247 1320 2301; x_wconf 88' lang='lat' dir='ltr'><strong>ambulaverunt</strong></span> <span class='ocrx_word' id='word_1_291' title='bbox 1348 2247 1401 2300; x_wconf 89' lang='lat' dir='ltr'><strong>in</strong></span> <span class='ocrx_word' id='word_1_292' title='bbox 1417 2263 1495 2301; x_wconf 89' lang='lat' dir='ltr'><strong>eo.</strong></span> <span class='ocrx_word' id='word_1_293' title='bbox 1535 2246 1750 2314; x_wconf 92' lang='lat' dir='ltr'><strong>Vulpes,</strong></span> 
     </span>
    </p>
   </div>
   <div class='ocr_carea' id='block_1_38' title="bbox 179 2332 1751 2406">
    <p class='ocr_par' dir='ltr' id='par_1_38' title="bbox 179 2332 1751 2406">
     <span class='ocr_line' id='line_1_38' title="bbox 179 2332 1751 2406; baseline 0.003 -21"><span class='ocrx_word' id='word_1_294' title='bbox 179 2332 403 2387; x_wconf 73' lang='lat' dir='ltr'><strong>haeretici</strong></span> <span class='ocrx_word' id='word_1_295' title='bbox 433 2334 485 2387; x_wconf 94' lang='lat' dir='ltr'><strong>in</strong></span> <span class='ocrx_word' id='word_1_296' title='bbox 519 2334 763 2390; x_wconf 90' lang='lat' dir='ltr'><strong>Canticis</strong></span> <span class='ocrx_word' id='word_1_297' title='bbox 798 2336 1133 2390; x_wconf 88' lang='lat' dir='ltr'><strong>canticorum</strong></span> <span class='ocrx_word' id='word_1_298' title='bbox 1161 2355 1173 2389; x_wconf 93' lang='lat'>:</span> <span class='ocrx_word' id='word_1_299' title='bbox 1199 2337 1380 2406; x_wconf 86' lang='lat' dir='ltr'><strong>Capite</strong></span> <span class='ocrx_word' id='word_1_300' title='bbox 1407 2336 1553 2390; x_wconf 90' lang='lat' dir='ltr'><strong>nobis</strong></span> <span class='ocrx_word' id='word_1_301' title='bbox 1576 2335 1751 2405; x_wconf 87' lang='lat' dir='ltr'><strong>vulpes</strong></span> 
     </span>
    </p>
   </div>
   <div class='ocr_carea' id='block_1_39' title="bbox 175 2421 1753 2495">
    <p class='ocr_par' dir='ltr' id='par_1_39' title="bbox 175 2421 1753 2495">
     <span class='ocr_line' id='line_1_39' title="bbox 175 2421 1753 2495; baseline 0.001 -19"><span class='ocrx_word' id='word_1_302' title='bbox 175 2421 381 2491; x_wconf 77' lang='lat' dir='ltr'><strong>pusillas</strong></span> <span class='ocrx_word' id='word_1_303' title='bbox 409 2423 816 2478; x_wconf 75' lang='lat' dir='ltr'><strong>exterminantes</strong></span> <span class='ocrx_word' id='word_1_304' title='bbox 848 2426 1020 2478; x_wconf 86' lang='lat' dir='ltr'><strong>vineas</strong></span> <span class='ocrx_word' id='word_1_305' title='bbox 1045 2423 1219 2495; x_wconf 86' lang='lat' dir='ltr'><strong>(Cant.</strong></span> <span class='ocrx_word' id='word_1_306' title='bbox 1246 2424 1402 2494; x_wconf 84' lang='lat' dir='ltr'><strong>tt),id</strong></span> <span class='ocrx_word' id='word_1_307' title='bbox 1431 2431 1546 2488; x_wconf 89' lang='lat' dir='ltr'><strong>est,</strong></span> <span class='ocrx_word' id='word_1_308' title='bbox 1569 2422 1753 2493; x_wconf 87' lang='lat' dir='ltr'><strong>plebes</strong></span> 
     </span>
    </p>
   </div>
   <div class='ocr_carea' id='block_1_40' title="bbox 178 2511 1754 2582">
    <p class='ocr_par' dir='ltr' id='par_1_40' title="bbox 178 2511 1754 2582">
     <span class='ocr_line' id='line_1_40' title="bbox 178 2511 1754 2582; baseline 0.001 -16"><span class='ocrx_word' id='word_1_309' title='bbox 178 2511 418 2567; x_wconf 88' lang='lat' dir='ltr'><strong>ﬁdelium.</strong></span> <span class='ocrx_word' id='word_1_310' title='bbox 439 2513 509 2566; x_wconf 88' lang='lat' dir='ltr'><strong>Et</strong></span> <span class='ocrx_word' id='word_1_311' title='bbox 527 2513 582 2567; x_wconf 92' lang='lat' dir='ltr'><strong>in</strong></span> <span class='ocrx_word' id='word_1_312' title='bbox 610 2512 750 2568; x_wconf 90' lang='lat' dir='ltr'><strong>libro</strong></span> <span class='ocrx_word' id='word_1_313' title='bbox 775 2513 1024 2569; x_wconf 83' lang='lat' dir='ltr'><strong>Judieum</strong></span> <span class='ocrx_word' id='word_1_314' title='bbox 1049 2515 1115 2568; x_wconf 92' lang='lat' dir='ltr'><strong>de</strong></span> <span class='ocrx_word' id='word_1_315' title='bbox 1142 2515 1367 2570; x_wconf 89' lang='lat' dir='ltr'><strong>Samson</strong></span> <span class='ocrx_word' id='word_1_316' title='bbox 1398 2515 1623 2569; x_wconf 89' lang='lat' dir='ltr'><strong>dicitur:</strong></span> <span class='ocrx_word' id='word_1_317' title='bbox 1648 2515 1754 2582; x_wconf 82' lang='grc' dir='ltr'><strong>Αρ-</strong></span> 
     </span>
    </p>
   </div>
   <div class='ocr_carea' id='block_1_41' title="bbox 176 2602 1753 2674">
    <p class='ocr_par' dir='ltr' id='par_1_41' title="bbox 176 2602 1753 2674">
     <span class='ocr_line' id='line_1_41' title="bbox 176 2602 1753 2674; baseline 0 -19"><span class='ocrx_word' id='word_1_318' title='bbox 176 2603 432 2672; x_wconf 83' lang='lat' dir='ltr'><strong>prehendit</strong></span> <span class='ocrx_word' id='word_1_319' title='bbox 463 2613 723 2658; x_wconf 86' lang='lat' dir='ltr'><strong>trecentas</strong></span> <span class='ocrx_word' id='word_1_320' title='bbox 755 2603 952 2672; x_wconf 84' lang='lat' dir='ltr'><strong>vulpes,</strong></span> <span class='ocrx_word' id='word_1_321' title='bbox 977 2614 1023 2657; x_wconf 92' lang='lat' dir='ltr'><strong>et</strong></span> <span class='ocrx_word' id='word_1_322' title='bbox 1048 2605 1223 2674; x_wconf 84' lang='lat' dir='ltr'><strong>ligavit</strong></span> <span class='ocrx_word' id='word_1_323' title='bbox 1245 2603 1450 2672; x_wconf 81' lang='lat' dir='ltr'><strong>faculas</strong></span> <span class='ocrx_word' id='word_1_324' title='bbox 1479 2604 1536 2656; x_wconf 86' lang='lat' dir='ltr'><strong>in</strong></span> <span class='ocrx_word' id='word_1_325' title='bbox 1569 2602 1753 2656; x_wconf 85' lang='lat' dir='ltr'><strong>caudis</strong></span> 
     </span>
    </p>
   </div>
   <div class='ocr_carea' id='block_1_42' title="bbox 176 2692 1748 2764">
    <p class='ocr_par' dir='ltr' id='par_1_42' title="bbox 176 2692 1748 2764">
     <span class='ocr_line' id='line_1_42' title="bbox 176 2692 1748 2764; baseline 0 -18"><span class='ocrx_word' id='word_1_326' title='bbox 176 2710 341 2746; x_wconf 87' lang='lat' dir='ltr'><strong>eorum</strong></span> <span class='ocrx_word' id='word_1_327' title='bbox 367 2693 518 2763; x_wconf 85' lang='lat' dir='ltr'><strong>(Jud.</strong></span> <span class='ocrx_word' id='word_1_328' title='bbox 551 2692 668 2764; x_wconf 85' lang='lat' dir='ltr'><strong>xv).</strong></span> <span class='ocrx_word' id='word_1_329' title='bbox 703 2693 886 2749; x_wconf 75' lang='lat' dir='ltr'><strong>Simia:</strong></span> <span class='ocrx_word' id='word_1_330' title='bbox 907 2692 1155 2748; x_wconf 58' lang='lat' dir='ltr'><strong>Graicum</strong></span> <span class='ocrx_word' id='word_1_331' title='bbox 1184 2708 1381 2748; x_wconf 89' lang='lat' dir='ltr'><strong>nomen</strong></span> <span class='ocrx_word' id='word_1_332' title='bbox 1417 2701 1519 2758; x_wconf 88' lang='lat' dir='ltr'><strong>est,</strong></span> <span class='ocrx_word' id='word_1_333' title='bbox 1550 2693 1604 2748; x_wconf 89' lang='lat' dir='ltr'><strong>id</strong></span> <span class='ocrx_word' id='word_1_334' title='bbox 1647 2701 1748 2756; x_wconf 92' lang='lat' dir='ltr'><strong>est,</strong></span> 
     </span>
    </p>
   </div>
   <div class='ocr_carea' id='block_1_43' title="bbox 176 2784 1752 2855">
    <p class='ocr_par' dir='ltr' id='par_1_43' title="bbox 176 2784 1752 2855">
     <span class='ocr_line' id='line_1_43' title="bbox 176 2784 1752 2855; baseline -0.001 -16"><span class='ocrx_word' id='word_1_335' title='bbox 176 2785 365 2855; x_wconf 86' lang='lat' dir='ltr'><strong>pressis</strong></span> <span class='ocrx_word' id='word_1_336' title='bbox 387 2784 635 2840; x_wconf 88' lang='lat' dir='ltr'><strong>naribus.</strong></span> <span class='ocrx_word' id='word_1_337' title='bbox 670 2784 823 2840; x_wconf 91' lang='lat' dir='ltr'><strong>Unde</strong></span> <span class='ocrx_word' id='word_1_338' title='bbox 850 2795 908 2840; x_wconf 91' lang='lat' dir='ltr'><strong>et</strong></span> <span class='ocrx_word' id='word_1_339' title='bbox 943 2786 1130 2840; x_wconf 91' lang='lat' dir='ltr'><strong>simias</strong></span> <span class='ocrx_word' id='word_1_340' title='bbox 1161 2786 1410 2849; x_wconf 89' lang='lat' dir='ltr'><strong>dicimus,</strong></span> <span class='ocrx_word' id='word_1_341' title='bbox 1443 2785 1586 2854; x_wconf 91' lang='lat' dir='ltr'><strong>quod</strong></span> <span class='ocrx_word' id='word_1_342' title='bbox 1627 2799 1752 2852; x_wconf 92' lang='lat' dir='ltr'><strong>sup-</strong></span> 
     </span>
    </p>
   </div>
   <div class='ocr_carea' id='block_1_44' title="bbox 175 2876 1753 2948">
    <p class='ocr_par' dir='ltr' id='par_1_44' title="bbox 175 2876 1753 2948">
     <span class='ocr_line' id='line_1_44' title="bbox 175 2876 1753 2948; baseline 0.002 -19"><span class='ocrx_word' id='word_1_343' title='bbox 175 2876 364 2945; x_wconf 89' lang='lat' dir='ltr'><strong>pressis</strong></span> <span class='ocrx_word' id='word_1_344' title='bbox 394 2876 624 2932; x_wconf 90' lang='lat' dir='ltr'><strong>naribus</strong></span> <span class='ocrx_word' id='word_1_345' title='bbox 667 2877 806 2943; x_wconf 91' lang='lat' dir='ltr'><strong>sint,</strong></span> <span class='ocrx_word' id='word_1_346' title='bbox 840 2888 894 2933; x_wconf 91' lang='lat' dir='ltr'><strong>et</strong></span> <span class='ocrx_word' id='word_1_347' title='bbox 937 2877 1076 2932; x_wconf 91' lang='lat' dir='ltr'><strong>facie</strong></span> <span class='ocrx_word' id='word_1_348' title='bbox 1103 2877 1268 2943; x_wconf 73' lang='lat' dir='ltr'><strong>fteda,</strong></span> <span class='ocrx_word' id='word_1_349' title='bbox 1322 2881 1471 2948; x_wconf 88' lang='lat' dir='ltr'><strong>rugis</strong></span> <span class='ocrx_word' id='word_1_350' title='bbox 1522 2878 1753 2946; x_wconf 85' lang='lat' dir='ltr'><strong>turpiter</strong></span> 
     </span>
    </p>
   </div>
   <div class='ocr_carea' id='block_1_45' title="bbox 177 2964 1751 3039">
    <p class='ocr_par' dir='ltr' id='par_1_45' title="bbox 177 2964 1751 3039">
     <span class='ocr_line' id='line_1_45' title="bbox 177 2964 1751 3039; baseline 0.001 -19"><span class='ocrx_word' id='word_1_351' title='bbox 177 2964 527 3024; x_wconf 87' lang='lat' dir='ltr'><strong>follicantibus</strong></span> <span class='ocrx_word' id='word_1_352' title='bbox 556 2986 570 3021; x_wconf 89' lang='lat'><strong><em>:</em></strong></span> <span class='ocrx_word' id='word_1_353' title='bbox 596 2968 724 3022; x_wconf 87' lang='lat' dir='ltr'><strong>licet</strong></span> <span class='ocrx_word' id='word_1_354' title='bbox 747 2979 802 3024; x_wconf 93' lang='lat' dir='ltr'><strong>et</strong></span> <span class='ocrx_word' id='word_1_355' title='bbox 827 2969 1155 3039; x_wconf 88' lang='lat' dir='ltr'><strong>capellarum</strong></span> <span class='ocrx_word' id='word_1_356' title='bbox 1186 2969 1256 3023; x_wconf 92' lang='lat' dir='ltr'><strong>sit</strong></span> <span class='ocrx_word' id='word_1_357' title='bbox 1275 2983 1522 3038; x_wconf 91' lang='lat' dir='ltr'><strong>pressum</strong></span> <span class='ocrx_word' id='word_1_358' title='bbox 1550 2968 1751 3022; x_wconf 90' lang='lat' dir='ltr'><strong>habere</strong></span> 
     </span>
    </p>
   </div>
   <div class='ocr_carea' id='block_1_46' title="bbox 175 3056 1748 3113">
    <p class='ocr_par' dir='ltr' id='par_1_46' title="bbox 175 3056 1748 3113">
     <span class='ocr_line' id='line_1_46' title="bbox 175 3056 1748 3113; baseline -0.001 -1"><span class='ocrx_word' id='word_1_359' title='bbox 175 3073 372 3113; x_wconf 88' lang='lat' dir='ltr'><strong>nasum.</strong></span> <span class='ocrx_word' id='word_1_360' title='bbox 405 3058 513 3112; x_wconf 83' lang='lat' dir='ltr'><strong>Alii</strong></span> <span class='ocrx_word' id='word_1_361' title='bbox 545 3058 734 3113; x_wconf 89' lang='lat' dir='ltr'><strong>simias</strong></span> <span class='ocrx_word' id='word_1_362' title='bbox 761 3058 928 3112; x_wconf 90' lang='lat' dir='ltr'><strong>latino</strong></span> <span class='ocrx_word' id='word_1_363' title='bbox 960 3073 1206 3112; x_wconf 89' lang='lat' dir='ltr'><strong>sermone</strong></span> <span class='ocrx_word' id='word_1_364' title='bbox 1229 3067 1453 3112; x_wconf 89' lang='lat' dir='ltr'><strong>vocatas</strong></span> <span class='ocrx_word' id='word_1_365' title='bbox 1480 3056 1748 3111; x_wconf 89' lang='lat' dir='ltr'><strong>arbitran-</strong></span> 
     </span>
    </p>
   </div>
   <div class='ocr_carea' id='block_1_47' title="bbox 175 3147 1748 3218">
    <p class='ocr_par' dir='ltr' id='par_1_47' title="bbox 175 3147 1748 3218">
     <span class='ocr_line' id='line_1_47' title="bbox 175 3147 1748 3218; baseline -0.001 -16"><span class='ocrx_word' id='word_1_366' title='bbox 175 3158 254 3203; x_wconf 89' lang='lat' dir='ltr'><strong>tur</strong></span> <span class='ocrx_word' id='word_1_367' title='bbox 276 3164 338 3204; x_wconf 88' lang='lat' dir='ltr'><strong>eo</strong></span> <span class='ocrx_word' id='word_1_368' title='bbox 381 3148 525 3218; x_wconf 91' lang='lat' dir='ltr'><strong>quod</strong></span> <span class='ocrx_word' id='word_1_369' title='bbox 549 3147 719 3202; x_wconf 90' lang='lat' dir='ltr'><strong>multa</strong></span> <span class='ocrx_word' id='word_1_370' title='bbox 743 3148 796 3202; x_wconf 90' lang='lat' dir='ltr'><strong>in</strong></span> <span class='ocrx_word' id='word_1_371' title='bbox 824 3148 902 3201; x_wconf 91' lang='lat' dir='ltr'><strong>eis</strong></span> <span class='ocrx_word' id='word_1_372' title='bbox 929 3147 1222 3202; x_wconf 88' lang='lat' dir='ltr'><strong>similitudo</strong></span> <span class='ocrx_word' id='word_1_373' title='bbox 1248 3147 1472 3202; x_wconf 87' lang='lat' dir='ltr'><strong>rationis</strong></span> <span class='ocrx_word' id='word_1_374' title='bbox 1499 3147 1748 3201; x_wconf 83' lang='lat' dir='ltr'><strong>humanae</strong></span> 
     </span>
    </p>
   </div>
   <div class='ocr_carea' id='block_1_48' title="bbox 173 3207 1820 3310">
    <p class='ocr_par' dir='ltr' id='par_1_48' title="bbox 173 3207 1820 3310">
     <span class='ocr_line' id='line_1_48' title="bbox 173 3207 1820 3310; baseline 0.001 -17"><span class='ocrx_word' id='word_1_375' title='bbox 173 3207 432 3294; x_wconf 33' lang='lat' dir='ltr'><strong>sentitur}</strong></span> <span class='ocrx_word' id='word_1_376' title='bbox 468 3239 563 3292; x_wconf 90' lang='lat' dir='ltr'><strong>sed</strong></span> <span class='ocrx_word' id='word_1_377' title='bbox 593 3238 786 3292; x_wconf 87' lang='lat' dir='ltr'><strong>falsum</strong></span> <span class='ocrx_word' id='word_1_378' title='bbox 807 3247 911 3292; x_wconf 92' lang='lat' dir='ltr'><strong>est.</strong></span> <span class='ocrx_word' id='word_1_379' title='bbox 945 3239 1001 3291; x_wconf 91' lang='lat' dir='ltr'><strong>In</strong></span> <span class='ocrx_word' id='word_1_380' title='bbox 1024 3239 1413 3294; x_wconf 89' lang='lat' dir='ltr'><strong>elementorum</strong></span> <span class='ocrx_word' id='word_1_381' title='bbox 1438 3239 1748 3310; x_wconf 89' lang='lat' dir='ltr'><strong>cognitione</strong></span> <span class='ocrx_word' id='word_1_382' title='bbox 1775 3207 1820 3270; x_wconf 65' lang='grc' dir='ltr'>Ο</span> 
     </span>
    </p>
   </div>
   <div class='ocr_carea' id='block_1_49' title="bbox 173 3327 1750 3396">
    <p class='ocr_par' dir='ltr' id='par_1_49' title="bbox 173 3327 1750 3396">
     <span class='ocr_line' id='line_1_49' title="bbox 173 3327 1750 3396; baseline 0.002 -15"><span class='ocrx_word' id='word_1_383' title='bbox 173 3341 380 3396; x_wconf 86' lang='lat' dir='ltr'><strong>sagaces</strong></span> <span class='ocrx_word' id='word_1_384' title='bbox 416 3346 428 3380; x_wconf 91' lang='lat'><strong>:</strong></span> <span class='ocrx_word' id='word_1_385' title='bbox 476 3343 621 3382; x_wconf 88' lang='lat' dir='ltr'><strong>nova</strong></span> <span class='ocrx_word' id='word_1_386' title='bbox 649 3327 773 3382; x_wconf 90' lang='lat' dir='ltr'><strong>luna</strong></span> <span class='ocrx_word' id='word_1_387' title='bbox 815 3328 1087 3382; x_wconf 81' lang='lat' dir='ltr'><strong>exsultant</strong></span> <span class='ocrx_word' id='word_1_388' title='bbox 1119 3349 1131 3381; x_wconf 88' lang='lat'><strong>;</strong></span> <span class='ocrx_word' id='word_1_389' title='bbox 1167 3331 1342 3386; x_wconf 90' lang='lat' dir='ltr'><strong>media</strong></span> <span class='ocrx_word' id='word_1_390' title='bbox 1383 3339 1439 3384; x_wconf 89' lang='lat' dir='ltr'><strong>et</strong></span> <span class='ocrx_word' id='word_1_391' title='bbox 1483 3345 1616 3385; x_wconf 88' lang='lat' dir='ltr'><strong>cava</strong></span> <span class='ocrx_word' id='word_1_392' title='bbox 1653 3331 1750 3385; x_wconf 84' lang='lat' dir='ltr'><strong>tri-</strong></span> 
     </span>
    </p>
   </div>
   <div class='ocr_carea' id='block_1_50' title="bbox 175 3417 1750 3486">
    <p class='ocr_par' dir='ltr' id='par_1_50' title="bbox 175 3417 1750 3486">
     <span class='ocr_line' id='line_1_50' title="bbox 175 3417 1750 3486; baseline 0.002 -14"><span class='ocrx_word' id='word_1_393' title='bbox 175 3427 417 3472; x_wconf 85' lang='lat' dir='ltr'><strong>stantur:</strong></span> <span class='ocrx_word' id='word_1_394' title='bbox 453 3417 621 3482; x_wconf 92' lang='lat' dir='ltr'><strong>fetus,</strong></span> <span class='ocrx_word' id='word_1_395' title='bbox 672 3432 806 3486; x_wconf 90' lang='lat' dir='ltr'><strong>quos</strong></span> <span class='ocrx_word' id='word_1_396' title='bbox 845 3426 1050 3482; x_wconf 89' lang='lat' dir='ltr'><strong>amant,</strong></span> <span class='ocrx_word' id='word_1_397' title='bbox 1079 3426 1203 3471; x_wconf 90' lang='lat' dir='ltr'><strong>ante</strong></span> <span class='ocrx_word' id='word_1_398' title='bbox 1248 3433 1306 3472; x_wconf 92' lang='lat' dir='ltr'><strong>se</strong></span> <span class='ocrx_word' id='word_1_399' title='bbox 1348 3427 1563 3486; x_wconf 86' lang='lat' dir='ltr'><strong>gestant</strong></span> <span class='ocrx_word' id='word_1_400' title='bbox 1597 3435 1612 3472; x_wconf 89' lang='lat'><strong>:</strong></span> <span class='ocrx_word' id='word_1_401' title='bbox 1661 3435 1750 3475; x_wconf 89' lang='lat' dir='ltr'><strong>ne-</strong></span> 
     </span>
    </p>
   </div>
   <div class='ocr_carea' id='block_1_51' title="bbox 175 3507 1750 3581">
    <p class='ocr_par' dir='ltr' id='par_1_51' title="bbox 175 3507 1750 3581">
     <span class='ocr_line' id='line_1_51' title="bbox 175 3507 1750 3581; baseline 0.005 -23"><span class='ocrx_word' id='word_1_402' title='bbox 175 3507 320 3574; x_wconf 86' lang='lat' dir='ltr'><strong>glecti</strong></span> <span class='ocrx_word' id='word_1_403' title='bbox 342 3509 489 3562; x_wconf 90' lang='lat' dir='ltr'><strong>circa</strong></span> <span class='ocrx_word' id='word_1_404' title='bbox 523 3515 756 3561; x_wconf 87' lang='lat' dir='ltr'><strong>matrem</strong></span> <span class='ocrx_word' id='word_1_405' title='bbox 791 3507 1015 3560; x_wconf 86' lang='lat' dir='ltr'><strong>haerent.</strong></span> <span class='ocrx_word' id='word_1_406' title='bbox 1046 3507 1246 3560; x_wconf 85' lang='lat' dir='ltr'><strong>Harum</strong></span> <span class='ocrx_word' id='word_1_407' title='bbox 1270 3523 1468 3579; x_wconf 86' lang='lat' dir='ltr'><strong>genera</strong></span> <span class='ocrx_word' id='word_1_408' title='bbox 1510 3512 1750 3581; x_wconf 89' lang='lat' dir='ltr'><strong>quinque</strong></span> 
     </span>
    </p>
   </div>
   <div class='ocr_carea' id='block_1_52' title="bbox 173 3593 1747 3670">
    <p class='ocr_par' dir='ltr' id='par_1_52' title="bbox 173 3593 1747 3670">
     <span class='ocr_line' id='line_1_52' title="bbox 173 3593 1747 3670; baseline 0.003 -20"><span class='ocrx_word' id='word_1_409' title='bbox 173 3607 307 3650; x_wconf 88' lang='lat' dir='ltr'><strong>sunt.</strong></span> <span class='ocrx_word' id='word_1_410' title='bbox 332 3595 410 3650; x_wconf 85' lang='lat' dir='ltr'><strong>Ex</strong></span> <span class='ocrx_word' id='word_1_411' title='bbox 436 3597 638 3665; x_wconf 88' lang='lat' dir='ltr'><strong>quibus</strong></span> <span class='ocrx_word' id='word_1_412' title='bbox 668 3595 978 3664; x_wconf 86' lang='lat' dir='ltr'><strong>eireopctici</strong></span> <span class='ocrx_word' id='word_1_413' title='bbox 996 3593 1398 3670; x_wconf 88' lang='lat' dir='ltr'><strong>[cercopitheci]</strong></span> <span class='ocrx_word' id='word_1_414' title='bbox 1427 3602 1625 3656; x_wconf 88' lang='lat' dir='ltr'><strong>caudas</strong></span> <span class='ocrx_word' id='word_1_415' title='bbox 1649 3601 1747 3654; x_wconf 89' lang='lat' dir='ltr'><strong>ha-</strong></span> 
     </span>
    </p>
   </div>
   <div class='ocr_carea' id='block_1_53' title="bbox 172 3684 1748 3760">
    <p class='ocr_par' dir='ltr' id='par_1_53' title="bbox 172 3684 1748 3760">
     <span class='ocr_line' id='line_1_53' title="bbox 172 3684 1748 3760; baseline 0.005 -23"><span class='ocrx_word' id='word_1_416' title='bbox 172 3684 310 3738; x_wconf 87' lang='lat' dir='ltr'><strong>bent.</strong></span> <span class='ocrx_word' id='word_1_417' title='bbox 339 3684 509 3739; x_wconf 87' lang='lat' dir='ltr'><strong>Simia</strong></span> <span class='ocrx_word' id='word_1_418' title='bbox 541 3685 686 3740; x_wconf 90' lang='lat' dir='ltr'><strong>enim</strong></span> <span class='ocrx_word' id='word_1_419' title='bbox 715 3701 838 3740; x_wconf 92' lang='lat' dir='ltr'><strong>cum</strong></span> <span class='ocrx_word' id='word_1_420' title='bbox 864 3686 1034 3740; x_wconf 91' lang='lat' dir='ltr'><strong>cauda</strong></span> <span class='ocrx_word' id='word_1_421' title='bbox 1063 3695 1165 3751; x_wconf 91' lang='lat' dir='ltr'><strong>est,</strong></span> <span class='ocrx_word' id='word_1_422' title='bbox 1191 3703 1351 3756; x_wconf 91' lang='lat' dir='ltr'><strong>quam</strong></span> <span class='ocrx_word' id='word_1_423' title='bbox 1376 3691 1592 3760; x_wconf 85' lang='lat' dir='ltr'><strong>quidam</strong></span> <span class='ocrx_word' id='word_1_424' title='bbox 1625 3707 1748 3745; x_wconf 90' lang='lat' dir='ltr'><strong>cru-</strong></span> 
     </span>
    </p>
   </div>
   <div class='ocr_carea' id='block_1_54' title="bbox 174 3775 1746 3851">
    <p class='ocr_par' dir='ltr' id='par_1_54' title="bbox 174 3775 1746 3851">
     <span class='ocr_line' id='line_1_54' title="bbox 174 3775 1746 3851; baseline 0.006 -24"><span class='ocrx_word' id='word_1_425' title='bbox 174 3789 280 3827; x_wconf 88' lang='lat' dir='ltr'><strong>ram</strong></span> <span class='ocrx_word' id='word_1_426' title='bbox 299 3782 512 3830; x_wconf 84' lang='lat' dir='ltr'><strong>vecant.</strong></span> <span class='ocrx_word' id='word_1_427' title='bbox 546 3775 758 3846; x_wconf 84' lang='lat' dir='ltr'><strong>Spingae</strong></span> <span class='ocrx_word' id='word_1_428' title='bbox 782 3775 983 3831; x_wconf 67' lang='lat' dir='ltr'><strong>villosae</strong></span> <span class='ocrx_word' id='word_1_429' title='bbox 1004 3786 1129 3831; x_wconf 90' lang='lat' dir='ltr'><strong>sunt</strong></span> <span class='ocrx_word' id='word_1_430' title='bbox 1148 3779 1336 3842; x_wconf 91' lang='lat' dir='ltr'><strong>comis,</strong></span> <span class='ocrx_word' id='word_1_431' title='bbox 1354 3782 1605 3836; x_wconf 91' lang='lat' dir='ltr'><strong>mammis</strong></span> <span class='ocrx_word' id='word_1_432' title='bbox 1619 3796 1746 3851; x_wconf 83' lang='lat' dir='ltr'><strong>pro-</strong></span> 
     </span>
    </p>
   </div>
   <div class='ocr_carea' id='block_1_55' title="bbox 173 3865 1748 3942">
    <p class='ocr_par' dir='ltr' id='par_1_55' title="bbox 173 3865 1748 3942">
     <span class='ocr_line' id='line_1_55' title="bbox 173 3865 1748 3942; baseline 0.008 -27"><span class='ocrx_word' id='word_1_433' title='bbox 173 3865 520 3932; x_wconf 89' lang='lat' dir='ltr'><strong>minentibus,</strong></span> <span class='ocrx_word' id='word_1_434' title='bbox 577 3865 778 3921; x_wconf 89' lang='lat' dir='ltr'><strong>dociles</strong></span> <span class='ocrx_word' id='word_1_435' title='bbox 807 3868 876 3921; x_wconf 90' lang='lat' dir='ltr'><strong>ad</strong></span> <span class='ocrx_word' id='word_1_436' title='bbox 907 3866 1135 3921; x_wconf 83' lang='lat' dir='ltr'><strong>feritatis</strong></span> <span class='ocrx_word' id='word_1_437' title='bbox 1182 3867 1527 3924; x_wconf 89' lang='lat' dir='ltr'><strong>oblivionem.</strong></span> <span class='ocrx_word' id='word_1_438' title='bbox 1573 3871 1748 3942; x_wconf 81' lang='lat' dir='ltr'><strong>Cyno-</strong></span> 
     </span>
    </p>
   </div>
   <div class='ocr_carea' id='block_1_56' title="bbox 173 3954 1746 4025">
    <p class='ocr_par' dir='ltr' id='par_1_56' title="bbox 173 3954 1746 4025">
     <span class='ocr_line' id='line_1_56' title="bbox 173 3954 1746 4025; baseline 0.005 -19"><span class='ocrx_word' id='word_1_439' title='bbox 173 3954 448 4022; x_wconf 86' lang='lat' dir='ltr'><strong>cephaliet</strong></span> <span class='ocrx_word' id='word_1_440' title='bbox 489 3954 598 4025; x_wconf 88' lang='lat' dir='ltr'><strong>ipsi</strong></span> <span class='ocrx_word' id='word_1_441' title='bbox 625 3954 828 4009; x_wconf 88' lang='lat' dir='ltr'><strong>similes</strong></span> <span class='ocrx_word' id='word_1_442' title='bbox 857 3955 1057 4018; x_wconf 90' lang='lat' dir='ltr'><strong>simiis,</strong></span> <span class='ocrx_word' id='word_1_443' title='bbox 1094 3956 1190 4009; x_wconf 88' lang='lat' dir='ltr'><strong>sed</strong></span> <span class='ocrx_word' id='word_1_444' title='bbox 1238 3955 1378 4011; x_wconf 88' lang='lat' dir='ltr'><strong>facie</strong></span> <span class='ocrx_word' id='word_1_445' title='bbox 1428 3958 1482 4011; x_wconf 91' lang='lat' dir='ltr'><strong>in</strong></span> <span class='ocrx_word' id='word_1_446' title='bbox 1527 3961 1746 4014; x_wconf 90' lang='lat' dir='ltr'><strong>modum</strong></span> 
     </span>
    </p>
   </div>
   <div class='ocr_carea' id='block_1_57' title="bbox 171 4042 1746 4115">
    <p class='ocr_par' dir='ltr' id='par_1_57' title="bbox 171 4042 1746 4115">
     <span class='ocr_line' id='line_1_57' title="bbox 171 4042 1746 4115; baseline 0.005 -20"><span class='ocrx_word' id='word_1_447' title='bbox 171 4042 330 4107; x_wconf 90' lang='lat' dir='ltr'><strong>canis,</strong></span> <span class='ocrx_word' id='word_1_448' title='bbox 355 4045 501 4098; x_wconf 91' lang='lat' dir='ltr'><strong>unde</strong></span> <span class='ocrx_word' id='word_1_449' title='bbox 544 4052 600 4097; x_wconf 89' lang='lat' dir='ltr'><strong>et</strong></span> <span class='ocrx_word' id='word_1_450' title='bbox 643 4044 958 4112; x_wconf 89' lang='lat' dir='ltr'><strong>nuncupati.</strong></span> <span class='ocrx_word' id='word_1_451' title='bbox 989 4043 1218 4115; x_wconf 86' lang='lat' dir='ltr'><strong>Satyrici</strong></span> <span class='ocrx_word' id='word_1_452' title='bbox 1264 4045 1404 4103; x_wconf 88' lang='lat' dir='ltr'><strong>facie</strong></span> <span class='ocrx_word' id='word_1_453' title='bbox 1455 4047 1746 4103; x_wconf 91' lang='lat' dir='ltr'><strong>admodum</strong></span> 
     </span>
    </p>
   </div>
   <div class='ocr_carea' id='block_1_58' title="bbox 173 4133 1748 4206">
    <p class='ocr_par' dir='ltr' id='par_1_58' title="bbox 173 4133 1748 4206">
     <span class='ocr_line' id='line_1_58' title="bbox 173 4133 1748 4206; baseline 0.007 -23"><span class='ocrx_word' id='word_1_454' title='bbox 173 4143 354 4200; x_wconf 84' lang='lat' dir='ltr'><strong>grata,</strong></span> <span class='ocrx_word' id='word_1_455' title='bbox 407 4143 463 4186; x_wconf 90' lang='lat' dir='ltr'><strong>et</strong></span> <span class='ocrx_word' id='word_1_456' title='bbox 523 4133 860 4204; x_wconf 88' lang='lat' dir='ltr'><strong>gesticulatis</strong></span> <span class='ocrx_word' id='word_1_457' title='bbox 911 4135 1144 4190; x_wconf 90' lang='lat' dir='ltr'><strong>motibus</strong></span> <span class='ocrx_word' id='word_1_458' title='bbox 1201 4137 1448 4206; x_wconf 90' lang='lat' dir='ltr'><strong>inquieti.</strong></span> <span class='ocrx_word' id='word_1_459' title='bbox 1513 4137 1748 4194; x_wconf 46' lang='lat' dir='ltr'><strong>Callitrid</strong></span> 
     </span>
    </p>
   </div>
   <div class='ocr_carea' id='block_1_59' title="bbox 171 4225 1747 4292">
    <p class='ocr_par' dir='ltr' id='par_1_59' title="bbox 171 4225 1747 4292">
     <span class='ocr_line' id='line_1_59' title="bbox 171 4225 1747 4292; baseline 0.005 -17"><span class='ocrx_word' id='word_1_460' title='bbox 171 4237 252 4275; x_wconf 87' lang='lat' dir='ltr'><strong>ces</strong></span> <span class='ocrx_word' id='word_1_461' title='bbox 305 4230 416 4277; x_wconf 88' lang='lat' dir='ltr'><strong>toto</strong></span> <span class='ocrx_word' id='word_1_462' title='bbox 452 4231 679 4292; x_wconf 87' lang='lat' dir='ltr'><strong>aspectu</strong></span> <span class='ocrx_word' id='word_1_463' title='bbox 716 4238 746 4276; x_wconf 90' lang='lat' dir='ltr'><strong>a</strong></span> <span class='ocrx_word' id='word_1_464' title='bbox 796 4226 1007 4279; x_wconf 79' lang='lat' dir='ltr'><strong>caeteris</strong></span> <span class='ocrx_word' id='word_1_465' title='bbox 1047 4225 1264 4280; x_wconf 88' lang='lat' dir='ltr'><strong>distant.</strong></span> <span class='ocrx_word' id='word_1_466' title='bbox 1315 4227 1453 4281; x_wconf 92' lang='lat' dir='ltr'><strong>Sunt</strong></span> <span class='ocrx_word' id='word_1_467' title='bbox 1500 4229 1645 4283; x_wconf 91' lang='lat' dir='ltr'><strong>enim</strong></span> <span class='ocrx_word' id='word_1_468' title='bbox 1692 4231 1747 4284; x_wconf 88' lang='lat' dir='ltr'><strong>in</strong></span> 
     </span>
    </p>
   </div>
   <div class='ocr_carea' id='block_1_60' title="bbox 169 4311 1747 4382">
    <p class='ocr_par' dir='ltr' id='par_1_60' title="bbox 169 4311 1747 4382">
     <span class='ocr_line' id='line_1_60' title="bbox 169 4311 1747 4382; baseline 0.006 -19"><span class='ocrx_word' id='word_1_469' title='bbox 169 4311 297 4366; x_wconf 87' lang='lat' dir='ltr'><strong>facie</strong></span> <span class='ocrx_word' id='word_1_470' title='bbox 325 4313 596 4382; x_wconf 89' lang='lat' dir='ltr'><strong>producta</strong></span> <span class='ocrx_word' id='word_1_471' title='bbox 649 4313 838 4381; x_wconf 87' lang='lat' dir='ltr'><strong>barba,</strong></span> <span class='ocrx_word' id='word_1_472' title='bbox 878 4325 934 4370; x_wconf 87' lang='lat' dir='ltr'><strong>et</strong></span> <span class='ocrx_word' id='word_1_473' title='bbox 978 4316 1084 4370; x_wconf 89' lang='lat' dir='ltr'><strong>lata</strong></span> <span class='ocrx_word' id='word_1_474' title='bbox 1132 4319 1321 4372; x_wconf 90' lang='lat' dir='ltr'><strong>cauda.</strong></span> <span class='ocrx_word' id='word_1_475' title='bbox 1357 4317 1541 4374; x_wconf 71' lang='lat' dir='ltr'><strong>Simia:</strong></span> <span class='ocrx_word' id='word_1_476' title='bbox 1569 4329 1747 4374; x_wconf 89' lang='lat' dir='ltr'><strong>autem</strong></span> 
     </span>
    </p>
   </div>
   <div class='ocr_carea' id='block_1_61' title="bbox 170 4403 1748 4481">
    <p class='ocr_par' dir='ltr' id='par_1_61' title="bbox 170 4403 1748 4481">
     <span class='ocr_line' id='line_1_61' title="bbox 170 4403 1748 4481; baseline 0.006 -24"><span class='ocrx_word' id='word_1_477' title='bbox 170 4403 383 4460; x_wconf 86' lang='lat' dir='ltr'><strong>callidos</strong></span> <span class='ocrx_word' id='word_1_478' title='bbox 417 4413 627 4470; x_wconf 90' lang='lat' dir='ltr'><strong>mente,</strong></span> <span class='ocrx_word' id='word_1_479' title='bbox 658 4413 715 4461; x_wconf 91' lang='lat' dir='ltr'><strong>et</strong></span> <span class='ocrx_word' id='word_1_480' title='bbox 752 4408 988 4476; x_wconf 86' lang='lat' dir='ltr'><strong>peccatis</strong></span> <span class='ocrx_word' id='word_1_481' title='bbox 1024 4407 1220 4465; x_wconf 86' lang='lat' dir='ltr'><strong>fetidos</strong></span> <span class='ocrx_word' id='word_1_482' title='bbox 1270 4411 1517 4468; x_wconf 89' lang='lat' dir='ltr'><strong>homines</strong></span> <span class='ocrx_word' id='word_1_483' title='bbox 1545 4411 1748 4481; x_wconf 84' lang='lat' dir='ltr'><strong>signiﬁ-</strong></span> 
     </span>
    </p>
   </div>
   <div class='ocr_carea' id='block_1_62' title="bbox 171 4495 1746 4572">
    <p class='ocr_par' dir='ltr' id='par_1_62' title="bbox 171 4495 1746 4572">
     <span class='ocr_line' id='line_1_62' title="bbox 171 4495 1746 4572; baseline 0.006 -24"><span class='ocrx_word' id='word_1_484' title='bbox 171 4503 304 4548; x_wconf 85' lang='lat' dir='ltr'><strong>cant.</strong></span> <span class='ocrx_word' id='word_1_485' title='bbox 339 4495 442 4562; x_wconf 86' lang='lat' dir='ltr'><strong>Qui</strong></span> <span class='ocrx_word' id='word_1_486' title='bbox 481 4495 772 4564; x_wconf 86' lang='lat' dir='ltr'><strong>aliquando</strong></span> <span class='ocrx_word' id='word_1_487' title='bbox 798 4511 898 4565; x_wconf 90' lang='lat' dir='ltr'><strong>per</strong></span> <span class='ocrx_word' id='word_1_488' title='bbox 943 4499 1345 4554; x_wconf 87' lang='lat' dir='ltr'><strong>conversionem</strong></span> <span class='ocrx_word' id='word_1_489' title='bbox 1380 4510 1436 4556; x_wconf 88' lang='lat' dir='ltr'><strong>et</strong></span> <span class='ocrx_word' id='word_1_490' title='bbox 1480 4502 1746 4572; x_wconf 63' lang='lat' dir='ltr'><strong>poeniten-</strong></span> 
     </span>
    </p>
   </div>
   <div class='ocr_carea' id='block_1_63' title="bbox 174 4587 1745 4668">
    <p class='ocr_par' dir='ltr' id='par_1_63' title="bbox 174 4587 1745 4668">
     <span class='ocr_line' id='line_1_63' title="bbox 174 4587 1745 4668; baseline 0.006 -26"><span class='ocrx_word' id='word_1_491' title='bbox 174 4587 290 4643; x_wconf 85' lang='lat' dir='ltr'><strong>tiam</strong></span> <span class='ocrx_word' id='word_1_492' title='bbox 318 4589 383 4642; x_wconf 90' lang='lat' dir='ltr'><strong>ad</strong></span> <span class='ocrx_word' id='word_1_493' title='bbox 412 4589 700 4658; x_wconf 81' lang='lat' dir='ltr'><strong>paciﬁcum</strong></span> <span class='ocrx_word' id='word_1_494' title='bbox 726 4599 972 4645; x_wconf 89' lang='lat' dir='ltr'><strong>nostrum</strong></span> <span class='ocrx_word' id='word_1_495' title='bbox 989 4591 1414 4659; x_wconf 87' lang='lat' dir='ltr'><strong>deducuntur,ct</strong></span> <span class='ocrx_word' id='word_1_496' title='bbox 1439 4596 1554 4667; x_wconf 89' lang='lat' dir='ltr'><strong>ejus</strong></span> <span class='ocrx_word' id='word_1_497' title='bbox 1579 4607 1745 4668; x_wconf 89' lang='lat' dir='ltr'><strong>agunt</strong></span> 
     </span>
    </p>
   </div>
   <div class='ocr_carea' id='block_1_64' title="bbox 171 4678 1744 4755">
    <p class='ocr_par' dir='ltr' id='par_1_64' title="bbox 171 4678 1744 4755">
     <span class='ocr_line' id='line_1_64' title="bbox 171 4678 1744 4755; baseline 0.007 -24"><span class='ocrx_word' id='word_1_498' title='bbox 171 4678 464 4744; x_wconf 81' lang='lat' dir='ltr'><strong>servitium,</strong></span> <span class='ocrx_word' id='word_1_499' title='bbox 499 4678 643 4734; x_wconf 91' lang='lat' dir='ltr'><strong>sicut</strong></span> <span class='ocrx_word' id='word_1_500' title='bbox 671 4694 832 4750; x_wconf 90' lang='lat' dir='ltr'><strong>supra</strong></span> <span class='ocrx_word' id='word_1_501' title='bbox 878 4680 1081 4736; x_wconf 87' lang='lat' dir='ltr'><strong>dictum</strong></span> <span class='ocrx_word' id='word_1_502' title='bbox 1125 4692 1210 4738; x_wconf 87' lang='lat' dir='ltr'><strong>est</strong></span> <span class='ocrx_word' id='word_1_503' title='bbox 1250 4685 1315 4737; x_wconf 91' lang='lat' dir='ltr'><strong>de</strong></span> <span class='ocrx_word' id='word_1_504' title='bbox 1347 4685 1644 4755; x_wconf 89' lang='lat' dir='ltr'><strong>elephantis</strong></span> <span class='ocrx_word' id='word_1_505' title='bbox 1689 4697 1744 4742; x_wconf 90' lang='lat' dir='ltr'><strong>et</strong></span> 
     </span>
    </p>
   </div>
   <div class='ocr_carea' id='block_1_65' title="bbox 171 4767 1744 4849">
    <p class='ocr_par' dir='ltr' id='par_1_65' title="bbox 171 4767 1744 4849">
     <span class='ocr_line' id='line_1_65' title="bbox 171 4767 1744 4849; baseline 0.008 -27"><span class='ocrx_word' id='word_1_506' title='bbox 171 4767 356 4833; x_wconf 85' lang='lat' dir='ltr'><strong>simiis,</strong></span> <span class='ocrx_word' id='word_1_507' title='bbox 382 4769 478 4838; x_wconf 89' lang='lat' dir='ltr'><strong>qui</strong></span> <span class='ocrx_word' id='word_1_508' title='bbox 520 4769 928 4826; x_wconf 86' lang='lat' dir='ltr'><strong>adducebantur</strong></span> <span class='ocrx_word' id='word_1_509' title='bbox 956 4773 1024 4826; x_wconf 90' lang='lat' dir='ltr'><strong>ad</strong></span> <span class='ocrx_word' id='word_1_510' title='bbox 1055 4771 1416 4830; x_wconf 89' lang='lat' dir='ltr'><strong>Salomonem.</strong></span> <span class='ocrx_word' id='word_1_511' title='bbox 1461 4778 1744 4849; x_wconf 87' lang='lat' dir='ltr'><strong>Enhydros</strong></span> 
     </span>
    </p>
   </div>
   <div class='ocr_carea' id='block_1_66' title="bbox 173 4860 1741 4936">
    <p class='ocr_par' dir='ltr' id='par_1_66' title="bbox 173 4860 1741 4936">
     <span class='ocr_line' id='line_1_66' title="bbox 173 4860 1741 4936; baseline 0.006 -22"><span class='ocrx_word' id='word_1_512' title='bbox 173 4860 414 4926; x_wconf 88' lang='lat' dir='ltr'><strong>bestiola,</strong></span> <span class='ocrx_word' id='word_1_513' title='bbox 441 4876 512 4916; x_wconf 83' lang='lat' dir='ltr'><strong>ex</strong></span> <span class='ocrx_word' id='word_1_514' title='bbox 540 4875 604 4914; x_wconf 90' lang='lat' dir='ltr'><strong>eo</strong></span> <span class='ocrx_word' id='word_1_515' title='bbox 635 4872 962 4930; x_wconf 87' lang='lat' dir='ltr'><strong>nuncupata,</strong></span> <span class='ocrx_word' id='word_1_516' title='bbox 994 4864 1136 4931; x_wconf 92' lang='lat' dir='ltr'><strong>quod</strong></span> <span class='ocrx_word' id='word_1_517' title='bbox 1185 4865 1238 4918; x_wconf 93' lang='lat' dir='ltr'><strong>in</strong></span> <span class='ocrx_word' id='word_1_518' title='bbox 1291 4867 1446 4936; x_wconf 89' lang='lat' dir='ltr'><strong>aquis</strong></span> <span class='ocrx_word' id='word_1_519' title='bbox 1474 4879 1741 4936; x_wconf 90' lang='lat' dir='ltr'><strong>versetur,</strong></span> 
     </span>
    </p>
   </div>
   <div class='ocr_carea' id='block_1_67' title="bbox 172 4951 1742 5019">
    <p class='ocr_par' dir='ltr' id='par_1_67' title="bbox 172 4951 1742 5019">
     <span class='ocr_line' id='line_1_67' title="bbox 172 4951 1742 5019; baseline 0.008 -16"><span class='ocrx_word' id='word_1_520' title='bbox 172 4960 220 5004; x_wconf 87' lang='lat' dir='ltr'><strong>et</strong></span> <span class='ocrx_word' id='word_1_521' title='bbox 262 4952 497 5006; x_wconf 79' lang='lat' dir='ltr'><strong>maxime</strong></span> <span class='ocrx_word' id='word_1_522' title='bbox 544 4951 598 5006; x_wconf 90' lang='lat' dir='ltr'><strong>in</strong></span> <span class='ocrx_word' id='word_1_523' title='bbox 637 4951 774 5007; x_wconf 79' lang='lat' dir='ltr'><strong>Nilo.</strong></span> <span class='ocrx_word' id='word_1_524' title='bbox 822 4953 951 5019; x_wconf 61' lang='lat' dir='ltr'><strong>Quae</strong></span> <span class='ocrx_word' id='word_1_525' title='bbox 999 4953 1044 5008; x_wconf 91' lang='lat' dir='ltr'><strong>si</strong></span> <span class='ocrx_word' id='word_1_526' title='bbox 1079 4954 1343 5010; x_wconf 88' lang='lat' dir='ltr'><strong>invenerit</strong></span> <span class='ocrx_word' id='word_1_527' title='bbox 1389 4957 1742 5014; x_wconf 91' lang='lat' dir='ltr'><strong>dormientem</strong></span> 
     </span>
    </p>
   </div>
   <div class='ocr_carea' id='block_1_68' title="bbox 171 5041 1742 5118">
    <p class='ocr_par' dir='ltr' id='par_1_68' title="bbox 171 5041 1742 5118">
     <span class='ocr_line' id='line_1_68' title="bbox 171 5041 1742 5118; baseline 0.01 -28"><span class='ocrx_word' id='word_1_528' title='bbox 171 5041 517 5106; x_wconf 82' lang='lat' dir='ltr'><strong>crocodilum,</strong></span> <span class='ocrx_word' id='word_1_529' title='bbox 543 5041 746 5098; x_wconf 88' lang='lat' dir='ltr'><strong>volutat</strong></span> <span class='ocrx_word' id='word_1_530' title='bbox 777 5057 835 5097; x_wconf 88' lang='lat' dir='ltr'><strong>se</strong></span> <span class='ocrx_word' id='word_1_531' title='bbox 865 5043 920 5097; x_wconf 92' lang='lat' dir='ltr'><strong>in</strong></span> <span class='ocrx_word' id='word_1_532' title='bbox 948 5043 1058 5098; x_wconf 88' lang='lat' dir='ltr'><strong>luto</strong></span> <span class='ocrx_word' id='word_1_533' title='bbox 1078 5044 1327 5113; x_wconf 91' lang='lat' dir='ltr'><strong>primum,</strong></span> <span class='ocrx_word' id='word_1_534' title='bbox 1361 5056 1414 5101; x_wconf 92' lang='lat' dir='ltr'><strong>ct</strong></span> <span class='ocrx_word' id='word_1_535' title='bbox 1446 5048 1613 5103; x_wconf 88' lang='lat' dir='ltr'><strong>intrat</strong></span> <span class='ocrx_word' id='word_1_536' title='bbox 1645 5065 1742 5118; x_wconf 89' lang='lat' dir='ltr'><strong>per</strong></span> 
     </span>
    </p>
   </div>
   <div class='ocr_carea' id='block_1_69' title="bbox 175 5133 1738 5207">
    <p class='ocr_par' dir='ltr' id='par_1_69' title="bbox 175 5133 1738 5207">
     <span class='ocr_line' id='line_1_69' title="bbox 175 5133 1738 5207; baseline 0.009 -23"><span class='ocrx_word' id='word_1_537' title='bbox 175 5144 229 5184; x_wconf 90' lang='lat' dir='ltr'><strong>os</strong></span> <span class='ocrx_word' id='word_1_538' title='bbox 266 5133 381 5200; x_wconf 89' lang='lat' dir='ltr'><strong>ejus</strong></span> <span class='ocrx_word' id='word_1_539' title='bbox 431 5136 485 5187; x_wconf 89' lang='lat' dir='ltr'><strong>in</strong></span> <span class='ocrx_word' id='word_1_540' title='bbox 537 5145 806 5202; x_wconf 87' lang='lat' dir='ltr'><strong>ventrem,</strong></span> <span class='ocrx_word' id='word_1_541' title='bbox 838 5145 894 5191; x_wconf 93' lang='lat' dir='ltr'><strong>et</strong></span> <span class='ocrx_word' id='word_1_542' title='bbox 941 5152 1172 5207; x_wconf 89' lang='lat' dir='ltr'><strong>carpens</strong></span> <span class='ocrx_word' id='word_1_543' title='bbox 1227 5140 1407 5194; x_wconf 86' lang='lat' dir='ltr'><strong>omnia</strong></span> <span class='ocrx_word' id='word_1_544' title='bbox 1460 5141 1738 5198; x_wconf 87' lang='lat' dir='ltr'><strong>interanea</strong></span> 
     </span>
    </p>
   </div>
   <div class='ocr_carea' id='block_1_70' title="bbox 173 5223 1741 5304">
    <p class='ocr_par' dir='ltr' id='par_1_70' title="bbox 173 5223 1741 5304">
     <span class='ocr_line' id='line_1_70' title="bbox 173 5223 1741 5304; baseline 0.01 -30"><span class='ocrx_word' id='word_1_545' title='bbox 173 5223 301 5290; x_wconf 85' lang='lat' dir='ltr'><strong>ejus,</strong></span> <span class='ocrx_word' id='word_1_546' title='bbox 326 5225 404 5278; x_wconf 91' lang='lat' dir='ltr'><strong>sic</strong></span> <span class='ocrx_word' id='word_1_547' title='bbox 427 5226 687 5292; x_wconf 89' lang='lat' dir='ltr'><strong>moritur;</strong></span> <span class='ocrx_word' id='word_1_548' title='bbox 720 5229 1041 5285; x_wconf 89' lang='lat' dir='ltr'><strong>ichneumon</strong></span> <span class='ocrx_word' id='word_1_549' title='bbox 1056 5229 1240 5285; x_wconf 66' lang='lat' dir='ltr'><strong>Grteec</strong></span> <span class='ocrx_word' id='word_1_550' title='bbox 1261 5240 1478 5288; x_wconf 91' lang='lat' dir='ltr'><strong>vocatus</strong></span> <span class='ocrx_word' id='word_1_551' title='bbox 1503 5248 1568 5289; x_wconf 92' lang='lat' dir='ltr'><strong>eo</strong></span> <span class='ocrx_word' id='word_1_552' title='bbox 1597 5235 1741 5304; x_wconf 88' lang='lat' dir='ltr'><strong>quod</strong></span> 
     </span>
    </p>
   </div>
   <div class='ocr_carea' id='block_1_71' title="bbox 175 5314 1740 5392">
    <p class='ocr_par' dir='ltr' id='par_1_71' title="bbox 175 5314 1740 5392">
     <span class='ocr_line' id='line_1_71' title="bbox 175 5314 1740 5392; baseline 0.008 -25"><span class='ocrx_word' id='word_1_553' title='bbox 175 5314 331 5369; x_wconf 86' lang='lat' dir='ltr'><strong>odore</strong></span> <span class='ocrx_word' id='word_1_554' title='bbox 362 5331 459 5370; x_wconf 92' lang='lat' dir='ltr'><strong>suo</strong></span> <span class='ocrx_word' id='word_1_555' title='bbox 488 5324 544 5371; x_wconf 87' lang='lat' dir='ltr'><strong>et</strong></span> <span class='ocrx_word' id='word_1_556' title='bbox 573 5317 809 5373; x_wconf 85' lang='lat' dir='ltr'><strong>salubria</strong></span> <span class='ocrx_word' id='word_1_557' title='bbox 851 5321 1097 5375; x_wconf 90' lang='lat' dir='ltr'><strong>ciborum</strong></span> <span class='ocrx_word' id='word_1_558' title='bbox 1131 5330 1185 5377; x_wconf 91' lang='lat' dir='ltr'><strong>et</strong></span> <span class='ocrx_word' id='word_1_559' title='bbox 1213 5337 1476 5378; x_wconf 87' lang='lat' dir='ltr'><strong>venenosa</strong></span> <span class='ocrx_word' id='word_1_560' title='bbox 1508 5326 1740 5392; x_wconf 89' lang='lat' dir='ltr'><strong>prodan-</strong></span> 
     </span>
    </p>
   </div>
   <div class='ocr_carea' id='block_1_72' title="bbox 177 5406 1738 5477">
    <p class='ocr_par' dir='ltr' id='par_1_72' title="bbox 177 5406 1738 5477">
     <span class='ocr_line' id='line_1_72' title="bbox 177 5406 1738 5477; baseline 0.009 -21"><span class='ocrx_word' id='word_1_561' title='bbox 177 5411 272 5458; x_wconf 90' lang='lat' dir='ltr'><strong>tur.</strong></span> <span class='ocrx_word' id='word_1_562' title='bbox 320 5406 395 5462; x_wconf 93' lang='lat' dir='ltr'><strong>De</strong></span> <span class='ocrx_word' id='word_1_563' title='bbox 441 5423 551 5477; x_wconf 89' lang='lat' dir='ltr'><strong>quo</strong></span> <span class='ocrx_word' id='word_1_564' title='bbox 599 5408 921 5464; x_wconf 86' lang='lat' dir='ltr'><strong>Dracontius</strong></span> <span class='ocrx_word' id='word_1_565' title='bbox 960 5413 1072 5465; x_wconf 90' lang='lat' dir='ltr'><strong>ait:</strong></span> <span class='ocrx_word' id='word_1_566' title='bbox 1110 5411 1357 5466; x_wconf 74' lang='lat' dir='ltr'><strong>Prwdicit</strong></span> <span class='ocrx_word' id='word_1_567' title='bbox 1395 5415 1581 5468; x_wconf 86' lang='lat' dir='ltr'><strong>suillus</strong></span> <span class='ocrx_word' id='word_1_568' title='bbox 1636 5419 1738 5470; x_wconf 87' lang='lat' dir='ltr'><strong>vim</strong></span> 
     </span>
    </p>
   </div>
   <div class='ocr_carea' id='block_1_73' title="bbox 176 5494 1740 5565">
    <p class='ocr_par' dir='ltr' id='par_1_73' title="bbox 176 5494 1740 5565">
     <span class='ocr_line' id='line_1_73' title="bbox 176 5494 1740 5565; baseline 0.009 -20"><span class='ocrx_word' id='word_1_569' title='bbox 176 5494 524 5565; x_wconf 81' lang='lat' dir='ltr'><strong>cujuscunque</strong></span> <span class='ocrx_word' id='word_1_570' title='bbox 555 5498 747 5551; x_wconf 71' lang='lat' dir='ltr'><strong>veneni.</strong></span> <span class='ocrx_word' id='word_1_571' title='bbox 781 5498 980 5552; x_wconf 87' lang='lat' dir='ltr'><strong>Suillus</strong></span> <span class='ocrx_word' id='word_1_572' title='bbox 1000 5509 1176 5554; x_wconf 89' lang='lat' dir='ltr'><strong>autem</strong></span> <span class='ocrx_word' id='word_1_573' title='bbox 1206 5517 1234 5554; x_wconf 92' lang='lat' dir='ltr'><strong>a</strong></span> <span class='ocrx_word' id='word_1_574' title='bbox 1265 5503 1392 5557; x_wconf 89' lang='lat' dir='ltr'><strong>sctis</strong></span> <span class='ocrx_word' id='word_1_575' title='bbox 1431 5512 1511 5557; x_wconf 89' lang='lat' dir='ltr'><strong>est</strong></span> <span class='ocrx_word' id='word_1_576' title='bbox 1535 5520 1740 5560; x_wconf 89' lang='lat' dir='ltr'><strong>nuncu-</strong></span> 
     </span>
    </p>
   </div>
   <div class='ocr_carea' id='block_1_74' title="bbox 177 5584 1738 5658">
    <p class='ocr_par' dir='ltr' id='par_1_74' title="bbox 177 5584 1738 5658">
     <span class='ocr_line' id='line_1_74' title="bbox 177 5584 1738 5658; baseline 0.01 -23"><span class='ocrx_word' id='word_1_577' title='bbox 177 5591 343 5652; x_wconf 86' lang='lat' dir='ltr'><strong>patus.</strong></span> <span class='ocrx_word' id='word_1_578' title='bbox 374 5584 472 5639; x_wconf 85' lang='lat' dir='ltr'><strong>Hic</strong></span> <span class='ocrx_word' id='word_1_579' title='bbox 510 5589 674 5642; x_wconf 90' lang='lat' dir='ltr'><strong>etiam</strong></span> <span class='ocrx_word' id='word_1_580' title='bbox 711 5597 984 5657; x_wconf 88' lang='lat' dir='ltr'><strong>serpentes</strong></span> <span class='ocrx_word' id='word_1_581' title='bbox 1013 5589 1333 5658; x_wconf 88' lang='lat' dir='ltr'><strong>insequitur.</strong></span> <span class='ocrx_word' id='word_1_582' title='bbox 1364 5595 1463 5658; x_wconf 78' lang='lat' dir='ltr'><strong>Qui</strong></span> <span class='ocrx_word' id='word_1_583' title='bbox 1495 5609 1614 5647; x_wconf 92' lang='lat' dir='ltr'><strong>eum</strong></span> <span class='ocrx_word' id='word_1_584' title='bbox 1646 5597 1738 5651; x_wconf 89' lang='lat' dir='ltr'><strong>ad-</strong></span> 
     </span>
    </p>
   </div>
   <div class='ocr_carea' id='block_1_75' title="bbox 177 5677 1737 5753">
    <p class='ocr_par' dir='ltr' id='par_1_75' title="bbox 177 5677 1737 5753">
     <span class='ocr_line' id='line_1_75' title="bbox 177 5677 1737 5753; baseline 0.008 -27"><span class='ocrx_word' id='word_1_585' title='bbox 177 5684 354 5728; x_wconf 72' lang='lat' dir='ltr'><strong>vorsus</strong></span> <span class='ocrx_word' id='word_1_586' title='bbox 402 5677 644 5744; x_wconf 88' lang='lat' dir='ltr'><strong>aspidem</strong></span> <span class='ocrx_word' id='word_1_587' title='bbox 672 5687 891 5746; x_wconf 85' lang='lat' dir='ltr'><strong>pugnat,</strong></span> <span class='ocrx_word' id='word_1_588' title='bbox 919 5679 1142 5732; x_wconf 86' lang='lat' dir='ltr'><strong>caudam</strong></span> <span class='ocrx_word' id='word_1_589' title='bbox 1178 5681 1358 5748; x_wconf 86' lang='lat' dir='ltr'><strong>erigit,</strong></span> <span class='ocrx_word' id='word_1_590' title='bbox 1396 5698 1556 5751; x_wconf 91' lang='lat' dir='ltr'><strong>quam</strong></span> <span class='ocrx_word' id='word_1_591' title='bbox 1594 5685 1737 5753; x_wconf 87' lang='lat' dir='ltr'><strong>aspis</strong></span> 
     </span>
    </p>
   </div>
   <div class='ocr_carea' id='block_1_76' title="bbox 179 5759 1736 5846">
    <p class='ocr_par' dir='ltr' id='par_1_76' title="bbox 179 5759 1736 5846">
     <span class='ocr_line' id='line_1_76' title="bbox 179 5759 1736 5846; baseline 0.01 -27"><span class='ocrx_word' id='word_1_592' title='bbox 179 5767 400 5824; x_wconf 87' lang='lat' dir='ltr'><strong>maxime</strong></span> <span class='ocrx_word' id='word_1_593' title='bbox 430 5769 620 5839; x_wconf 87' lang='lat' dir='ltr'><strong>incipit</strong></span> <span class='ocrx_word' id='word_1_594' title='bbox 639 5769 926 5827; x_wconf 88' lang='lat' dir='ltr'><strong>observare</strong></span> <span class='ocrx_word' id='word_1_595' title='bbox 951 5771 1102 5842; x_wconf 86' lang='lat' dir='ltr'><strong>quasi</strong></span> <span class='ocrx_word' id='word_1_596' title='bbox 1132 5759 1445 5842; x_wconf 86' lang='lat' dir='ltr'><strong>minantem,</strong></span> <span class='ocrx_word' id='word_1_597' title='bbox 1477 5777 1543 5830; x_wconf 91' lang='lat' dir='ltr'><strong>ad</strong></span> <span class='ocrx_word' id='word_1_598' title='bbox 1572 5791 1736 5846; x_wconf 87' lang='lat' dir='ltr'><strong>quam</strong></span> 
     </span>
    </p>
   </div>
   <div class='ocr_carea' id='block_1_77' title="bbox 1771 4553 1822 4612">
    <p class='ocr_par' dir='ltr' id='par_1_77' title="bbox 1771 4553 1822 4612">
     <span class='ocr_line' id='line_1_77' title="bbox 1771 4553 1822 4612; baseline 0 0"><span class='ocrx_word' id='word_1_599' title='bbox 1771 4553 1822 4612; x_wconf 95' lang='lat' dir='ltr'><strong>D</strong></span> 
     </span>
    </p>
   </div>
   <div class='ocr_carea' id='block_1_78' title="bbox 1855 1974 3438 2046">
    <p class='ocr_par' dir='ltr' id='par_1_78' title="bbox 1855 1974 3438 2046">
     <span class='ocr_line' id='line_1_78' title="bbox 1855 1974 3438 2046; baseline 0.001 -16"><span class='ocrx_word' id='word_1_600' title='bbox 1855 1994 1955 2041; x_wconf 89' lang='lat' dir='ltr'><strong>me,</strong></span> <span class='ocrx_word' id='word_1_601' title='bbox 1979 1977 2130 2045; x_wconf 87' lang='lat' dir='ltr'><strong>quasi</strong></span> <span class='ocrx_word' id='word_1_602' title='bbox 2164 1992 2328 2040; x_wconf 86' lang='lat' dir='ltr'><strong>avent,</strong></span> <span class='ocrx_word' id='word_1_603' title='bbox 2363 1976 2561 2028; x_wconf 85' lang='lat' dir='ltr'><strong>inimici</strong></span> <span class='ocrx_word' id='word_1_604' title='bbox 2588 1975 2863 2044; x_wconf 86' lang='lat' dir='ltr'><strong>meigratis</strong></span> <span class='ocrx_word' id='word_1_605' title='bbox 2896 1974 3438 2046; x_wconf 82' lang='lat' dir='ltr'><strong>(Thren.ttt).Lamia</strong></span> 
     </span>
    </p>
   </div>
   <div class='ocr_carea' id='block_1_79' title="bbox 1857 2065 3439 2130">
    <p class='ocr_par' dir='ltr' id='par_1_79' title="bbox 1857 2065 3439 2130">
     <span class='ocr_line' id='line_1_79' title="bbox 1857 2065 3439 2130; baseline 0.001 -10"><span class='ocrx_word' id='word_1_606' title='bbox 1857 2068 2103 2121; x_wconf 88' lang='lat' dir='ltr'><strong>diabolus</strong></span> <span class='ocrx_word' id='word_1_607' title='bbox 2141 2067 2228 2120; x_wconf 90' lang='lat' dir='ltr'><strong>vel</strong></span> <span class='ocrx_word' id='word_1_608' title='bbox 2269 2068 2561 2130; x_wconf 62' lang='lat' dir='ltr'><strong>daemones,</strong></span> <span class='ocrx_word' id='word_1_609' title='bbox 2586 2074 2647 2120; x_wconf 93' lang='lat' dir='ltr'><strong>ut</strong></span> <span class='ocrx_word' id='word_1_610' title='bbox 2675 2067 2730 2120; x_wconf 91' lang='lat' dir='ltr'><strong>in</strong></span> <span class='ocrx_word' id='word_1_611' title='bbox 2773 2065 3004 2120; x_wconf 72' lang='lat' dir='ltr'><strong>Ieremia</strong></span> <span class='ocrx_word' id='word_1_612' title='bbox 3034 2085 3046 2120; x_wconf 91' lang='lat'><strong>:</strong></span> <span class='ocrx_word' id='word_1_613' title='bbox 3071 2066 3176 2122; x_wconf 89' lang='lat' dir='ltr'><strong>Sed</strong></span> <span class='ocrx_word' id='word_1_614' title='bbox 3205 2078 3252 2120; x_wconf 88' lang='lat' dir='ltr'><strong>et</strong></span> <span class='ocrx_word' id='word_1_615' title='bbox 3278 2067 3439 2121; x_wconf 88' lang='lat' dir='ltr'><strong>lamia</strong></span> 
     </span>
    </p>
   </div>
   <div class='ocr_carea' id='block_1_80' title="bbox 1857 2153 3438 2224">
    <p class='ocr_par' dir='ltr' id='par_1_80' title="bbox 1857 2153 3438 2224">
     <span class='ocr_line' id='line_1_80' title="bbox 1857 2153 3438 2224; baseline 0.001 -16"><span class='ocrx_word' id='word_1_616' title='bbox 1857 2156 2072 2209; x_wconf 86' lang='lat' dir='ltr'><strong>nudavit</strong></span> <span class='ocrx_word' id='word_1_617' title='bbox 2097 2153 2408 2218; x_wconf 87' lang='lat' dir='ltr'><strong>mamillam,</strong></span> <span class='ocrx_word' id='word_1_618' title='bbox 2437 2164 2483 2208; x_wconf 91' lang='lat' dir='ltr'><strong>et</strong></span> <span class='ocrx_word' id='word_1_619' title='bbox 2509 2153 2721 2208; x_wconf 89' lang='lat' dir='ltr'><strong>lactavit</strong></span> <span class='ocrx_word' id='word_1_620' title='bbox 2744 2154 2945 2208; x_wconf 88' lang='lat' dir='ltr'><strong>catulos</strong></span> <span class='ocrx_word' id='word_1_621' title='bbox 2967 2154 3291 2224; x_wconf 62' lang='lat' dir='ltr'><strong>(Threnav).</strong></span> <span class='ocrx_word' id='word_1_622' title='bbox 3307 2155 3438 2210; x_wconf 83' lang='lat' dir='ltr'><strong>Item</strong></span> 
     </span>
    </p>
   </div>
   <div class='ocr_carea' id='block_1_81' title="bbox 1857 2243 3437 2313">
    <p class='ocr_par' dir='ltr' id='par_1_81' title="bbox 1857 2243 3437 2313">
     <span class='ocr_line' id='line_1_81' title="bbox 1857 2243 3437 2313; baseline -0.001 -15"><span class='ocrx_word' id='word_1_623' title='bbox 1857 2246 2040 2309; x_wconf 90' lang='lat' dir='ltr'><strong>lamia,</strong></span> <span class='ocrx_word' id='word_1_624' title='bbox 2073 2245 2360 2298; x_wconf 59' lang='lat' dir='ltr'><strong>haereticus</strong></span> <span class='ocrx_word' id='word_1_625' title='bbox 2388 2243 2466 2297; x_wconf 86' lang='lat' dir='ltr'><strong>vel</strong></span> <span class='ocrx_word' id='word_1_626' title='bbox 2498 2243 2722 2311; x_wconf 88' lang='lat' dir='ltr'><strong>quilibet</strong></span> <span class='ocrx_word' id='word_1_627' title='bbox 2749 2245 3051 2313; x_wconf 82' lang='lat' dir='ltr'><strong>hypocrita,</strong></span> <span class='ocrx_word' id='word_1_628' title='bbox 3083 2253 3142 2298; x_wconf 92' lang='lat' dir='ltr'><strong>ut</strong></span> <span class='ocrx_word' id='word_1_629' title='bbox 3161 2243 3326 2299; x_wconf 89' lang='lat' dir='ltr'><strong>Isaias</strong></span> <span class='ocrx_word' id='word_1_630' title='bbox 3354 2244 3437 2300; x_wconf 92' lang='lat' dir='ltr'><strong>di-</strong></span> 
     </span>
    </p>
   </div>
   <div class='ocr_carea' id='block_1_82' title="bbox 1856 2332 3434 2404">
    <p class='ocr_par' dir='ltr' id='par_1_82' title="bbox 1856 2332 3434 2404">
     <span class='ocr_line' id='line_1_82' title="bbox 1856 2332 3434 2404; baseline -0.003 -15"><span class='ocrx_word' id='word_1_631' title='bbox 1856 2335 1931 2390; x_wconf 90' lang='lat' dir='ltr'><strong>cit</strong></span> <span class='ocrx_word' id='word_1_632' title='bbox 1953 2353 1964 2388; x_wconf 89' lang='lat'><strong>:</strong></span> <span class='ocrx_word' id='word_1_633' title='bbox 1983 2333 2202 2389; x_wconf 86' lang='lat' dir='ltr'><strong>Cubavit</strong></span> <span class='ocrx_word' id='word_1_634' title='bbox 2229 2332 2410 2399; x_wconf 90' lang='lat' dir='ltr'><strong>lamia,</strong></span> <span class='ocrx_word' id='word_1_635' title='bbox 2428 2342 2473 2386; x_wconf 88' lang='lat' dir='ltr'><strong>et</strong></span> <span class='ocrx_word' id='word_1_636' title='bbox 2503 2333 2695 2387; x_wconf 86' lang='lat' dir='ltr'><strong>invenit</strong></span> <span class='ocrx_word' id='word_1_637' title='bbox 2724 2333 2821 2386; x_wconf 86' lang='lat' dir='ltr'><strong>sibi</strong></span> <span class='ocrx_word' id='word_1_638' title='bbox 2845 2332 3206 2404; x_wconf 88' lang='lat' dir='ltr'><strong>requiem(lsa.</strong></span> <span class='ocrx_word' id='word_1_639' title='bbox 3225 2333 3434 2403; x_wconf 79' lang='lat' dir='ltr'><strong>xxxiv).</strong></span> 
     </span>
    </p>
   </div>
   <div class='ocr_carea' id='block_1_83' title="bbox 2483 2442 2819 2499">
    <p class='ocr_par' dir='ltr' id='par_1_83' title="bbox 2483 2442 2819 2499">
     <span class='ocr_line' id='line_1_83' title="bbox 2483 2442 2819 2499; baseline -0.006 -1"><span class='ocrx_word' id='word_1_640' title='bbox 2483 2442 2711 2499; x_wconf 83' lang='lat' dir='ltr'><strong>CAPUT</strong></span> <span class='ocrx_word' id='word_1_641' title='bbox 2753 2444 2819 2497; x_wconf 92' lang='lat' dir='ltr'><strong>II.</strong></span> 
     </span>
    </p>
   </div>
   <div class='ocr_carea' id='block_1_84' title="bbox 2303 2513 2971 2568">
    <p class='ocr_par' dir='ltr' id='par_1_84' title="bbox 2303 2513 2971 2568">
     <span class='ocr_line' id='line_1_84' title="bbox 2303 2513 2971 2568; baseline 0.001 -1"><span class='ocrx_word' id='word_1_642' title='bbox 2303 2514 2382 2567; x_wconf 88' lang='lat' dir='ltr'><strong>De</strong></span> <span class='ocrx_word' id='word_1_643' title='bbox 2407 2514 2620 2566; x_wconf 89' lang='lat' dir='ltr'><strong>minutis</strong></span> <span class='ocrx_word' id='word_1_644' title='bbox 2641 2513 2971 2568; x_wconf 85' lang='lat' dir='ltr'><strong>animalibus.</strong></span> 
     </span>
    </p>
   </div>
   <div class='ocr_carea' id='block_1_85' title="bbox 1927 2599 3433 2673">
    <p class='ocr_par' dir='ltr' id='par_1_85' title="bbox 1927 2599 3433 2673">
     <span class='ocr_line' id='line_1_85' title="bbox 1927 2599 3433 2673; baseline 0.003 -16"><span class='ocrx_word' id='word_1_645' title='bbox 1927 2603 2044 2658; x_wconf 90' lang='lat' dir='ltr'><strong>Mus</strong></span> <span class='ocrx_word' id='word_1_646' title='bbox 2083 2602 2334 2673; x_wconf 88' lang='lat' dir='ltr'><strong>pusillum</strong></span> <span class='ocrx_word' id='word_1_647' title='bbox 2386 2601 2618 2667; x_wconf 88' lang='lat' dir='ltr'><strong>animal,</strong></span> <span class='ocrx_word' id='word_1_648' title='bbox 2673 2599 2920 2658; x_wconf 69' lang='lat' dir='ltr'><strong>Graecum</strong></span> <span class='ocrx_word' id='word_1_649' title='bbox 2971 2603 3047 2658; x_wconf 91' lang='lat' dir='ltr'><strong>illi</strong></span> <span class='ocrx_word' id='word_1_650' title='bbox 3082 2619 3276 2660; x_wconf 92' lang='lat' dir='ltr'><strong>nomen</strong></span> <span class='ocrx_word' id='word_1_651' title='bbox 3303 2615 3433 2662; x_wconf 82' lang='lat' dir='ltr'><strong>est:</strong></span> 
     </span>
    </p>
   </div>
   <div class='ocr_carea' id='block_1_86' title="bbox 1855 2693 3430 2764">
    <p class='ocr_par' dir='ltr' id='par_1_86' title="bbox 1855 2693 3430 2764">
     <span class='ocr_line' id='line_1_86' title="bbox 1855 2693 3430 2764; baseline 0.002 -16"><span class='ocrx_word' id='word_1_652' title='bbox 1855 2693 2114 2764; x_wconf 89' lang='lat' dir='ltr'><strong>quidquid</strong></span> <span class='ocrx_word' id='word_1_653' title='bbox 2142 2709 2272 2749; x_wconf 89' lang='lat' dir='ltr'><strong>vero</strong></span> <span class='ocrx_word' id='word_1_654' title='bbox 2301 2709 2366 2750; x_wconf 84' lang='lat' dir='ltr'><strong>ex</strong></span> <span class='ocrx_word' id='word_1_655' title='bbox 2397 2708 2462 2748; x_wconf 91' lang='lat' dir='ltr'><strong>eo</strong></span> <span class='ocrx_word' id='word_1_656' title='bbox 2497 2693 2727 2748; x_wconf 86' lang='lat' dir='ltr'><strong>trahitur</strong></span> <span class='ocrx_word' id='word_1_657' title='bbox 2746 2733 2761 2760; x_wconf 94' lang='lat'><strong>,</strong></span> <span class='ocrx_word' id='word_1_658' title='bbox 2790 2694 3037 2749; x_wconf 89' lang='lat' dir='ltr'><strong>Latinum</strong></span> <span class='ocrx_word' id='word_1_659' title='bbox 3067 2695 3186 2750; x_wconf 89' lang='lat' dir='ltr'><strong>fuit.</strong></span> <span class='ocrx_word' id='word_1_660' title='bbox 3215 2695 3322 2750; x_wconf 81' lang='lat' dir='ltr'><strong>Alii</strong></span> <span class='ocrx_word' id='word_1_661' title='bbox 3347 2696 3430 2751; x_wconf 86' lang='lat' dir='ltr'><strong>di-</strong></span> 
     </span>
    </p>
   </div>
   <div class='ocr_carea' id='block_1_87' title="bbox 1854 2786 3436 2855">
    <p class='ocr_par' dir='ltr' id='par_1_87' title="bbox 1854 2786 3436 2855">
     <span class='ocr_line' id='line_1_87' title="bbox 1854 2786 3436 2855; baseline 0.003 -15"><span class='ocrx_word' id='word_1_662' title='bbox 1854 2794 1985 2840; x_wconf 89' lang='lat' dir='ltr'><strong>cunt</strong></span> <span class='ocrx_word' id='word_1_663' title='bbox 2014 2801 2217 2852; x_wconf 86' lang='lat' dir='ltr'><strong>mures,</strong></span> <span class='ocrx_word' id='word_1_664' title='bbox 2250 2786 2394 2855; x_wconf 91' lang='lat' dir='ltr'><strong>quod</strong></span> <span class='ocrx_word' id='word_1_665' title='bbox 2422 2801 2488 2840; x_wconf 83' lang='lat' dir='ltr'><strong>ex</strong></span> <span class='ocrx_word' id='word_1_666' title='bbox 2523 2786 2748 2839; x_wconf 89' lang='lat' dir='ltr'><strong>humore</strong></span> <span class='ocrx_word' id='word_1_667' title='bbox 2776 2795 2934 2839; x_wconf 69' lang='lat' dir='ltr'><strong>terrce</strong></span> <span class='ocrx_word' id='word_1_668' title='bbox 2966 2795 3276 2841; x_wconf 91' lang='lat' dir='ltr'><strong>nascantur.</strong></span> <span class='ocrx_word' id='word_1_669' title='bbox 3302 2787 3436 2844; x_wconf 82' lang='lat' dir='ltr'><strong>Nam</strong></span> 
     </span>
    </p>
   </div>
   <div class='ocr_carea' id='block_1_88' title="bbox 1854 2875 3436 2945">
    <p class='ocr_par' dir='ltr' id='par_1_88' title="bbox 1854 2875 3436 2945">
     <span class='ocr_line' id='line_1_88' title="bbox 1854 2875 3436 2945; baseline 0.001 -15"><span class='ocrx_word' id='word_1_670' title='bbox 1854 2891 1976 2930; x_wconf 92' lang='lat' dir='ltr'><strong>mus</strong></span> <span class='ocrx_word' id='word_1_671' title='bbox 2004 2883 2148 2930; x_wconf 89' lang='lat' dir='ltr'><strong>terra</strong></span> <span class='ocrx_word' id='word_1_672' title='bbox 2173 2915 2187 2940; x_wconf 94' lang='lat'><strong>,</strong></span> <span class='ocrx_word' id='word_1_673' title='bbox 2221 2876 2362 2929; x_wconf 89' lang='lat' dir='ltr'><strong>unde</strong></span> <span class='ocrx_word' id='word_1_674' title='bbox 2394 2884 2449 2930; x_wconf 91' lang='lat' dir='ltr'><strong>et</strong></span> <span class='ocrx_word' id='word_1_675' title='bbox 2473 2876 2685 2929; x_wconf 90' lang='lat' dir='ltr'><strong>humus.</strong></span> <span class='ocrx_word' id='word_1_676' title='bbox 2726 2875 2818 2930; x_wconf 85' lang='lat' dir='ltr'><strong>His</strong></span> <span class='ocrx_word' id='word_1_677' title='bbox 2857 2877 2912 2928; x_wconf 92' lang='lat' dir='ltr'><strong>in</strong></span> <span class='ocrx_word' id='word_1_678' title='bbox 2953 2876 3244 2945; x_wconf 88' lang='lat' dir='ltr'><strong>plcnilunio</strong></span> <span class='ocrx_word' id='word_1_679' title='bbox 3280 2875 3436 2944; x_wconf 88' lang='lat' dir='ltr'><strong>jecur</strong></span> 
     </span>
    </p>
   </div>
   <div class='ocr_carea' id='block_1_89' title="bbox 1853 2964 3438 3034">
    <p class='ocr_par' dir='ltr' id='par_1_89' title="bbox 1853 2964 3438 3034">
     <span class='ocr_line' id='line_1_89' title="bbox 1853 2964 3438 3034; baseline 0.002 -16"><span class='ocrx_word' id='word_1_680' title='bbox 1853 2965 2072 3029; x_wconf 89' lang='lat' dir='ltr'><strong>crescit,</strong></span> <span class='ocrx_word' id='word_1_681' title='bbox 2093 2964 2236 3019; x_wconf 90' lang='lat' dir='ltr'><strong>sicut</strong></span> <span class='ocrx_word' id='word_1_682' title='bbox 2250 2965 2494 3033; x_wconf 68' lang='lat' dir='ltr'><strong>quaedam</strong></span> <span class='ocrx_word' id='word_1_683' title='bbox 2519 2964 2785 3018; x_wconf 91' lang='lat' dir='ltr'><strong>maritima</strong></span> <span class='ocrx_word' id='word_1_684' title='bbox 2815 2972 3100 3033; x_wconf 89' lang='lat' dir='ltr'><strong>augentur,</strong></span> <span class='ocrx_word' id='word_1_685' title='bbox 3117 2981 3236 3034; x_wconf 84' lang='lat' dir='ltr'><strong>quae</strong></span> <span class='ocrx_word' id='word_1_686' title='bbox 3248 2982 3438 3022; x_wconf 87' lang='lat' dir='ltr'><strong>rursus</strong></span> 
     </span>
    </p>
   </div>
   <div class='ocr_carea' id='block_1_90' title="bbox 1853 3055 3436 3127">
    <p class='ocr_par' dir='ltr' id='par_1_90' title="bbox 1853 3055 3436 3127">
     <span class='ocr_line' id='line_1_90' title="bbox 1853 3055 3436 3127; baseline 0.003 -19"><span class='ocrx_word' id='word_1_687' title='bbox 1853 3055 2129 3108; x_wconf 88' lang='lat' dir='ltr'><strong>minuente</strong></span> <span class='ocrx_word' id='word_1_688' title='bbox 2163 3055 2289 3108; x_wconf 92' lang='lat' dir='ltr'><strong>luna</strong></span> <span class='ocrx_word' id='word_1_689' title='bbox 2312 3055 2588 3109; x_wconf 90' lang='lat' dir='ltr'><strong>deﬁciunt.</strong></span> <span class='ocrx_word' id='word_1_690' title='bbox 2618 3055 2788 3110; x_wconf 80' lang='lat' dir='ltr'><strong>Sorex</strong></span> <span class='ocrx_word' id='word_1_691' title='bbox 2817 3056 3068 3110; x_wconf 80' lang='lat' dir='ltr'><strong>Latinum</strong></span> <span class='ocrx_word' id='word_1_692' title='bbox 3092 3065 3260 3112; x_wconf 91' lang='lat' dir='ltr'><strong>esteo</strong></span> <span class='ocrx_word' id='word_1_693' title='bbox 3292 3057 3436 3127; x_wconf 89' lang='lat' dir='ltr'><strong>quod</strong></span> 
     </span>
    </p>
   </div>
   <div class='ocr_carea' id='block_1_91' title="bbox 1855 3145 3434 3216">
    <p class='ocr_par' dir='ltr' id='par_1_91' title="bbox 1855 3145 3434 3216">
     <span class='ocr_line' id='line_1_91' title="bbox 1855 3145 3434 3216; baseline 0.003 -19"><span class='ocrx_word' id='word_1_694' title='bbox 1855 3145 2009 3199; x_wconf 85' lang='lat' dir='ltr'><strong>rodat</strong></span> <span class='ocrx_word' id='word_1_695' title='bbox 2057 3153 2111 3198; x_wconf 91' lang='lat' dir='ltr'><strong>et</strong></span> <span class='ocrx_word' id='word_1_696' title='bbox 2143 3145 2198 3198; x_wconf 90' lang='lat' dir='ltr'><strong>in</strong></span> <span class='ocrx_word' id='word_1_697' title='bbox 2233 3145 2448 3199; x_wconf 91' lang='lat' dir='ltr'><strong>modum</strong></span> <span class='ocrx_word' id='word_1_698' title='bbox 2502 3160 2665 3200; x_wconf 69' lang='lat' dir='ltr'><strong>serra:</strong></span> <span class='ocrx_word' id='word_1_699' title='bbox 2701 3146 2976 3214; x_wconf 78' lang='lat' dir='ltr'><strong>przecidat.</strong></span> <span class='ocrx_word' id='word_1_700' title='bbox 3002 3146 3224 3216; x_wconf 82' lang='lat' dir='ltr'><strong>Antiqui</strong></span> <span class='ocrx_word' id='word_1_701' title='bbox 3254 3155 3434 3202; x_wconf 88' lang='lat' dir='ltr'><strong>autem</strong></span> 
     </span>
    </p>
   </div>
   <div class='ocr_carea' id='block_1_92' title="bbox 1855 3235 3435 3300">
    <p class='ocr_par' dir='ltr' id='par_1_92' title="bbox 1855 3235 3435 3300">
     <span class='ocr_line' id='line_1_92' title="bbox 1855 3235 3435 3300; baseline 0.003 -10"><span class='ocrx_word' id='word_1_702' title='bbox 1855 3236 2126 3290; x_wconf 90' lang='lat' dir='ltr'><strong>sauricem</strong></span> <span class='ocrx_word' id='word_1_703' title='bbox 2149 3235 2418 3300; x_wconf 89' lang='lat' dir='ltr'><strong>dicebant,</strong></span> <span class='ocrx_word' id='word_1_704' title='bbox 2439 3237 2579 3291; x_wconf 91' lang='lat' dir='ltr'><strong>sicut</strong></span> <span class='ocrx_word' id='word_1_705' title='bbox 2603 3247 2657 3291; x_wconf 90' lang='lat' dir='ltr'><strong>et</strong></span> <span class='ocrx_word' id='word_1_706' title='bbox 2683 3238 2892 3292; x_wconf 90' lang='lat' dir='ltr'><strong>clodum</strong></span> <span class='ocrx_word' id='word_1_707' title='bbox 2910 3238 3179 3293; x_wconf 91' lang='lat' dir='ltr'><strong>claudum.</strong></span> <span class='ocrx_word' id='word_1_708' title='bbox 3207 3238 3435 3294; x_wconf 84' lang='lat' dir='ltr'><strong>Mustela</strong></span> 
     </span>
    </p>
   </div>
   <div class='ocr_carea' id='block_1_93' title="bbox 1853 3326 3438 3398">
    <p class='ocr_par' dir='ltr' id='par_1_93' title="bbox 1853 3326 3438 3398">
     <span class='ocr_line' id='line_1_93' title="bbox 1853 3326 3438 3398; baseline 0.003 -19"><span class='ocrx_word' id='word_1_709' title='bbox 1853 3327 2015 3390; x_wconf 88' lang='lat' dir='ltr'><strong>dicta,</strong></span> <span class='ocrx_word' id='word_1_710' title='bbox 2053 3327 2207 3394; x_wconf 87' lang='lat' dir='ltr'><strong>quasi</strong></span> <span class='ocrx_word' id='word_1_711' title='bbox 2242 3341 2362 3379; x_wconf 89' lang='lat' dir='ltr'><strong>mus</strong></span> <span class='ocrx_word' id='word_1_712' title='bbox 2401 3327 2609 3396; x_wconf 91' lang='lat' dir='ltr'><strong>longus.</strong></span> <span class='ocrx_word' id='word_1_713' title='bbox 2667 3327 2804 3380; x_wconf 84' lang='lat' dir='ltr'><strong>Nam</strong></span> <span class='ocrx_word' id='word_1_714' title='bbox 2852 3326 3013 3381; x_wconf 91' lang='lat' dir='ltr'><strong>telum</strong></span> <span class='ocrx_word' id='word_1_715' title='bbox 3045 3343 3076 3380; x_wconf 89' lang='lat' dir='ltr'><strong>a</strong></span> <span class='ocrx_word' id='word_1_716' title='bbox 3104 3328 3438 3398; x_wconf 80' lang='lat' dir='ltr'><strong>longitudine</strong></span> 
     </span>
    </p>
   </div>
   <div class='ocr_carea' id='block_1_94' title="bbox 1853 3413 3437 3484">
    <p class='ocr_par' dir='ltr' id='par_1_94' title="bbox 1853 3413 3437 3484">
     <span class='ocr_line' id='line_1_94' title="bbox 1853 3413 3437 3484; baseline 0.003 -17"><span class='ocrx_word' id='word_1_717' title='bbox 1853 3414 2076 3468; x_wconf 88' lang='lat' dir='ltr'><strong>dictum.</strong></span> <span class='ocrx_word' id='word_1_718' title='bbox 2101 3413 2226 3469; x_wconf 66' lang='lat' dir='ltr'><strong>Haec</strong></span> <span class='ocrx_word' id='word_1_719' title='bbox 2257 3415 2469 3484; x_wconf 90' lang='lat' dir='ltr'><strong>ingenio</strong></span> <span class='ocrx_word' id='word_1_720' title='bbox 2503 3415 2726 3468; x_wconf 89' lang='lat' dir='ltr'><strong>subdola</strong></span> <span class='ocrx_word' id='word_1_721' title='bbox 2763 3416 2817 3468; x_wconf 92' lang='lat' dir='ltr'><strong>in</strong></span> <span class='ocrx_word' id='word_1_722' title='bbox 2839 3415 3108 3481; x_wconf 91' lang='lat' dir='ltr'><strong>domibus,</strong></span> <span class='ocrx_word' id='word_1_723' title='bbox 3137 3415 3226 3470; x_wconf 91' lang='lat' dir='ltr'><strong>ubi</strong></span> <span class='ocrx_word' id='word_1_724' title='bbox 3262 3415 3437 3471; x_wconf 92' lang='lat' dir='ltr'><strong>nutrit</strong></span> 
     </span>
    </p>
   </div>
   <div class='ocr_carea' id='block_1_95' title="bbox 1851 3503 3439 3575">
    <p class='ocr_par' dir='ltr' id='par_1_95' title="bbox 1851 3503 3439 3575">
     <span class='ocr_line' id='line_1_95' title="bbox 1851 3503 3439 3575; baseline 0.003 -17"><span class='ocrx_word' id='word_1_725' title='bbox 1851 3503 2060 3558; x_wconf 89' lang='lat' dir='ltr'><strong>catulos</strong></span> <span class='ocrx_word' id='word_1_726' title='bbox 2088 3520 2232 3572; x_wconf 92' lang='lat' dir='ltr'><strong>suos,</strong></span> <span class='ocrx_word' id='word_1_727' title='bbox 2268 3505 2525 3558; x_wconf 88' lang='lat' dir='ltr'><strong>transfert</strong></span> <span class='ocrx_word' id='word_1_728' title='bbox 2567 3513 2846 3574; x_wconf 89' lang='lat' dir='ltr'><strong>mutatque</strong></span> <span class='ocrx_word' id='word_1_729' title='bbox 2889 3506 3103 3570; x_wconf 89' lang='lat' dir='ltr'><strong>sedem,</strong></span> <span class='ocrx_word' id='word_1_730' title='bbox 3159 3514 3439 3575; x_wconf 87' lang='lat' dir='ltr'><strong>serpentes</strong></span> 
     </span>
    </p>
   </div>
   <div class='ocr_carea' id='block_1_96' title="bbox 1849 3593 3431 3666">
    <p class='ocr_par' dir='ltr' id='par_1_96' title="bbox 1849 3593 3431 3666">
     <span class='ocr_line' id='line_1_96' title="bbox 1849 3593 3431 3666; baseline 0.002 -20"><span class='ocrx_word' id='word_1_731' title='bbox 1849 3593 2011 3646; x_wconf 89' lang='lat' dir='ltr'><strong>etiam</strong></span> <span class='ocrx_word' id='word_1_732' title='bbox 2044 3602 2097 3647; x_wconf 90' lang='lat' dir='ltr'><strong>et</strong></span> <span class='ocrx_word' id='word_1_733' title='bbox 2125 3608 2304 3648; x_wconf 91' lang='lat' dir='ltr'><strong>mures</strong></span> <span class='ocrx_word' id='word_1_734' title='bbox 2335 3595 2695 3662; x_wconf 90' lang='lat' dir='ltr'><strong>persequitur.</strong></span> <span class='ocrx_word' id='word_1_735' title='bbox 2735 3596 2850 3647; x_wconf 92' lang='lat' dir='ltr'><strong>Duo</strong></span> <span class='ocrx_word' id='word_1_736' title='bbox 2875 3604 3052 3649; x_wconf 91' lang='lat' dir='ltr'><strong>autem</strong></span> <span class='ocrx_word' id='word_1_737' title='bbox 3082 3604 3208 3649; x_wconf 89' lang='lat' dir='ltr'><strong>sunt</strong></span> <span class='ocrx_word' id='word_1_738' title='bbox 3235 3610 3431 3666; x_wconf 90' lang='lat' dir='ltr'><strong>genera</strong></span> 
     </span>
    </p>
   </div>
   <div class='ocr_carea' id='block_1_97' title="bbox 1849 3683 3432 3750">
    <p class='ocr_par' dir='ltr' id='par_1_97' title="bbox 1849 3683 3432 3750">
     <span class='ocr_line' id='line_1_97' title="bbox 1849 3683 3432 3750; baseline 0.004 -15"><span class='ocrx_word' id='word_1_739' title='bbox 1849 3683 2224 3737; x_wconf 84' lang='lat' dir='ltr'><strong>mustelarum.</strong></span> <span class='ocrx_word' id='word_1_740' title='bbox 2265 3685 2507 3739; x_wconf 85' lang='lat' dir='ltr'><strong>Alterum</strong></span> <span class='ocrx_word' id='word_1_741' title='bbox 2553 3685 2698 3739; x_wconf 90' lang='lat' dir='ltr'><strong>enim</strong></span> <span class='ocrx_word' id='word_1_742' title='bbox 2758 3685 3011 3741; x_wconf 87' lang='lat' dir='ltr'><strong>silvestre</strong></span> <span class='ocrx_word' id='word_1_743' title='bbox 3064 3695 3168 3750; x_wconf 90' lang='lat' dir='ltr'><strong>est,</strong></span> <span class='ocrx_word' id='word_1_744' title='bbox 3224 3686 3432 3742; x_wconf 87' lang='lat' dir='ltr'><strong>distans</strong></span> 
     </span>
    </p>
   </div>
   <div class='ocr_carea' id='block_1_98' title="bbox 1850 3773 3432 3843">
    <p class='ocr_par' dir='ltr' id='par_1_98' title="bbox 1850 3773 3432 3843">
     <span class='ocr_line' id='line_1_98' title="bbox 1850 3773 3432 3843; baseline 0.003 -18"><span class='ocrx_word' id='word_1_745' title='bbox 1850 3773 2216 3841; x_wconf 90' lang='lat' dir='ltr'><strong>magnitudine</strong></span> <span class='ocrx_word' id='word_1_746' title='bbox 2241 3813 2257 3839; x_wconf 95' lang='lat'><strong>,</strong></span> <span class='ocrx_word' id='word_1_747' title='bbox 2300 3775 2442 3843; x_wconf 90' lang='lat' dir='ltr'><strong>quod</strong></span> <span class='ocrx_word' id='word_1_748' title='bbox 2491 3773 2663 3829; x_wconf 84' lang='lat' dir='ltr'><strong>Graeci</strong></span> <span class='ocrx_word' id='word_1_749' title='bbox 2694 3775 2885 3829; x_wconf 87' lang='lat' dir='ltr'><strong>ictidas</strong></span> <span class='ocrx_word' id='word_1_750' title='bbox 2929 3785 3120 3829; x_wconf 90' lang='lat' dir='ltr'><strong>vocant</strong></span> <span class='ocrx_word' id='word_1_751' title='bbox 3157 3793 3168 3827; x_wconf 90' lang='lat'><strong>:</strong></span> <span class='ocrx_word' id='word_1_752' title='bbox 3201 3776 3432 3830; x_wconf 90' lang='lat' dir='ltr'><strong>alterum</strong></span> 
     </span>
    </p>
   </div>
   <div class='ocr_carea' id='block_1_99' title="bbox 1851 3860 3431 3934">
    <p class='ocr_par' dir='ltr' id='par_1_99' title="bbox 1851 3860 3431 3934">
     <span class='ocr_line' id='line_1_99' title="bbox 1851 3860 3431 3934; baseline 0.004 -20"><span class='ocrx_word' id='word_1_753' title='bbox 1851 3860 1906 3914; x_wconf 89' lang='lat' dir='ltr'><strong>in</strong></span> <span class='ocrx_word' id='word_1_754' title='bbox 1945 3861 2194 3916; x_wconf 90' lang='lat' dir='ltr'><strong>domibus</strong></span> <span class='ocrx_word' id='word_1_755' title='bbox 2239 3862 2514 3915; x_wconf 90' lang='lat' dir='ltr'><strong>oberrans.</strong></span> <span class='ocrx_word' id='word_1_756' title='bbox 2566 3862 2724 3917; x_wconf 88' lang='lat' dir='ltr'><strong>Falso</strong></span> <span class='ocrx_word' id='word_1_757' title='bbox 2754 3872 2932 3918; x_wconf 88' lang='lat' dir='ltr'><strong>autem</strong></span> <span class='ocrx_word' id='word_1_758' title='bbox 2982 3866 3305 3934; x_wconf 88' lang='lat' dir='ltr'><strong>opinantur,</strong></span> <span class='ocrx_word' id='word_1_759' title='bbox 3337 3865 3431 3934; x_wconf 88' lang='lat' dir='ltr'><strong>qui</strong></span> 
     </span>
    </p>
   </div>
   <div class='ocr_carea' id='block_1_100' title="bbox 1851 3951 3430 4027">
    <p class='ocr_par' dir='ltr' id='par_1_100' title="bbox 1851 3951 3430 4027">
     <span class='ocr_line' id='line_1_100' title="bbox 1851 3951 3430 4027; baseline 0.003 -21"><span class='ocrx_word' id='word_1_760' title='bbox 1851 3951 2036 4006; x_wconf 90' lang='lat' dir='ltr'><strong>dicunt</strong></span> <span class='ocrx_word' id='word_1_761' title='bbox 2063 3953 2350 4007; x_wconf 88' lang='lat' dir='ltr'><strong>mustelam</strong></span> <span class='ocrx_word' id='word_1_762' title='bbox 2397 3969 2492 4008; x_wconf 91' lang='lat' dir='ltr'><strong>ore</strong></span> <span class='ocrx_word' id='word_1_763' title='bbox 2519 3954 2821 4022; x_wconf 85' lang='lat' dir='ltr'><strong>concipere,</strong></span> <span class='ocrx_word' id='word_1_764' title='bbox 2852 3970 2981 4010; x_wconf 90' lang='lat' dir='ltr'><strong>aure</strong></span> <span class='ocrx_word' id='word_1_765' title='bbox 3006 3954 3276 4012; x_wconf 70' lang='lat' dir='ltr'><strong>effundere</strong></span> <span class='ocrx_word' id='word_1_766' title='bbox 3305 3973 3430 4027; x_wconf 86' lang='lat' dir='ltr'><strong>par-</strong></span> 
     </span>
    </p>
   </div>
   <div class='ocr_carea' id='block_1_101' title="bbox 1851 4040 3432 4112">
    <p class='ocr_par' dir='ltr' id='par_1_101' title="bbox 1851 4040 3432 4112">
     <span class='ocr_line' id='line_1_101' title="bbox 1851 4040 3432 4112; baseline 0.006 -19"><span class='ocrx_word' id='word_1_767' title='bbox 1851 4050 1981 4094; x_wconf 90' lang='lat' dir='ltr'><strong>tum.</strong></span> <span class='ocrx_word' id='word_1_768' title='bbox 2013 4040 2240 4096; x_wconf 88' lang='lat' dir='ltr'><strong>Mustela</strong></span> <span class='ocrx_word' id='word_1_769' title='bbox 2274 4052 2355 4096; x_wconf 93' lang='lat' dir='ltr'><strong>est</strong></span> <span class='ocrx_word' id='word_1_770' title='bbox 2388 4041 2518 4096; x_wconf 90' lang='lat' dir='ltr'><strong>furti</strong></span> <span class='ocrx_word' id='word_1_771' title='bbox 2551 4043 2745 4112; x_wconf 89' lang='lat' dir='ltr'><strong>ﬁgura,</strong></span> <span class='ocrx_word' id='word_1_772' title='bbox 2771 4053 2829 4098; x_wconf 92' lang='lat' dir='ltr'><strong>ut</strong></span> <span class='ocrx_word' id='word_1_773' title='bbox 2858 4047 2912 4098; x_wconf 92' lang='lat' dir='ltr'><strong>in</strong></span> <span class='ocrx_word' id='word_1_774' title='bbox 2942 4045 3180 4100; x_wconf 87' lang='lat' dir='ltr'><strong>Levitico</strong></span> <span class='ocrx_word' id='word_1_775' title='bbox 3210 4048 3432 4102; x_wconf 84' lang='lat' dir='ltr'><strong>demon-</strong></span> 
     </span>
    </p>
   </div>
   <div class='ocr_carea' id='block_1_102' title="bbox 1848 4131 3432 4204">
    <p class='ocr_par' dir='ltr' id='par_1_102' title="bbox 1848 4131 3432 4204">
     <span class='ocr_line' id='line_1_102' title="bbox 1848 4131 3432 4204; baseline 0.007 -20"><span class='ocrx_word' id='word_1_776' title='bbox 1848 4140 2069 4185; x_wconf 87' lang='lat' dir='ltr'><strong>stratur.</strong></span> <span class='ocrx_word' id='word_1_777' title='bbox 2129 4131 2294 4202; x_wconf 92' lang='lat' dir='ltr'><strong>Talpa</strong></span> <span class='ocrx_word' id='word_1_778' title='bbox 2347 4133 2489 4187; x_wconf 89' lang='lat' dir='ltr'><strong>dicta</strong></span> <span class='ocrx_word' id='word_1_779' title='bbox 2521 4174 2534 4199; x_wconf 95' lang='lat'><strong>,</strong></span> <span class='ocrx_word' id='word_1_780' title='bbox 2581 4135 2723 4204; x_wconf 91' lang='lat' dir='ltr'><strong>quod</strong></span> <span class='ocrx_word' id='word_1_781' title='bbox 2773 4136 2842 4189; x_wconf 91' lang='lat' dir='ltr'><strong>sit</strong></span> <span class='ocrx_word' id='word_1_782' title='bbox 2891 4137 3144 4192; x_wconf 86' lang='lat' dir='ltr'><strong>damnata</strong></span> <span class='ocrx_word' id='word_1_783' title='bbox 3189 4141 3432 4197; x_wconf 63' lang='lat' dir='ltr'><strong>caecitate</strong></span> 
     </span>
    </p>
   </div>
   <div class='ocr_carea' id='block_1_103' title="bbox 1849 4223 3428 4300">
    <p class='ocr_par' dir='ltr' id='par_1_103' title="bbox 1849 4223 3428 4300">
     <span class='ocr_line' id='line_1_103' title="bbox 1849 4223 3428 4300; baseline 0.008 -27"><span class='ocrx_word' id='word_1_784' title='bbox 1849 4229 2106 4291; x_wconf 89' lang='lat' dir='ltr'><strong>perpetua</strong></span> <span class='ocrx_word' id='word_1_785' title='bbox 2146 4223 2400 4278; x_wconf 86' lang='lat' dir='ltr'><strong>tenebris.</strong></span> <span class='ocrx_word' id='word_1_786' title='bbox 2436 4224 2531 4279; x_wconf 88' lang='lat' dir='ltr'><strong>Est</strong></span> <span class='ocrx_word' id='word_1_787' title='bbox 2563 4226 2704 4279; x_wconf 90' lang='lat' dir='ltr'><strong>enim</strong></span> <span class='ocrx_word' id='word_1_788' title='bbox 2733 4227 2938 4295; x_wconf 91' lang='lat' dir='ltr'><strong>absque</strong></span> <span class='ocrx_word' id='word_1_789' title='bbox 2963 4229 3132 4284; x_wconf 91' lang='lat' dir='ltr'><strong>oculis</strong></span> <span class='ocrx_word' id='word_1_790' title='bbox 3167 4270 3181 4295; x_wconf 97' lang='lat'><strong>,</strong></span> <span class='ocrx_word' id='word_1_791' title='bbox 3216 4245 3428 4300; x_wconf 84' lang='lat' dir='ltr'><strong>semper</strong></span> 
     </span>
    </p>
   </div>
   <div class='ocr_carea' id='block_1_104' title="bbox 1851 4309 3427 4384">
    <p class='ocr_par' dir='ltr' id='par_1_104' title="bbox 1851 4309 3427 4384">
     <span class='ocr_line' id='line_1_104' title="bbox 1851 4309 3427 4384; baseline 0.007 -19"><span class='ocrx_word' id='word_1_792' title='bbox 1851 4320 2054 4365; x_wconf 88' lang='lat' dir='ltr'><strong>terram</strong></span> <span class='ocrx_word' id='word_1_793' title='bbox 2089 4309 2245 4376; x_wconf 87' lang='lat' dir='ltr'><strong>fodit,</strong></span> <span class='ocrx_word' id='word_1_794' title='bbox 2275 4319 2329 4366; x_wconf 92' lang='lat' dir='ltr'><strong>et</strong></span> <span class='ocrx_word' id='word_1_795' title='bbox 2355 4313 2576 4367; x_wconf 89' lang='lat' dir='ltr'><strong>humum</strong></span> <span class='ocrx_word' id='word_1_796' title='bbox 2608 4315 2818 4384; x_wconf 90' lang='lat' dir='ltr'><strong>egerit,</strong></span> <span class='ocrx_word' id='word_1_797' title='bbox 2852 4325 2906 4371; x_wconf 89' lang='lat' dir='ltr'><strong>et</strong></span> <span class='ocrx_word' id='word_1_798' title='bbox 2933 4317 3143 4373; x_wconf 88' lang='lat' dir='ltr'><strong>radices</strong></span> <span class='ocrx_word' id='word_1_799' title='bbox 3184 4321 3285 4374; x_wconf 88' lang='lat' dir='ltr'><strong>sub</strong></span> <span class='ocrx_word' id='word_1_800' title='bbox 3312 4319 3427 4376; x_wconf 86' lang='lat' dir='ltr'><strong>fru-</strong></span> 
     </span>
    </p>
   </div>
   <div class='ocr_carea' id='block_1_105' title="bbox 1848 4401 3425 4481">
    <p class='ocr_par' dir='ltr' id='par_1_105' title="bbox 1848 4401 3425 4481">
     <span class='ocr_line' id='line_1_105' title="bbox 1848 4401 3425 4481; baseline 0.008 -27"><span class='ocrx_word' id='word_1_801' title='bbox 1848 4402 2004 4471; x_wconf 89' lang='lat' dir='ltr'><strong>gibus</strong></span> <span class='ocrx_word' id='word_1_802' title='bbox 2055 4403 2307 4456; x_wconf 89' lang='lat' dir='ltr'><strong>comedit.</strong></span> <span class='ocrx_word' id='word_1_803' title='bbox 2365 4401 2586 4473; x_wconf 74' lang='lat' dir='ltr'><strong>Mystice</strong></span> <span class='ocrx_word' id='word_1_804' title='bbox 2641 4412 2820 4459; x_wconf 91' lang='lat' dir='ltr'><strong>autem</strong></span> <span class='ocrx_word' id='word_1_805' title='bbox 2877 4422 3058 4463; x_wconf 90' lang='lat' dir='ltr'><strong>mures</strong></span> <span class='ocrx_word' id='word_1_806' title='bbox 3117 4409 3425 4481; x_wconf 88' lang='lat' dir='ltr'><strong>signiﬁcant</strong></span> 
     </span>
    </p>
   </div>
   <div class='ocr_carea' id='block_1_106' title="bbox 1848 4493 3425 4571">
    <p class='ocr_par' dir='ltr' id='par_1_106' title="bbox 1848 4493 3425 4571">
     <span class='ocr_line' id='line_1_106' title="bbox 1848 4493 3425 4571; baseline 0.008 -23"><span class='ocrx_word' id='word_1_807' title='bbox 1848 4493 2096 4548; x_wconf 89' lang='lat' dir='ltr'><strong>homines</strong></span> <span class='ocrx_word' id='word_1_808' title='bbox 2125 4495 2416 4563; x_wconf 89' lang='lat' dir='ltr'><strong>cupiditate</strong></span> <span class='ocrx_word' id='word_1_809' title='bbox 2460 4505 2672 4551; x_wconf 90' lang='lat' dir='ltr'><strong>terrena</strong></span> <span class='ocrx_word' id='word_1_810' title='bbox 2722 4497 2988 4555; x_wconf 90' lang='lat' dir='ltr'><strong>inhiantes</strong></span> <span class='ocrx_word' id='word_1_811' title='bbox 3018 4509 3072 4554; x_wconf 92' lang='lat' dir='ltr'><strong>et</strong></span> <span class='ocrx_word' id='word_1_812' title='bbox 3096 4496 3331 4571; x_wconf 63' lang='lat' dir='ltr'><strong>praedam</strong></span> <span class='ocrx_word' id='word_1_813' title='bbox 3360 4505 3425 4561; x_wconf 86' lang='lat' dir='ltr'><strong>de</strong></span> 
     </span>
    </p>
   </div>
   <div class='ocr_carea' id='block_1_107' title="bbox 1848 4586 3426 4664">
    <p class='ocr_par' dir='ltr' id='par_1_107' title="bbox 1848 4586 3426 4664">
     <span class='ocr_line' id='line_1_107' title="bbox 1848 4586 3426 4664; baseline 0.006 -24"><span class='ocrx_word' id='word_1_814' title='bbox 1848 4586 2022 4640; x_wconf 89' lang='lat' dir='ltr'><strong>aliena</strong></span> <span class='ocrx_word' id='word_1_815' title='bbox 2047 4587 2346 4641; x_wconf 89' lang='lat' dir='ltr'><strong>substantia</strong></span> <span class='ocrx_word' id='word_1_816' title='bbox 2375 4588 2747 4656; x_wconf 89' lang='lat' dir='ltr'><strong>surripientes.</strong></span> <span class='ocrx_word' id='word_1_817' title='bbox 2782 4588 3002 4644; x_wconf 87' lang='lat' dir='ltr'><strong>Mustela</strong></span> <span class='ocrx_word' id='word_1_818' title='bbox 3035 4607 3160 4646; x_wconf 90' lang='lat' dir='ltr'><strong>vero</strong></span> <span class='ocrx_word' id='word_1_819' title='bbox 3187 4609 3280 4649; x_wconf 90' lang='lat' dir='ltr'><strong>eos</strong></span> <span class='ocrx_word' id='word_1_820' title='bbox 3327 4611 3426 4664; x_wconf 73' lang='lat' dir='ltr'><strong>per</strong></span> 
     </span>
    </p>
   </div>
   <div class='ocr_carea' id='block_1_108' title="bbox 1847 4677 3424 4749">
    <p class='ocr_par' dir='ltr' id='par_1_108' title="bbox 1847 4677 3424 4749">
     <span class='ocr_line' id='line_1_108' title="bbox 1847 4677 3424 4749; baseline 0.006 -19"><span class='ocrx_word' id='word_1_821' title='bbox 1847 4677 2074 4748; x_wconf 88' lang='lat' dir='ltr'><strong>ﬁguram</strong></span> <span class='ocrx_word' id='word_1_822' title='bbox 2104 4679 2459 4745; x_wconf 88' lang='lat' dir='ltr'><strong>demonstrat,</strong></span> <span class='ocrx_word' id='word_1_823' title='bbox 2484 4679 2575 4747; x_wconf 88' lang='lat' dir='ltr'><strong>qui</strong></span> <span class='ocrx_word' id='word_1_824' title='bbox 2603 4679 2877 4749; x_wconf 90' lang='lat' dir='ltr'><strong>ingenium</strong></span> <span class='ocrx_word' id='word_1_825' title='bbox 2905 4683 3151 4738; x_wconf 91' lang='lat' dir='ltr'><strong>naturale</strong></span> <span class='ocrx_word' id='word_1_826' title='bbox 3178 4685 3277 4738; x_wconf 92' lang='lat' dir='ltr'><strong>sub</strong></span> <span class='ocrx_word' id='word_1_827' title='bbox 3302 4685 3424 4741; x_wconf 92' lang='lat' dir='ltr'><strong>dolo</strong></span> 
     </span>
    </p>
   </div>
   <div class='ocr_carea' id='block_1_109' title="bbox 1847 4769 3424 4838">
    <p class='ocr_par' dir='ltr' id='par_1_109' title="bbox 1847 4769 3424 4838">
     <span class='ocr_line' id='line_1_109' title="bbox 1847 4769 3424 4838; baseline 0.005 -14"><span class='ocrx_word' id='word_1_828' title='bbox 1847 4769 2066 4824; x_wconf 80' lang='lat' dir='ltr'><strong>malitiae</strong></span> <span class='ocrx_word' id='word_1_829' title='bbox 2094 4770 2339 4838; x_wconf 92' lang='lat' dir='ltr'><strong>polluunt</strong></span> <span class='ocrx_word' id='word_1_830' title='bbox 2368 4780 2422 4825; x_wconf 93' lang='lat' dir='ltr'><strong>et</strong></span> <span class='ocrx_word' id='word_1_831' title='bbox 2451 4779 2619 4824; x_wconf 91' lang='lat' dir='ltr'><strong>totam</strong></span> <span class='ocrx_word' id='word_1_832' title='bbox 2664 4772 2830 4825; x_wconf 86' lang='lat' dir='ltr'><strong>vitam</strong></span> <span class='ocrx_word' id='word_1_833' title='bbox 2859 4788 3008 4826; x_wconf 89' lang='lat' dir='ltr'><strong>suam</strong></span> <span class='ocrx_word' id='word_1_834' title='bbox 3042 4775 3091 4827; x_wconf 93' lang='lat' dir='ltr'><strong>in</strong></span> <span class='ocrx_word' id='word_1_835' title='bbox 3123 4775 3329 4830; x_wconf 90' lang='lat' dir='ltr'><strong>insidiis</strong></span> <span class='ocrx_word' id='word_1_836' title='bbox 3369 4784 3424 4832; x_wconf 91' lang='lat' dir='ltr'><strong>et</strong></span> 
     </span>
    </p>
   </div>
   <div class='ocr_carea' id='block_1_110' title="bbox 1845 4860 3424 4936">
    <p class='ocr_par' dir='ltr' id='par_1_110' title="bbox 1845 4860 3424 4936">
     <span class='ocr_line' id='line_1_110' title="bbox 1845 4860 3424 4936; baseline 0.005 -23"><span class='ocrx_word' id='word_1_837' title='bbox 1845 4860 2127 4916; x_wconf 82' lang='lat' dir='ltr'><strong>traudibus</strong></span> <span class='ocrx_word' id='word_1_838' title='bbox 2151 4862 2371 4916; x_wconf 91' lang='lat' dir='ltr'><strong>ducunt.</strong></span> <span class='ocrx_word' id='word_1_839' title='bbox 2406 4861 2570 4932; x_wconf 89' lang='lat' dir='ltr'><strong>Talpa</strong></span> <span class='ocrx_word' id='word_1_840' title='bbox 2603 4878 2730 4932; x_wconf 93' lang='lat' dir='ltr'><strong>ergo</strong></span> <span class='ocrx_word' id='word_1_841' title='bbox 2759 4903 2773 4927; x_wconf 93' lang='lat'><strong>,</strong></span> <span class='ocrx_word' id='word_1_842' title='bbox 2807 4879 2925 4933; x_wconf 68' lang='lat' dir='ltr'><strong>quae</strong></span> <span class='ocrx_word' id='word_1_843' title='bbox 2958 4866 3198 4920; x_wconf 88' lang='lat' dir='ltr'><strong>caecitate</strong></span> <span class='ocrx_word' id='word_1_844' title='bbox 3233 4881 3424 4936; x_wconf 88' lang='lat' dir='ltr'><strong>perpe-</strong></span> 
     </span>
    </p>
   </div>
   <div class='ocr_carea' id='block_1_111' title="bbox 1847 4954 3418 5024">
    <p class='ocr_par' dir='ltr' id='par_1_111' title="bbox 1847 4954 3418 5024">
     <span class='ocr_line' id='line_1_111' title="bbox 1847 4954 3418 5024; baseline 0.004 -17"><span class='ocrx_word' id='word_1_845' title='bbox 1847 4961 1938 5007; x_wconf 89' lang='lat' dir='ltr'><strong>tua</strong></span> <span class='ocrx_word' id='word_1_846' title='bbox 1973 4954 2229 5007; x_wconf 88' lang='lat' dir='ltr'><strong>damnata</strong></span> <span class='ocrx_word' id='word_1_847' title='bbox 2256 4962 2357 5019; x_wconf 90' lang='lat' dir='ltr'><strong>est,</strong></span> <span class='ocrx_word' id='word_1_848' title='bbox 2388 4963 2481 5006; x_wconf 92' lang='lat' dir='ltr'><strong>aut</strong></span> <span class='ocrx_word' id='word_1_849' title='bbox 2509 4954 2647 5009; x_wconf 89' lang='lat' dir='ltr'><strong>idola</strong></span> <span class='ocrx_word' id='word_1_850' title='bbox 2678 4955 2944 5024; x_wconf 88' lang='lat' dir='ltr'><strong>signiﬁcat</strong></span> <span class='ocrx_word' id='word_1_851' title='bbox 2983 4971 3143 5022; x_wconf 79' lang='lat' dir='ltr'><strong>caeca,</strong></span> <span class='ocrx_word' id='word_1_852' title='bbox 3172 4957 3332 5012; x_wconf 91' lang='lat' dir='ltr'><strong>surda</strong></span> <span class='ocrx_word' id='word_1_853' title='bbox 3362 4967 3418 5014; x_wconf 92' lang='lat' dir='ltr'><strong>et</strong></span> 
     </span>
    </p>
   </div>
   <div class='ocr_carea' id='block_1_112' title="bbox 1849 5043 3422 5116">
    <p class='ocr_par' dir='ltr' id='par_1_112' title="bbox 1849 5043 3422 5116">
     <span class='ocr_line' id='line_1_112' title="bbox 1849 5043 3422 5116; baseline 0.004 -18"><span class='ocrx_word' id='word_1_854' title='bbox 1849 5053 1996 5098; x_wconf 88' lang='lat' dir='ltr'><strong>muta</strong></span> <span class='ocrx_word' id='word_1_855' title='bbox 2029 5061 2041 5094; x_wconf 92' lang='lat'>:</span> <span class='ocrx_word' id='word_1_856' title='bbox 2073 5051 2166 5096; x_wconf 92' lang='lat' dir='ltr'><strong>aut</strong></span> <span class='ocrx_word' id='word_1_857' title='bbox 2195 5044 2358 5098; x_wconf 89' lang='lat' dir='ltr'><strong>etiam</strong></span> <span class='ocrx_word' id='word_1_858' title='bbox 2396 5044 2538 5112; x_wconf 92' lang='lat' dir='ltr'><strong>ipsos</strong></span> <span class='ocrx_word' id='word_1_859' title='bbox 2576 5043 2853 5109; x_wconf 89' lang='lat' dir='ltr'><strong>idolatras,</strong></span> <span class='ocrx_word' id='word_1_860' title='bbox 2885 5046 2974 5114; x_wconf 87' lang='lat' dir='ltr'><strong>qui</strong></span> <span class='ocrx_word' id='word_1_861' title='bbox 3005 5046 3320 5116; x_wconf 69' lang='lat' dir='ltr'><strong>ignorantia:</strong></span> <span class='ocrx_word' id='word_1_862' title='bbox 3367 5058 3422 5105; x_wconf 90' lang='lat' dir='ltr'><strong>et</strong></span> 
     </span>
    </p>
   </div>
   <div class='ocr_carea' id='block_1_113' title="bbox 1849 5134 3418 5206">
    <p class='ocr_par' dir='ltr' id='par_1_113' title="bbox 1849 5134 3418 5206">
     <span class='ocr_line' id='line_1_113' title="bbox 1849 5134 3418 5206; baseline 0.003 -16"><span class='ocrx_word' id='word_1_863' title='bbox 1849 5135 2088 5190; x_wconf 66' lang='lat' dir='ltr'><strong>stultitia:</strong></span> <span class='ocrx_word' id='word_1_864' title='bbox 2116 5134 2354 5188; x_wconf 90' lang='lat' dir='ltr'><strong>tenebris</strong></span> <span class='ocrx_word' id='word_1_865' title='bbox 2401 5150 2614 5204; x_wconf 91' lang='lat' dir='ltr'><strong>semper</strong></span> <span class='ocrx_word' id='word_1_866' title='bbox 2647 5144 2848 5190; x_wconf 89' lang='lat' dir='ltr'><strong>errant.</strong></span> <span class='ocrx_word' id='word_1_867' title='bbox 2881 5135 2956 5190; x_wconf 86' lang='lat' dir='ltr'><strong>De</strong></span> <span class='ocrx_word' id='word_1_868' title='bbox 2986 5138 3178 5206; x_wconf 89' lang='lat' dir='ltr'><strong>quibus</strong></span> <span class='ocrx_word' id='word_1_869' title='bbox 3205 5140 3256 5192; x_wconf 91' lang='lat' dir='ltr'><strong>in</strong></span> <span class='ocrx_word' id='word_1_870' title='bbox 3283 5141 3418 5196; x_wconf 89' lang='lat' dir='ltr'><strong>Isaia</strong></span> 
     </span>
    </p>
   </div>
   <div class='ocr_carea' id='block_1_114' title="bbox 1850 5221 3420 5296">
    <p class='ocr_par' dir='ltr' id='par_1_114' title="bbox 1850 5221 3420 5296">
     <span class='ocr_line' id='line_1_114' title="bbox 1850 5221 3420 5296; baseline 0.005 -18"><span class='ocrx_word' id='word_1_871' title='bbox 1850 5224 2108 5293; x_wconf 89' lang='lat' dir='ltr'><strong>scriptum</strong></span> <span class='ocrx_word' id='word_1_872' title='bbox 2144 5231 2228 5276; x_wconf 89' lang='lat' dir='ltr'><strong>est</strong></span> <span class='ocrx_word' id='word_1_873' title='bbox 2274 5240 2286 5276; x_wconf 91' lang='lat'><strong>:</strong></span> <span class='ocrx_word' id='word_1_874' title='bbox 2337 5221 2402 5276; x_wconf 91' lang='lat' dir='ltr'><strong>Ut</strong></span> <span class='ocrx_word' id='word_1_875' title='bbox 2452 5224 2676 5279; x_wconf 84' lang='lat' dir='ltr'><strong>adoretis</strong></span> <span class='ocrx_word' id='word_1_876' title='bbox 2729 5225 2896 5295; x_wconf 84' lang='lat' dir='ltr'><strong>talpas</strong></span> <span class='ocrx_word' id='word_1_877' title='bbox 2933 5236 2980 5278; x_wconf 87' lang='lat' dir='ltr'><strong>et</strong></span> <span class='ocrx_word' id='word_1_878' title='bbox 3041 5228 3420 5296; x_wconf 84' lang='lat' dir='ltr'><strong>vespertiliones</strong></span> 
     </span>
    </p>
   </div>
   <div class='ocr_carea' id='block_1_115' title="bbox 1850 5312 3417 5384">
    <p class='ocr_par' dir='ltr' id='par_1_115' title="bbox 1850 5312 3417 5384">
     <span class='ocr_line' id='line_1_115' title="bbox 1850 5312 3417 5384; baseline 0.005 -19"><span class='ocrx_word' id='word_1_879' title='bbox 1850 5313 1983 5383; x_wconf 92' lang='lat' dir='ltr'><strong>(Isa.</strong></span> <span class='ocrx_word' id='word_1_880' title='bbox 2017 5312 2115 5381; x_wconf 93' lang='grc' dir='ltr'><strong>ιι),</strong></span> <span class='ocrx_word' id='word_1_881' title='bbox 2141 5313 2243 5366; x_wconf 91' lang='lat' dir='ltr'><strong>hoc</strong></span> <span class='ocrx_word' id='word_1_882' title='bbox 2262 5321 2365 5376; x_wconf 91' lang='lat' dir='ltr'><strong>est,</strong></span> <span class='ocrx_word' id='word_1_883' title='bbox 2398 5315 2523 5367; x_wconf 63' lang='lat' dir='ltr'><strong>caeci</strong></span> <span class='ocrx_word' id='word_1_884' title='bbox 2555 5329 2724 5367; x_wconf 67' lang='lat' dir='ltr'><strong>csecos</strong></span> <span class='ocrx_word' id='word_1_885' title='bbox 2747 5314 2943 5368; x_wconf 92' lang='lat' dir='ltr'><strong>colant.</strong></span> <span class='ocrx_word' id='word_1_886' title='bbox 2972 5315 3047 5368; x_wconf 92' lang='lat' dir='ltr'><strong>De</strong></span> <span class='ocrx_word' id='word_1_887' title='bbox 3076 5317 3269 5384; x_wconf 91' lang='lat' dir='ltr'><strong>quibus</strong></span> <span class='ocrx_word' id='word_1_888' title='bbox 3293 5318 3417 5374; x_wconf 90' lang='lat' dir='ltr'><strong>alibi</strong></span> 
     </span>
    </p>
   </div>
   <div class='ocr_carea' id='block_1_116' title="bbox 1851 5401 3417 5473">
    <p class='ocr_par' dir='ltr' id='par_1_116' title="bbox 1851 5401 3417 5473">
     <span class='ocr_line' id='line_1_116' title="bbox 1851 5401 3417 5473; baseline 0.003 -16"><span class='ocrx_word' id='word_1_889' title='bbox 1851 5403 2126 5472; x_wconf 89' lang='lat' dir='ltr'><strong>Scriptura</strong></span> <span class='ocrx_word' id='word_1_890' title='bbox 2155 5403 2286 5457; x_wconf 89' lang='lat' dir='ltr'><strong>dicit</strong></span> <span class='ocrx_word' id='word_1_891' title='bbox 2316 5421 2326 5455; x_wconf 89' lang='lat'><strong>:</strong></span> <span class='ocrx_word' id='word_1_892' title='bbox 2360 5401 2564 5456; x_wconf 82' lang='lat' dir='ltr'><strong>Similes</strong></span> <span class='ocrx_word' id='word_1_893' title='bbox 2590 5403 2692 5456; x_wconf 82' lang='lat' dir='ltr'><strong>illis</strong></span> <span class='ocrx_word' id='word_1_894' title='bbox 2721 5403 2874 5470; x_wconf 80' lang='lat' dir='ltr'><strong>ﬁant,</strong></span> <span class='ocrx_word' id='word_1_895' title='bbox 2905 5406 2992 5473; x_wconf 89' lang='lat' dir='ltr'><strong>qui</strong></span> <span class='ocrx_word' id='word_1_896' title='bbox 3024 5406 3224 5473; x_wconf 77' lang='lat' dir='ltr'><strong>faciunt</strong></span> <span class='ocrx_word' id='word_1_897' title='bbox 3255 5423 3333 5470; x_wconf 87' lang='lat' dir='ltr'><strong>ea,</strong></span> <span class='ocrx_word' id='word_1_898' title='bbox 3367 5419 3417 5462; x_wconf 88' lang='lat' dir='ltr'><strong>et</strong></span> 
     </span>
    </p>
   </div>
   <div class='ocr_carea' id='block_1_117' title="bbox 1843 5493 3415 5567">
    <p class='ocr_par' dir='ltr' id='par_1_117' title="bbox 1843 5493 3415 5567">
     <span class='ocr_line' id='line_1_117' title="bbox 1843 5493 3415 5567; baseline 0.004 -20"><span class='ocrx_word' id='word_1_899' title='bbox 1843 5510 2016 5548; x_wconf 85' lang='lat' dir='ltr'><strong>omnes</strong></span> <span class='ocrx_word' id='word_1_900' title='bbox 2045 5496 2133 5563; x_wconf 86' lang='lat' dir='ltr'><strong>qui</strong></span> <span class='ocrx_word' id='word_1_901' title='bbox 2176 5494 2442 5562; x_wconf 87' lang='lat' dir='ltr'><strong>conﬁdunt</strong></span> <span class='ocrx_word' id='word_1_902' title='bbox 2489 5496 2540 5548; x_wconf 86' lang='lat' dir='ltr'><strong>in</strong></span> <span class='ocrx_word' id='word_1_903' title='bbox 2587 5496 2659 5548; x_wconf 86' lang='lat' dir='ltr'><strong>eis</strong></span> <span class='ocrx_word' id='word_1_904' title='bbox 2702 5493 2871 5566; x_wconf 86' lang='lat' dir='ltr'><strong>(Psal.</strong></span> <span class='ocrx_word' id='word_1_905' title='bbox 2916 5498 3089 5567; x_wconf 81' lang='lat' dir='ltr'><strong>cxrn).</strong></span> <span class='ocrx_word' id='word_1_906' title='bbox 3117 5498 3223 5551; x_wconf 86' lang='lat' dir='ltr'><strong>Aut</strong></span> <span class='ocrx_word' id='word_1_907' title='bbox 3253 5501 3415 5555; x_wconf 88' lang='lat' dir='ltr'><strong>etiam</strong></span> 
     </span>
    </p>
   </div>
   <div class='ocr_carea' id='block_1_118' title="bbox 1843 5597 3416 5670">
    <p class='ocr_par' dir='ltr' id='par_1_118' title="bbox 1843 5597 3416 5670">
     <span class='ocr_line' id='line_1_118' title="bbox 1843 5597 3416 5670; baseline 0.007 -21"><span class='ocrx_word' id='word_1_908' title='bbox 1843 5597 2121 5651; x_wconf 66' lang='lat' dir='ltr'><strong>hteretieos</strong></span> <span class='ocrx_word' id='word_1_909' title='bbox 2166 5598 2279 5652; x_wconf 90' lang='lat' dir='ltr'><strong>sive</strong></span> <span class='ocrx_word' id='word_1_910' title='bbox 2329 5597 2490 5652; x_wconf 88' lang='lat' dir='ltr'><strong>falsos</strong></span> <span class='ocrx_word' id='word_1_911' title='bbox 2537 5599 2872 5654; x_wconf 90' lang='lat' dir='ltr'><strong>Christianos</strong></span> <span class='ocrx_word' id='word_1_912' title='bbox 2911 5615 3008 5668; x_wconf 87' lang='lat' dir='ltr'><strong>per</strong></span> <span class='ocrx_word' id='word_1_913' title='bbox 3058 5600 3283 5670; x_wconf 82' lang='lat' dir='ltr'><strong>figuram</strong></span> <span class='ocrx_word' id='word_1_914' title='bbox 3325 5605 3416 5660; x_wconf 87' lang='lat' dir='ltr'><strong>de—</strong></span> 
     </span>
    </p>
   </div>
   <div class='ocr_carea' id='block_1_119' title="bbox 1843 5690 3416 5764">
    <p class='ocr_par' dir='ltr' id='par_1_119' title="bbox 1843 5690 3416 5764">
     <span class='ocr_line' id='line_1_119' title="bbox 1843 5690 3416 5764; baseline 0.006 -23"><span class='ocrx_word' id='word_1_915' title='bbox 1843 5691 2407 5758; x_wconf 73' lang='lat' dir='ltr'><strong>monstrattquoniam</strong></span> <span class='ocrx_word' id='word_1_916' title='bbox 2434 5691 2570 5745; x_wconf 90' lang='lat' dir='ltr'><strong>sicut</strong></span> <span class='ocrx_word' id='word_1_917' title='bbox 2604 5690 2744 5758; x_wconf 90' lang='lat' dir='ltr'><strong>talpa</strong></span> <span class='ocrx_word' id='word_1_918' title='bbox 2773 5691 2976 5759; x_wconf 89' lang='lat' dir='ltr'><strong>absque</strong></span> <span class='ocrx_word' id='word_1_919' title='bbox 3006 5693 3174 5747; x_wconf 89' lang='lat' dir='ltr'><strong>oculis</strong></span> <span class='ocrx_word' id='word_1_920' title='bbox 3205 5707 3416 5764; x_wconf 87' lang='lat' dir='ltr'><strong>semper</strong></span> 
     </span>
    </p>
   </div>
   <div class='ocr_carea' id='block_1_120' title="bbox 1841 5780 3418 5857">
    <p class='ocr_par' dir='ltr' id='par_1_120' title="bbox 1841 5780 3418 5857">
     <span class='ocr_line' id='line_1_120' title="bbox 1841 5780 3418 5857; baseline 0.004 -20"><span class='ocrx_word' id='word_1_921' title='bbox 1841 5790 2042 5837; x_wconf 87' lang='lat' dir='ltr'><strong>terram</strong></span> <span class='ocrx_word' id='word_1_922' title='bbox 2090 5780 2255 5850; x_wconf 85' lang='lat' dir='ltr'><strong>fodit,</strong></span> <span class='ocrx_word' id='word_1_923' title='bbox 2285 5790 2338 5838; x_wconf 89' lang='lat' dir='ltr'><strong>et</strong></span> <span class='ocrx_word' id='word_1_924' title='bbox 2364 5783 2586 5839; x_wconf 87' lang='lat' dir='ltr'><strong>humum</strong></span> <span class='ocrx_word' id='word_1_925' title='bbox 2629 5783 2822 5854; x_wconf 86' lang='lat' dir='ltr'><strong>egerit,</strong></span> <span class='ocrx_word' id='word_1_926' title='bbox 2850 5791 2904 5839; x_wconf 91' lang='lat' dir='ltr'><strong>et</strong></span> <span class='ocrx_word' id='word_1_927' title='bbox 2934 5783 3144 5857; x_wconf 82' lang='lat' dir='ltr'><strong>radices</strong></span> <span class='ocrx_word' id='word_1_928' title='bbox 3170 5784 3271 5843; x_wconf 78' lang='lat' dir='ltr'><strong>sub</strong></span> <span class='ocrx_word' id='word_1_929' title='bbox 3295 5785 3418 5855; x_wconf 52' lang='grc' dir='ltr'><strong>ιω,</strong></span> 
     </span>
    </p>
   </div>
  </div>
