  <div class='ocr_page' id='page_1' title='image "/cluster/home/n/w/nwhite01/storage/ocr_20150623/111/uva.x000827067/121.png"; bbox 0 0 3930 6346; ppageno 0'>
   <div class='ocr_carea' id='block_1_1' title="bbox 403 394 562 453">
    <p class='ocr_par' dir='ltr' id='par_1_1' title="bbox 403 394 562 453">
     <span class='ocr_line' id='line_1_1' title="bbox 403 394 562 453; baseline 0 0"><span class='ocrx_word' id='word_1_1' title='bbox 403 394 562 453; x_wconf 70' lang='grc'><strong>’227</strong></span> 
     </span>
    </p>
   </div>
   <div class='ocr_carea' id='block_1_2' title="bbox 1148 392 3080 453">
    <p class='ocr_par' dir='ltr' id='par_1_2' title="bbox 1148 392 3080 453">
     <span class='ocr_line' id='line_1_2' title="bbox 1148 392 3080 453; baseline -0.001 -3"><span class='ocrx_word' id='word_1_2' title='bbox 1148 394 1208 450; x_wconf 87' lang='grc' dir='ltr'><strong>Β.</strong></span> <span class='ocrx_word' id='word_1_3' title='bbox 1250 394 1500 452; x_wconf 78' lang='lat' dir='ltr'><strong>RABANI</strong></span> <span class='ocrx_word' id='word_1_4' title='bbox 1535 393 1752 453; x_wconf 75' lang='lat' dir='ltr'>MAURI</span> <span class='ocrx_word' id='word_1_5' title='bbox 1785 392 2102 451; x_wconf 73' lang='lat' dir='ltr'><strong>ARCHIEP.</strong></span> <span class='ocrx_word' id='word_1_6' title='bbox 2145 393 2450 452; x_wconf 87' lang='lat' dir='ltr'><strong>MOGUNT.</strong></span> <span class='ocrx_word' id='word_1_7' title='bbox 2490 394 2771 452; x_wconf 83' lang='lat' dir='ltr'><strong>OPERUM</strong></span> <span class='ocrx_word' id='word_1_8' title='bbox 2807 395 2982 452; x_wconf 81' lang='lat' dir='ltr'><strong>PARS</strong></span> <span class='ocrx_word' id='word_1_9' title='bbox 3016 395 3080 450; x_wconf 92' lang='grc'><strong>11.</strong></span> 
     </span>
    </p>
   </div>
   <div class='ocr_carea' id='block_1_3' title="bbox 459 509 3701 586">
    <p class='ocr_par' dir='ltr' id='par_1_3' title="bbox 459 509 3701 586">
     <span class='ocr_line' id='line_1_3' title="bbox 459 509 3701 586; baseline 0.001 -17"><span class='ocrx_word' id='word_1_10' title='bbox 459 515 614 586; x_wconf 89' lang='lat' dir='ltr'><strong>gibus</strong></span> <span class='ocrx_word' id='word_1_11' title='bbox 662 510 938 568; x_wconf 89' lang='lat' dir='ltr'><strong>comedit:</strong></span> <span class='ocrx_word' id='word_1_12' title='bbox 971 515 1048 565; x_wconf 76' lang='lat' dir='ltr'><strong>sic</strong></span> <span class='ocrx_word' id='word_1_13' title='bbox 1092 517 1147 566; x_wconf 92' lang='lat' dir='ltr'><strong>et</strong></span> <span class='ocrx_word' id='word_1_14' title='bbox 1198 511 1300 581; x_wconf 89' lang='lat' dir='ltr'><strong>ipsi</strong></span> <span class='ocrx_word' id='word_1_15' title='bbox 1347 524 1487 565; x_wconf 79' lang='lat' dir='ltr'><strong>verae</strong></span> <span class='ocrx_word' id='word_1_16' title='bbox 1538 511 1778 566; x_wconf 71' lang='lat' dir='ltr'><strong>scientia:</strong></span> <span class='ocrx_word' id='word_1_17' title='bbox 1828 509 2028 565; x_wconf 87' lang='lat' dir='ltr'><strong>lumine</strong></span> <span class='ocrx_word' id='word_1_18' title='bbox 2054 515 2102 576; x_wconf 81' lang='grc' dir='ltr'><strong>Α</strong></span> <span class='ocrx_word' id='word_1_19' title='bbox 2129 518 2478 582; x_wconf 75' lang='lat' dir='ltr'><strong>praeceptore,</strong></span> <span class='ocrx_word' id='word_1_20' title='bbox 2507 511 2598 566; x_wconf 91' lang='lat' dir='ltr'><strong>sed</strong></span> <span class='ocrx_word' id='word_1_21' title='bbox 2626 509 2739 566; x_wconf 91' lang='lat' dir='ltr'><strong>sola</strong></span> <span class='ocrx_word' id='word_1_22' title='bbox 2770 519 2960 565; x_wconf 91' lang='lat' dir='ltr'><strong>natura</strong></span> <span class='ocrx_word' id='word_1_23' title='bbox 3005 512 3141 566; x_wconf 90' lang='lat' dir='ltr'><strong>duce</strong></span> <span class='ocrx_word' id='word_1_24' title='bbox 3184 512 3286 568; x_wconf 85' lang='lat' dir='ltr'><strong>sibi</strong></span> <span class='ocrx_word' id='word_1_25' title='bbox 3326 512 3381 567; x_wconf 91' lang='lat' dir='ltr'><strong>in</strong></span> <span class='ocrx_word' id='word_1_26' title='bbox 3425 522 3701 584; x_wconf 85' lang='lat' dir='ltr'><strong>posterum</strong></span> 
     </span>
    </p>
   </div>
   <div class='ocr_carea' id='block_1_4' title="bbox 458 600 2029 675">
    <p class='ocr_par' dir='ltr' id='par_1_4' title="bbox 458 600 2029 675">
     <span class='ocr_line' id='line_1_4' title="bbox 458 600 2029 675; baseline -0.002 -18"><span class='ocrx_word' id='word_1_27' title='bbox 458 604 683 675; x_wconf 77' lang='lat' dir='ltr'><strong>privati,</strong></span> <span class='ocrx_word' id='word_1_28' title='bbox 716 601 945 657; x_wconf 78' lang='lat' dir='ltr'><strong>terrenis</strong></span> <span class='ocrx_word' id='word_1_29' title='bbox 982 601 1188 656; x_wconf 84' lang='lat' dir='ltr'><strong>actibus</strong></span> <span class='ocrx_word' id='word_1_30' title='bbox 1233 600 1547 655; x_wconf 88' lang='lat' dir='ltr'><strong>incumbunt</strong></span> <span class='ocrx_word' id='word_1_31' title='bbox 1573 641 1587 667; x_wconf 97' lang='lat'><strong>,</strong></span> <span class='ocrx_word' id='word_1_32' title='bbox 1641 608 1696 656; x_wconf 91' lang='lat' dir='ltr'><strong>et</strong></span> <span class='ocrx_word' id='word_1_33' title='bbox 1749 601 2029 655; x_wconf 81' lang='lat' dir='ltr'><strong>desideriis</strong></span> 
     </span>
    </p>
   </div>
   <div class='ocr_carea' id='block_1_5' title="bbox 460 689 2030 762">
    <p class='ocr_par' dir='ltr' id='par_1_5' title="bbox 460 689 2030 762">
     <span class='ocr_line' id='line_1_5' title="bbox 460 689 2030 762; baseline -0.004 -11"><span class='ocrx_word' id='word_1_34' title='bbox 460 695 636 751; x_wconf 85' lang='lat' dir='ltr'><strong>carnis</strong></span> <span class='ocrx_word' id='word_1_35' title='bbox 646 735 660 761; x_wconf 98' lang='lat'><strong>,</strong></span> <span class='ocrx_word' id='word_1_36' title='bbox 678 705 731 748; x_wconf 90' lang='lat' dir='ltr'><strong>et</strong></span> <span class='ocrx_word' id='word_1_37' title='bbox 746 693 1010 748; x_wconf 87' lang='lat' dir='ltr'><strong>illecebris</strong></span> <span class='ocrx_word' id='word_1_38' title='bbox 1022 691 1349 762; x_wconf 79' lang='lat' dir='ltr'><strong>voluptatum</strong></span> <span class='ocrx_word' id='word_1_39' title='bbox 1363 689 1690 756; x_wconf 91' lang='lat' dir='ltr'><strong>deserviunt,</strong></span> <span class='ocrx_word' id='word_1_40' title='bbox 1718 689 2030 760; x_wconf 87' lang='lat' dir='ltr'><strong>radicesque</strong></span> 
     </span>
    </p>
   </div>
   <div class='ocr_carea' id='block_1_6' title="bbox 457 783 2029 856">
    <p class='ocr_par' dir='ltr' id='par_1_6' title="bbox 457 783 2029 856">
     <span class='ocr_line' id='line_1_6' title="bbox 457 783 2029 856; baseline -0.004 -12"><span class='ocrx_word' id='word_1_41' title='bbox 457 789 719 844; x_wconf 86' lang='lat' dir='ltr'><strong>bonorum</strong></span> <span class='ocrx_word' id='word_1_42' title='bbox 748 801 992 856; x_wconf 89' lang='lat' dir='ltr'><strong>operum,</strong></span> <span class='ocrx_word' id='word_1_43' title='bbox 1036 784 1091 838; x_wconf 92' lang='lat' dir='ltr'><strong>in</strong></span> <span class='ocrx_word' id='word_1_44' title='bbox 1117 783 1521 853; x_wconf 91' lang='lat' dir='ltr'><strong>quibuscunque</strong></span> <span class='ocrx_word' id='word_1_45' title='bbox 1563 791 1830 852; x_wconf 89' lang='lat' dir='ltr'><strong>possunt,</strong></span> <span class='ocrx_word' id='word_1_46' title='bbox 1869 785 2029 837; x_wconf 91' lang='lat' dir='ltr'><strong>dente</strong></span> 
     </span>
    </p>
   </div>
   <div class='ocr_carea' id='block_1_7' title="bbox 458 870 2030 932">
    <p class='ocr_par' dir='ltr' id='par_1_7' title="bbox 458 870 2030 932">
     <span class='ocr_line' id='line_1_7' title="bbox 458 870 2030 932; baseline -0.004 0"><span class='ocrx_word' id='word_1_47' title='bbox 458 876 673 932; x_wconf 88' lang='lat' dir='ltr'><strong>malitiae</strong></span> <span class='ocrx_word' id='word_1_48' title='bbox 718 875 1004 930; x_wconf 89' lang='lat' dir='ltr'><strong>corrodere</strong></span> <span class='ocrx_word' id='word_1_49' title='bbox 1059 881 1112 926; x_wconf 91' lang='lat' dir='ltr'><strong>et</strong></span> <span class='ocrx_word' id='word_1_50' title='bbox 1163 873 1477 927; x_wconf 82' lang='lat' dir='ltr'><strong>subvertere</strong></span> <span class='ocrx_word' id='word_1_51' title='bbox 1521 878 1802 928; x_wconf 89' lang='lat' dir='ltr'><strong>conantur.</strong></span> <span class='ocrx_word' id='word_1_52' title='bbox 1853 870 2030 926; x_wconf 87' lang='lat' dir='ltr'><strong>Glires</strong></span> 
     </span>
    </p>
   </div>
   <div class='ocr_carea' id='block_1_8' title="bbox 459 954 2029 1032">
    <p class='ocr_par' dir='ltr' id='par_1_8' title="bbox 459 954 2029 1032">
     <span class='ocr_line' id='line_1_8' title="bbox 459 954 2029 1032; baseline -0.004 -12"><span class='ocrx_word' id='word_1_53' title='bbox 459 965 585 1022; x_wconf 89' lang='lat' dir='ltr'><strong>dicti</strong></span> <span class='ocrx_word' id='word_1_54' title='bbox 639 970 794 1029; x_wconf 91' lang='lat' dir='ltr'><strong>sunt,</strong></span> <span class='ocrx_word' id='word_1_55' title='bbox 843 963 967 1032; x_wconf 90' lang='lat' dir='ltr'><strong>quia</strong></span> <span class='ocrx_word' id='word_1_56' title='bbox 1005 961 1230 1031; x_wconf 77' lang='lat' dir='ltr'><strong>pingues</strong></span> <span class='ocrx_word' id='word_1_57' title='bbox 1258 974 1351 1014; x_wconf 90' lang='lat' dir='ltr'><strong>eos</strong></span> <span class='ocrx_word' id='word_1_58' title='bbox 1403 959 1566 1014; x_wconf 79' lang='lat' dir='ltr'><strong>efﬁcit</strong></span> <span class='ocrx_word' id='word_1_59' title='bbox 1600 973 1840 1014; x_wconf 89' lang='lat' dir='ltr'><strong>somnus.</strong></span> <span class='ocrx_word' id='word_1_60' title='bbox 1892 954 2029 1013; x_wconf 85' lang='lat' dir='ltr'><strong>Nam</strong></span> 
     </span>
    </p>
   </div>
   <div class='ocr_carea' id='block_1_9' title="bbox 459 1041 2025 1130">
    <p class='ocr_par' dir='ltr' id='par_1_9' title="bbox 459 1041 2025 1130">
     <span class='ocr_line' id='line_1_9' title="bbox 459 1041 2025 1130; baseline -0.005 -18"><span class='ocrx_word' id='word_1_61' title='bbox 459 1041 681 1130; x_wconf 75' lang='lat' dir='ltr'><strong>gliscere</strong></span> <span class='ocrx_word' id='word_1_62' title='bbox 707 1056 932 1112; x_wconf 88' lang='lat' dir='ltr'><strong>dicimus</strong></span> <span class='ocrx_word' id='word_1_63' title='bbox 953 1067 1215 1109; x_wconf 87' lang='lat' dir='ltr'><strong>crescere.</strong></span> <span class='ocrx_word' id='word_1_64' title='bbox 1233 1046 1418 1106; x_wconf 84' lang='lat' dir='ltr'><strong>Hieme</strong></span> <span class='ocrx_word' id='word_1_65' title='bbox 1437 1052 1582 1106; x_wconf 91' lang='lat' dir='ltr'><strong>enim</strong></span> <span class='ocrx_word' id='word_1_66' title='bbox 1599 1060 1708 1106; x_wconf 88' lang='lat' dir='ltr'><strong>tota</strong></span> <span class='ocrx_word' id='word_1_67' title='bbox 1732 1050 2025 1115; x_wconf 90' lang='lat' dir='ltr'><strong>dormiunt,</strong></span> 
     </span>
    </p>
   </div>
   <div class='ocr_carea' id='block_1_10' title="bbox 457 1139 2030 1214">
    <p class='ocr_par' dir='ltr' id='par_1_10' title="bbox 457 1139 2030 1214">
     <span class='ocr_line' id='line_1_10' title="bbox 457 1139 2030 1214; baseline -0.006 -10"><span class='ocrx_word' id='word_1_68' title='bbox 457 1156 512 1204; x_wconf 88' lang='lat' dir='ltr'><strong>et</strong></span> <span class='ocrx_word' id='word_1_69' title='bbox 541 1145 862 1212; x_wconf 85' lang='lat' dir='ltr'><strong>immobiles,</strong></span> <span class='ocrx_word' id='word_1_70' title='bbox 891 1143 1046 1214; x_wconf 89' lang='lat' dir='ltr'><strong>quasi</strong></span> <span class='ocrx_word' id='word_1_71' title='bbox 1092 1143 1310 1208; x_wconf 88' lang='lat' dir='ltr'><strong>mortui,</strong></span> <span class='ocrx_word' id='word_1_72' title='bbox 1325 1139 1509 1210; x_wconf 89' lang='lat' dir='ltr'><strong>jacent</strong></span> <span class='ocrx_word' id='word_1_73' title='bbox 1538 1160 1549 1195; x_wconf 90' lang='lat'><strong>:</strong></span> <span class='ocrx_word' id='word_1_74' title='bbox 1577 1149 1816 1211; x_wconf 90' lang='lat' dir='ltr'><strong>tempore</strong></span> <span class='ocrx_word' id='word_1_75' title='bbox 1843 1141 2030 1196; x_wconf 69' lang='lat' dir='ltr'><strong>azstivo</strong></span> 
     </span>
    </p>
   </div>
   <div class='ocr_carea' id='block_1_11' title="bbox 458 1230 2028 1303">
    <p class='ocr_par' dir='ltr' id='par_1_11' title="bbox 458 1230 2028 1303">
     <span class='ocr_line' id='line_1_11' title="bbox 458 1230 2028 1303; baseline -0.008 -7"><span class='ocrx_word' id='word_1_76' title='bbox 458 1239 805 1296; x_wconf 90' lang='lat' dir='ltr'><strong>reviviscunt.</strong></span> <span class='ocrx_word' id='word_1_77' title='bbox 839 1235 929 1290; x_wconf 88' lang='lat' dir='ltr'><strong>Isti</strong></span> <span class='ocrx_word' id='word_1_78' title='bbox 973 1248 1101 1303; x_wconf 89' lang='lat' dir='ltr'><strong>ergo</strong></span> <span class='ocrx_word' id='word_1_79' title='bbox 1153 1247 1245 1288; x_wconf 90' lang='lat' dir='ltr'><strong>eos</strong></span> <span class='ocrx_word' id='word_1_80' title='bbox 1293 1230 1597 1302; x_wconf 82' lang='lat' dir='ltr'><strong>signiﬁcare</strong></span> <span class='ocrx_word' id='word_1_81' title='bbox 1631 1240 1898 1300; x_wconf 90' lang='lat' dir='ltr'><strong>possunt,</strong></span> <span class='ocrx_word' id='word_1_82' title='bbox 1938 1230 2028 1300; x_wconf 90' lang='lat' dir='ltr'><strong>qui</strong></span> 
     </span>
    </p>
   </div>
   <div class='ocr_carea' id='block_1_12' title="bbox 458 1319 2030 1400">
    <p class='ocr_par' dir='ltr' id='par_1_12' title="bbox 458 1319 2030 1400">
     <span class='ocr_line' id='line_1_12' title="bbox 458 1319 2030 1400; baseline -0.008 -14"><span class='ocrx_word' id='word_1_83' title='bbox 458 1338 674 1400; x_wconf 85' lang='lat' dir='ltr'><strong>torpore</strong></span> <span class='ocrx_word' id='word_1_84' title='bbox 722 1326 952 1397; x_wconf 58' lang='lat' dir='ltr'><strong>pigritiae</strong></span> <span class='ocrx_word' id='word_1_85' title='bbox 995 1322 1211 1378; x_wconf 89' lang='lat' dir='ltr'><strong>inutiles</strong></span> <span class='ocrx_word' id='word_1_86' title='bbox 1245 1321 1413 1389; x_wconf 83' lang='lat' dir='ltr'><strong>fiunt,</strong></span> <span class='ocrx_word' id='word_1_87' title='bbox 1457 1330 1511 1377; x_wconf 91' lang='lat' dir='ltr'><strong>et</strong></span> <span class='ocrx_word' id='word_1_88' title='bbox 1553 1320 1799 1375; x_wconf 86' lang='lat' dir='ltr'><strong>laborare</strong></span> <span class='ocrx_word' id='word_1_89' title='bbox 1829 1319 2030 1374; x_wconf 87' lang='lat' dir='ltr'><strong>utiliter</strong></span> 
     </span>
    </p>
   </div>
   <div class='ocr_carea' id='block_1_13' title="bbox 457 1410 2030 1488">
    <p class='ocr_par' dir='ltr' id='par_1_13' title="bbox 457 1410 2030 1488">
     <span class='ocr_line' id='line_1_13' title="bbox 457 1410 2030 1488; baseline -0.007 -13"><span class='ocrx_word' id='word_1_90' title='bbox 457 1420 659 1484; x_wconf 85' lang='lat' dir='ltr'><strong>nolunt,</strong></span> <span class='ocrx_word' id='word_1_91' title='bbox 693 1417 758 1472; x_wconf 92' lang='lat' dir='ltr'><strong>de</strong></span> <span class='ocrx_word' id='word_1_92' title='bbox 784 1416 977 1488; x_wconf 82' lang='lat' dir='ltr'><strong>quibus</strong></span> <span class='ocrx_word' id='word_1_93' title='bbox 1007 1413 1261 1484; x_wconf 85' lang='lat' dir='ltr'><strong>scriptum</strong></span> <span class='ocrx_word' id='word_1_94' title='bbox 1282 1421 1364 1468; x_wconf 92' lang='lat' dir='ltr'><strong>est</strong></span> <span class='ocrx_word' id='word_1_95' title='bbox 1397 1430 1409 1465; x_wconf 94' lang='lat'>:</span> <span class='ocrx_word' id='word_1_96' title='bbox 1439 1410 1659 1482; x_wconf 82' lang='lat' dir='ltr'><strong>Propter</strong></span> <span class='ocrx_word' id='word_1_97' title='bbox 1691 1411 1860 1482; x_wconf 83' lang='lat' dir='ltr'><strong>frigus</strong></span> <span class='ocrx_word' id='word_1_98' title='bbox 1887 1413 2030 1482; x_wconf 87' lang='lat' dir='ltr'><strong>piger</strong></span> 
     </span>
    </p>
   </div>
   <div class='ocr_carea' id='block_1_14' title="bbox 456 1501 2030 1573">
    <p class='ocr_par' dir='ltr' id='par_1_14' title="bbox 456 1501 2030 1573">
     <span class='ocr_line' id='line_1_14' title="bbox 456 1501 2030 1573; baseline -0.005 -11"><span class='ocrx_word' id='word_1_99' title='bbox 456 1505 798 1563; x_wconf 66' lang='lat' dir='ltr'><strong>arare‘noluit</strong></span> <span class='ocrx_word' id='word_1_100' title='bbox 827 1518 844 1556; x_wconf 90' lang='lat'><strong><em>:</em></strong></span> <span class='ocrx_word' id='word_1_101' title='bbox 887 1503 1196 1558; x_wconf 68' lang='lat' dir='ltr'><strong>mendicabit</strong></span> <span class='ocrx_word' id='word_1_102' title='bbox 1225 1519 1344 1573; x_wconf 89' lang='lat' dir='ltr'><strong>ergo</strong></span> <span class='ocrx_word' id='word_1_103' title='bbox 1383 1510 1578 1566; x_wconf 73' lang='lat' dir='ltr'><strong>testate,</strong></span> <span class='ocrx_word' id='word_1_104' title='bbox 1609 1510 1658 1556; x_wconf 90' lang='lat' dir='ltr'><strong>et</strong></span> <span class='ocrx_word' id='word_1_105' title='bbox 1687 1517 1789 1556; x_wconf 88' lang='lat' dir='ltr'><strong>non</strong></span> <span class='ocrx_word' id='word_1_106' title='bbox 1820 1501 2030 1556; x_wconf 79' lang='lat' dir='ltr'><strong>dabitur</strong></span> 
     </span>
    </p>
   </div>
   <div class='ocr_carea' id='block_1_15' title="bbox 453 1594 2030 1671">
    <p class='ocr_par' dir='ltr' id='par_1_15' title="bbox 453 1594 2030 1671">
     <span class='ocr_line' id='line_1_15' title="bbox 453 1594 2030 1671; baseline -0.006 -15"><span class='ocrx_word' id='word_1_107' title='bbox 453 1601 502 1656; x_wconf 87' lang='lat' dir='ltr'><strong>ei</strong></span> <span class='ocrx_word' id='word_1_108' title='bbox 535 1596 715 1671; x_wconf 82' lang='lat' dir='ltr'><strong>(Prov.</strong></span> <span class='ocrx_word' id='word_1_109' title='bbox 749 1597 874 1668; x_wconf 78' lang='lat' dir='ltr'><strong>xx);</strong></span> <span class='ocrx_word' id='word_1_110' title='bbox 907 1597 1032 1667; x_wconf 92' lang='lat' dir='ltr'><strong>quia</strong></span> <span class='ocrx_word' id='word_1_111' title='bbox 1061 1596 1150 1665; x_wconf 93' lang='lat' dir='ltr'><strong>qui</strong></span> <span class='ocrx_word' id='word_1_112' title='bbox 1189 1609 1333 1649; x_wconf 91' lang='lat' dir='ltr'><strong>nunc</strong></span> <span class='ocrx_word' id='word_1_113' title='bbox 1368 1594 1573 1649; x_wconf 90' lang='lat' dir='ltr'><strong>otiosus</strong></span> <span class='ocrx_word' id='word_1_114' title='bbox 1613 1601 1852 1664; x_wconf 90' lang='lat' dir='ltr'><strong>tempore</strong></span> <span class='ocrx_word' id='word_1_115' title='bbox 1897 1607 2030 1663; x_wconf 75' lang='lat' dir='ltr'><strong>prae-</strong></span> 
     </span>
    </p>
   </div>
   <div class='ocr_carea' id='block_1_16' title="bbox 453 1683 2029 1759">
    <p class='ocr_par' dir='ltr' id='par_1_16' title="bbox 453 1683 2029 1759">
     <span class='ocr_line' id='line_1_16' title="bbox 453 1683 2029 1759; baseline -0.008 -8"><span class='ocrx_word' id='word_1_116' title='bbox 453 1693 623 1751; x_wconf 78' lang='lat' dir='ltr'><strong>sentis</strong></span> <span class='ocrx_word' id='word_1_117' title='bbox 646 1692 771 1746; x_wconf 82' lang='lat' dir='ltr'><strong>vitae</strong></span> <span class='ocrx_word' id='word_1_118' title='bbox 801 1688 1058 1759; x_wconf 85' lang='lat' dir='ltr'><strong>torpescit</strong></span> <span class='ocrx_word' id='word_1_119' title='bbox 1083 1727 1098 1755; x_wconf 93' lang='lat'><strong>,</strong></span> <span class='ocrx_word' id='word_1_120' title='bbox 1139 1686 1341 1742; x_wconf 84' lang='lat' dir='ltr'><strong>frustra</strong></span> <span class='ocrx_word' id='word_1_121' title='bbox 1371 1687 1424 1740; x_wconf 93' lang='lat' dir='ltr'><strong>in</strong></span> <span class='ocrx_word' id='word_1_122' title='bbox 1455 1686 1539 1741; x_wconf 91' lang='lat' dir='ltr'><strong>die</strong></span> <span class='ocrx_word' id='word_1_123' title='bbox 1555 1684 1743 1754; x_wconf 92' lang='lat' dir='ltr'><strong>judicii</strong></span> <span class='ocrx_word' id='word_1_124' title='bbox 1772 1725 1786 1751; x_wconf 97' lang='lat'><strong>,</strong></span> <span class='ocrx_word' id='word_1_125' title='bbox 1817 1683 2029 1754; x_wconf 89' lang='lat' dir='ltr'><strong>quando</strong></span> 
     </span>
    </p>
   </div>
   <div class='ocr_carea' id='block_1_17' title="bbox 455 1777 2030 1853">
    <p class='ocr_par' dir='ltr' id='par_1_17' title="bbox 455 1777 2030 1853">
     <span class='ocr_line' id='line_1_17' title="bbox 455 1777 2030 1853; baseline -0.006 -12"><span class='ocrx_word' id='word_1_126' title='bbox 455 1791 665 1853; x_wconf 82' lang='lat' dir='ltr'><strong>tempus</strong></span> <span class='ocrx_word' id='word_1_127' title='bbox 695 1791 780 1839; x_wconf 91' lang='lat' dir='ltr'><strong>est</strong></span> <span class='ocrx_word' id='word_1_128' title='bbox 810 1781 1000 1837; x_wconf 89' lang='lat' dir='ltr'><strong>messis</strong></span> <span class='ocrx_word' id='word_1_129' title='bbox 1021 1820 1036 1848; x_wconf 93' lang='lat'><strong>,</strong></span> <span class='ocrx_word' id='word_1_130' title='bbox 1081 1779 1405 1836; x_wconf 85' lang='lat' dir='ltr'><strong>mendicabit</strong></span> <span class='ocrx_word' id='word_1_131' title='bbox 1434 1794 1448 1833; x_wconf 89' lang='lat'><strong>:</strong></span> <span class='ocrx_word' id='word_1_132' title='bbox 1476 1779 1600 1849; x_wconf 87' lang='lat' dir='ltr'><strong>quia</strong></span> <span class='ocrx_word' id='word_1_133' title='bbox 1628 1777 1863 1832; x_wconf 86' lang='lat' dir='ltr'><strong>caelestis</strong></span> <span class='ocrx_word' id='word_1_134' title='bbox 1903 1777 2030 1832; x_wconf 80' lang='lat' dir='ltr'><strong>vitae</strong></span> 
     </span>
    </p>
   </div>
   <div class='ocr_carea' id='block_1_18' title="bbox 2128 599 3702 676">
    <p class='ocr_par' dir='ltr' id='par_1_18' title="bbox 2128 599 3702 676">
     <span class='ocr_line' id='line_1_18' title="bbox 2128 599 3702 676; baseline 0.006 -24"><span class='ocrx_word' id='word_1_135' title='bbox 2128 599 2422 667; x_wconf 77' lang='lat' dir='ltr'><strong>przevidere</strong></span> <span class='ocrx_word' id='word_1_136' title='bbox 2447 601 2622 654; x_wconf 88' lang='lat' dir='ltr'><strong>studet</strong></span> <span class='ocrx_word' id='word_1_137' title='bbox 2654 618 2666 652; x_wconf 88' lang='lat'>:</span> <span class='ocrx_word' id='word_1_138' title='bbox 2691 609 2889 669; x_wconf 89' lang='lat' dir='ltr'><strong>quanto</strong></span> <span class='ocrx_word' id='word_1_139' title='bbox 2911 601 3080 670; x_wconf 89' lang='lat' dir='ltr'><strong>magis</strong></span> <span class='ocrx_word' id='word_1_140' title='bbox 3104 601 3190 656; x_wconf 90' lang='lat' dir='ltr'><strong>ille</strong></span> <span class='ocrx_word' id='word_1_141' title='bbox 3221 603 3403 670; x_wconf 91' lang='lat' dir='ltr'><strong>homo,</strong></span> <span class='ocrx_word' id='word_1_142' title='bbox 3437 603 3702 676; x_wconf 71' lang='lat' dir='ltr'><strong>Deoprte-</strong></span> 
     </span>
    </p>
   </div>
   <div class='ocr_carea' id='block_1_19' title="bbox 2131 685 3703 757">
    <p class='ocr_par' dir='ltr' id='par_1_19' title="bbox 2131 685 3703 757">
     <span class='ocr_line' id='line_1_19' title="bbox 2131 685 3703 757; baseline 0.006 -17"><span class='ocrx_word' id='word_1_143' title='bbox 2131 696 2363 757; x_wconf 90' lang='lat' dir='ltr'><strong>ceptore,</strong></span> <span class='ocrx_word' id='word_1_144' title='bbox 2395 696 2449 742; x_wconf 90' lang='lat' dir='ltr'><strong>et</strong></span> <span class='ocrx_word' id='word_1_145' title='bbox 2481 685 2789 744; x_wconf 85' lang='lat' dir='ltr'><strong>doctoribus</strong></span> <span class='ocrx_word' id='word_1_146' title='bbox 2813 689 3244 757; x_wconf 87' lang='lat' dir='ltr'><strong>admonentibus,</strong></span> <span class='ocrx_word' id='word_1_147' title='bbox 3265 692 3424 748; x_wconf 88' lang='lat' dir='ltr'><strong>debet</strong></span> <span class='ocrx_word' id='word_1_148' title='bbox 3450 693 3503 748; x_wconf 90' lang='lat' dir='ltr'><strong>in</strong></span> <span class='ocrx_word' id='word_1_149' title='bbox 3528 709 3703 750; x_wconf 83' lang='lat' dir='ltr'><strong>messe</strong></span> 
     </span>
    </p>
   </div>
   <div class='ocr_carea' id='block_1_20' title="bbox 2131 775 3704 850">
    <p class='ocr_par' dir='ltr' id='par_1_20' title="bbox 2131 775 3704 850">
     <span class='ocr_line' id='line_1_20' title="bbox 2131 775 3704 850; baseline 0.006 -21"><span class='ocrx_word' id='word_1_150' title='bbox 2131 775 2288 845; x_wconf 90' lang='lat' dir='ltr'><strong>hujus</strong></span> <span class='ocrx_word' id='word_1_151' title='bbox 2316 777 2436 830; x_wconf 84' lang='lat' dir='ltr'><strong>vitae</strong></span> <span class='ocrx_word' id='word_1_152' title='bbox 2467 791 2688 847; x_wconf 91' lang='lat' dir='ltr'><strong>operum</strong></span> <span class='ocrx_word' id='word_1_153' title='bbox 2718 779 2969 850; x_wconf 71' lang='lat' dir='ltr'><strong>colligere</strong></span> <span class='ocrx_word' id='word_1_154' title='bbox 2997 778 3202 835; x_wconf 89' lang='lat' dir='ltr'><strong>fructus</strong></span> <span class='ocrx_word' id='word_1_155' title='bbox 3221 821 3236 844; x_wconf 96' lang='lat'><strong>,</strong></span> <span class='ocrx_word' id='word_1_156' title='bbox 3277 791 3332 838; x_wconf 90' lang='lat' dir='ltr'><strong>et</strong></span> <span class='ocrx_word' id='word_1_157' title='bbox 3356 783 3554 838; x_wconf 92' lang='lat' dir='ltr'><strong>horreo</strong></span> <span class='ocrx_word' id='word_1_158' title='bbox 3579 783 3704 838; x_wconf 64' lang='lat' dir='ltr'><strong>vita</strong></span> 
     </span>
    </p>
   </div>
   <div class='ocr_carea' id='block_1_21' title="bbox 2130 867 3702 942">
    <p class='ocr_par' dir='ltr' id='par_1_21' title="bbox 2130 867 3702 942">
     <span class='ocr_line' id='line_1_21' title="bbox 2130 867 3702 942; baseline 0.006 -23"><span class='ocrx_word' id='word_1_159' title='bbox 2130 867 2438 933; x_wconf 89' lang='lat' dir='ltr'><strong>recondere,</strong></span> <span class='ocrx_word' id='word_1_160' title='bbox 2476 877 2536 922; x_wconf 92' lang='lat' dir='ltr'><strong>ut</strong></span> <span class='ocrx_word' id='word_1_161' title='bbox 2559 868 2753 923; x_wconf 85' lang='lat' dir='ltr'><strong>habeat</strong></span> <span class='ocrx_word' id='word_1_162' title='bbox 2795 869 2852 924; x_wconf 90' lang='lat' dir='ltr'><strong>in</strong></span> <span class='ocrx_word' id='word_1_163' title='bbox 2884 870 2970 925; x_wconf 92' lang='lat' dir='ltr'><strong>die</strong></span> <span class='ocrx_word' id='word_1_164' title='bbox 2996 869 3233 942; x_wconf 80' lang='lat' dir='ltr'><strong>frigoris,</strong></span> <span class='ocrx_word' id='word_1_165' title='bbox 3265 873 3318 927; x_wconf 88' lang='lat' dir='ltr'><strong>id</strong></span> <span class='ocrx_word' id='word_1_166' title='bbox 3343 882 3446 939; x_wconf 90' lang='lat' dir='ltr'><strong>est,</strong></span> <span class='ocrx_word' id='word_1_167' title='bbox 3472 873 3662 942; x_wconf 88' lang='lat' dir='ltr'><strong>judicii</strong></span> <span class='ocrx_word' id='word_1_168' title='bbox 3684 913 3702 942; x_wconf 86' lang='lat'><strong>,</strong></span> 
     </span>
    </p>
   </div>
   <div class='ocr_carea' id='block_1_22' title="bbox 2129 958 3702 1028">
    <p class='ocr_par' dir='ltr' id='par_1_22' title="bbox 2129 958 3702 1028">
     <span class='ocr_line' id='line_1_22' title="bbox 2129 958 3702 1028; baseline 0.005 -18"><span class='ocrx_word' id='word_1_169' title='bbox 2129 972 2232 1027; x_wconf 89' lang='lat' dir='ltr'><strong>qua</strong></span> <span class='ocrx_word' id='word_1_170' title='bbox 2262 973 2366 1013; x_wconf 93' lang='lat' dir='ltr'><strong>non</strong></span> <span class='ocrx_word' id='word_1_171' title='bbox 2402 966 2582 1028; x_wconf 88' lang='lat' dir='ltr'><strong>potest</strong></span> <span class='ocrx_word' id='word_1_172' title='bbox 2619 958 2898 1027; x_wconf 84' lang='lat' dir='ltr'><strong>laborare,</strong></span> <span class='ocrx_word' id='word_1_173' title='bbox 2929 961 3070 1016; x_wconf 90' lang='lat' dir='ltr'><strong>unde</strong></span> <span class='ocrx_word' id='word_1_174' title='bbox 3097 961 3287 1016; x_wconf 83' lang='lat' dir='ltr'><strong>vivat?</strong></span> <span class='ocrx_word' id='word_1_175' title='bbox 3329 962 3702 1020; x_wconf 87' lang='lat' dir='ltr'><strong>Formicoleon</strong></span> 
     </span>
    </p>
   </div>
   <div class='ocr_carea' id='block_1_23' title="bbox 2128 1048 3708 1123">
    <p class='ocr_par' dir='ltr' id='par_1_23' title="bbox 2128 1048 3708 1123">
     <span class='ocr_line' id='line_1_23' title="bbox 2128 1048 3708 1123; baseline 0.001 -17"><span class='ocrx_word' id='word_1_176' title='bbox 2128 1053 2198 1106; x_wconf 93' lang='lat' dir='ltr'><strong>ob</strong></span> <span class='ocrx_word' id='word_1_177' title='bbox 2227 1053 2328 1106; x_wconf 90' lang='lat' dir='ltr'><strong>hoc</strong></span> <span class='ocrx_word' id='word_1_178' title='bbox 2377 1060 2597 1108; x_wconf 89' lang='lat' dir='ltr'><strong>vocatus</strong></span> <span class='ocrx_word' id='word_1_179' title='bbox 2619 1092 2634 1117; x_wconf 93' lang='lat'><strong>,</strong></span> <span class='ocrx_word' id='word_1_180' title='bbox 2680 1053 2805 1123; x_wconf 87' lang='lat' dir='ltr'><strong>quia</strong></span> <span class='ocrx_word' id='word_1_181' title='bbox 2850 1061 2935 1108; x_wconf 92' lang='lat' dir='ltr'><strong>est</strong></span> <span class='ocrx_word' id='word_1_182' title='bbox 2957 1048 2960 1050; x_wconf 69' lang='grc'><em>’</em></span> <span class='ocrx_word' id='word_1_183' title='bbox 2985 1053 3070 1108; x_wconf 89' lang='lat' dir='ltr'><strong>vel</strong></span> <span class='ocrx_word' id='word_1_184' title='bbox 3109 1052 3456 1110; x_wconf 81' lang='lat' dir='ltr'><strong>formicarum</strong></span> <span class='ocrx_word' id='word_1_185' title='bbox 3485 1054 3590 1121; x_wconf 88' lang='lat' dir='ltr'><strong>leo,</strong></span> <span class='ocrx_word' id='word_1_186' title='bbox 3617 1063 3708 1121; x_wconf 63' lang='lat' dir='ltr'><strong>vel</strong></span> 
     </span>
    </p>
   </div>
   <div class='ocr_carea' id='block_1_24' title="bbox 2128 1143 3706 1216">
    <p class='ocr_par' dir='ltr' id='par_1_24' title="bbox 2128 1143 3706 1216">
     <span class='ocr_line' id='line_1_24' title="bbox 2128 1143 3706 1216; baseline 0.004 -20"><span class='ocrx_word' id='word_1_187' title='bbox 2128 1150 2275 1196; x_wconf 92' lang='lat' dir='ltr'><strong>certe</strong></span> <span class='ocrx_word' id='word_1_188' title='bbox 2313 1143 2537 1197; x_wconf 83' lang='lat' dir='ltr'><strong>formica</strong></span> <span class='ocrx_word' id='word_1_189' title='bbox 2582 1143 2786 1212; x_wconf 91' lang='lat' dir='ltr'><strong>pariter</strong></span> <span class='ocrx_word' id='word_1_190' title='bbox 2811 1150 2865 1198; x_wconf 90' lang='lat' dir='ltr'><strong>et</strong></span> <span class='ocrx_word' id='word_1_191' title='bbox 2888 1144 2991 1198; x_wconf 91' lang='lat' dir='ltr'><strong>leo.</strong></span> <span class='ocrx_word' id='word_1_192' title='bbox 3023 1144 3120 1200; x_wconf 85' lang='lat' dir='ltr'><strong>Est</strong></span> <span class='ocrx_word' id='word_1_193' title='bbox 3146 1145 3288 1199; x_wconf 86' lang='lat' dir='ltr'><strong>enim</strong></span> <span class='ocrx_word' id='word_1_194' title='bbox 3315 1160 3541 1216; x_wconf 87' lang='lat' dir='ltr'><strong>parvum</strong></span> <span class='ocrx_word' id='word_1_195' title='bbox 3587 1145 3706 1202; x_wconf 78' lang='lat' dir='ltr'><strong>anl-</strong></span> 
     </span>
    </p>
   </div>
   <div class='ocr_carea' id='block_1_25' title="bbox 2128 1230 3709 1306">
    <p class='ocr_par' dir='ltr' id='par_1_25' title="bbox 2128 1230 3709 1306">
     <span class='ocr_line' id='line_1_25' title="bbox 2128 1230 3709 1306; baseline 0.006 -22"><span class='ocrx_word' id='word_1_196' title='bbox 2128 1230 2262 1297; x_wconf 91' lang='lat' dir='ltr'><strong>mal,</strong></span> <span class='ocrx_word' id='word_1_197' title='bbox 2301 1230 2539 1286; x_wconf 87' lang='lat' dir='ltr'><strong>formicis</strong></span> <span class='ocrx_word' id='word_1_198' title='bbox 2587 1232 2720 1286; x_wconf 88' lang='lat' dir='ltr'><strong>satis</strong></span> <span class='ocrx_word' id='word_1_199' title='bbox 2759 1231 3015 1288; x_wconf 89' lang='lat' dir='ltr'><strong>infestum</strong></span> <span class='ocrx_word' id='word_1_200' title='bbox 3045 1273 3060 1298; x_wconf 96' lang='lat'><strong>,</strong></span> <span class='ocrx_word' id='word_1_201' title='bbox 3107 1236 3249 1304; x_wconf 92' lang='lat' dir='ltr'><strong>quod</strong></span> <span class='ocrx_word' id='word_1_202' title='bbox 3281 1249 3340 1290; x_wconf 90' lang='lat' dir='ltr'><strong>se</strong></span> <span class='ocrx_word' id='word_1_203' title='bbox 3388 1236 3443 1291; x_wconf 91' lang='lat' dir='ltr'><strong>in</strong></span> <span class='ocrx_word' id='word_1_204' title='bbox 3484 1237 3709 1306; x_wconf 64' lang='lat' dir='ltr'><strong>pulvere</strong></span> 
     </span>
    </p>
   </div>
   <div class='ocr_carea' id='block_1_26' title="bbox 2130 1320 3704 1395">
    <p class='ocr_par' dir='ltr' id='par_1_26' title="bbox 2130 1320 3704 1395">
     <span class='ocr_line' id='line_1_26' title="bbox 2130 1320 3704 1395; baseline 0.005 -22"><span class='ocrx_word' id='word_1_205' title='bbox 2130 1320 2407 1376; x_wconf 88' lang='lat' dir='ltr'><strong>abscondit</strong></span> <span class='ocrx_word' id='word_1_206' title='bbox 2433 1361 2446 1386; x_wconf 93' lang='lat'><strong>,</strong></span> <span class='ocrx_word' id='word_1_207' title='bbox 2474 1331 2528 1376; x_wconf 89' lang='lat' dir='ltr'><strong>et</strong></span> <span class='ocrx_word' id='word_1_208' title='bbox 2555 1321 2808 1376; x_wconf 83' lang='lat' dir='ltr'><strong>formicas</strong></span> <span class='ocrx_word' id='word_1_209' title='bbox 2833 1321 3103 1377; x_wconf 87' lang='lat' dir='ltr'><strong>frumenta</strong></span> <span class='ocrx_word' id='word_1_210' title='bbox 3133 1331 3404 1395; x_wconf 84' lang='lat' dir='ltr'><strong>gestantes</strong></span> <span class='ocrx_word' id='word_1_211' title='bbox 3427 1323 3704 1382; x_wconf 82' lang='lat' dir='ltr'><strong>interﬁcit.</strong></span> 
     </span>
    </p>
   </div>
   <div class='ocr_carea' id='block_1_27' title="bbox 2127 1411 3702 1486">
    <p class='ocr_par' dir='ltr' id='par_1_27' title="bbox 2127 1411 3702 1486">
     <span class='ocr_line' id='line_1_27' title="bbox 2127 1411 3702 1486; baseline 0.002 -19"><span class='ocrx_word' id='word_1_212' title='bbox 2127 1411 2361 1471; x_wconf 87' lang='lat' dir='ltr'><strong>Proinde</strong></span> <span class='ocrx_word' id='word_1_213' title='bbox 2383 1420 2564 1470; x_wconf 89' lang='lat' dir='ltr'><strong>autem</strong></span> <span class='ocrx_word' id='word_1_214' title='bbox 2595 1412 2679 1468; x_wconf 90' lang='lat' dir='ltr'><strong>leo</strong></span> <span class='ocrx_word' id='word_1_215' title='bbox 2708 1422 2762 1468; x_wconf 91' lang='lat' dir='ltr'><strong>et</strong></span> <span class='ocrx_word' id='word_1_216' title='bbox 2785 1411 3009 1469; x_wconf 87' lang='lat' dir='ltr'><strong>formica</strong></span> <span class='ocrx_word' id='word_1_217' title='bbox 3034 1422 3272 1481; x_wconf 84' lang='lat' dir='ltr'><strong>vocatur,</strong></span> <span class='ocrx_word' id='word_1_218' title='bbox 3296 1417 3420 1486; x_wconf 89' lang='lat' dir='ltr'><strong>quia</strong></span> <span class='ocrx_word' id='word_1_219' title='bbox 3443 1416 3563 1470; x_wconf 91' lang='lat' dir='ltr'><strong>aliis</strong></span> <span class='ocrx_word' id='word_1_220' title='bbox 3579 1417 3702 1470; x_wconf 91' lang='lat' dir='ltr'><strong>ani-</strong></span> 
     </span>
    </p>
   </div>
   <div class='ocr_carea' id='block_1_28' title="bbox 2127 1503 3706 1571">
    <p class='ocr_par' dir='ltr' id='par_1_28' title="bbox 2127 1503 3706 1571">
     <span class='ocr_line' id='line_1_28' title="bbox 2127 1503 3706 1571; baseline -0.001 -11"><span class='ocrx_word' id='word_1_221' title='bbox 2127 1503 2378 1570; x_wconf 89' lang='lat' dir='ltr'><strong>malibus,</strong></span> <span class='ocrx_word' id='word_1_222' title='bbox 2410 1513 2468 1559; x_wconf 91' lang='lat' dir='ltr'><strong>ut</strong></span> <span class='ocrx_word' id='word_1_223' title='bbox 2494 1503 2718 1559; x_wconf 81' lang='lat' dir='ltr'><strong>formica</strong></span> <span class='ocrx_word' id='word_1_224' title='bbox 2743 1512 2826 1559; x_wconf 90' lang='lat' dir='ltr'><strong>est</strong></span> <span class='ocrx_word' id='word_1_225' title='bbox 2856 1522 2868 1558; x_wconf 92' lang='lat'><strong>:</strong></span> <span class='ocrx_word' id='word_1_226' title='bbox 2895 1503 3134 1558; x_wconf 88' lang='lat' dir='ltr'><strong>formicis</strong></span> <span class='ocrx_word' id='word_1_227' title='bbox 3161 1513 3358 1571; x_wconf 89' lang='lat' dir='ltr'><strong>autem,</strong></span> <span class='ocrx_word' id='word_1_228' title='bbox 3384 1513 3442 1558; x_wconf 92' lang='lat' dir='ltr'><strong>ut</strong></span> <span class='ocrx_word' id='word_1_229' title='bbox 3491 1504 3576 1561; x_wconf 92' lang='lat' dir='ltr'><strong>leo</strong></span> <span class='ocrx_word' id='word_1_230' title='bbox 3601 1513 3706 1560; x_wconf 88' lang='lat' dir='ltr'><strong>est.</strong></span> 
     </span>
    </p>
   </div>
   <div class='ocr_carea' id='block_1_29' title="bbox 2129 1593 3710 1666">
    <p class='ocr_par' dir='ltr' id='par_1_29' title="bbox 2129 1593 3710 1666">
     <span class='ocr_line' id='line_1_29' title="bbox 2129 1593 3710 1666; baseline 0.001 -18"><span class='ocrx_word' id='word_1_231' title='bbox 2129 1593 2295 1649; x_wconf 82' lang='lat' dir='ltr'><strong>Ranae</strong></span> <span class='ocrx_word' id='word_1_232' title='bbox 2338 1609 2368 1647; x_wconf 92' lang='lat' dir='ltr'><strong>a</strong></span> <span class='ocrx_word' id='word_1_233' title='bbox 2397 1594 2713 1665; x_wconf 88' lang='lat' dir='ltr'><strong>garrulitate</strong></span> <span class='ocrx_word' id='word_1_234' title='bbox 2743 1601 2945 1648; x_wconf 83' lang='lat' dir='ltr'><strong>vocatae</strong></span> <span class='ocrx_word' id='word_1_235' title='bbox 2978 1608 3043 1649; x_wconf 93' lang='lat' dir='ltr'><strong>eo</strong></span> <span class='ocrx_word' id='word_1_236' title='bbox 3079 1594 3223 1664; x_wconf 91' lang='lat' dir='ltr'><strong>quod</strong></span> <span class='ocrx_word' id='word_1_237' title='bbox 3267 1595 3414 1649; x_wconf 88' lang='lat' dir='ltr'><strong>circa</strong></span> <span class='ocrx_word' id='word_1_238' title='bbox 3447 1593 3710 1666; x_wconf 84' lang='lat' dir='ltr'><strong>genitales</strong></span> 
     </span>
    </p>
   </div>
   <div class='ocr_carea' id='block_1_30' title="bbox 2129 1683 3707 1755">
    <p class='ocr_par' dir='ltr' id='par_1_30' title="bbox 2129 1683 3707 1755">
     <span class='ocr_line' id='line_1_30' title="bbox 2129 1683 3707 1755; baseline 0.001 -18"><span class='ocrx_word' id='word_1_239' title='bbox 2129 1691 2374 1753; x_wconf 88' lang='lat' dir='ltr'><strong>strepunt</strong></span> <span class='ocrx_word' id='word_1_240' title='bbox 2397 1683 2640 1754; x_wconf 90' lang='lat' dir='ltr'><strong>paludes,</strong></span> <span class='ocrx_word' id='word_1_241' title='bbox 2676 1691 2731 1738; x_wconf 91' lang='lat' dir='ltr'><strong>et</strong></span> <span class='ocrx_word' id='word_1_242' title='bbox 2769 1698 2958 1739; x_wconf 89' lang='lat' dir='ltr'><strong>sonum</strong></span> <span class='ocrx_word' id='word_1_243' title='bbox 2989 1684 3135 1738; x_wconf 82' lang='lat' dir='ltr'><strong>vocis</strong></span> <span class='ocrx_word' id='word_1_244' title='bbox 3160 1685 3478 1755; x_wconf 88' lang='lat' dir='ltr'><strong>importunis</strong></span> <span class='ocrx_word' id='word_1_245' title='bbox 3507 1684 3707 1740; x_wconf 88' lang='lat' dir='ltr'><strong>clamo-</strong></span> 
     </span>
    </p>
   </div>
   <div class='ocr_carea' id='block_1_31' title="bbox 2130 1773 3702 1846">
    <p class='ocr_par' dir='ltr' id='par_1_31' title="bbox 2130 1773 3702 1846">
     <span class='ocr_line' id='line_1_31' title="bbox 2130 1773 3702 1846; baseline 0 -19"><span class='ocrx_word' id='word_1_246' title='bbox 2130 1773 2278 1828; x_wconf 88' lang='lat' dir='ltr'><strong>ribus</strong></span> <span class='ocrx_word' id='word_1_247' title='bbox 2328 1775 2578 1830; x_wconf 91' lang='lat' dir='ltr'><strong>reddunt.</strong></span> <span class='ocrx_word' id='word_1_248' title='bbox 2649 1773 2812 1830; x_wconf 66' lang='lat' dir='ltr'><strong>Ranae</strong></span> <span class='ocrx_word' id='word_1_249' title='bbox 2883 1775 3172 1830; x_wconf 66' lang='lat' dir='ltr'><strong>daemones.</strong></span> <span class='ocrx_word' id='word_1_250' title='bbox 3228 1774 3288 1830; x_wconf 83' lang='lat' dir='ltr'><strong>In</strong></span> <span class='ocrx_word' id='word_1_251' title='bbox 3337 1775 3702 1846; x_wconf 86' lang='lat' dir='ltr'><strong>Apocalypsi:</strong></span> 
     </span>
    </p>
   </div>
   <div class='ocr_carea' id='block_1_32' title="bbox 453 1858 3702 1947">
    <p class='ocr_par' dir='ltr' id='par_1_32' title="bbox 453 1858 3702 1947">
     <span class='ocr_line' id='line_1_32' title="bbox 453 1858 3702 1947; baseline -0.003 -18"><span class='ocrx_word' id='word_1_252' title='bbox 453 1873 706 1947; x_wconf 86' lang='lat' dir='ltr'><strong>gaudium</strong></span> <span class='ocrx_word' id='word_1_253' title='bbox 760 1872 908 1928; x_wconf 89' lang='lat' dir='ltr'><strong>nullo</strong></span> <span class='ocrx_word' id='word_1_254' title='bbox 952 1870 1110 1927; x_wconf 90' lang='lat' dir='ltr'><strong>modo</strong></span> <span class='ocrx_word' id='word_1_255' title='bbox 1159 1887 1280 1926; x_wconf 91' lang='lat' dir='ltr'><strong>cum</strong></span> <span class='ocrx_word' id='word_1_256' title='bbox 1312 1869 1471 1939; x_wconf 88' lang='lat' dir='ltr'><strong>justis</strong></span> <span class='ocrx_word' id='word_1_257' title='bbox 1516 1868 1749 1922; x_wconf 89' lang='lat' dir='ltr'><strong>habebit.</strong></span> <span class='ocrx_word' id='word_1_258' title='bbox 1780 1863 2027 1922; x_wconf 84' lang='lat' dir='ltr'><strong>Hericius</strong></span> <span class='ocrx_word' id='word_1_259' title='bbox 2055 1858 2104 1918; x_wconf 78' lang='grc' dir='ltr'><strong>Β</strong></span> <span class='ocrx_word' id='word_1_260' title='bbox 2139 1860 2258 1915; x_wconf 87' lang='lat' dir='ltr'><strong>Vidi</strong></span> <span class='ocrx_word' id='word_1_261' title='bbox 2281 1862 2352 1917; x_wconf 81' lang='lat' dir='ltr'><strong>de</strong></span> <span class='ocrx_word' id='word_1_262' title='bbox 2369 1880 2455 1918; x_wconf 88' lang='lat' dir='ltr'><strong>ore</strong></span> <span class='ocrx_word' id='word_1_263' title='bbox 2473 1865 2716 1918; x_wconf 76' lang='lat' dir='ltr'><strong>draconis</strong></span> <span class='ocrx_word' id='word_1_264' title='bbox 2743 1865 3075 1934; x_wconf 86' lang='lat' dir='ltr'><strong>spiritustres</strong></span> <span class='ocrx_word' id='word_1_265' title='bbox 3090 1865 3383 1920; x_wconf 85' lang='lat' dir='ltr'><strong>immundos</strong></span> <span class='ocrx_word' id='word_1_266' title='bbox 3411 1867 3465 1918; x_wconf 88' lang='lat' dir='ltr'><strong>in</strong></span> <span class='ocrx_word' id='word_1_267' title='bbox 3489 1867 3702 1920; x_wconf 71' lang='lat' dir='ltr'><strong>modum</strong></span> 
     </span>
    </p>
   </div>
   <div class='ocr_carea' id='block_1_33' title="bbox 453 1956 2027 2033">
    <p class='ocr_par' dir='ltr' id='par_1_33' title="bbox 453 1956 2027 2033">
     <span class='ocr_line' id='line_1_33' title="bbox 453 1956 2027 2033; baseline -0.007 -13"><span class='ocrx_word' id='word_1_268' title='bbox 453 1964 652 2021; x_wconf 85' lang='lat' dir='ltr'><strong>animal</strong></span> <span class='ocrx_word' id='word_1_269' title='bbox 699 1963 866 2033; x_wconf 86' lang='lat' dir='ltr'><strong>spinis</strong></span> <span class='ocrx_word' id='word_1_270' title='bbox 914 1969 1224 2031; x_wconf 90' lang='lat' dir='ltr'><strong>coopertum</strong></span> <span class='ocrx_word' id='word_1_271' title='bbox 1248 2001 1262 2025; x_wconf 98' lang='lat'><strong>,</strong></span> <span class='ocrx_word' id='word_1_272' title='bbox 1315 1959 1456 2030; x_wconf 90' lang='lat' dir='ltr'><strong>quod</strong></span> <span class='ocrx_word' id='word_1_273' title='bbox 1488 1956 1682 2012; x_wconf 83' lang='lat' dir='ltr'><strong>exinde</strong></span> <span class='ocrx_word' id='word_1_274' title='bbox 1705 1957 1904 2011; x_wconf 91' lang='lat' dir='ltr'><strong>dicitur</strong></span> <span class='ocrx_word' id='word_1_275' title='bbox 1931 1971 2027 2010; x_wconf 91' lang='lat' dir='ltr'><strong>no-</strong></span> 
     </span>
    </p>
   </div>
   <div class='ocr_carea' id='block_1_34' title="bbox 453 2043 2026 2122">
    <p class='ocr_par' dir='ltr' id='par_1_34' title="bbox 453 2043 2026 2122">
     <span class='ocr_line' id='line_1_34' title="bbox 453 2043 2026 2122; baseline -0.008 -11"><span class='ocrx_word' id='word_1_276' title='bbox 453 2056 714 2111; x_wconf 89' lang='lat' dir='ltr'><strong>minatum</strong></span> <span class='ocrx_word' id='word_1_277' title='bbox 771 2066 836 2107; x_wconf 93' lang='lat' dir='ltr'><strong>eo</strong></span> <span class='ocrx_word' id='word_1_278' title='bbox 892 2051 1034 2122; x_wconf 92' lang='lat' dir='ltr'><strong>quod</strong></span> <span class='ocrx_word' id='word_1_279' title='bbox 1069 2049 1296 2121; x_wconf 85' lang='lat' dir='ltr'><strong>subrigit</strong></span> <span class='ocrx_word' id='word_1_280' title='bbox 1334 2064 1391 2104; x_wconf 89' lang='lat' dir='ltr'><strong>se</strong></span> <span class='ocrx_word' id='word_1_281' title='bbox 1444 2047 1656 2116; x_wconf 88' lang='lat' dir='ltr'><strong>quando</strong></span> <span class='ocrx_word' id='word_1_282' title='bbox 1701 2046 1871 2114; x_wconf 91' lang='lat' dir='ltr'><strong>spinis</strong></span> <span class='ocrx_word' id='word_1_283' title='bbox 1915 2043 2026 2099; x_wconf 90' lang='lat' dir='ltr'><strong>suis</strong></span> 
     </span>
    </p>
   </div>
   <div class='ocr_carea' id='block_1_35' title="bbox 458 2132 2028 2211">
    <p class='ocr_par' dir='ltr' id='par_1_35' title="bbox 458 2132 2028 2211">
     <span class='ocr_line' id='line_1_35' title="bbox 458 2132 2028 2211; baseline -0.01 -9"><span class='ocrx_word' id='word_1_284' title='bbox 458 2145 746 2209; x_wconf 83' lang='lat' dir='ltr'><strong>clauditur,</strong></span> <span class='ocrx_word' id='word_1_285' title='bbox 775 2141 970 2211; x_wconf 86' lang='lat' dir='ltr'><strong>quibus</strong></span> <span class='ocrx_word' id='word_1_286' title='bbox 1007 2139 1244 2206; x_wconf 70' lang='lat' dir='ltr'><strong>undique“</strong></span> <span class='ocrx_word' id='word_1_287' title='bbox 1267 2144 1542 2209; x_wconf 89' lang='lat' dir='ltr'><strong>protectus</strong></span> <span class='ocrx_word' id='word_1_288' title='bbox 1567 2142 1650 2188; x_wconf 90' lang='lat' dir='ltr'><strong>est</strong></span> <span class='ocrx_word' id='word_1_289' title='bbox 1679 2141 1866 2188; x_wconf 91' lang='lat' dir='ltr'><strong>contra</strong></span> <span class='ocrx_word' id='word_1_290' title='bbox 1898 2132 2028 2186; x_wconf 88' lang='lat' dir='ltr'><strong>insi-</strong></span> 
     </span>
    </p>
   </div>
   <div class='ocr_carea' id='block_1_36' title="bbox 454 2222 2026 2296">
    <p class='ocr_par' dir='ltr' id='par_1_36' title="bbox 454 2222 2026 2296">
     <span class='ocr_line' id='line_1_36' title="bbox 454 2222 2026 2296; baseline -0.01 -5"><span class='ocrx_word' id='word_1_291' title='bbox 454 2235 587 2291; x_wconf 89' lang='lat' dir='ltr'><strong>dias.</strong></span> <span class='ocrx_word' id='word_1_292' title='bbox 619 2232 754 2288; x_wconf 84' lang='lat' dir='ltr'><strong>Nam</strong></span> <span class='ocrx_word' id='word_1_293' title='bbox 784 2231 962 2286; x_wconf 83' lang='lat' dir='ltr'><strong>statim</strong></span> <span class='ocrx_word' id='word_1_294' title='bbox 992 2269 1007 2295; x_wconf 94' lang='lat'><strong>,</strong></span> <span class='ocrx_word' id='word_1_295' title='bbox 1040 2237 1100 2283; x_wconf 91' lang='lat' dir='ltr'><strong>ut</strong></span> <span class='ocrx_word' id='word_1_296' title='bbox 1132 2227 1331 2296; x_wconf 84' lang='lat' dir='ltr'><strong>aliquid</strong></span> <span class='ocrx_word' id='word_1_297' title='bbox 1360 2224 1738 2296; x_wconf 80' lang='lat' dir='ltr'><strong>praesenserit,</strong></span> <span class='ocrx_word' id='word_1_298' title='bbox 1792 2222 2026 2293; x_wconf 90' lang='lat' dir='ltr'><strong>primum</strong></span> 
     </span>
    </p>
   </div>
   <div class='ocr_carea' id='block_1_37' title="bbox 452 2315 2028 2396">
    <p class='ocr_par' dir='ltr' id='par_1_37' title="bbox 452 2315 2028 2396">
     <span class='ocr_line' id='line_1_37' title="bbox 452 2315 2028 2396; baseline -0.011 -12"><span class='ocrx_word' id='word_1_299' title='bbox 452 2343 510 2385; x_wconf 89' lang='lat' dir='ltr'><strong>se</strong></span> <span class='ocrx_word' id='word_1_300' title='bbox 539 2327 797 2396; x_wconf 88' lang='lat' dir='ltr'><strong>subrigit,</strong></span> <span class='ocrx_word' id='word_1_301' title='bbox 831 2333 992 2392; x_wconf 90' lang='lat' dir='ltr'><strong>atque</strong></span> <span class='ocrx_word' id='word_1_302' title='bbox 1037 2322 1090 2375; x_wconf 94' lang='lat' dir='ltr'><strong>in</strong></span> <span class='ocrx_word' id='word_1_303' title='bbox 1139 2321 1351 2392; x_wconf 88' lang='lat' dir='ltr'><strong>globum</strong></span> <span class='ocrx_word' id='word_1_304' title='bbox 1401 2330 1712 2380; x_wconf 89' lang='lat' dir='ltr'><strong>conversus,</strong></span> <span class='ocrx_word' id='word_1_305' title='bbox 1755 2315 1809 2367; x_wconf 92' lang='lat' dir='ltr'><strong>in</strong></span> <span class='ocrx_word' id='word_1_306' title='bbox 1841 2329 1936 2368; x_wconf 87' lang='lat' dir='ltr'><strong>sua</strong></span> <span class='ocrx_word' id='word_1_307' title='bbox 1968 2329 2028 2368; x_wconf 88' lang='lat' dir='ltr'><strong>se</strong></span> 
     </span>
    </p>
   </div>
   <div class='ocr_carea' id='block_1_38' title="bbox 450 2399 2026 2483">
    <p class='ocr_par' dir='ltr' id='par_1_38' title="bbox 450 2399 2026 2483">
     <span class='ocr_line' id='line_1_38' title="bbox 450 2399 2026 2483; baseline -0.011 -11"><span class='ocrx_word' id='word_1_308' title='bbox 450 2431 598 2472; x_wconf 86' lang='lat' dir='ltr'><strong>arma</strong></span> <span class='ocrx_word' id='word_1_309' title='bbox 623 2413 904 2483; x_wconf 83' lang='lat' dir='ltr'><strong>recolligit.</strong></span> <span class='ocrx_word' id='word_1_310' title='bbox 938 2410 1106 2481; x_wconf 78' lang='lat' dir='ltr'><strong>Hujus</strong></span> <span class='ocrx_word' id='word_1_311' title='bbox 1149 2408 1431 2480; x_wconf 88' lang='lat' dir='ltr'><strong>prudentia</strong></span> <span class='ocrx_word' id='word_1_312' title='bbox 1455 2408 1698 2476; x_wconf 65' lang='lat' dir='ltr'><strong>quaedam</strong></span> <span class='ocrx_word' id='word_1_313' title='bbox 1735 2413 1837 2457; x_wconf 87' lang='lat' dir='ltr'><strong>est.</strong></span> <span class='ocrx_word' id='word_1_314' title='bbox 1889 2399 2026 2455; x_wconf 84' lang='lat' dir='ltr'><strong>Nam</strong></span> 
     </span>
    </p>
   </div>
   <div class='ocr_carea' id='block_1_39' title="bbox 451 2494 2027 2568">
    <p class='ocr_par' dir='ltr' id='par_1_39' title="bbox 451 2494 2027 2568">
     <span class='ocr_line' id='line_1_39' title="bbox 451 2494 2027 2568; baseline -0.012 -3"><span class='ocrx_word' id='word_1_315' title='bbox 451 2509 576 2566; x_wconf 91' lang='lat' dir='ltr'><strong>dum</strong></span> <span class='ocrx_word' id='word_1_316' title='bbox 622 2504 913 2560; x_wconf 89' lang='lat' dir='ltr'><strong>absciderit</strong></span> <span class='ocrx_word' id='word_1_317' title='bbox 937 2516 1097 2556; x_wconf 89' lang='lat' dir='ltr'><strong>uvam</strong></span> <span class='ocrx_word' id='word_1_318' title='bbox 1141 2500 1208 2555; x_wconf 86' lang='lat' dir='ltr'><strong>de</strong></span> <span class='ocrx_word' id='word_1_319' title='bbox 1235 2499 1344 2554; x_wconf 85' lang='lat' dir='ltr'><strong>vite</strong></span> <span class='ocrx_word' id='word_1_320' title='bbox 1366 2539 1379 2564; x_wconf 94' lang='lat'><strong>,</strong></span> <span class='ocrx_word' id='word_1_321' title='bbox 1412 2498 1634 2568; x_wconf 88' lang='lat' dir='ltr'><strong>supinus</strong></span> <span class='ocrx_word' id='word_1_322' title='bbox 1670 2510 1788 2550; x_wconf 88' lang='lat' dir='ltr'><strong>sese</strong></span> <span class='ocrx_word' id='word_1_323' title='bbox 1820 2494 2027 2549; x_wconf 88' lang='lat' dir='ltr'><strong>volutat</strong></span> 
     </span>
    </p>
   </div>
   <div class='ocr_carea' id='block_1_40' title="bbox 449 2583 2026 2666">
    <p class='ocr_par' dir='ltr' id='par_1_40' title="bbox 449 2583 2026 2666">
     <span class='ocr_line' id='line_1_40' title="bbox 449 2583 2026 2666; baseline -0.011 -13"><span class='ocrx_word' id='word_1_324' title='bbox 449 2610 610 2666; x_wconf 85' lang='lat' dir='ltr'><strong>super</strong></span> <span class='ocrx_word' id='word_1_325' title='bbox 643 2609 786 2658; x_wconf 90' lang='lat' dir='ltr'><strong>eam,</strong></span> <span class='ocrx_word' id='word_1_326' title='bbox 835 2599 890 2646; x_wconf 94' lang='lat' dir='ltr'><strong>et</strong></span> <span class='ocrx_word' id='word_1_327' title='bbox 910 2591 991 2644; x_wconf 92' lang='lat' dir='ltr'><strong>sic</strong></span> <span class='ocrx_word' id='word_1_328' title='bbox 1032 2603 1150 2644; x_wconf 91' lang='lat' dir='ltr'><strong>eam</strong></span> <span class='ocrx_word' id='word_1_329' title='bbox 1181 2588 1396 2643; x_wconf 81' lang='lat' dir='ltr'><strong>exhibet</strong></span> <span class='ocrx_word' id='word_1_330' title='bbox 1443 2586 1583 2638; x_wconf 92' lang='lat' dir='ltr'><strong>natis</strong></span> <span class='ocrx_word' id='word_1_331' title='bbox 1613 2585 1742 2639; x_wconf 92' lang='lat' dir='ltr'><strong>suis.</strong></span> <span class='ocrx_word' id='word_1_332' title='bbox 1778 2583 2026 2637; x_wconf 81' lang='lat' dir='ltr'><strong>Hericius</strong></span> 
     </span>
    </p>
   </div>
   <div class='ocr_carea' id='block_1_41' title="bbox 450 2677 2026 2758">
    <p class='ocr_par' dir='ltr' id='par_1_41' title="bbox 450 2677 2026 2758">
     <span class='ocr_line' id='line_1_41' title="bbox 450 2677 2026 2758; baseline -0.011 -13"><span class='ocrx_word' id='word_1_333' title='bbox 450 2688 594 2746; x_wconf 91' lang='lat' dir='ltr'><strong>enim</strong></span> <span class='ocrx_word' id='word_1_334' title='bbox 624 2685 846 2758; x_wconf 82' lang='lat' dir='ltr'><strong>mystice</strong></span> <span class='ocrx_word' id='word_1_335' title='bbox 885 2689 1195 2753; x_wconf 87' lang='lat' dir='ltr'><strong>peccatores</strong></span> <span class='ocrx_word' id='word_1_336' title='bbox 1237 2678 1436 2735; x_wconf 88' lang='lat' dir='ltr'><strong>aculeis</strong></span> <span class='ocrx_word' id='word_1_337' title='bbox 1465 2678 1717 2732; x_wconf 88' lang='lat' dir='ltr'><strong>vitiorum</strong></span> <span class='ocrx_word' id='word_1_338' title='bbox 1759 2677 1944 2746; x_wconf 90' lang='lat' dir='ltr'><strong>plenos</strong></span> <span class='ocrx_word' id='word_1_339' title='bbox 1971 2683 2026 2727; x_wconf 90' lang='lat' dir='ltr'><strong>et</strong></span> 
     </span>
    </p>
   </div>
   <div class='ocr_carea' id='block_1_42' title="bbox 451 2765 2026 2845">
    <p class='ocr_par' dir='ltr' id='par_1_42' title="bbox 451 2765 2026 2845">
     <span class='ocr_line' id='line_1_42' title="bbox 451 2765 2026 2845; baseline -0.012 -9"><span class='ocrx_word' id='word_1_340' title='bbox 451 2780 646 2836; x_wconf 88' lang='lat' dir='ltr'><strong>astutia</strong></span> <span class='ocrx_word' id='word_1_341' title='bbox 683 2775 933 2845; x_wconf 63' lang='lat' dir='ltr'><strong>nequitia:</strong></span> <span class='ocrx_word' id='word_1_342' title='bbox 963 2773 1217 2828; x_wconf 88' lang='lat' dir='ltr'><strong>callentes</strong></span> <span class='ocrx_word' id='word_1_343' title='bbox 1256 2769 1542 2841; x_wconf 79' lang='lat' dir='ltr'><strong>significat,</strong></span> <span class='ocrx_word' id='word_1_344' title='bbox 1574 2777 1628 2823; x_wconf 92' lang='lat' dir='ltr'><strong>et</strong></span> <span class='ocrx_word' id='word_1_345' title='bbox 1664 2765 1942 2820; x_wconf 85' lang='lat' dir='ltr'><strong>fraudibus</strong></span> <span class='ocrx_word' id='word_1_346' title='bbox 1972 2769 2026 2818; x_wconf 91' lang='lat' dir='ltr'><strong>et</strong></span> 
     </span>
    </p>
   </div>
   <div class='ocr_carea' id='block_1_43' title="bbox 449 2855 2024 2942">
    <p class='ocr_par' dir='ltr' id='par_1_43' title="bbox 449 2855 2024 2942">
     <span class='ocr_line' id='line_1_43' title="bbox 449 2855 2024 2942; baseline -0.011 -15"><span class='ocrx_word' id='word_1_347' title='bbox 449 2872 653 2942; x_wconf 88' lang='lat' dir='ltr'><strong>rapinis</strong></span> <span class='ocrx_word' id='word_1_348' title='bbox 684 2887 695 2922; x_wconf 90' lang='lat'>:</span> <span class='ocrx_word' id='word_1_349' title='bbox 729 2868 818 2939; x_wconf 92' lang='lat' dir='ltr'><strong>qui</strong></span> <span class='ocrx_word' id='word_1_350' title='bbox 864 2881 960 2936; x_wconf 90' lang='lat' dir='ltr'><strong>per</strong></span> <span class='ocrx_word' id='word_1_351' title='bbox 1006 2863 1250 2918; x_wconf 87' lang='lat' dir='ltr'><strong>fraudem</strong></span> <span class='ocrx_word' id='word_1_352' title='bbox 1283 2863 1347 2917; x_wconf 90' lang='lat' dir='ltr'><strong>de</strong></span> <span class='ocrx_word' id='word_1_353' title='bbox 1376 2861 1564 2915; x_wconf 88' lang='lat' dir='ltr'><strong>alienis</strong></span> <span class='ocrx_word' id='word_1_354' title='bbox 1611 2858 1884 2915; x_wconf 90' lang='lat' dir='ltr'><strong>laboribus</strong></span> <span class='ocrx_word' id='word_1_355' title='bbox 1924 2855 2024 2910; x_wconf 92' lang='lat' dir='ltr'><strong>sibi</strong></span> 
     </span>
    </p>
   </div>
   <div class='ocr_carea' id='block_1_44' title="bbox 446 2947 2023 3033">
    <p class='ocr_par' dir='ltr' id='par_1_44' title="bbox 446 2947 2023 3033">
     <span class='ocr_line' id='line_1_44' title="bbox 446 2947 2023 3033; baseline -0.012 -16"><span class='ocrx_word' id='word_1_356' title='bbox 446 2969 660 3033; x_wconf 86' lang='lat' dir='ltr'><strong>pastum</strong></span> <span class='ocrx_word' id='word_1_357' title='bbox 683 2965 948 3029; x_wconf 70' lang='lat' dir='ltr'><strong>qumrunt.</strong></span> <span class='ocrx_word' id='word_1_358' title='bbox 982 2955 1059 3011; x_wconf 91' lang='lat' dir='ltr'><strong>De</strong></span> <span class='ocrx_word' id='word_1_359' title='bbox 1083 2954 1277 3024; x_wconf 88' lang='lat' dir='ltr'><strong>quibus</strong></span> <span class='ocrx_word' id='word_1_360' title='bbox 1306 2953 1564 3022; x_wconf 90' lang='lat' dir='ltr'><strong>scriptum</strong></span> <span class='ocrx_word' id='word_1_361' title='bbox 1589 2957 1671 3005; x_wconf 91' lang='lat' dir='ltr'><strong>est</strong></span> <span class='ocrx_word' id='word_1_362' title='bbox 1703 2967 1715 3003; x_wconf 89' lang='lat'>:</span> <span class='ocrx_word' id='word_1_363' title='bbox 1750 2947 1833 3003; x_wconf 82' lang='lat' dir='ltr'><strong>Ibi</strong></span> <span class='ocrx_word' id='word_1_364' title='bbox 1873 2947 2023 3001; x_wconf 82' lang='lat' dir='ltr'><strong>habet</strong></span> 
     </span>
    </p>
   </div>
   <div class='ocr_carea' id='block_1_45' title="bbox 448 3035 2019 3119">
    <p class='ocr_par' dir='ltr' id='par_1_45' title="bbox 448 3035 2019 3119">
     <span class='ocr_line' id='line_1_45' title="bbox 448 3035 2019 3119; baseline -0.01 -16"><span class='ocrx_word' id='word_1_365' title='bbox 448 3049 648 3119; x_wconf 80' lang='lat' dir='ltr'><strong>foveam</strong></span> <span class='ocrx_word' id='word_1_366' title='bbox 683 3045 947 3111; x_wconf 85' lang='lat' dir='ltr'><strong>Ilericius,</strong></span> <span class='ocrx_word' id='word_1_367' title='bbox 980 3055 1026 3099; x_wconf 90' lang='lat' dir='ltr'><strong>et</strong></span> <span class='ocrx_word' id='word_1_368' title='bbox 1069 3042 1268 3098; x_wconf 77' lang='lat' dir='ltr'><strong>catulos</strong></span> <span class='ocrx_word' id='word_1_369' title='bbox 1293 3059 1412 3097; x_wconf 84' lang='lat' dir='ltr'><strong>suos</strong></span> <span class='ocrx_word' id='word_1_370' title='bbox 1440 3041 1597 3095; x_wconf 78' lang='lat' dir='ltr'><strong>nutrit</strong></span> <span class='ocrx_word' id='word_1_371' title='bbox 1635 3038 1769 3110; x_wconf 88' lang='lat' dir='ltr'><strong>(Isa.</strong></span> <span class='ocrx_word' id='word_1_372' title='bbox 1814 3035 2019 3106; x_wconf 76' lang='lat' dir='ltr'><strong>xxxrv).</strong></span> 
     </span>
    </p>
   </div>
   <div class='ocr_carea' id='block_1_46' title="bbox 447 3125 2021 3208">
    <p class='ocr_par' dir='ltr' id='par_1_46' title="bbox 447 3125 2021 3208">
     <span class='ocr_line' id='line_1_46' title="bbox 447 3125 2021 3208; baseline -0.011 -11"><span class='ocrx_word' id='word_1_373' title='bbox 447 3141 581 3197; x_wconf 86' lang='lat' dir='ltr'><strong>Item</strong></span> <span class='ocrx_word' id='word_1_374' title='bbox 615 3139 742 3194; x_wconf 92' lang='lat' dir='ltr'><strong>illud</strong></span> <span class='ocrx_word' id='word_1_375' title='bbox 767 3179 781 3204; x_wconf 95' lang='lat'><strong>,</strong></span> <span class='ocrx_word' id='word_1_376' title='bbox 827 3137 968 3208; x_wconf 90' lang='lat' dir='ltr'><strong>quod</strong></span> <span class='ocrx_word' id='word_1_377' title='bbox 999 3137 1052 3191; x_wconf 89' lang='lat' dir='ltr'><strong>in</strong></span> <span class='ocrx_word' id='word_1_378' title='bbox 1081 3135 1288 3206; x_wconf 89' lang='lat' dir='ltr'><strong>psalmo</strong></span> <span class='ocrx_word' id='word_1_379' title='bbox 1317 3134 1574 3203; x_wconf 90' lang='lat' dir='ltr'><strong>scriptum</strong></span> <span class='ocrx_word' id='word_1_380' title='bbox 1595 3139 1714 3186; x_wconf 87' lang='lat' dir='ltr'><strong>est:</strong></span> <span class='ocrx_word' id='word_1_381' title='bbox 1749 3125 1908 3183; x_wconf 85' lang='lat' dir='ltr'><strong>Petra</strong></span> <span class='ocrx_word' id='word_1_382' title='bbox 1939 3143 2021 3181; x_wconf 86' lang='lat' dir='ltr'><strong>re-</strong></span> 
     </span>
    </p>
   </div>
   <div class='ocr_carea' id='block_1_47' title="bbox 450 3217 2022 3301">
    <p class='ocr_par' dir='ltr' id='par_1_47' title="bbox 450 3217 2022 3301">
     <span class='ocr_line' id='line_1_47' title="bbox 450 3217 2022 3301; baseline -0.008 -18"><span class='ocrx_word' id='word_1_383' title='bbox 450 3231 651 3301; x_wconf 76' lang='lat' dir='ltr'><strong>fugium</strong></span> <span class='ocrx_word' id='word_1_384' title='bbox 669 3227 966 3282; x_wconf 84' lang='lat' dir='ltr'><strong>Herinaciis</strong></span> <span class='ocrx_word' id='word_1_385' title='bbox 992 3223 1106 3296; x_wconf 85' lang='lat' dir='ltr'><strong>(Ps.</strong></span> <span class='ocrx_word' id='word_1_386' title='bbox 1137 3225 1272 3293; x_wconf 80' lang='lat' dir='ltr'><strong>cur).</strong></span> <span class='ocrx_word' id='word_1_387' title='bbox 1298 3222 1615 3278; x_wconf 85' lang='lat' dir='ltr'><strong>Herinacius</strong></span> <span class='ocrx_word' id='word_1_388' title='bbox 1635 3220 1776 3275; x_wconf 91' lang='lat' dir='ltr'><strong>idem</strong></span> <span class='ocrx_word' id='word_1_389' title='bbox 1802 3225 1906 3283; x_wconf 90' lang='lat' dir='ltr'><strong>est,</strong></span> <span class='ocrx_word' id='word_1_390' title='bbox 1931 3217 2022 3288; x_wconf 89' lang='lat' dir='ltr'><strong>qui</strong></span> 
     </span>
    </p>
   </div>
   <div class='ocr_carea' id='block_1_48' title="bbox 448 3309 2023 3382">
    <p class='ocr_par' dir='ltr' id='par_1_48' title="bbox 448 3309 2023 3382">
     <span class='ocr_line' id='line_1_48' title="bbox 448 3309 2023 3382; baseline -0.008 -7"><span class='ocrx_word' id='word_1_391' title='bbox 448 3329 504 3376; x_wconf 92' lang='lat' dir='ltr'><strong>et</strong></span> <span class='ocrx_word' id='word_1_392' title='bbox 538 3319 803 3382; x_wconf 87' lang='lat' dir='ltr'><strong>Hericius,</strong></span> <span class='ocrx_word' id='word_1_393' title='bbox 835 3316 1034 3371; x_wconf 90' lang='lat' dir='ltr'><strong>animal</strong></span> <span class='ocrx_word' id='word_1_394' title='bbox 1061 3315 1278 3370; x_wconf 90' lang='lat' dir='ltr'><strong>omnino</strong></span> <span class='ocrx_word' id='word_1_395' title='bbox 1315 3313 1581 3376; x_wconf 89' lang='lat' dir='ltr'><strong>timidum,</strong></span> <span class='ocrx_word' id='word_1_396' title='bbox 1611 3317 1803 3364; x_wconf 91' lang='lat' dir='ltr'><strong>natura</strong></span> <span class='ocrx_word' id='word_1_397' title='bbox 1840 3309 2023 3379; x_wconf 88' lang='lat' dir='ltr'><strong>provi-</strong></span> 
     </span>
    </p>
   </div>
   <div class='ocr_carea' id='block_1_49' title="bbox 450 3401 2025 3476">
    <p class='ocr_par' dir='ltr' id='par_1_49' title="bbox 450 3401 2025 3476">
     <span class='ocr_line' id='line_1_49' title="bbox 450 3401 2025 3476; baseline -0.008 -10"><span class='ocrx_word' id='word_1_398' title='bbox 450 3412 607 3468; x_wconf 89' lang='lat' dir='ltr'><strong>dente</strong></span> <span class='ocrx_word' id='word_1_399' title='bbox 635 3423 845 3476; x_wconf 90' lang='lat' dir='ltr'><strong>semper</strong></span> <span class='ocrx_word' id='word_1_400' title='bbox 871 3415 1134 3460; x_wconf 90' lang='lat' dir='ltr'><strong>armatum</strong></span> <span class='ocrx_word' id='word_1_401' title='bbox 1159 3445 1174 3471; x_wconf 92' lang='lat'><strong>,</strong></span> <span class='ocrx_word' id='word_1_402' title='bbox 1207 3404 1359 3474; x_wconf 85' lang='lat' dir='ltr'><strong>cujus</strong></span> <span class='ocrx_word' id='word_1_403' title='bbox 1387 3409 1562 3457; x_wconf 89' lang='lat' dir='ltr'><strong>cutem</strong></span> <span class='ocrx_word' id='word_1_404' title='bbox 1602 3401 1834 3456; x_wconf 85' lang='lat' dir='ltr'><strong>invicem</strong></span> <span class='ocrx_word' id='word_1_405' title='bbox 1883 3407 2025 3454; x_wconf 88' lang='lat' dir='ltr'><strong>seta-</strong></span> 
     </span>
    </p>
   </div>
   <div class='ocr_carea' id='block_1_50' title="bbox 451 3490 2020 3561">
    <p class='ocr_par' dir='ltr' id='par_1_50' title="bbox 451 3490 2020 3561">
     <span class='ocr_line' id='line_1_50' title="bbox 451 3490 2020 3561; baseline -0.008 -5"><span class='ocrx_word' id='word_1_406' title='bbox 451 3515 569 3557; x_wconf 90' lang='lat' dir='ltr'><strong>rum</strong></span> <span class='ocrx_word' id='word_1_407' title='bbox 597 3497 758 3553; x_wconf 85' lang='lat' dir='ltr'><strong>sudes</strong></span> <span class='ocrx_word' id='word_1_408' title='bbox 786 3496 1107 3551; x_wconf 77' lang='lat' dir='ltr'><strong>acutissima:</strong></span> <span class='ocrx_word' id='word_1_409' title='bbox 1151 3493 1586 3561; x_wconf 66' lang='lat' dir='ltr'><strong>densissimmque</strong></span> <span class='ocrx_word' id='word_1_410' title='bbox 1629 3490 2020 3545; x_wconf 92' lang='lat' dir='ltr'><strong>communiunt.</strong></span> 
     </span>
    </p>
   </div>
   <div class='ocr_carea' id='block_1_51' title="bbox 449 3578 2024 3646">
    <p class='ocr_par' dir='ltr' id='par_1_51' title="bbox 449 3578 2024 3646">
     <span class='ocr_line' id='line_1_51' title="bbox 449 3578 2024 3646; baseline -0.01 0"><span class='ocrx_word' id='word_1_411' title='bbox 449 3590 546 3646; x_wconf 88' lang='lat' dir='ltr'><strong>Cui</strong></span> <span class='ocrx_word' id='word_1_412' title='bbox 590 3598 770 3643; x_wconf 89' lang='lat' dir='ltr'><strong>tamen</strong></span> <span class='ocrx_word' id='word_1_413' title='bbox 811 3601 917 3639; x_wconf 90' lang='lat' dir='ltr'><strong>non</strong></span> <span class='ocrx_word' id='word_1_414' title='bbox 959 3583 1156 3638; x_wconf 79' lang='lat' dir='ltr'><strong>suﬂicit</strong></span> <span class='ocrx_word' id='word_1_415' title='bbox 1209 3583 1384 3636; x_wconf 87' lang='lat' dir='ltr'><strong>nativa</strong></span> <span class='ocrx_word' id='word_1_416' title='bbox 1426 3579 1692 3646; x_wconf 90' lang='lat' dir='ltr'><strong>munitio,</strong></span> <span class='ocrx_word' id='word_1_417' title='bbox 1724 3578 1927 3634; x_wconf 86' lang='lat' dir='ltr'><strong>scilicet</strong></span> <span class='ocrx_word' id='word_1_418' title='bbox 1957 3591 2024 3632; x_wconf 90' lang='lat' dir='ltr'><strong>ne</strong></span> 
     </span>
    </p>
   </div>
   <div class='ocr_carea' id='block_1_52' title="bbox 451 3671 2024 3752">
    <p class='ocr_par' dir='ltr' id='par_1_52' title="bbox 451 3671 2024 3752">
     <span class='ocr_line' id='line_1_52' title="bbox 451 3671 2024 3752; baseline -0.009 -16"><span class='ocrx_word' id='word_1_419' title='bbox 451 3682 629 3752; x_wconf 87' lang='lat' dir='ltr'><strong>aliqua</strong></span> <span class='ocrx_word' id='word_1_420' title='bbox 668 3677 855 3732; x_wconf 87' lang='lat' dir='ltr'><strong>fraude</strong></span> <span class='ocrx_word' id='word_1_421' title='bbox 878 3675 1048 3746; x_wconf 89' lang='lat' dir='ltr'><strong>possit</strong></span> <span class='ocrx_word' id='word_1_422' title='bbox 1076 3673 1342 3744; x_wconf 84' lang='lat' dir='ltr'><strong>intercipi,</strong></span> <span class='ocrx_word' id='word_1_423' title='bbox 1366 3671 1628 3742; x_wconf 84' lang='lat' dir='ltr'><strong>refugium</strong></span> <span class='ocrx_word' id='word_1_424' title='bbox 1674 3671 1835 3725; x_wconf 88' lang='lat' dir='ltr'><strong>habet</strong></span> <span class='ocrx_word' id='word_1_425' title='bbox 1885 3681 2024 3724; x_wconf 87' lang='lat' dir='ltr'><strong>sem-</strong></span> 
     </span>
    </p>
   </div>
   <div class='ocr_carea' id='block_1_53' title="bbox 448 3758 2023 3841">
    <p class='ocr_par' dir='ltr' id='par_1_53' title="bbox 448 3758 2023 3841">
     <span class='ocr_line' id='line_1_53' title="bbox 448 3758 2023 3841; baseline -0.008 -17"><span class='ocrx_word' id='word_1_426' title='bbox 448 3786 544 3841; x_wconf 90' lang='lat' dir='ltr'><strong>per</strong></span> <span class='ocrx_word' id='word_1_427' title='bbox 570 3771 622 3822; x_wconf 92' lang='lat' dir='ltr'><strong>in</strong></span> <span class='ocrx_word' id='word_1_428' title='bbox 653 3768 817 3822; x_wconf 78' lang='lat' dir='ltr'><strong>saxis.</strong></span> <span class='ocrx_word' id='word_1_429' title='bbox 847 3765 983 3818; x_wconf 83' lang='lat' dir='ltr'><strong>Huic</strong></span> <span class='ocrx_word' id='word_1_430' title='bbox 1010 3771 1374 3832; x_wconf 86' lang='lat' dir='ltr'><strong>competenter</strong></span> <span class='ocrx_word' id='word_1_431' title='bbox 1401 3771 1633 3832; x_wconf 85' lang='lat' dir='ltr'><strong>aptatur,</strong></span> <span class='ocrx_word' id='word_1_432' title='bbox 1660 3759 1753 3831; x_wconf 91' lang='lat' dir='ltr'><strong>qui</strong></span> <span class='ocrx_word' id='word_1_433' title='bbox 1783 3758 2023 3837; x_wconf 78' lang='lat' dir='ltr'><strong>peccatis</strong></span> 
     </span>
    </p>
   </div>
   <div class='ocr_carea' id='block_1_54' title="bbox 447 3846 2026 3927">
    <p class='ocr_par' dir='ltr' id='par_1_54' title="bbox 447 3846 2026 3927">
     <span class='ocr_line' id='line_1_54' title="bbox 447 3846 2026 3927; baseline -0.009 -12"><span class='ocrx_word' id='word_1_434' title='bbox 447 3861 560 3915; x_wconf 88' lang='lat' dir='ltr'><strong>suis</strong></span> <span class='ocrx_word' id='word_1_435' title='bbox 599 3857 864 3927; x_wconf 87' lang='lat' dir='ltr'><strong>hispidus,</strong></span> <span class='ocrx_word' id='word_1_436' title='bbox 887 3854 1067 3908; x_wconf 88' lang='lat' dir='ltr'><strong>futura</strong></span> <span class='ocrx_word' id='word_1_437' title='bbox 1092 3853 1291 3920; x_wconf 88' lang='lat' dir='ltr'><strong>judicia</strong></span> <span class='ocrx_word' id='word_1_438' title='bbox 1322 3861 1565 3906; x_wconf 86' lang='lat' dir='ltr'><strong>metuens</strong></span> <span class='ocrx_word' id='word_1_439' title='bbox 1588 3891 1600 3915; x_wconf 93' lang='lat'><strong>,</strong></span> <span class='ocrx_word' id='word_1_440' title='bbox 1635 3860 1841 3920; x_wconf 89' lang='lat' dir='ltr'><strong>petram</strong></span> <span class='ocrx_word' id='word_1_441' title='bbox 1871 3846 2026 3903; x_wconf 84' lang='lat' dir='ltr'><strong>Chri-</strong></span> 
     </span>
    </p>
   </div>
   <div class='ocr_carea' id='block_1_55' title="bbox 447 3937 2022 4012">
    <p class='ocr_par' dir='ltr' id='par_1_55' title="bbox 447 3937 2022 4012">
     <span class='ocr_line' id='line_1_55' title="bbox 447 3937 2022 4012; baseline -0.008 -7"><span class='ocrx_word' id='word_1_442' title='bbox 447 3960 589 4006; x_wconf 88' lang='lat' dir='ltr'><strong>stum</strong></span> <span class='ocrx_word' id='word_1_443' title='bbox 617 3946 984 4002; x_wconf 79' lang='lat' dir='ltr'><strong>ﬁrmissimum</strong></span> <span class='ocrx_word' id='word_1_444' title='bbox 1010 3944 1251 3998; x_wconf 89' lang='lat' dir='ltr'><strong>noscitur</strong></span> <span class='ocrx_word' id='word_1_445' title='bbox 1280 3941 1543 4012; x_wconf 89' lang='lat' dir='ltr'><strong>refugium</strong></span> <span class='ocrx_word' id='word_1_446' title='bbox 1572 3937 2022 3995; x_wconf 82' lang='lat' dir='ltr'><strong>habere..Grillus</strong></span> 
     </span>
    </p>
   </div>
   <div class='ocr_carea' id='block_1_56' title="bbox 449 4032 2023 4096">
    <p class='ocr_par' dir='ltr' id='par_1_56' title="bbox 449 4032 2023 4096">
     <span class='ocr_line' id='line_1_56' title="bbox 449 4032 2023 4096; baseline -0.008 0"><span class='ocrx_word' id='word_1_447' title='bbox 449 4055 643 4096; x_wconf 87' lang='lat' dir='ltr'><strong>nomen</strong></span> <span class='ocrx_word' id='word_1_448' title='bbox 670 4054 699 4094; x_wconf 90' lang='lat' dir='ltr'><strong>a</strong></span> <span class='ocrx_word' id='word_1_449' title='bbox 722 4052 853 4093; x_wconf 91' lang='lat' dir='ltr'><strong>sono</strong></span> <span class='ocrx_word' id='word_1_450' title='bbox 878 4037 1022 4092; x_wconf 86' lang='lat' dir='ltr'><strong>vocis</strong></span> <span class='ocrx_word' id='word_1_451' title='bbox 1041 4036 1219 4090; x_wconf 88' lang='lat' dir='ltr'><strong>habet.</strong></span> <span class='ocrx_word' id='word_1_452' title='bbox 1252 4035 1350 4088; x_wconf 85' lang='lat' dir='ltr'><strong>Hic</strong></span> <span class='ocrx_word' id='word_1_453' title='bbox 1378 4042 1519 4087; x_wconf 90' lang='lat' dir='ltr'><strong>retro</strong></span> <span class='ocrx_word' id='word_1_454' title='bbox 1542 4032 1798 4096; x_wconf 90' lang='lat' dir='ltr'><strong>ambulat,</strong></span> <span class='ocrx_word' id='word_1_455' title='bbox 1824 4041 2023 4085; x_wconf 89' lang='lat' dir='ltr'><strong>terram</strong></span> 
     </span>
    </p>
   </div>
   <div class='ocr_carea' id='block_1_57' title="bbox 449 4120 2024 4193">
    <p class='ocr_par' dir='ltr' id='par_1_57' title="bbox 449 4120 2024 4193">
     <span class='ocr_line' id='line_1_57' title="bbox 449 4120 2024 4193; baseline -0.008 -7"><span class='ocrx_word' id='word_1_456' title='bbox 449 4133 703 4193; x_wconf 87' lang='lat' dir='ltr'><strong>terebrat,</strong></span> <span class='ocrx_word' id='word_1_457' title='bbox 735 4127 928 4182; x_wconf 87' lang='lat' dir='ltr'><strong>stridet</strong></span> <span class='ocrx_word' id='word_1_458' title='bbox 958 4125 1471 4180; x_wconf 81' lang='lat' dir='ltr'><strong>noctibus.Venatur</strong></span> <span class='ocrx_word' id='word_1_459' title='bbox 1498 4138 1620 4177; x_wconf 92' lang='lat' dir='ltr'><strong>eum</strong></span> <span class='ocrx_word' id='word_1_460' title='bbox 1662 4121 1886 4176; x_wconf 88' lang='lat' dir='ltr'><strong>formica</strong></span> <span class='ocrx_word' id='word_1_461' title='bbox 1918 4120 2024 4174; x_wconf 86' lang='lat' dir='ltr'><strong>cir-</strong></span> 
     </span>
    </p>
   </div>
   <div class='ocr_carea' id='block_1_58' title="bbox 449 4209 2022 4290">
    <p class='ocr_par' dir='ltr' id='par_1_58' title="bbox 449 4209 2022 4290">
     <span class='ocr_line' id='line_1_58' title="bbox 449 4209 2022 4290; baseline -0.008 -15"><span class='ocrx_word' id='word_1_462' title='bbox 449 4220 737 4290; x_wconf 80' lang='lat' dir='ltr'><strong>cum’ligata</strong></span> <span class='ocrx_word' id='word_1_463' title='bbox 765 4216 978 4286; x_wconf 87' lang='lat' dir='ltr'><strong>capillo,</strong></span> <span class='ocrx_word' id='word_1_464' title='bbox 1012 4216 1064 4270; x_wconf 90' lang='lat' dir='ltr'><strong>in</strong></span> <span class='ocrx_word' id='word_1_465' title='bbox 1090 4229 1374 4269; x_wconf 86' lang='lat' dir='ltr'><strong>cavernam</strong></span> <span class='ocrx_word' id='word_1_466' title='bbox 1410 4212 1524 4281; x_wconf 89' lang='lat' dir='ltr'><strong>ejus</strong></span> <span class='ocrx_word' id='word_1_467' title='bbox 1552 4211 1815 4281; x_wconf 88' lang='lat' dir='ltr'><strong>conjecta,</strong></span> <span class='ocrx_word' id='word_1_468' title='bbox 1845 4209 2022 4264; x_wconf 85' lang='lat' dir='ltr'><strong>afﬂato</strong></span> 
     </span>
    </p>
   </div>
   <div class='ocr_carea' id='block_1_59' title="bbox 449 4303 2020 4384">
    <p class='ocr_par' dir='ltr' id='par_1_59' title="bbox 449 4303 2020 4384">
     <span class='ocr_line' id='line_1_59' title="bbox 449 4303 2020 4384; baseline -0.007 -18"><span class='ocrx_word' id='word_1_469' title='bbox 449 4313 598 4384; x_wconf 88' lang='lat' dir='ltr'><strong>prius</strong></span> <span class='ocrx_word' id='word_1_470' title='bbox 620 4311 839 4380; x_wconf 82' lang='lat' dir='ltr'><strong>pulvere</strong></span> <span class='ocrx_word' id='word_1_471' title='bbox 867 4349 880 4374; x_wconf 95' lang='lat'><strong>,</strong></span> <span class='ocrx_word' id='word_1_472' title='bbox 913 4324 981 4362; x_wconf 94' lang='lat' dir='ltr'><strong>ne</strong></span> <span class='ocrx_word' id='word_1_473' title='bbox 1010 4323 1067 4363; x_wconf 92' lang='lat' dir='ltr'><strong>se</strong></span> <span class='ocrx_word' id='word_1_474' title='bbox 1097 4306 1390 4384; x_wconf 88' lang='lat' dir='ltr'><strong>abscondat</strong></span> <span class='ocrx_word' id='word_1_475' title='bbox 1437 4323 1448 4357; x_wconf 88' lang='lat'><strong>:</strong></span> <span class='ocrx_word' id='word_1_476' title='bbox 1493 4305 1564 4358; x_wconf 90' lang='lat' dir='ltr'><strong>ita</strong></span> <span class='ocrx_word' id='word_1_477' title='bbox 1606 4303 1843 4358; x_wconf 63' lang='lat' dir='ltr'><strong>formica?</strong></span> <span class='ocrx_word' id='word_1_478' title='bbox 1871 4317 2020 4356; x_wconf 88' lang='lat' dir='ltr'><strong>com-</strong></span> 
     </span>
    </p>
   </div>
   <div class='ocr_carea' id='block_1_60' title="bbox 449 4383 2023 4473">
    <p class='ocr_par' dir='ltr' id='par_1_60' title="bbox 449 4383 2023 4473">
     <span class='ocr_line' id='line_1_60' title="bbox 449 4383 2023 4473; baseline -0.004 -19"><span class='ocrx_word' id='word_1_479' title='bbox 449 4401 697 4473; x_wconf 77' lang='lat' dir='ltr'><strong>plexibus</strong></span> <span class='ocrx_word' id='word_1_480' title='bbox 725 4399 979 4453; x_wconf 89' lang='lat' dir='ltr'><strong>trahitur.</strong></span> <span class='ocrx_word' id='word_1_481' title='bbox 1029 4383 1277 4452; x_wconf 82' lang='lat' dir='ltr'><strong>Formica</strong></span> <span class='ocrx_word' id='word_1_482' title='bbox 1307 4387 1446 4450; x_wconf 82' lang='lat' dir='ltr'><strong>dicta</strong></span> <span class='ocrx_word' id='word_1_483' title='bbox 1476 4396 1542 4448; x_wconf 92' lang='lat' dir='ltr'><strong>ab</strong></span> <span class='ocrx_word' id='word_1_484' title='bbox 1569 4409 1634 4449; x_wconf 92' lang='lat' dir='ltr'><strong>eo</strong></span> <span class='ocrx_word' id='word_1_485' title='bbox 1657 4436 1672 4460; x_wconf 94' lang='lat'><strong>,</strong></span> <span class='ocrx_word' id='word_1_486' title='bbox 1702 4393 1847 4464; x_wconf 93' lang='lat' dir='ltr'><strong>quod</strong></span> <span class='ocrx_word' id='word_1_487' title='bbox 1886 4393 2023 4448; x_wconf 83' lang='lat' dir='ltr'><strong>ferat</strong></span> 
     </span>
    </p>
   </div>
   <div class='ocr_carea' id='block_1_61' title="bbox 451 4478 2020 4560">
    <p class='ocr_par' dir='ltr' id='par_1_61' title="bbox 451 4478 2020 4560">
     <span class='ocr_line' id='line_1_61' title="bbox 451 4478 2020 4560; baseline -0.004 -13"><span class='ocrx_word' id='word_1_488' title='bbox 451 4494 618 4547; x_wconf 89' lang='lat' dir='ltr'><strong>micas</strong></span> <span class='ocrx_word' id='word_1_489' title='bbox 647 4491 830 4556; x_wconf 90' lang='lat' dir='ltr'><strong>farris,</strong></span> <span class='ocrx_word' id='word_1_490' title='bbox 864 4478 1016 4560; x_wconf 81' lang='lat' dir='ltr'><strong>cujus</strong></span> <span class='ocrx_word' id='word_1_491' title='bbox 1044 4489 1260 4544; x_wconf 88' lang='lat' dir='ltr'><strong>solertia</strong></span> <span class='ocrx_word' id='word_1_492' title='bbox 1294 4489 1476 4543; x_wconf 91' lang='lat' dir='ltr'><strong>multa.</strong></span> <span class='ocrx_word' id='word_1_493' title='bbox 1510 4487 1762 4542; x_wconf 88' lang='lat' dir='ltr'><strong>Providet</strong></span> <span class='ocrx_word' id='word_1_494' title='bbox 1791 4487 1934 4542; x_wconf 90' lang='lat' dir='ltr'><strong>enim</strong></span> <span class='ocrx_word' id='word_1_495' title='bbox 1964 4487 2020 4540; x_wconf 89' lang='lat' dir='ltr'><strong>in</strong></span> 
     </span>
    </p>
   </div>
   <div class='ocr_carea' id='block_1_62' title="bbox 450 4578 2016 4651">
    <p class='ocr_par' dir='ltr' id='par_1_62' title="bbox 450 4578 2016 4651">
     <span class='ocr_line' id='line_1_62' title="bbox 450 4578 2016 4651; baseline -0.005 -14"><span class='ocrx_word' id='word_1_496' title='bbox 450 4583 726 4647; x_wconf 88' lang='lat' dir='ltr'><strong>futurum,</strong></span> <span class='ocrx_word' id='word_1_497' title='bbox 758 4591 812 4635; x_wconf 87' lang='lat' dir='ltr'><strong>et</strong></span> <span class='ocrx_word' id='word_1_498' title='bbox 841 4589 1104 4651; x_wconf 72' lang='lat' dir='ltr'><strong>praeparat</strong></span> <span class='ocrx_word' id='word_1_499' title='bbox 1131 4587 1318 4634; x_wconf 72' lang='lat' dir='ltr'><strong>testate</strong></span> <span class='ocrx_word' id='word_1_500' title='bbox 1353 4579 1491 4648; x_wconf 89' lang='lat' dir='ltr'><strong>quod</strong></span> <span class='ocrx_word' id='word_1_501' title='bbox 1532 4579 1706 4633; x_wconf 88' lang='lat' dir='ltr'><strong>hieme</strong></span> <span class='ocrx_word' id='word_1_502' title='bbox 1753 4578 2016 4632; x_wconf 89' lang='lat' dir='ltr'><strong>comedat.</strong></span> 
     </span>
    </p>
   </div>
   <div class='ocr_carea' id='block_1_63' title="bbox 449 4667 2016 4738">
    <p class='ocr_par' dir='ltr' id='par_1_63' title="bbox 449 4667 2016 4738">
     <span class='ocr_line' id='line_1_63' title="bbox 449 4667 2016 4738; baseline -0.004 -11"><span class='ocrx_word' id='word_1_503' title='bbox 449 4671 508 4727; x_wconf 81' lang='lat' dir='ltr'><strong>lu</strong></span> <span class='ocrx_word' id='word_1_504' title='bbox 527 4686 701 4726; x_wconf 84' lang='lat' dir='ltr'><strong>messe</strong></span> <span class='ocrx_word' id='word_1_505' title='bbox 731 4679 906 4724; x_wconf 89' lang='lat' dir='ltr'><strong>autem</strong></span> <span class='ocrx_word' id='word_1_506' title='bbox 935 4669 1094 4738; x_wconf 84' lang='lat' dir='ltr'><strong>elegit</strong></span> <span class='ocrx_word' id='word_1_507' title='bbox 1117 4668 1372 4732; x_wconf 89' lang='lat' dir='ltr'><strong>triticum,</strong></span> <span class='ocrx_word' id='word_1_508' title='bbox 1401 4667 1657 4721; x_wconf 92' lang='lat' dir='ltr'><strong>hordeum</strong></span> <span class='ocrx_word' id='word_1_509' title='bbox 1683 4681 1787 4720; x_wconf 93' lang='lat' dir='ltr'><strong>non</strong></span> <span class='ocrx_word' id='word_1_510' title='bbox 1814 4667 2016 4736; x_wconf 88' lang='lat' dir='ltr'><strong>tangit:</strong></span> 
     </span>
    </p>
   </div>
   <div class='ocr_carea' id='block_1_64' title="bbox 447 4751 2020 4829">
    <p class='ocr_par' dir='ltr' id='par_1_64' title="bbox 447 4751 2020 4829">
     <span class='ocr_line' id='line_1_64' title="bbox 447 4751 2020 4829; baseline -0.004 -15"><span class='ocrx_word' id='word_1_511' title='bbox 447 4761 576 4814; x_wconf 89' lang='lat' dir='ltr'><strong>dum</strong></span> <span class='ocrx_word' id='word_1_512' title='bbox 604 4760 738 4829; x_wconf 90' lang='lat' dir='ltr'><strong>pluit</strong></span> <span class='ocrx_word' id='word_1_513' title='bbox 761 4759 811 4812; x_wconf 91' lang='lat' dir='ltr'><strong>ei</strong></span> <span class='ocrx_word' id='word_1_514' title='bbox 841 4773 1003 4827; x_wconf 88' lang='lat' dir='ltr'><strong>super</strong></span> <span class='ocrx_word' id='word_1_515' title='bbox 1033 4757 1383 4819; x_wconf 88' lang='lat' dir='ltr'><strong>frumentum,</strong></span> <span class='ocrx_word' id='word_1_516' title='bbox 1427 4763 1594 4808; x_wconf 81' lang='lat' dir='ltr'><strong>totum</strong></span> <span class='ocrx_word' id='word_1_517' title='bbox 1634 4751 1797 4820; x_wconf 88' lang='lat' dir='ltr'><strong>cjicit.</strong></span> <span class='ocrx_word' id='word_1_518' title='bbox 1827 4755 2020 4807; x_wconf 89' lang='lat' dir='ltr'><strong>Dicun-</strong></span> 
     </span>
    </p>
   </div>
   <div class='ocr_carea' id='block_1_65' title="bbox 449 4843 2022 4920">
    <p class='ocr_par' dir='ltr' id='par_1_65' title="bbox 449 4843 2022 4920">
     <span class='ocr_line' id='line_1_65' title="bbox 449 4843 2022 4920; baseline -0.004 -14"><span class='ocrx_word' id='word_1_519' title='bbox 449 4862 538 4906; x_wconf 89' lang='lat' dir='ltr'><strong>tur</strong></span> <span class='ocrx_word' id='word_1_520' title='bbox 566 4852 620 4905; x_wconf 92' lang='lat' dir='ltr'><strong>in</strong></span> <span class='ocrx_word' id='word_1_521' title='bbox 649 4849 922 4920; x_wconf 62' lang='lat' dir='ltr'><strong>jEthiopia</strong></span> <span class='ocrx_word' id='word_1_522' title='bbox 951 4864 1070 4904; x_wconf 91' lang='lat' dir='ltr'><strong>esse</strong></span> <span class='ocrx_word' id='word_1_523' title='bbox 1099 4848 1332 4902; x_wconf 53' lang='lat' dir='ltr'><strong>formica</strong></span> <span class='ocrx_word' id='word_1_524' title='bbox 1355 4846 1420 4900; x_wconf 90' lang='lat' dir='ltr'><strong>ad</strong></span> <span class='ocrx_word' id='word_1_525' title='bbox 1451 4843 1677 4900; x_wconf 91' lang='lat' dir='ltr'><strong>formam</strong></span> <span class='ocrx_word' id='word_1_526' title='bbox 1706 4846 1878 4910; x_wconf 90' lang='lat' dir='ltr'><strong>canis,</strong></span> <span class='ocrx_word' id='word_1_527' title='bbox 1902 4861 2022 4914; x_wconf 66' lang='lat' dir='ltr'><strong>quae</strong></span> 
     </span>
    </p>
   </div>
   <div class='ocr_carea' id='block_1_66' title="bbox 450 4937 2022 5008">
    <p class='ocr_par' dir='ltr' id='par_1_66' title="bbox 450 4937 2022 5008">
     <span class='ocr_line' id='line_1_66' title="bbox 450 4937 2022 5008; baseline -0.003 -14"><span class='ocrx_word' id='word_1_528' title='bbox 450 4955 646 4996; x_wconf 89' lang='lat' dir='ltr'><strong>arenas</strong></span> <span class='ocrx_word' id='word_1_529' title='bbox 683 4954 877 4994; x_wconf 88' lang='lat' dir='ltr'><strong>aureas</strong></span> <span class='ocrx_word' id='word_1_530' title='bbox 910 4939 1132 5008; x_wconf 88' lang='lat' dir='ltr'><strong>pedibus</strong></span> <span class='ocrx_word' id='word_1_531' title='bbox 1166 4946 1380 5003; x_wconf 90' lang='lat' dir='ltr'><strong>eruunt,</strong></span> <span class='ocrx_word' id='word_1_532' title='bbox 1421 4951 1555 5006; x_wconf 90' lang='lat' dir='ltr'><strong>quas</strong></span> <span class='ocrx_word' id='word_1_533' title='bbox 1600 4937 1908 4991; x_wconf 86' lang='lat' dir='ltr'><strong>custodiunt</strong></span> <span class='ocrx_word' id='word_1_534' title='bbox 1953 4951 2022 4990; x_wconf 91' lang='lat' dir='ltr'><strong>ne</strong></span> 
     </span>
    </p>
   </div>
   <div class='ocr_carea' id='block_1_67' title="bbox 450 5029 2018 5102">
    <p class='ocr_par' dir='ltr' id='par_1_67' title="bbox 450 5029 2018 5102">
     <span class='ocr_line' id='line_1_67' title="bbox 450 5029 2018 5102; baseline -0.003 -16"><span class='ocrx_word' id='word_1_535' title='bbox 450 5033 569 5102; x_wconf 92' lang='lat' dir='ltr'><strong>quis</strong></span> <span class='ocrx_word' id='word_1_536' title='bbox 599 5029 826 5096; x_wconf 91' lang='lat' dir='ltr'><strong>auferat,</strong></span> <span class='ocrx_word' id='word_1_537' title='bbox 854 5038 1240 5100; x_wconf 91' lang='lat' dir='ltr'><strong>captantesque</strong></span> <span class='ocrx_word' id='word_1_538' title='bbox 1271 5029 1336 5084; x_wconf 89' lang='lat' dir='ltr'><strong>ad</strong></span> <span class='ocrx_word' id='word_1_539' title='bbox 1378 5042 1563 5083; x_wconf 90' lang='lat' dir='ltr'><strong>necem</strong></span> <span class='ocrx_word' id='word_1_540' title='bbox 1605 5037 2018 5098; x_wconf 89' lang='lat' dir='ltr'><strong>persequuntur.</strong></span> 
     </span>
    </p>
   </div>
   <div class='ocr_carea' id='block_1_68' title="bbox 449 5118 2022 5192">
    <p class='ocr_par' dir='ltr' id='par_1_68' title="bbox 449 5118 2022 5192">
     <span class='ocr_line' id='line_1_68' title="bbox 449 5118 2022 5192; baseline -0.003 -17"><span class='ocrx_word' id='word_1_541' title='bbox 449 5119 610 5175; x_wconf 82' lang='lat' dir='ltr'><strong>Juxta</strong></span> <span class='ocrx_word' id='word_1_542' title='bbox 639 5121 950 5192; x_wconf 87' lang='lat' dir='ltr'><strong>allegoriam</strong></span> <span class='ocrx_word' id='word_1_543' title='bbox 999 5119 1219 5173; x_wconf 77' lang='lat' dir='ltr'><strong>fermica</strong></span> <span class='ocrx_word' id='word_1_544' title='bbox 1267 5119 1543 5188; x_wconf 83' lang='lat' dir='ltr'><strong>providum</strong></span> <span class='ocrx_word' id='word_1_545' title='bbox 1588 5118 1857 5174; x_wconf 90' lang='lat' dir='ltr'><strong>hominem</strong></span> <span class='ocrx_word' id='word_1_546' title='bbox 1885 5159 1897 5181; x_wconf 93' lang='lat'><strong>,</strong></span> <span class='ocrx_word' id='word_1_547' title='bbox 1936 5118 2022 5172; x_wconf 89' lang='lat' dir='ltr'><strong>vel</strong></span> 
     </span>
    </p>
   </div>
   <div class='ocr_carea' id='block_1_69' title="bbox 450 5207 2022 5283">
    <p class='ocr_par' dir='ltr' id='par_1_69' title="bbox 450 5207 2022 5283">
     <span class='ocr_line' id='line_1_69' title="bbox 450 5207 2022 5283; baseline -0.002 -17"><span class='ocrx_word' id='word_1_548' title='bbox 450 5212 755 5283; x_wconf 87' lang='lat' dir='ltr'><strong>operarium</strong></span> <span class='ocrx_word' id='word_1_549' title='bbox 805 5211 988 5264; x_wconf 89' lang='lat' dir='ltr'><strong>utilem</strong></span> <span class='ocrx_word' id='word_1_550' title='bbox 1043 5209 1324 5278; x_wconf 82' lang='lat' dir='ltr'><strong>significat.</strong></span> <span class='ocrx_word' id='word_1_551' title='bbox 1358 5209 1510 5264; x_wconf 90' lang='lat' dir='ltr'><strong>Unde</strong></span> <span class='ocrx_word' id='word_1_552' title='bbox 1537 5207 1790 5263; x_wconf 90' lang='lat' dir='ltr'><strong>Salomon</strong></span> <span class='ocrx_word' id='word_1_553' title='bbox 1816 5210 1867 5262; x_wconf 93' lang='lat' dir='ltr'><strong>in</strong></span> <span class='ocrx_word' id='word_1_554' title='bbox 1896 5225 2022 5279; x_wconf 88' lang='lat' dir='ltr'><strong>pro-</strong></span> 
     </span>
    </p>
   </div>
   <div class='ocr_carea' id='block_1_70' title="bbox 451 5291 2019 5366">
    <p class='ocr_par' dir='ltr' id='par_1_70' title="bbox 451 5291 2019 5366">
     <span class='ocr_line' id='line_1_70' title="bbox 451 5291 2019 5366; baseline -0.004 -8"><span class='ocrx_word' id='word_1_555' title='bbox 451 5302 652 5358; x_wconf 91' lang='lat' dir='ltr'><strong>verbiis</strong></span> <span class='ocrx_word' id='word_1_556' title='bbox 703 5299 951 5354; x_wconf 88' lang='lat' dir='ltr'><strong>hortatur</strong></span> <span class='ocrx_word' id='word_1_557' title='bbox 980 5339 993 5361; x_wconf 95' lang='lat'><strong>,</strong></span> <span class='ocrx_word' id='word_1_558' title='bbox 1045 5291 1274 5352; x_wconf 84' lang='lat' dir='ltr'><strong>dicens:</strong></span> <span class='ocrx_word' id='word_1_559' title='bbox 1338 5295 1476 5350; x_wconf 78' lang='lat' dir='ltr'><strong>Vade</strong></span> <span class='ocrx_word' id='word_1_560' title='bbox 1540 5298 1607 5349; x_wconf 88' lang='lat' dir='ltr'><strong>ad</strong></span> <span class='ocrx_word' id='word_1_561' title='bbox 1653 5299 1949 5366; x_wconf 83' lang='lat' dir='ltr'><strong>formicam,</strong></span> <span class='ocrx_word' id='word_1_562' title='bbox 1991 5315 2019 5351; x_wconf 90' lang='grc' dir='ltr'><em>ο</em></span> 
     </span>
    </p>
   </div>
   <div class='ocr_carea' id='block_1_71' title="bbox 448 5388 2015 5466">
    <p class='ocr_par' dir='ltr' id='par_1_71' title="bbox 448 5388 2015 5466">
     <span class='ocr_line' id='line_1_71' title="bbox 448 5388 2015 5466; baseline -0.003 -18"><span class='ocrx_word' id='word_1_563' title='bbox 448 5397 614 5466; x_wconf 83' lang='lat' dir='ltr'><strong>piger,</strong></span> <span class='ocrx_word' id='word_1_564' title='bbox 637 5403 681 5447; x_wconf 89' lang='lat' dir='ltr'><strong>et</strong></span> <span class='ocrx_word' id='word_1_565' title='bbox 702 5391 971 5446; x_wconf 89' lang='lat' dir='ltr'><strong>considera</strong></span> <span class='ocrx_word' id='word_1_566' title='bbox 998 5391 1103 5443; x_wconf 81' lang='lat' dir='ltr'><strong>vias</strong></span> <span class='ocrx_word' id='word_1_567' title='bbox 1125 5389 1257 5460; x_wconf 84' lang='lat' dir='ltr'><strong>ejus,</strong></span> <span class='ocrx_word' id='word_1_568' title='bbox 1287 5397 1333 5442; x_wconf 89' lang='lat' dir='ltr'><strong>et</strong></span> <span class='ocrx_word' id='word_1_569' title='bbox 1363 5389 1501 5443; x_wconf 85' lang='lat' dir='ltr'><strong>disce</strong></span> <span class='ocrx_word' id='word_1_570' title='bbox 1526 5388 1589 5442; x_wconf 89' lang='lat' dir='ltr'><strong>ab</strong></span> <span class='ocrx_word' id='word_1_571' title='bbox 1610 5405 1670 5442; x_wconf 91' lang='lat' dir='ltr'><strong>ea</strong></span> <span class='ocrx_word' id='word_1_572' title='bbox 1685 5390 2015 5459; x_wconf 83' lang='lat' dir='ltr'><strong>sapientiam.</strong></span> 
     </span>
    </p>
   </div>
   <div class='ocr_carea' id='block_1_72' title="bbox 453 5481 2018 5552">
    <p class='ocr_par' dir='ltr' id='par_1_72' title="bbox 453 5481 2018 5552">
     <span class='ocr_line' id='line_1_72' title="bbox 453 5481 2018 5552; baseline -0.002 -13"><span class='ocrx_word' id='word_1_573' title='bbox 453 5485 583 5550; x_wconf 72' lang='lat' dir='ltr'><strong>Quir:</strong></span> <span class='ocrx_word' id='word_1_574' title='bbox 616 5501 733 5538; x_wconf 88' lang='lat' dir='ltr'><strong>cum</strong></span> <span class='ocrx_word' id='word_1_575' title='bbox 764 5500 865 5537; x_wconf 88' lang='lat' dir='ltr'><strong>non</strong></span> <span class='ocrx_word' id='word_1_576' title='bbox 900 5482 1084 5536; x_wconf 84' lang='lat' dir='ltr'><strong>habeat</strong></span> <span class='ocrx_word' id='word_1_577' title='bbox 1115 5481 1295 5534; x_wconf 81' lang='lat' dir='ltr'><strong>ducem</strong></span> <span class='ocrx_word' id='word_1_578' title='bbox 1345 5497 1434 5534; x_wconf 87' lang='lat' dir='ltr'><strong>nec</strong></span> <span class='ocrx_word' id='word_1_579' title='bbox 1490 5492 1876 5552; x_wconf 75' lang='lat' dir='ltr'><strong>prwceptorem,</strong></span> <span class='ocrx_word' id='word_1_580' title='bbox 1927 5499 2018 5536; x_wconf 90' lang='lat' dir='ltr'><strong>nec</strong></span> 
     </span>
    </p>
   </div>
   <div class='ocr_carea' id='block_1_73' title="bbox 449 5575 2020 5646">
    <p class='ocr_par' dir='ltr' id='par_1_73' title="bbox 449 5575 2020 5646">
     <span class='ocr_line' id='line_1_73' title="bbox 449 5575 2020 5646; baseline 0.001 -18"><span class='ocrx_word' id='word_1_581' title='bbox 449 5577 748 5646; x_wconf 83' lang='lat' dir='ltr'><strong>principem,</strong></span> <span class='ocrx_word' id='word_1_582' title='bbox 778 5584 930 5646; x_wconf 85' lang='lat' dir='ltr'><strong>parat</strong></span> <span class='ocrx_word' id='word_1_583' title='bbox 954 5585 1126 5629; x_wconf 71' lang='lat' dir='ltr'><strong>(estate</strong></span> <span class='ocrx_word' id='word_1_584' title='bbox 1174 5575 1342 5628; x_wconf 83' lang='lat' dir='ltr'><strong>cibum</strong></span> <span class='ocrx_word' id='word_1_585' title='bbox 1371 5575 1467 5628; x_wconf 84' lang='lat' dir='ltr'><strong>sibi</strong></span> <span class='ocrx_word' id='word_1_586' title='bbox 1494 5615 1508 5639; x_wconf 90' lang='lat'><strong>,</strong></span> <span class='ocrx_word' id='word_1_587' title='bbox 1555 5583 1604 5628; x_wconf 87' lang='lat' dir='ltr'><strong>et</strong></span> <span class='ocrx_word' id='word_1_588' title='bbox 1657 5586 1932 5646; x_wconf 89' lang='lat' dir='ltr'><strong>congregat</strong></span> <span class='ocrx_word' id='word_1_589' title='bbox 1967 5575 2020 5629; x_wconf 83' lang='lat' dir='ltr'><strong>in</strong></span> 
     </span>
    </p>
   </div>
   <div class='ocr_carea' id='block_1_74' title="bbox 450 5667 2020 5739">
    <p class='ocr_par' dir='ltr' id='par_1_74' title="bbox 450 5667 2020 5739">
     <span class='ocr_line' id='line_1_74' title="bbox 450 5667 2020 5739; baseline 0 -16"><span class='ocrx_word' id='word_1_590' title='bbox 450 5685 632 5731; x_wconf 85' lang='lat' dir='ltr'><strong>messe,</strong></span> <span class='ocrx_word' id='word_1_591' title='bbox 653 5670 789 5738; x_wconf 86' lang='lat' dir='ltr'><strong>quod</strong></span> <span class='ocrx_word' id='word_1_592' title='bbox 821 5667 1246 5739; x_wconf 85' lang='lat' dir='ltr'><strong>comedat(Prov.</strong></span> <span class='ocrx_word' id='word_1_593' title='bbox 1277 5669 1374 5738; x_wconf 78' lang='lat' dir='ltr'><strong>vi).</strong></span> <span class='ocrx_word' id='word_1_594' title='bbox 1401 5667 1535 5724; x_wconf 86' lang='lat' dir='ltr'><strong>Hinc</strong></span> <span class='ocrx_word' id='word_1_595' title='bbox 1565 5671 1807 5724; x_wconf 87' lang='lat' dir='ltr'><strong>hortatur</strong></span> <span class='ocrx_word' id='word_1_596' title='bbox 1833 5685 2020 5739; x_wconf 89' lang='lat' dir='ltr'><strong>quem-</strong></span> 
     </span>
    </p>
   </div>
   <div class='ocr_carea' id='block_1_75' title="bbox 445 5759 2026 5829">
    <p class='ocr_par' dir='ltr' id='par_1_75' title="bbox 445 5759 2026 5829">
     <span class='ocr_line' id='line_1_75' title="bbox 445 5759 2026 5829; baseline 0.005 -17"><span class='ocrx_word' id='word_1_597' title='bbox 445 5774 553 5819; x_wconf 77' lang='lat' dir='ltr'><strong>que</strong></span> <span class='ocrx_word' id='word_1_598' title='bbox 574 5759 659 5819; x_wconf 83' lang='lat' dir='ltr'><strong>sui</strong></span> <span class='ocrx_word' id='word_1_599' title='bbox 699 5775 883 5815; x_wconf 85' lang='lat' dir='ltr'><strong>curam</strong></span> <span class='ocrx_word' id='word_1_600' title='bbox 923 5775 1079 5829; x_wconf 78' lang='lat' dir='ltr'><strong>agere</strong></span> <span class='ocrx_word' id='word_1_601' title='bbox 1128 5778 1138 5813; x_wconf 90' lang='lat'><strong>:</strong></span> <span class='ocrx_word' id='word_1_602' title='bbox 1185 5769 1240 5817; x_wconf 85' lang='lat' dir='ltr'><strong>ct</strong></span> <span class='ocrx_word' id='word_1_603' title='bbox 1286 5761 1330 5814; x_wconf 89' lang='lat' dir='ltr'><strong>si</strong></span> <span class='ocrx_word' id='word_1_604' title='bbox 1381 5759 1874 5818; x_wconf 80' lang='lat' dir='ltr'><strong>tantillttm‘animal</strong></span> <span class='ocrx_word' id='word_1_605' title='bbox 1904 5764 2026 5820; x_wconf 89' lang='lat' dir='ltr'><strong>sine</strong></span> 
     </span>
    </p>
   </div>
   <div class='ocr_carea' id='block_1_76' title="bbox 2129 1952 3707 2026">
    <p class='ocr_par' dir='ltr' id='par_1_76' title="bbox 2129 1952 3707 2026">
     <span class='ocr_line' id='line_1_76' title="bbox 2129 1952 3707 2026; baseline 0.004 -21"><span class='ocrx_word' id='word_1_606' title='bbox 2129 1969 2379 2006; x_wconf 85' lang='lat' dir='ltr'><strong>ranarum</strong></span> <span class='ocrx_word' id='word_1_607' title='bbox 2409 1952 2592 2024; x_wconf 83' lang='lat' dir='ltr'><strong>(Apoc.</strong></span> <span class='ocrx_word' id='word_1_608' title='bbox 2616 1953 2767 2024; x_wconf 83' lang='lat' dir='ltr'><strong>xvr);</strong></span> <span class='ocrx_word' id='word_1_609' title='bbox 2808 1965 2934 2009; x_wconf 91' lang='lat' dir='ltr'><strong>sunt</strong></span> <span class='ocrx_word' id='word_1_610' title='bbox 2957 1963 3138 2009; x_wconf 91' lang='lat' dir='ltr'><strong>autem</strong></span> <span class='ocrx_word' id='word_1_611' title='bbox 3165 1956 3386 2026; x_wconf 90' lang='lat' dir='ltr'><strong>spiritus</strong></span> <span class='ocrx_word' id='word_1_612' title='bbox 3417 1957 3707 2012; x_wconf 64' lang='lat' dir='ltr'><strong>daemonio—</strong></span> 
     </span>
    </p>
   </div>
   <div class='ocr_carea' id='block_1_77' title="bbox 2128 2041 3708 2114">
    <p class='ocr_par' dir='ltr' id='par_1_77' title="bbox 2128 2041 3708 2114">
     <span class='ocr_line' id='line_1_77' title="bbox 2128 2041 3708 2114; baseline 0.004 -18"><span class='ocrx_word' id='word_1_613' title='bbox 2128 2058 2267 2097; x_wconf 89' lang='lat' dir='ltr'><strong>rum.</strong></span> <span class='ocrx_word' id='word_1_614' title='bbox 2301 2041 2466 2098; x_wconf 65' lang='lat' dir='ltr'><strong>Ranae</strong></span> <span class='ocrx_word' id='word_1_615' title='bbox 2491 2043 2750 2110; x_wconf 63' lang='lat' dir='ltr'><strong>haeretici,</strong></span> <span class='ocrx_word' id='word_1_616' title='bbox 2780 2045 2872 2114; x_wconf 91' lang='lat' dir='ltr'><strong>qui</strong></span> <span class='ocrx_word' id='word_1_617' title='bbox 2906 2045 2963 2099; x_wconf 91' lang='lat' dir='ltr'><strong>in</strong></span> <span class='ocrx_word' id='word_1_618' title='bbox 2995 2060 3150 2100; x_wconf 68' lang='lat' dir='ltr'><strong>caeno</strong></span> <span class='ocrx_word' id='word_1_619' title='bbox 3177 2045 3564 2102; x_wconf 89' lang='lat' dir='ltr'><strong>vilissimorum</strong></span> <span class='ocrx_word' id='word_1_620' title='bbox 3584 2062 3708 2103; x_wconf 82' lang='lat' dir='ltr'><strong>sen-</strong></span> 
     </span>
    </p>
   </div>
   <div class='ocr_carea' id='block_1_78' title="bbox 2127 2135 3708 2206">
    <p class='ocr_par' dir='ltr' id='par_1_78' title="bbox 2127 2135 3708 2206">
     <span class='ocr_line' id='line_1_78' title="bbox 2127 2135 3708 2206; baseline 0.003 -17"><span class='ocrx_word' id='word_1_621' title='bbox 2127 2148 2283 2189; x_wconf 89' lang='lat' dir='ltr'><strong>suum</strong></span> <span class='ocrx_word' id='word_1_622' title='bbox 2308 2145 2726 2200; x_wconf 88' lang='lat' dir='ltr'><strong>commorantes,</strong></span> <span class='ocrx_word' id='word_1_623' title='bbox 2758 2150 2894 2189; x_wconf 88' lang='lat' dir='ltr'><strong>vana</strong></span> <span class='ocrx_word' id='word_1_624' title='bbox 2917 2135 3234 2206; x_wconf 88' lang='lat' dir='ltr'><strong>garrulitate</strong></span> <span class='ocrx_word' id='word_1_625' title='bbox 3254 2136 3456 2192; x_wconf 87' lang='lat' dir='ltr'><strong>latrare</strong></span> <span class='ocrx_word' id='word_1_626' title='bbox 3483 2153 3590 2193; x_wconf 91' lang='lat' dir='ltr'><strong>non</strong></span> <span class='ocrx_word' id='word_1_627' title='bbox 3615 2138 3708 2194; x_wconf 91' lang='lat' dir='ltr'><strong>de-</strong></span> 
     </span>
    </p>
   </div>
   <div class='ocr_carea' id='block_1_79' title="bbox 2126 2224 2960 2299">
    <p class='ocr_par' dir='ltr' id='par_1_79' title="bbox 2126 2224 2960 2299">
     <span class='ocr_line' id='line_1_79' title="bbox 2126 2224 2960 2299; baseline 0 -17"><span class='ocrx_word' id='word_1_628' title='bbox 2126 2224 2331 2293; x_wconf 84' lang='lat' dir='ltr'><strong>sinunt,</strong></span> <span class='ocrx_word' id='word_1_629' title='bbox 2359 2232 2419 2280; x_wconf 92' lang='lat' dir='ltr'><strong>ut</strong></span> <span class='ocrx_word' id='word_1_630' title='bbox 2445 2225 2500 2281; x_wconf 92' lang='lat' dir='ltr'><strong>in</strong></span> <span class='ocrx_word' id='word_1_631' title='bbox 2530 2225 2717 2282; x_wconf 78' lang='lat' dir='ltr'><strong>Exodo</strong></span> <span class='ocrx_word' id='word_1_632' title='bbox 2745 2227 2960 2299; x_wconf 90' lang='lat' dir='ltr'><strong>legitur.</strong></span> 
     </span>
    </p>
   </div>
   <div class='ocr_carea' id='block_1_80' title="bbox 2737 2342 3084 2398">
    <p class='ocr_par' dir='ltr' id='par_1_80' title="bbox 2737 2342 3084 2398">
     <span class='ocr_line' id='line_1_80' title="bbox 2737 2342 3084 2398; baseline -0.003 -1"><span class='ocrx_word' id='word_1_633' title='bbox 2737 2342 2962 2398; x_wconf 85' lang='lat' dir='ltr'><strong>CAPUT</strong></span> <span class='ocrx_word' id='word_1_634' title='bbox 2998 2343 3084 2397; x_wconf 87' lang='grc'><strong>111.</strong></span> 
     </span>
    </p>
   </div>
   <div class='ocr_carea' id='block_1_81' title="bbox 2682 2410 3127 2482">
    <p class='ocr_par' dir='ltr' id='par_1_81' title="bbox 2682 2410 3127 2482">
     <span class='ocr_line' id='line_1_81' title="bbox 2682 2410 3127 2482; baseline 0.002 -17"><span class='ocrx_word' id='word_1_635' title='bbox 2682 2410 2760 2465; x_wconf 80' lang='lat' dir='ltr'><strong>De</strong></span> <span class='ocrx_word' id='word_1_636' title='bbox 2785 2413 3127 2482; x_wconf 82' lang='lat' dir='ltr'><strong>serpentibus.</strong></span> 
     </span>
    </p>
   </div>
   <div class='ocr_carea' id='block_1_82' title="bbox 2195 2499 3702 2575">
    <p class='ocr_par' dir='ltr' id='par_1_82' title="bbox 2195 2499 3702 2575">
     <span class='ocr_line' id='line_1_82' title="bbox 2195 2499 3702 2575; baseline 0.003 -21"><span class='ocrx_word' id='word_1_637' title='bbox 2195 2499 2400 2571; x_wconf 81' lang='lat' dir='ltr'><strong>Anguis</strong></span> <span class='ocrx_word' id='word_1_638' title='bbox 2429 2499 2750 2557; x_wconf 66' lang='lat' dir='ltr'><strong>vocabulum</strong></span> <span class='ocrx_word' id='word_1_639' title='bbox 2778 2541 2794 2567; x_wconf 97' lang='lat'><strong>,</strong></span> <span class='ocrx_word' id='word_1_640' title='bbox 2841 2512 3151 2571; x_wconf 87' lang='lat' dir='ltr'><strong>serpentum</strong></span> <span class='ocrx_word' id='word_1_641' title='bbox 3185 2519 3354 2575; x_wconf 91' lang='lat' dir='ltr'><strong>genus</strong></span> <span class='ocrx_word' id='word_1_642' title='bbox 3381 2545 3396 2570; x_wconf 96' lang='lat'><strong>,</strong></span> <span class='ocrx_word' id='word_1_643' title='bbox 3423 2503 3565 2574; x_wconf 91' lang='lat' dir='ltr'><strong>quod</strong></span> <span class='ocrx_word' id='word_1_644' title='bbox 3596 2503 3702 2574; x_wconf 85' lang='lat' dir='ltr'><strong>pli-</strong></span> 
     </span>
    </p>
   </div>
   <div class='ocr_carea' id='block_1_83' title="bbox 2126 2591 3704 2665">
    <p class='ocr_par' dir='ltr' id='par_1_83' title="bbox 2126 2591 3704 2665">
     <span class='ocr_line' id='line_1_83' title="bbox 2126 2591 3704 2665; baseline 0.002 -20"><span class='ocrx_word' id='word_1_645' title='bbox 2126 2591 2235 2645; x_wconf 87' lang='lat' dir='ltr'><strong>cari</strong></span> <span class='ocrx_word' id='word_1_646' title='bbox 2266 2599 2320 2646; x_wconf 93' lang='lat' dir='ltr'><strong>et</strong></span> <span class='ocrx_word' id='word_1_647' title='bbox 2349 2593 2693 2662; x_wconf 86' lang='lat' dir='ltr'><strong>eontorqueri</strong></span> <span class='ocrx_word' id='word_1_648' title='bbox 2738 2599 2915 2661; x_wconf 87' lang='lat' dir='ltr'><strong>potest</strong></span> <span class='ocrx_word' id='word_1_649' title='bbox 2964 2609 2977 2646; x_wconf 91' lang='lat'><strong>:</strong></span> <span class='ocrx_word' id='word_1_650' title='bbox 3029 2602 3084 2646; x_wconf 92' lang='lat' dir='ltr'><strong>et</strong></span> <span class='ocrx_word' id='word_1_651' title='bbox 3121 2594 3242 2648; x_wconf 91' lang='lat' dir='ltr'><strong>inde</strong></span> <span class='ocrx_word' id='word_1_652' title='bbox 3282 2595 3472 2665; x_wconf 90' lang='lat' dir='ltr'><strong>anguis</strong></span> <span class='ocrx_word' id='word_1_653' title='bbox 3499 2633 3515 2659; x_wconf 94' lang='lat'><strong>,</strong></span> <span class='ocrx_word' id='word_1_654' title='bbox 3559 2595 3704 2664; x_wconf 91' lang='lat' dir='ltr'><strong>quod</strong></span> 
     </span>
    </p>
   </div>
   <div class='ocr_carea' id='block_1_84' title="bbox 2125 2681 3705 2756">
    <p class='ocr_par' dir='ltr' id='par_1_84' title="bbox 2125 2681 3705 2756">
     <span class='ocr_line' id='line_1_84' title="bbox 2125 2681 3705 2756; baseline 0.004 -21"><span class='ocrx_word' id='word_1_655' title='bbox 2125 2681 2414 2752; x_wconf 85' lang='lat' dir='ltr'><strong>angulo&#39;sus</strong></span> <span class='ocrx_word' id='word_1_656' title='bbox 2466 2684 2555 2748; x_wconf 90' lang='lat' dir='ltr'><strong>sit,</strong></span> <span class='ocrx_word' id='word_1_657' title='bbox 2608 2691 2662 2737; x_wconf 90' lang='lat' dir='ltr'><strong>et</strong></span> <span class='ocrx_word' id='word_1_658' title='bbox 2709 2698 2982 2752; x_wconf 89' lang='lat' dir='ltr'><strong>nunquam</strong></span> <span class='ocrx_word' id='word_1_659' title='bbox 3029 2693 3226 2739; x_wconf 89' lang='lat' dir='ltr'><strong>rectus.</strong></span> <span class='ocrx_word' id='word_1_660' title='bbox 3265 2685 3480 2756; x_wconf 85' lang='lat' dir='ltr'><strong>Angues</strong></span> <span class='ocrx_word' id='word_1_661' title='bbox 3523 2695 3705 2741; x_wconf 88' lang='lat' dir='ltr'><strong>autem</strong></span> 
     </span>
    </p>
   </div>
   <div class='ocr_carea' id='block_1_85' title="bbox 2125 2771 3701 2845">
    <p class='ocr_par' dir='ltr' id='par_1_85' title="bbox 2125 2771 3701 2845">
     <span class='ocr_line' id='line_1_85' title="bbox 2125 2771 3701 2845; baseline 0.001 -19"><span class='ocrx_word' id='word_1_662' title='bbox 2125 2771 2264 2842; x_wconf 89' lang='lat' dir='ltr'><strong>apud</strong></span> <span class='ocrx_word' id='word_1_663' title='bbox 2317 2771 2542 2842; x_wconf 89' lang='lat' dir='ltr'><strong>gentiles</strong></span> <span class='ocrx_word' id='word_1_664' title='bbox 2591 2787 2688 2841; x_wconf 92' lang='lat' dir='ltr'><strong>pro</strong></span> <span class='ocrx_word' id='word_1_665' title='bbox 2745 2772 2916 2841; x_wconf 89' lang='lat' dir='ltr'><strong>geniis</strong></span> <span class='ocrx_word' id='word_1_666' title='bbox 2944 2771 3183 2826; x_wconf 92' lang='lat' dir='ltr'><strong>locorum</strong></span> <span class='ocrx_word' id='word_1_667' title='bbox 3227 2774 3397 2828; x_wconf 88' lang='lat' dir='ltr'><strong>habiti</strong></span> <span class='ocrx_word' id='word_1_668' title='bbox 3437 2790 3701 2845; x_wconf 89' lang='lat' dir='ltr'><strong>semper:</strong></span> 
     </span>
    </p>
   </div>
   <div class='ocr_carea' id='block_1_86' title="bbox 2127 2852 3705 2933">
    <p class='ocr_par' dir='ltr' id='par_1_86' title="bbox 2127 2852 3705 2933">
     <span class='ocr_line' id='line_1_86' title="bbox 2127 2852 3705 2933; baseline 0.002 -18"><span class='ocrx_word' id='word_1_669' title='bbox 2127 2862 2268 2916; x_wconf 89' lang='lat' dir='ltr'><strong>unde</strong></span> <span class='ocrx_word' id='word_1_670' title='bbox 2303 2861 2521 2925; x_wconf 81' lang='lat' dir='ltr'><strong>Persius</strong></span> <span class='ocrx_word' id='word_1_671' title='bbox 2554 2879 2566 2914; x_wconf 93' lang='lat'><strong>:</strong></span> <span class='ocrx_word' id='word_1_672' title='bbox 2602 2852 2766 2932; x_wconf 84' lang='lat' dir='ltr'><strong>Pinge</strong></span> <span class='ocrx_word' id='word_1_673' title='bbox 2792 2861 2923 2915; x_wconf 88' lang='lat' dir='ltr'><strong>duos</strong></span> <span class='ocrx_word' id='word_1_674' title='bbox 2953 2878 3146 2932; x_wconf 87' lang='lat' dir='ltr'><strong>angues</strong></span> <span class='ocrx_word' id='word_1_675' title='bbox 3191 2865 3387 2933; x_wconf 88' lang='lat' dir='ltr'><strong>pueris,</strong></span> <span class='ocrx_word' id='word_1_676' title='bbox 3435 2881 3582 2918; x_wconf 88' lang='lat' dir='ltr'><strong>sacer</strong></span> <span class='ocrx_word' id='word_1_677' title='bbox 3623 2872 3705 2918; x_wconf 78' lang='lat' dir='ltr'><strong>est</strong></span> 
     </span>
    </p>
   </div>
   <div class='ocr_carea' id='block_1_87' title="bbox 2125 2952 3702 3023">
    <p class='ocr_par' dir='ltr' id='par_1_87' title="bbox 2125 2952 3702 3023">
     <span class='ocr_line' id='line_1_87' title="bbox 2125 2952 3702 3023; baseline 0.003 -17"><span class='ocrx_word' id='word_1_678' title='bbox 2125 2953 2288 3008; x_wconf 80' lang='lat' dir='ltr'><strong>locus.</strong></span> <span class='ocrx_word' id='word_1_679' title='bbox 2332 2952 2620 3010; x_wconf 88' lang='lat' dir='ltr'><strong>Colubrum</strong></span> <span class='ocrx_word' id='word_1_680' title='bbox 2665 2955 2732 3009; x_wconf 93' lang='lat' dir='ltr'><strong>ab</strong></span> <span class='ocrx_word' id='word_1_681' title='bbox 2761 2968 2826 3008; x_wconf 91' lang='lat' dir='ltr'><strong>eo</strong></span> <span class='ocrx_word' id='word_1_682' title='bbox 2851 2953 3075 3020; x_wconf 89' lang='lat' dir='ltr'><strong>dictum,</strong></span> <span class='ocrx_word' id='word_1_683' title='bbox 3107 2955 3246 3023; x_wconf 92' lang='lat' dir='ltr'><strong>quod</strong></span> <span class='ocrx_word' id='word_1_684' title='bbox 3279 2954 3420 3010; x_wconf 89' lang='lat' dir='ltr'><strong>colat</strong></span> <span class='ocrx_word' id='word_1_685' title='bbox 3457 2955 3702 3022; x_wconf 85' lang='lat' dir='ltr'><strong>umbras,</strong></span> 
     </span>
    </p>
   </div>
   <div class='ocr_carea' id='block_1_88' title="bbox 2124 3041 3700 3114">
    <p class='ocr_par' dir='ltr' id='par_1_88' title="bbox 2124 3041 3700 3114">
     <span class='ocr_line' id='line_1_88' title="bbox 2124 3041 3700 3114; baseline 0.002 -17"><span class='ocrx_word' id='word_1_686' title='bbox 2124 3044 2207 3100; x_wconf 89' lang='lat' dir='ltr'><strong>vel</strong></span> <span class='ocrx_word' id='word_1_687' title='bbox 2231 3045 2372 3114; x_wconf 93' lang='lat' dir='ltr'><strong>quod</strong></span> <span class='ocrx_word' id='word_1_688' title='bbox 2393 3045 2447 3099; x_wconf 94' lang='lat' dir='ltr'><strong>in</strong></span> <span class='ocrx_word' id='word_1_689' title='bbox 2473 3044 2711 3099; x_wconf 89' lang='lat' dir='ltr'><strong>lubricos</strong></span> <span class='ocrx_word' id='word_1_690' title='bbox 2725 3051 2931 3099; x_wconf 89' lang='lat' dir='ltr'><strong>tractus</strong></span> <span class='ocrx_word' id='word_1_691' title='bbox 2950 3041 3175 3098; x_wconf 75' lang='lat' dir='ltr'><strong>ﬂexibus</strong></span> <span class='ocrx_word' id='word_1_692' title='bbox 3202 3045 3434 3101; x_wconf 90' lang='lat' dir='ltr'><strong>sinuosis</strong></span> <span class='ocrx_word' id='word_1_693' title='bbox 3461 3045 3700 3100; x_wconf 88' lang='lat' dir='ltr'><strong>labatur.</strong></span> 
     </span>
    </p>
   </div>
   <div class='ocr_carea' id='block_1_89' title="bbox 2127 3135 3706 3204">
    <p class='ocr_par' dir='ltr' id='par_1_89' title="bbox 2127 3135 3706 3204">
     <span class='ocr_line' id='line_1_89' title="bbox 2127 3135 3706 3204; baseline -0.001 -12"><span class='ocrx_word' id='word_1_694' title='bbox 2127 3137 2262 3192; x_wconf 86' lang='lat' dir='ltr'><strong>Nam</strong></span> <span class='ocrx_word' id='word_1_695' title='bbox 2284 3137 2550 3192; x_wconf 85' lang='lat' dir='ltr'><strong>lubricum</strong></span> <span class='ocrx_word' id='word_1_696' title='bbox 2579 3135 2776 3190; x_wconf 90' lang='lat' dir='ltr'><strong>dicitur</strong></span> <span class='ocrx_word' id='word_1_697' title='bbox 2799 3175 2813 3200; x_wconf 92' lang='lat'><strong>,</strong></span> <span class='ocrx_word' id='word_1_698' title='bbox 2846 3135 3102 3204; x_wconf 90' lang='lat' dir='ltr'><strong>quidquid</strong></span> <span class='ocrx_word' id='word_1_699' title='bbox 3133 3135 3333 3190; x_wconf 92' lang='lat' dir='ltr'><strong>labitur</strong></span> <span class='ocrx_word' id='word_1_700' title='bbox 3357 3175 3374 3202; x_wconf 93' lang='lat'><strong>,</strong></span> <span class='ocrx_word' id='word_1_701' title='bbox 3398 3136 3523 3190; x_wconf 91' lang='lat' dir='ltr'><strong>dum</strong></span> <span class='ocrx_word' id='word_1_702' title='bbox 3546 3144 3706 3192; x_wconf 80' lang='lat' dir='ltr'><strong>teno-</strong></span> 
     </span>
    </p>
   </div>
   <div class='ocr_carea' id='block_1_90' title="bbox 2127 3221 3704 3296">
    <p class='ocr_par' dir='ltr' id='par_1_90' title="bbox 2127 3221 3704 3296">
     <span class='ocr_line' id='line_1_90' title="bbox 2127 3221 3704 3296; baseline -0.003 -14"><span class='ocrx_word' id='word_1_703' title='bbox 2127 3235 2235 3293; x_wconf 88' lang='lat' dir='ltr'><strong>tur,</strong></span> <span class='ocrx_word' id='word_1_704' title='bbox 2262 3234 2322 3280; x_wconf 90' lang='lat' dir='ltr'><strong>ut</strong></span> <span class='ocrx_word' id='word_1_705' title='bbox 2357 3225 2522 3296; x_wconf 88' lang='lat' dir='ltr'><strong>piscis</strong></span> <span class='ocrx_word' id='word_1_706' title='bbox 2555 3232 2608 3280; x_wconf 90' lang='lat' dir='ltr'><strong>et</strong></span> <span class='ocrx_word' id='word_1_707' title='bbox 2659 3238 2897 3294; x_wconf 88' lang='lat' dir='ltr'><strong>serpens.</strong></span> <span class='ocrx_word' id='word_1_708' title='bbox 2939 3221 3187 3278; x_wconf 89' lang='lat' dir='ltr'><strong>Cerastes</strong></span> <span class='ocrx_word' id='word_1_709' title='bbox 3221 3239 3440 3293; x_wconf 90' lang='lat' dir='ltr'><strong>serpens</strong></span> <span class='ocrx_word' id='word_1_710' title='bbox 3485 3223 3661 3278; x_wconf 84' lang='lat' dir='ltr'><strong>dictus</strong></span> <span class='ocrx_word' id='word_1_711' title='bbox 3684 3260 3704 3289; x_wconf 88' lang='lat'><strong>,</strong></span> 
     </span>
    </p>
   </div>
   <div class='ocr_carea' id='block_1_91' title="bbox 2123 3303 3700 3387">
    <p class='ocr_par' dir='ltr' id='par_1_91' title="bbox 2123 3303 3700 3387">
     <span class='ocr_line' id='line_1_91' title="bbox 2123 3303 3700 3387; baseline -0.003 -15"><span class='ocrx_word' id='word_1_712' title='bbox 2123 3333 2188 3372; x_wconf 93' lang='lat' dir='ltr'><strong>eo</strong></span> <span class='ocrx_word' id='word_1_713' title='bbox 2235 3303 2381 3387; x_wconf 71' lang='lat' dir='ltr'><strong>quod</strong></span> <span class='ocrx_word' id='word_1_714' title='bbox 2424 3316 2477 3370; x_wconf 91' lang='lat' dir='ltr'><strong>in</strong></span> <span class='ocrx_word' id='word_1_715' title='bbox 2527 3315 2702 3385; x_wconf 90' lang='lat' dir='ltr'><strong>capite</strong></span> <span class='ocrx_word' id='word_1_716' title='bbox 2745 3329 2946 3369; x_wconf 91' lang='lat' dir='ltr'><strong>cornua</strong></span> <span class='ocrx_word' id='word_1_717' title='bbox 2993 3314 3153 3367; x_wconf 90' lang='lat' dir='ltr'><strong>habet</strong></span> <span class='ocrx_word' id='word_1_718' title='bbox 3197 3313 3391 3368; x_wconf 90' lang='lat' dir='ltr'><strong>similia</strong></span> <span class='ocrx_word' id='word_1_719' title='bbox 3445 3314 3700 3367; x_wconf 88' lang='lat' dir='ltr'><strong>arietum.</strong></span> 
     </span>
    </p>
   </div>
   <div class='ocr_carea' id='block_1_92' title="bbox 2123 3400 3699 3476">
    <p class='ocr_par' dir='ltr' id='par_1_92' title="bbox 2123 3400 3699 3476">
     <span class='ocr_line' id='line_1_92' title="bbox 2123 3400 3699 3476; baseline -0.003 -15"><span class='ocrx_word' id='word_1_720' title='bbox 2123 3406 2317 3462; x_wconf 88' lang='lat' dir='ltr'><strong>Cerata</strong></span> <span class='ocrx_word' id='word_1_721' title='bbox 2346 3405 2504 3476; x_wconf 73' lang='lat' dir='ltr'><strong>grmci</strong></span> <span class='ocrx_word' id='word_1_722' title='bbox 2537 3419 2732 3459; x_wconf 88' lang='lat' dir='ltr'><strong>cornua</strong></span> <span class='ocrx_word' id='word_1_723' title='bbox 2761 3403 2962 3458; x_wconf 89' lang='lat' dir='ltr'><strong>dicunt.</strong></span> <span class='ocrx_word' id='word_1_724' title='bbox 3001 3400 3138 3457; x_wconf 91' lang='lat' dir='ltr'><strong>Sunt</strong></span> <span class='ocrx_word' id='word_1_725' title='bbox 3163 3411 3344 3461; x_wconf 81' lang='lat' dir='ltr'><strong>autem</strong></span> <span class='ocrx_word' id='word_1_726' title='bbox 3371 3402 3444 3457; x_wconf 91' lang='lat' dir='ltr'><strong>illi</strong></span> <span class='ocrx_word' id='word_1_727' title='bbox 3476 3401 3699 3472; x_wconf 88' lang='lat' dir='ltr'><strong>quadri-</strong></span> 
     </span>
    </p>
   </div>
   <div class='ocr_carea' id='block_1_93' title="bbox 2123 3494 3705 3571">
    <p class='ocr_par' dir='ltr' id='par_1_93' title="bbox 2123 3494 3705 3571">
     <span class='ocr_line' id='line_1_93' title="bbox 2123 3494 3705 3571; baseline -0.003 -17"><span class='ocrx_word' id='word_1_728' title='bbox 2123 3500 2333 3571; x_wconf 91' lang='lat' dir='ltr'><strong>gemina</strong></span> <span class='ocrx_word' id='word_1_729' title='bbox 2363 3496 2652 3562; x_wconf 90' lang='lat' dir='ltr'><strong>cornicula,</strong></span> <span class='ocrx_word' id='word_1_730' title='bbox 2695 3510 2920 3565; x_wconf 90' lang='lat' dir='ltr'><strong>quorum</strong></span> <span class='ocrx_word' id='word_1_731' title='bbox 2957 3494 3315 3550; x_wconf 89' lang='lat' dir='ltr'><strong>ostentatione</strong></span> <span class='ocrx_word' id='word_1_732' title='bbox 3363 3494 3526 3548; x_wconf 86' lang='lat' dir='ltr'><strong>veluti</strong></span> <span class='ocrx_word' id='word_1_733' title='bbox 3575 3509 3705 3549; x_wconf 77' lang='lat' dir='ltr'><strong>esca</strong></span> 
     </span>
    </p>
   </div>
   <div class='ocr_carea' id='block_1_94' title="bbox 2123 3583 3722 3653">
    <p class='ocr_par' dir='ltr' id='par_1_94' title="bbox 2123 3583 3722 3653">
     <span class='ocr_line' id='line_1_94' title="bbox 2123 3583 3722 3653; baseline -0.003 -11"><span class='ocrx_word' id='word_1_734' title='bbox 2123 3587 2263 3643; x_wconf 91' lang='lat' dir='ltr'><strong>illice</strong></span> <span class='ocrx_word' id='word_1_735' title='bbox 2317 3586 2633 3650; x_wconf 88' lang='lat' dir='ltr'><strong>sollicitata,</strong></span> <span class='ocrx_word' id='word_1_736' title='bbox 2688 3583 2936 3638; x_wconf 90' lang='lat' dir='ltr'><strong>animalia</strong></span> <span class='ocrx_word' id='word_1_737' title='bbox 2998 3583 3236 3653; x_wconf 86' lang='lat' dir='ltr'><strong>perimit.</strong></span> <span class='ocrx_word' id='word_1_738' title='bbox 3301 3583 3494 3638; x_wconf 87' lang='lat' dir='ltr'><strong>Totum</strong></span> <span class='ocrx_word' id='word_1_739' title='bbox 3551 3583 3722 3639; x_wconf 64' lang='lat' dir='ltr'><strong>enim»</strong></span> 
     </span>
    </p>
   </div>
   <div class='ocr_carea' id='block_1_95' title="bbox 2123 3673 3700 3750">
    <p class='ocr_par' dir='ltr' id='par_1_95' title="bbox 2123 3673 3700 3750">
     <span class='ocr_line' id='line_1_95' title="bbox 2123 3673 3700 3750; baseline -0.005 -14"><span class='ocrx_word' id='word_1_740' title='bbox 2123 3695 2316 3750; x_wconf 90' lang='lat' dir='ltr'><strong>corpus</strong></span> <span class='ocrx_word' id='word_1_741' title='bbox 2358 3679 2486 3747; x_wconf 88' lang='lat' dir='ltr'><strong>tegit</strong></span> <span class='ocrx_word' id='word_1_742' title='bbox 2513 3677 2708 3740; x_wconf 90' lang='lat' dir='ltr'><strong>arenis,</strong></span> <span class='ocrx_word' id='word_1_743' title='bbox 2745 3689 2846 3729; x_wconf 92' lang='lat' dir='ltr'><strong>nec</strong></span> <span class='ocrx_word' id='word_1_744' title='bbox 2878 3674 3044 3728; x_wconf 90' lang='lat' dir='ltr'><strong>ullum</strong></span> <span class='ocrx_word' id='word_1_745' title='bbox 3082 3674 3339 3730; x_wconf 91' lang='lat' dir='ltr'><strong>indicium</strong></span> <span class='ocrx_word' id='word_1_746' title='bbox 3362 3674 3443 3729; x_wconf 91' lang='lat' dir='ltr'><strong>sui</strong></span> <span class='ocrx_word' id='word_1_747' title='bbox 3470 3673 3700 3743; x_wconf 67' lang='lat' dir='ltr'><strong>praebet,</strong></span> 
     </span>
    </p>
   </div>
   <div class='ocr_carea' id='block_1_96' title="bbox 2121 3763 3701 3836">
    <p class='ocr_par' dir='ltr' id='par_1_96' title="bbox 2121 3763 3701 3836">
     <span class='ocr_line' id='line_1_96' title="bbox 2121 3763 3701 3836; baseline -0.004 -12"><span class='ocrx_word' id='word_1_748' title='bbox 2121 3767 2224 3825; x_wconf 85' lang='lat' dir='ltr'><strong>nisi</strong></span> <span class='ocrx_word' id='word_1_749' title='bbox 2253 3783 2318 3823; x_wconf 83' lang='lat' dir='ltr'><strong>ex</strong></span> <span class='ocrx_word' id='word_1_750' title='bbox 2348 3783 2413 3822; x_wconf 88' lang='lat' dir='ltr'><strong>ea</strong></span> <span class='ocrx_word' id='word_1_751' title='bbox 2442 3776 2615 3836; x_wconf 87' lang='lat' dir='ltr'><strong>parte,</strong></span> <span class='ocrx_word' id='word_1_752' title='bbox 2667 3781 2772 3835; x_wconf 89' lang='lat' dir='ltr'><strong>qua</strong></span> <span class='ocrx_word' id='word_1_753' title='bbox 2825 3766 3079 3820; x_wconf 89' lang='lat' dir='ltr'><strong>invitatas</strong></span> <span class='ocrx_word' id='word_1_754' title='bbox 3123 3781 3252 3822; x_wconf 89' lang='lat' dir='ltr'><strong>aves</strong></span> <span class='ocrx_word' id='word_1_755' title='bbox 3309 3764 3393 3820; x_wconf 90' lang='lat' dir='ltr'><strong>vel</strong></span> <span class='ocrx_word' id='word_1_756' title='bbox 3444 3763 3701 3818; x_wconf 83' lang='lat' dir='ltr'><strong>animalia</strong></span> 
     </span>
    </p>
   </div>
   <div class='ocr_carea' id='block_1_97' title="bbox 2122 3855 3699 3930">
    <p class='ocr_par' dir='ltr' id='par_1_97' title="bbox 2122 3855 3699 3930">
     <span class='ocr_line' id='line_1_97' title="bbox 2122 3855 3699 3930; baseline -0.004 -16"><span class='ocrx_word' id='word_1_757' title='bbox 2122 3859 2283 3930; x_wconf 90' lang='lat' dir='ltr'><strong>capit.</strong></span> <span class='ocrx_word' id='word_1_758' title='bbox 2326 3857 2423 3912; x_wconf 89' lang='lat' dir='ltr'><strong>Est</strong></span> <span class='ocrx_word' id='word_1_759' title='bbox 2445 3865 2623 3912; x_wconf 90' lang='lat' dir='ltr'><strong>autem</strong></span> <span class='ocrx_word' id='word_1_760' title='bbox 2656 3856 2926 3912; x_wconf 85' lang='lat' dir='ltr'><strong>ﬂexuosus</strong></span> <span class='ocrx_word' id='word_1_761' title='bbox 2953 3855 3072 3927; x_wconf 90' lang='lat' dir='ltr'><strong>plus</strong></span> <span class='ocrx_word' id='word_1_762' title='bbox 3093 3864 3252 3926; x_wconf 80' lang='lat' dir='ltr'><strong>quam</strong></span> <span class='ocrx_word' id='word_1_763' title='bbox 3279 3855 3368 3909; x_wconf 83' lang='lat' dir='ltr'><strong>alii</strong></span> <span class='ocrx_word' id='word_1_764' title='bbox 3395 3862 3699 3924; x_wconf 82' lang='lat' dir='ltr'><strong>serpentes,</strong></span> 
     </span>
    </p>
   </div>
   <div class='ocr_carea' id='block_1_98' title="bbox 2123 3943 3703 4017">
    <p class='ocr_par' dir='ltr' id='par_1_98' title="bbox 2123 3943 3703 4017">
     <span class='ocr_line' id='line_1_98' title="bbox 2123 3943 3703 4017; baseline -0.004 -14"><span class='ocrx_word' id='word_1_765' title='bbox 2123 3951 2198 4003; x_wconf 88' lang='lat' dir='ltr'><strong>ita</strong></span> <span class='ocrx_word' id='word_1_766' title='bbox 2236 3956 2294 4002; x_wconf 92' lang='lat' dir='ltr'><strong>ut</strong></span> <span class='ocrx_word' id='word_1_767' title='bbox 2336 3948 2542 4017; x_wconf 90' lang='lat' dir='ltr'><strong>spinam</strong></span> <span class='ocrx_word' id='word_1_768' title='bbox 2577 3961 2680 4000; x_wconf 91' lang='lat' dir='ltr'><strong>non</strong></span> <span class='ocrx_word' id='word_1_769' title='bbox 2711 3947 2908 4001; x_wconf 92' lang='lat' dir='ltr'><strong>habere</strong></span> <span class='ocrx_word' id='word_1_770' title='bbox 2935 3945 3198 4000; x_wconf 91' lang='lat' dir='ltr'><strong>videatur.</strong></span> <span class='ocrx_word' id='word_1_771' title='bbox 3228 3943 3441 3998; x_wconf 89' lang='lat' dir='ltr'><strong>Colubri</strong></span> <span class='ocrx_word' id='word_1_772' title='bbox 3471 3943 3615 3996; x_wconf 91' lang='lat' dir='ltr'><strong>enim</strong></span> <span class='ocrx_word' id='word_1_773' title='bbox 3641 3948 3703 3997; x_wconf 80' lang='lat' dir='ltr'><strong>et</strong></span> 
     </span>
    </p>
   </div>
   <div class='ocr_carea' id='block_1_99' title="bbox 2122 4033 3702 4104">
    <p class='ocr_par' dir='ltr' id='par_1_99' title="bbox 2122 4033 3702 4104">
     <span class='ocr_line' id='line_1_99' title="bbox 2122 4033 3702 4104; baseline -0.004 -10"><span class='ocrx_word' id='word_1_774' title='bbox 2122 4048 2344 4094; x_wconf 61' lang='lat' dir='ltr'><strong>cerastae</strong></span> <span class='ocrx_word' id='word_1_775' title='bbox 2394 4039 2612 4093; x_wconf 89' lang='lat' dir='ltr'><strong>nomine</strong></span> <span class='ocrx_word' id='word_1_776' title='bbox 2647 4037 2890 4092; x_wconf 89' lang='lat' dir='ltr'><strong>diabolus</strong></span> <span class='ocrx_word' id='word_1_777' title='bbox 2913 4036 2996 4090; x_wconf 93' lang='lat' dir='ltr'><strong>vel</strong></span> <span class='ocrx_word' id='word_1_778' title='bbox 3025 4035 3387 4090; x_wconf 85' lang='lat' dir='ltr'><strong>Antichristus</strong></span> <span class='ocrx_word' id='word_1_779' title='bbox 3427 4033 3702 4104; x_wconf 83' lang='lat' dir='ltr'><strong>signiﬁca-</strong></span> 
     </span>
    </p>
   </div>
   <div class='ocr_carea' id='block_1_100' title="bbox 2122 4121 3700 4193">
    <p class='ocr_par' dir='ltr' id='par_1_100' title="bbox 2122 4121 3700 4193">
     <span class='ocr_line' id='line_1_100' title="bbox 2122 4121 3700 4193; baseline -0.003 -12"><span class='ocrx_word' id='word_1_780' title='bbox 2122 4135 2231 4192; x_wconf 92' lang='lat' dir='ltr'><strong>tur,</strong></span> <span class='ocrx_word' id='word_1_781' title='bbox 2262 4135 2321 4180; x_wconf 92' lang='lat' dir='ltr'><strong>ut</strong></span> <span class='ocrx_word' id='word_1_782' title='bbox 2345 4135 2428 4180; x_wconf 87' lang='lat' dir='ltr'><strong>est</strong></span> <span class='ocrx_word' id='word_1_783' title='bbox 2457 4123 2605 4188; x_wconf 89' lang='lat' dir='ltr'><strong>illud,</strong></span> <span class='ocrx_word' id='word_1_784' title='bbox 2632 4125 2774 4193; x_wconf 90' lang='lat' dir='ltr'><strong>quod</strong></span> <span class='ocrx_word' id='word_1_785' title='bbox 2798 4123 2964 4178; x_wconf 74' lang='lat' dir='ltr'><strong>Iacob</strong></span> <span class='ocrx_word' id='word_1_786' title='bbox 2986 4123 3288 4192; x_wconf 89' lang='lat' dir='ltr'><strong>patriarcha</strong></span> <span class='ocrx_word' id='word_1_787' title='bbox 3329 4122 3393 4177; x_wconf 91' lang='lat' dir='ltr'><strong>de</strong></span> <span class='ocrx_word' id='word_1_788' title='bbox 3438 4121 3556 4176; x_wconf 89' lang='lat' dir='ltr'><strong>Dan</strong></span> <span class='ocrx_word' id='word_1_789' title='bbox 3587 4121 3700 4177; x_wconf 81' lang='lat' dir='ltr'><strong>filio</strong></span> 
     </span>
    </p>
   </div>
   <div class='ocr_carea' id='block_1_101' title="bbox 2123 4211 3700 4286">
    <p class='ocr_par' dir='ltr' id='par_1_101' title="bbox 2123 4211 3700 4286">
     <span class='ocr_line' id='line_1_101' title="bbox 2123 4211 3700 4286; baseline -0.004 -15"><span class='ocrx_word' id='word_1_790' title='bbox 2123 4232 2216 4272; x_wconf 91' lang='lat' dir='ltr'><strong>suo</strong></span> <span class='ocrx_word' id='word_1_791' title='bbox 2244 4215 2601 4286; x_wconf 90' lang='lat' dir='ltr'><strong>prophetavit,</strong></span> <span class='ocrx_word' id='word_1_792' title='bbox 2640 4215 2824 4269; x_wconf 89' lang='lat' dir='ltr'><strong>dicens</strong></span> <span class='ocrx_word' id='word_1_793' title='bbox 2854 4231 2867 4266; x_wconf 85' lang='lat'><strong>:</strong></span> <span class='ocrx_word' id='word_1_794' title='bbox 2897 4212 3022 4266; x_wconf 84' lang='lat' dir='ltr'><strong>Fiat</strong></span> <span class='ocrx_word' id='word_1_795' title='bbox 3048 4213 3168 4266; x_wconf 87' lang='lat' dir='ltr'><strong>Dan</strong></span> <span class='ocrx_word' id='word_1_796' title='bbox 3190 4211 3397 4266; x_wconf 86' lang='lat' dir='ltr'><strong>coluber</strong></span> <span class='ocrx_word' id='word_1_797' title='bbox 3419 4211 3474 4264; x_wconf 87' lang='lat' dir='ltr'><strong>in</strong></span> <span class='ocrx_word' id='word_1_798' title='bbox 3504 4211 3625 4276; x_wconf 77' lang='lat' dir='ltr'><strong>via,</strong></span> <span class='ocrx_word' id='word_1_799' title='bbox 3646 4219 3700 4265; x_wconf 74' lang='lat' dir='ltr'><strong>et</strong></span> 
     </span>
    </p>
   </div>
   <div class='ocr_carea' id='block_1_102' title="bbox 2122 4302 3701 4374">
    <p class='ocr_par' dir='ltr' id='par_1_102' title="bbox 2122 4302 3701 4374">
     <span class='ocr_line' id='line_1_102' title="bbox 2122 4302 3701 4374; baseline -0.001 -16"><span class='ocrx_word' id='word_1_800' title='bbox 2122 4316 2342 4360; x_wconf 88' lang='lat' dir='ltr'><strong>cerastes</strong></span> <span class='ocrx_word' id='word_1_801' title='bbox 2384 4308 2438 4359; x_wconf 90' lang='lat' dir='ltr'><strong>in</strong></span> <span class='ocrx_word' id='word_1_802' title='bbox 2483 4307 2663 4359; x_wconf 89' lang='lat' dir='ltr'><strong>semita</strong></span> <span class='ocrx_word' id='word_1_803' title='bbox 2707 4305 2945 4359; x_wconf 86' lang='lat' dir='ltr'><strong>mordens</strong></span> <span class='ocrx_word' id='word_1_804' title='bbox 2990 4303 3214 4374; x_wconf 85' lang='lat' dir='ltr'><strong>ungulas</strong></span> <span class='ocrx_word' id='word_1_805' title='bbox 3243 4304 3400 4373; x_wconf 88' lang='lat' dir='ltr'><strong>equi,</strong></span> <span class='ocrx_word' id='word_1_806' title='bbox 3455 4311 3511 4355; x_wconf 85' lang='lat' dir='ltr'><strong>ut</strong></span> <span class='ocrx_word' id='word_1_807' title='bbox 3541 4302 3701 4356; x_wconf 68' lang='lat' dir='ltr'><strong>cadat</strong></span> 
     </span>
    </p>
   </div>
   <div class='ocr_carea' id='block_1_103' title="bbox 2122 4386 3700 4470">
    <p class='ocr_par' dir='ltr' id='par_1_103' title="bbox 2122 4386 3700 4470">
     <span class='ocr_line' id='line_1_103' title="bbox 2122 4386 3700 4470; baseline -0.003 -15"><span class='ocrx_word' id='word_1_808' title='bbox 2122 4417 2364 4455; x_wconf 86' lang='lat' dir='ltr'><strong>ascensor</strong></span> <span class='ocrx_word' id='word_1_809' title='bbox 2397 4400 2510 4470; x_wconf 88' lang='lat' dir='ltr'><strong>ejus</strong></span> <span class='ocrx_word' id='word_1_810' title='bbox 2565 4409 2698 4452; x_wconf 88' lang='lat' dir='ltr'><strong>retro</strong></span> <span class='ocrx_word' id='word_1_811' title='bbox 2741 4397 2893 4468; x_wconf 84' lang='lat' dir='ltr'><strong>(Gen.</strong></span> <span class='ocrx_word' id='word_1_812' title='bbox 2949 4397 3118 4469; x_wconf 68' lang='grc' dir='ltr'><strong>χιιι).</strong></span> <span class='ocrx_word' id='word_1_813' title='bbox 3176 4386 3294 4451; x_wconf 82' lang='lat' dir='ltr'><strong>Non</strong></span> <span class='ocrx_word' id='word_1_814' title='bbox 3343 4397 3512 4451; x_wconf 87' lang='lat' dir='ltr'><strong>solum</strong></span> <span class='ocrx_word' id='word_1_815' title='bbox 3551 4397 3700 4452; x_wconf 88' lang='lat' dir='ltr'><strong>enim</strong></span> 
     </span>
    </p>
   </div>
   <div class='ocr_carea' id='block_1_104' title="bbox 2123 4491 3692 4556">
    <p class='ocr_par' dir='ltr' id='par_1_104' title="bbox 2123 4491 3692 4556">
     <span class='ocr_line' id='line_1_104' title="bbox 2123 4491 3692 4556; baseline -0.003 -7"><span class='ocrx_word' id='word_1_816' title='bbox 2123 4493 2342 4549; x_wconf 88' lang='lat' dir='ltr'><strong>coluber</strong></span> <span class='ocrx_word' id='word_1_817' title='bbox 2395 4493 2773 4556; x_wconf 89' lang='lat' dir='ltr'><strong>antichristus,</strong></span> <span class='ocrx_word' id='word_1_818' title='bbox 2809 4491 2906 4545; x_wconf 92' lang='lat' dir='ltr'><strong>sed</strong></span> <span class='ocrx_word' id='word_1_819' title='bbox 2936 4491 3099 4544; x_wconf 89' lang='lat' dir='ltr'><strong>etiam</strong></span> <span class='ocrx_word' id='word_1_820' title='bbox 3148 4499 3387 4545; x_wconf 87' lang='lat' dir='ltr'><strong>cerastes</strong></span> <span class='ocrx_word' id='word_1_821' title='bbox 3440 4501 3692 4546; x_wconf 86' lang='lat' dir='ltr'><strong>vocatur.</strong></span> 
     </span>
    </p>
   </div>
   <div class='ocr_carea' id='block_1_105' title="bbox 2127 4573 3701 4656">
    <p class='ocr_par' dir='ltr' id='par_1_105' title="bbox 2127 4573 3701 4656">
     <span class='ocr_line' id='line_1_105' title="bbox 2127 4573 3701 4656; baseline 0 -14"><span class='ocrx_word' id='word_1_822' title='bbox 2127 4585 2320 4642; x_wconf 88' lang='lat' dir='ltr'><strong>Cerata</strong></span> <span class='ocrx_word' id='word_1_823' title='bbox 2376 4587 2517 4640; x_wconf 89' lang='lat' dir='ltr'><strong>enim</strong></span> <span class='ocrx_word' id='word_1_824' title='bbox 2563 4573 2748 4639; x_wconf 70' lang='lat' dir='ltr'><strong>Grrece</strong></span> <span class='ocrx_word' id='word_1_825' title='bbox 2786 4585 3037 4640; x_wconf 87' lang='lat' dir='ltr'><strong>dicuntur</strong></span> <span class='ocrx_word' id='word_1_826' title='bbox 3088 4598 3326 4649; x_wconf 89' lang='lat' dir='ltr'><strong>cornua,</strong></span> <span class='ocrx_word' id='word_1_827' title='bbox 3369 4599 3701 4656; x_wconf 83' lang='lat' dir='ltr'><strong>serpensquo</strong></span> 
     </span>
    </p>
   </div>
   <div class='ocr_carea' id='block_1_106' title="bbox 2127 4673 3699 4746">
    <p class='ocr_par' dir='ltr' id='par_1_106' title="bbox 2127 4673 3699 4746">
     <span class='ocr_line' id='line_1_106' title="bbox 2127 4673 3699 4746; baseline 0 -15"><span class='ocrx_word' id='word_1_828' title='bbox 2127 4677 2218 4731; x_wconf 92' lang='lat' dir='ltr'><strong>hic</strong></span> <span class='ocrx_word' id='word_1_829' title='bbox 2255 4683 2512 4730; x_wconf 91' lang='lat' dir='ltr'><strong>cornutus</strong></span> <span class='ocrx_word' id='word_1_830' title='bbox 2563 4689 2680 4728; x_wconf 88' lang='lat' dir='ltr'><strong>esse</strong></span> <span class='ocrx_word' id='word_1_831' title='bbox 2724 4673 2805 4745; x_wconf 91' lang='lat' dir='ltr'><strong>(ut</strong></span> <span class='ocrx_word' id='word_1_832' title='bbox 2833 4687 2997 4744; x_wconf 88' lang='lat' dir='ltr'><strong>supra</strong></span> <span class='ocrx_word' id='word_1_833' title='bbox 3023 4673 3459 4744; x_wconf 89' lang='lat' dir='ltr'><strong>memoravimus)</strong></span> <span class='ocrx_word' id='word_1_834' title='bbox 3511 4675 3699 4746; x_wconf 88' lang='lat' dir='ltr'><strong>perhi-</strong></span> 
     </span>
    </p>
   </div>
   <div class='ocr_carea' id='block_1_107' title="bbox 2127 4763 3703 4834">
    <p class='ocr_par' dir='ltr' id='par_1_107' title="bbox 2127 4763 3703 4834">
     <span class='ocr_line' id='line_1_107' title="bbox 2127 4763 3703 4834; baseline 0.001 -13"><span class='ocrx_word' id='word_1_835' title='bbox 2127 4768 2284 4821; x_wconf 91' lang='lat' dir='ltr'><strong>betur</strong></span> <span class='ocrx_word' id='word_1_836' title='bbox 2314 4783 2325 4818; x_wconf 92' lang='lat'><strong>:</strong></span> <span class='ocrx_word' id='word_1_837' title='bbox 2353 4779 2450 4833; x_wconf 87' lang='lat' dir='ltr'><strong>per</strong></span> <span class='ocrx_word' id='word_1_838' title='bbox 2474 4779 2631 4833; x_wconf 88' lang='lat' dir='ltr'><strong>quem</strong></span> <span class='ocrx_word' id='word_1_839' title='bbox 2660 4764 2819 4832; x_wconf 90' lang='lat' dir='ltr'><strong>digne</strong></span> <span class='ocrx_word' id='word_1_840' title='bbox 2863 4764 3122 4819; x_wconf 87' lang='lat' dir='ltr'><strong>adventus</strong></span> <span class='ocrx_word' id='word_1_841' title='bbox 3147 4763 3461 4818; x_wconf 82' lang='lat' dir='ltr'><strong>Antichristi</strong></span> <span class='ocrx_word' id='word_1_842' title='bbox 3502 4765 3703 4834; x_wconf 82' lang='lat' dir='ltr'><strong>asseri-</strong></span> 
     </span>
    </p>
   </div>
   <div class='ocr_carea' id='block_1_108' title="bbox 2131 4853 3704 4925">
    <p class='ocr_par' dir='ltr' id='par_1_108' title="bbox 2131 4853 3704 4925">
     <span class='ocr_line' id='line_1_108' title="bbox 2131 4853 3704 4925; baseline 0.003 -17"><span class='ocrx_word' id='word_1_843' title='bbox 2131 4863 2217 4908; x_wconf 91' lang='lat' dir='ltr'><strong>tur</strong></span> <span class='ocrx_word' id='word_1_844' title='bbox 2242 4873 2253 4908; x_wconf 89' lang='lat'>:</span> <span class='ocrx_word' id='word_1_845' title='bbox 2283 4855 2409 4923; x_wconf 90' lang='lat' dir='ltr'><strong>quia</strong></span> <span class='ocrx_word' id='word_1_846' title='bbox 2437 4862 2622 4908; x_wconf 91' lang='lat' dir='ltr'><strong>contra</strong></span> <span class='ocrx_word' id='word_1_847' title='bbox 2643 4853 2809 4908; x_wconf 90' lang='lat' dir='ltr'><strong>vitam</strong></span> <span class='ocrx_word' id='word_1_848' title='bbox 2830 4853 3066 4908; x_wconf 81' lang='lat' dir='ltr'><strong>fidelium</strong></span> <span class='ocrx_word' id='word_1_849' title='bbox 3087 4869 3209 4909; x_wconf 92' lang='lat' dir='ltr'><strong>cum</strong></span> <span class='ocrx_word' id='word_1_850' title='bbox 3231 4869 3412 4910; x_wconf 89' lang='lat' dir='ltr'><strong>morsu</strong></span> <span class='ocrx_word' id='word_1_851' title='bbox 3431 4855 3704 4925; x_wconf 69' lang='lat' dir='ltr'><strong>pestiferas</strong></span> 
     </span>
    </p>
   </div>
   <div class='ocr_carea' id='block_1_109' title="bbox 2129 4944 3698 5014">
    <p class='ocr_par' dir='ltr' id='par_1_109' title="bbox 2129 4944 3698 5014">
     <span class='ocr_line' id='line_1_109' title="bbox 2129 4944 3698 5014; baseline 0.003 -16"><span class='ocrx_word' id='word_1_852' title='bbox 2129 4944 2526 5014; x_wconf 73' lang='lat' dir='ltr'><strong>praedicationis</strong></span> <span class='ocrx_word' id='word_1_853' title='bbox 2552 4944 2850 4998; x_wconf 90' lang='lat' dir='ltr'><strong>armabitur</strong></span> <span class='ocrx_word' id='word_1_854' title='bbox 2895 4944 3057 4999; x_wconf 89' lang='lat' dir='ltr'><strong>etiam</strong></span> <span class='ocrx_word' id='word_1_855' title='bbox 3097 4945 3349 5000; x_wconf 91' lang='lat' dir='ltr'><strong>cornibus</strong></span> <span class='ocrx_word' id='word_1_856' title='bbox 3391 4947 3698 5014; x_wconf 87' lang='lat' dir='ltr'><strong>potestatis.</strong></span> 
     </span>
    </p>
   </div>
   <div class='ocr_carea' id='block_1_110' title="bbox 2130 5035 3703 5106">
    <p class='ocr_par' dir='ltr' id='par_1_110' title="bbox 2130 5035 3703 5106">
     <span class='ocr_line' id='line_1_110' title="bbox 2130 5035 3703 5106; baseline 0.001 -17"><span class='ocrx_word' id='word_1_857' title='bbox 2130 5035 2260 5103; x_wconf 88' lang='lat' dir='ltr'><strong>Quis</strong></span> <span class='ocrx_word' id='word_1_858' title='bbox 2287 5043 2466 5090; x_wconf 93' lang='lat' dir='ltr'><strong>autem</strong></span> <span class='ocrx_word' id='word_1_859' title='bbox 2496 5035 2699 5089; x_wconf 89' lang='lat' dir='ltr'><strong>nesciat</strong></span> <span class='ocrx_word' id='word_1_860' title='bbox 2723 5035 2971 5089; x_wconf 88' lang='lat' dir='ltr'><strong>semitam</strong></span> <span class='ocrx_word' id='word_1_861' title='bbox 2993 5037 3355 5106; x_wconf 89' lang='lat' dir='ltr'><strong>angustiorem</strong></span> <span class='ocrx_word' id='word_1_862' title='bbox 3374 5049 3493 5089; x_wconf 90' lang='lat' dir='ltr'><strong>esse</strong></span> <span class='ocrx_word' id='word_1_863' title='bbox 3539 5049 3703 5104; x_wconf 85' lang='lat' dir='ltr'><strong>quam</strong></span> 
     </span>
    </p>
   </div>
   <div class='ocr_carea' id='block_1_111' title="bbox 2127 5120 3703 5195">
    <p class='ocr_par' dir='ltr' id='par_1_111' title="bbox 2127 5120 3703 5195">
     <span class='ocr_line' id='line_1_111' title="bbox 2127 5120 3703 5195; baseline 0 -16"><span class='ocrx_word' id='word_1_864' title='bbox 2127 5124 2312 5179; x_wconf 86' lang='lat' dir='ltr'><strong>viam?</strong></span> <span class='ocrx_word' id='word_1_865' title='bbox 2344 5124 2430 5178; x_wconf 83' lang='lat' dir='ltr'><strong>Fit</strong></span> <span class='ocrx_word' id='word_1_866' title='bbox 2465 5139 2593 5195; x_wconf 84' lang='lat' dir='ltr'><strong>ergo</strong></span> <span class='ocrx_word' id='word_1_867' title='bbox 2641 5120 2847 5177; x_wconf 81' lang='lat' dir='ltr'><strong>coluber</strong></span> <span class='ocrx_word' id='word_1_868' title='bbox 2883 5125 2936 5177; x_wconf 89' lang='lat' dir='ltr'><strong>in</strong></span> <span class='ocrx_word' id='word_1_869' title='bbox 2985 5126 3065 5178; x_wconf 82' lang='lat' dir='ltr'><strong>via</strong></span> <span class='ocrx_word' id='word_1_870' title='bbox 3093 5139 3110 5175; x_wconf 92' lang='lat'><em>:</em></span> <span class='ocrx_word' id='word_1_871' title='bbox 3139 5125 3263 5193; x_wconf 88' lang='lat' dir='ltr'><strong>quia</strong></span> <span class='ocrx_word' id='word_1_872' title='bbox 3316 5124 3370 5177; x_wconf 90' lang='lat' dir='ltr'><strong>in</strong></span> <span class='ocrx_word' id='word_1_873' title='bbox 3417 5124 3703 5192; x_wconf 66' lang='lat' dir='ltr'><strong>praesentis</strong></span> 
     </span>
    </p>
   </div>
   <div class='ocr_carea' id='block_1_112' title="bbox 2128 5213 3700 5286">
    <p class='ocr_par' dir='ltr' id='par_1_112' title="bbox 2128 5213 3700 5286">
     <span class='ocr_line' id='line_1_112' title="bbox 2128 5213 3700 5286; baseline 0 -16"><span class='ocrx_word' id='word_1_874' title='bbox 2128 5218 2249 5272; x_wconf 74' lang='lat' dir='ltr'><strong>vitae</strong></span> <span class='ocrx_word' id='word_1_875' title='bbox 2274 5213 2609 5271; x_wconf 90' lang='lat' dir='ltr'><strong>latitudinem</strong></span> <span class='ocrx_word' id='word_1_876' title='bbox 2635 5232 2727 5271; x_wconf 90' lang='lat' dir='ltr'><strong>eos</strong></span> <span class='ocrx_word' id='word_1_877' title='bbox 2749 5215 3024 5270; x_wconf 89' lang='lat' dir='ltr'><strong>ambulare</strong></span> <span class='ocrx_word' id='word_1_878' title='bbox 3047 5223 3336 5286; x_wconf 87' lang='lat' dir='ltr'><strong>provocat,</strong></span> <span class='ocrx_word' id='word_1_879' title='bbox 3359 5214 3554 5286; x_wconf 91' lang='lat' dir='ltr'><strong>quibus</strong></span> <span class='ocrx_word' id='word_1_880' title='bbox 3573 5229 3700 5284; x_wconf 87' lang='lat' dir='ltr'><strong>par-</strong></span> 
     </span>
    </p>
   </div>
   <div class='ocr_carea' id='block_1_113' title="bbox 2128 5297 3701 5376">
    <p class='ocr_par' dir='ltr' id='par_1_113' title="bbox 2128 5297 3701 5376">
     <span class='ocr_line' id='line_1_113' title="bbox 2128 5297 3701 5376; baseline -0.001 -13"><span class='ocrx_word' id='word_1_881' title='bbox 2128 5309 2298 5364; x_wconf 88' lang='lat' dir='ltr'><strong>cendo</strong></span> <span class='ocrx_word' id='word_1_882' title='bbox 2321 5309 2471 5376; x_wconf 87' lang='lat' dir='ltr'><strong>quasi</strong></span> <span class='ocrx_word' id='word_1_883' title='bbox 2495 5307 2768 5362; x_wconf 88' lang='lat' dir='ltr'><strong>blanditur</strong></span> <span class='ocrx_word' id='word_1_884' title='bbox 2803 5321 2818 5359; x_wconf 87' lang='lat'><strong>:</strong></span> <span class='ocrx_word' id='word_1_885' title='bbox 2852 5297 2946 5360; x_wconf 91' lang='lat' dir='ltr'><strong>sed</strong></span> <span class='ocrx_word' id='word_1_886' title='bbox 2984 5307 3038 5358; x_wconf 86' lang='lat' dir='ltr'><strong>in</strong></span> <span class='ocrx_word' id='word_1_887' title='bbox 3063 5307 3145 5359; x_wconf 85' lang='lat' dir='ltr'><strong>via</strong></span> <span class='ocrx_word' id='word_1_888' title='bbox 3171 5305 3388 5365; x_wconf 85' lang='lat' dir='ltr'><strong>mordet,</strong></span> <span class='ocrx_word' id='word_1_889' title='bbox 3415 5304 3541 5374; x_wconf 91' lang='lat' dir='ltr'><strong>quia</strong></span> <span class='ocrx_word' id='word_1_890' title='bbox 3567 5318 3662 5361; x_wconf 84' lang='lat' dir='ltr'><strong>eos</strong></span> <span class='ocrx_word' id='word_1_891' title='bbox 3681 5341 3701 5372; x_wconf 82' lang='lat'><strong>,</strong></span> 
     </span>
    </p>
   </div>
   <div class='ocr_carea' id='block_1_114' title="bbox 2130 5395 3701 5468">
    <p class='ocr_par' dir='ltr' id='par_1_114' title="bbox 2130 5395 3701 5468">
     <span class='ocr_line' id='line_1_114' title="bbox 2130 5395 3701 5468; baseline -0.001 -16"><span class='ocrx_word' id='word_1_892' title='bbox 2130 5399 2321 5468; x_wconf 85' lang='lat' dir='ltr'><strong>quibus</strong></span> <span class='ocrx_word' id='word_1_893' title='bbox 2349 5399 2651 5452; x_wconf 88' lang='lat' dir='ltr'><strong>libertatem</strong></span> <span class='ocrx_word' id='word_1_894' title='bbox 2679 5395 2887 5461; x_wconf 90' lang='lat' dir='ltr'><strong>tribuit,</strong></span> <span class='ocrx_word' id='word_1_895' title='bbox 2918 5396 3120 5449; x_wconf 89' lang='lat' dir='ltr'><strong>erroris</strong></span> <span class='ocrx_word' id='word_1_896' title='bbox 3147 5397 3231 5449; x_wconf 90' lang='lat' dir='ltr'><strong>sui</strong></span> <span class='ocrx_word' id='word_1_897' title='bbox 3262 5409 3468 5450; x_wconf 88' lang='lat' dir='ltr'><strong>veneno</strong></span> <span class='ocrx_word' id='word_1_898' title='bbox 3502 5409 3701 5451; x_wconf 75' lang='lat' dir='ltr'><strong>conso-</strong></span> 
     </span>
    </p>
   </div>
   <div class='ocr_carea' id='block_1_115' title="bbox 2128 5483 3706 5556">
    <p class='ocr_par' dir='ltr' id='par_1_115' title="bbox 2128 5483 3706 5556">
     <span class='ocr_line' id='line_1_115' title="bbox 2128 5483 3706 5556; baseline -0.002 -13"><span class='ocrx_word' id='word_1_899' title='bbox 2128 5489 2243 5543; x_wconf 88' lang='lat' dir='ltr'><strong>mit.</strong></span> <span class='ocrx_word' id='word_1_900' title='bbox 2276 5488 2360 5541; x_wconf 87' lang='lat' dir='ltr'><strong>Fit</strong></span> <span class='ocrx_word' id='word_1_901' title='bbox 2386 5489 2578 5541; x_wconf 89' lang='lat' dir='ltr'><strong>iterum</strong></span> <span class='ocrx_word' id='word_1_902' title='bbox 2613 5495 2832 5540; x_wconf 88' lang='lat' dir='ltr'><strong>cerastes</strong></span> <span class='ocrx_word' id='word_1_903' title='bbox 2859 5487 2910 5538; x_wconf 89' lang='lat' dir='ltr'><strong>in</strong></span> <span class='ocrx_word' id='word_1_904' title='bbox 2939 5486 3125 5539; x_wconf 87' lang='lat' dir='ltr'><strong>semita</strong></span> <span class='ocrx_word' id='word_1_905' title='bbox 3156 5499 3173 5537; x_wconf 91' lang='lat'><strong><em>:</em></strong></span> <span class='ocrx_word' id='word_1_906' title='bbox 3199 5486 3320 5553; x_wconf 88' lang='lat' dir='ltr'><strong>quia</strong></span> <span class='ocrx_word' id='word_1_907' title='bbox 3353 5499 3489 5556; x_wconf 85' lang='lat' dir='ltr'><strong>quos</strong></span> <span class='ocrx_word' id='word_1_908' title='bbox 3518 5483 3706 5540; x_wconf 81' lang='lat' dir='ltr'><strong>ﬁdeles</strong></span> 
     </span>
    </p>
   </div>
   <div class='ocr_carea' id='block_1_116' title="bbox 2130 5576 3705 5650">
    <p class='ocr_par' dir='ltr' id='par_1_116' title="bbox 2130 5576 3705 5650">
     <span class='ocr_line' id='line_1_116' title="bbox 2130 5576 3705 5650; baseline -0.002 -15"><span class='ocrx_word' id='word_1_909' title='bbox 2130 5581 2329 5650; x_wconf 89' lang='lat' dir='ltr'><strong>reperit</strong></span> <span class='ocrx_word' id='word_1_910' title='bbox 2355 5621 2369 5645; x_wconf 96' lang='lat'><strong>,</strong></span> <span class='ocrx_word' id='word_1_911' title='bbox 2402 5590 2454 5635; x_wconf 89' lang='lat' dir='ltr'><strong>et</strong></span> <span class='ocrx_word' id='word_1_912' title='bbox 2480 5594 2598 5634; x_wconf 90' lang='lat' dir='ltr'><strong>sese</strong></span> <span class='ocrx_word' id='word_1_913' title='bbox 2628 5578 2691 5632; x_wconf 89' lang='lat' dir='ltr'><strong>ad</strong></span> <span class='ocrx_word' id='word_1_914' title='bbox 2719 5579 2967 5648; x_wconf 68' lang='lat' dir='ltr'><strong>praecepti</strong></span> <span class='ocrx_word' id='word_1_915' title='bbox 2990 5577 3227 5634; x_wconf 71' lang='lat' dir='ltr'><strong>cmlestis</strong></span> <span class='ocrx_word' id='word_1_916' title='bbox 3256 5584 3480 5649; x_wconf 84' lang='lat' dir='ltr'><strong>angusta</strong></span> <span class='ocrx_word' id='word_1_917' title='bbox 3509 5576 3705 5632; x_wconf 70' lang='lat' dir='ltr'><strong>itinera</strong></span> 
     </span>
    </p>
   </div>
   <div class='ocr_carea' id='block_1_117' title="bbox 2131 5671 3706 5740">
    <p class='ocr_par' dir='ltr' id='par_1_117' title="bbox 2131 5671 3706 5740">
     <span class='ocr_line' id='line_1_117' title="bbox 2131 5671 3706 5740; baseline -0.003 -14"><span class='ocrx_word' id='word_1_918' title='bbox 2131 5675 2562 5740; x_wconf 84' lang='lat' dir='ltr'><strong>constringentes</strong></span> <span class='ocrx_word' id='word_1_919' title='bbox 2586 5713 2600 5737; x_wconf 98' lang='lat'><strong>,</strong></span> <span class='ocrx_word' id='word_1_920' title='bbox 2649 5687 2755 5728; x_wconf 90' lang='lat' dir='ltr'><strong>non</strong></span> <span class='ocrx_word' id='word_1_921' title='bbox 2787 5671 2955 5726; x_wconf 92' lang='lat' dir='ltr'><strong>solum</strong></span> <span class='ocrx_word' id='word_1_922' title='bbox 2984 5671 3223 5740; x_wconf 86' lang='lat' dir='ltr'><strong>nequitia</strong></span> <span class='ocrx_word' id='word_1_923' title='bbox 3247 5671 3454 5726; x_wconf 76' lang='lat' dir='ltr'><strong>callidae</strong></span> <span class='ocrx_word' id='word_1_924' title='bbox 3481 5681 3706 5739; x_wconf 86' lang='lat' dir='ltr'><strong>persua-</strong></span> 
     </span>
    </p>
   </div>
   <div class='ocr_carea' id='block_1_118' title="bbox 2135 5758 3702 5835">
    <p class='ocr_par' dir='ltr' id='par_1_118' title="bbox 2135 5758 3702 5835">
     <span class='ocr_line' id='line_1_118' title="bbox 2135 5758 3702 5835; baseline -0.006 -13"><span class='ocrx_word' id='word_1_925' title='bbox 2135 5767 2299 5822; x_wconf 90' lang='lat' dir='ltr'><strong>sionis</strong></span> <span class='ocrx_word' id='word_1_926' title='bbox 2326 5765 2575 5835; x_wconf 85' lang='lat' dir='ltr'><strong>impedit;</strong></span> <span class='ocrx_word' id='word_1_927' title='bbox 2611 5765 2704 5820; x_wconf 86' lang='lat' dir='ltr'><strong>sed</strong></span> <span class='ocrx_word' id='word_1_928' title='bbox 2730 5765 2892 5822; x_wconf 88' lang='lat' dir='ltr'><strong>etiam</strong></span> <span class='ocrx_word' id='word_1_929' title='bbox 2927 5773 3134 5820; x_wconf 89' lang='lat' dir='ltr'><strong>terrore</strong></span> <span class='ocrx_word' id='word_1_930' title='bbox 3169 5763 3454 5834; x_wconf 85' lang='lat' dir='ltr'><strong>potestatis</strong></span> <span class='ocrx_word' id='word_1_931' title='bbox 3482 5758 3702 5831; x_wconf 88' lang='lat' dir='ltr'><strong>premit,</strong></span> 
     </span>
    </p>
   </div>
  </div>
