3930 6294
231 417 339 474 939

1211 409 1295 463 DE
1333 405 1681 463 UNIVERSO
1720 402 1900 458 LIBRI
1934 401 2094 458 XXII.
2122 433 2204 445 --—
2238 404 2365 459 LIB.
2405 404 2536 461 VIII.

241 539 297 586 et
322 529 376 584 in
405 526 810 598 persecutionis
837 537 1034 596 angore
1062 530 1182 594 post
1207 520 1466 577 beneﬁcia
1520 518 1657 573 ﬁcta:
1711 515 1826 569 dul—
1852 515 1904 574 Α
1928 527 1957 565 a
1981 513 2202 568 venenis
2233 528 2246 566 :
2276 514 2367 568 sed
2400 513 2522 569 ideo
2551 513 2677 569 huic
2704 513 2769 568 ad
2796 520 3022 569 mortem
3063 515 3358 573 taciendam
3407 535 3496 577 ve-

246 620 453 679 cedinis
479 626 704 673 exercet
733 630 934 670 cornua
961 614 1262 684 potestatis.
1286 611 1402 676 Quo
1421 609 1484 663 in
1517 609 1637 663 loco
1657 620 1826 676 equus

252 715 394 769 hunc
427 709 691 765 mundum
741 707 1018 770 insinuat,
1067 704 1158 774 qui
1194 717 1294 772 per
1335 693 1646 755 elationem.
1674 711 1828 752 suam

252 805 306 859 in
342 813 504 857 cursu
551 797 847 853 labentium
877 805 1174 866 temporum
1213 798 1459 860 spumat,
1487 798 1542 842 et
1567 788 1691 858 quia
1718 787 1830 842 An-

257 892 539 948 tichristus
590 897 834 943 extrema
888 885 1072 941 mundi
1128 879 1532 953 apprehendere
1594 879 1826 932 nititur:

263 989 507 1037 cerastes
532 976 619 1033 ille
650 979 772 1047 equi
809 974 1038 1047 ungulas
1064 971 1310 1027 mordere
1347 967 1680 1040 perhibemr.
1714 966 1829 1022 Un-

256 1069 437 1142 gulam
483 1071 680 1140 quippe
723 1069 847 1138 equi
876 1065 1119 1122 mordere
1141 1070 1224 1119 est
1247 1072 1488 1118 extrema
1525 1059 1710 1116 saeculi
1750 1058 1827 1114 fe-

253 1159 446 1226 rieudo
499 1165 808 1229 contingere
857 1177 869 1212 :
909 1155 976 1211 Ut
1029 1156 1182 1210 cadat
1226 1170 1471 1209 ascensor
1503 1154 1616 1224 ejus
1669 1162 1822 1208 retro.

211 1320 217 1328 _
258 1253 526 1308 Asceusor
561 1252 685 1318 equi
723 1259 842 1316 est,
891 1248 1130 1319 quisquis
1186 1241 1460 1302 extollitur
1497 1239 1554 1298 in
1599 1243 1828 1314 dignita-

255 1342 402 1398 tibus
443 1342 625 1397 mundi
654 1340 746 1410 qui
781 1346 928 1394 retro
980 1344 1171 1393 cadere
1219 1336 1453 1400 dicitur,
1504 1344 1560 1390 et
1612 1349 1716 1388 non
1772 1332 1828 1387 in

252 1427 496 1493 faciem,
534 1433 672 1484 sicut
717 1427 911 1484 Saulus
937 1427 1193 1483 cecidisse
1228 1433 1575 1481 memoratur.
1603 1423 1662 1478 In
1688 1423 1828 1479 facie

252 1520 402 1574 enim
428 1524 624 1574 cadere
649 1525 731 1573 est
757 1519 812 1572 in
836 1519 938 1572 hac
961 1516 1070 1572 vita
1103 1529 1227 1570 suas
1251 1527 1690 1584 unumquemque
1719 1511 1830 1566 cui-

255 1623 356 1679 pas
400 1624 724 1680 cognoscere
748 1650 761 1675 ,
814 1623 1011 1678 easque
1056 1606 1365 1677 paenitendo
1413 1605 1630 1660 deﬂere.
1660 1605 1828 1661 Retro

253 1711 386 1753 vero
411 1739 425 1765 ,
471 1714 576 1772 quo
625 1715 729 1754 non
758 1701 989 1762 videtur,
1019 1700 1233 1761 cadere,
1265 1705 1344 1750 est
1384 1710 1450 1749 ex
1474 1697 1576 1749 hac
1599 1695 1710 1748 vita
1740 1706 1834 1748 rea

253 1794 418 1856 pente
444 1787 700 1842 decedere
726 1825 741 1851 ,
784 1793 840 1839 et
865 1786 931 1840 ad
959 1799 1076 1853 quae
1101 1783 1356 1853 supplicia
1387 1782 1640 1847 ducatur,
1671 1782 1825 1852 igno«

1899 619 1902 621 λ
1929 618 2065 658 uena
2098 619 2203 658 non
2235 618 2356 658 esse
2383 606 2709 669 necessaria,
2740 605 2864 674 quia
2900 605 2945 659 si
2991 609 3151 674 quem
3181 607 3359 678 l-igarit
3400 626 3495 668 oc-

1928 692 2077 747 cidit.
2128 692 2173 745 A
2213 707 2319 760 quo
2365 707 2464 747 nec
2510 694 2728 764 elephas
2772 702 2921 748 tutus
2969 701 3055 749 est
3116 695 3199 749 sui
3255 700 3495 766 corporis

1930 781 2318 852 magnitudine.
2368 780 2503 835 Nam
2543 783 2688 838 circa
2736 783 2956 838 semitas
3010 784 3349 851 delitescens,
3400 802 3496 856 per

1931 887 2065 941 quas
2124 871 2393 940 elephanti
2459 872 2600 938 soliti
2660 873 3016 943 gradiuntur,
3081 888 3241 928 crura
3307 889 3495 931 eorum

1931 964 2084 1018 nodis
2120 963 2312 1032 illigat,
2369 978 2432 1018 ac
2465 962 2752 1020 suﬂ'oc'atos
2813 963 3050 1034 perimit.
3106 964 3352 1033 Gignitur
3396 981 3493 1020 au-

1933 1064 2039 1108 tem
2074 1056 2127 1109 in
2160 1054 2434 1124 Aithiopia
2488 1063 2556 1108 et
2589 1054 2737 1110 India
2788 1056 2842 1110 in
2891 1057 3007 1125 ipse
3063 1055 3310 1112 incendio
3355 1058 3500 1127 jugis

1930 1159 2111 1204 aestus.
2160 1149 2381 1220 Mystice
2425 1151 2587 1204 draco
2637 1159 2733 1204 aut
2775 1151 3044 1205 diabolum
3088 1152 3374 1223 signiﬁcat,
3407 1161 3500 1210 aut

1930 1241 2208 1296 ministros
2249 1241 2420 1318 ejus,
2451 1242 2535 1297 vel
2578 1242 2745 1296 etiam
2791 1244 3162 1310 persecutores
3206 1244 3497 1313 Ecclesiae,

1931 1335 2175 1390 homines
2203 1335 2478 1399 nefandos,
2506 1333 2659 1402 cujus
2685 1334 3001 1406 mysterium
3021 1335 3075 1389 in
3097 1334 3338 1404 pluribus
3367 1336 3500 1394 locis

1933 1422 2226 1492 Scriptura:
2253 1425 2544 1479 invenitur.
2586 1424 2724 1479 Nam
2768 1425 2820 1478 in
2851 1424 3112 1480 Psalterio
3145 1426 3213 1480 de
3243 1427 3345 1482 hoc
3373 1428 3502 1483 scri-

1930 1518 2079 1581 ptum
2115 1520 2225 1576 est,
2280 1521 2335 1567 et
2374 1513 2428 1568 in
2472 1514 2611 1568 libro
2651 1513 2790 1580 Job,
2823 1525 2926 1568 nec
2963 1515 3154 1569 nonin
3176 1515 3501 1587 Apocalypsi

1931 1591 2175 1658 Joannis.
2205 1604 2445 1673 Denique
2476 1593 2758 1659 Psalmista
2785 1605 2920 1659 dicit
2947 1621 2961 1659 :
2999 1604 3076 1659 Tu
3105 1607 3426 1676 conﬁrmasti
3447 1609 3504 1662 in

1931 1695 2119 1748 uirtute
2146 1703 2236 1752 tua
2264 1707 2428 1759 mare,
2461 1689 2818 1750 contribulasti
2843 1696 3014 1767 capita
3036 1697 3326 1751 draconum
3351 1710 3506 1767 super

1931 1799 2094 1853 aquas
2134 1784 2305 1854 (Psal.
2331 1784 2543 1855 Lxxm).
2579 1783 2934 1840 Conﬂrmavit
2959 1787 3102 1840 enim
3130 1786 3298 1842 Rubri
3335 1788 3502 1844 maris

253 1889 401 1929 rare.
433 1874 501 1930 Et
527 1875 650 1946 quia
680 1872 862 1928 Iudaea
907 1873 1108 1928 erroris
1157 1873 1237 1926 sui
1290 1872 1496 1940 laqueis
1526 1879 1691 1941 capta.
1729 1887 1828 1941 pro
1854 1875 1903 1934 B
1933 1873 2163 1942 liquidos
2203 1868 2423 1943 abyssos
2449 1914 2463 1939 ,
2517 1874 2732 1943 quando
2773 1875 2828 1927 in
2872 1874 3079 1929 duobus
3127 1875 3384 1932 lateribus
3427 1878 3507 1932 sic

251 1963 473 2021 Christo
505 1957 896 2020 Antichristum
922 1965 1200 2036 exspectat
1229 1981 1243 2017 :
1272 1965 1406 2020 bene
1433 1964 1599 2019 Jacob
1635 1963 1826 2019 eodem

250 2054 373 2110 loco
399 2062 616 2124 repente
637 2055 690 2108 in
715 2055 1005 2110 electorum
1028 2069 1160 2109 voce
1182 2069 1472 2110 conversus
1493 2062 1595 2120 est,
1610 2055 1824 2110 dicens:

254 2140 502 2200 Salutare
544 2155 692 2200 tuum
720 2148 1024 2217 exspectabo
1051 2185 1066 2210 ,
1109 2144 1330 2199 Domine
1365 2144 1516 2215 (Gen.
1565 2146 1744 2214 xux);
1774 2145 1830 2199 id

250 2245 354 2299 est,
403 2244 511 2289 non
557 2236 697 2289 sicut
721 2234 960 2289 inﬁdeles
983 2233 1374 2290 Antichristum
1395 2275 1408 2299 ,
1443 2233 1536 2289 sed
1564 2249 1708 2297 eum,
1736 2234 1831 2303 qui

252 2327 306 2381 in
338 2325 760 2394 redemptionem
781 2331 1017 2381 nostram
1044 2334 1306 2379 venturus
1324 2331 1426 2389 est,
1447 2315 1636 2386 verum,
1669 2324 1832 2377 credo

252 2411 486 2470 ﬁdeliter
515 2415 808 2470 Christum.
864 2414 1097 2485 Serpens
1146 2423 1325 2468 autem
1361 2429 1552 2468 nomen
1577 2414 1782 2482 accepit
1811 2455 1826 2478 ,

251 2504 378 2573 quia
403 2503 631 2579 occultis
653 2501 958 2558 accessibus
983 2500 1181 2571 serpit:
1205 2516 1313 2555 non
1340 2500 1538 2569 apertis
1558 2500 1825 2569 passibus,

253 2599 348 2653 Sed
408 2605 755 2666 squamarum
820 2595 1193 2649 minutissimis
1255 2594 1462 2647 nisibus
1525 2593 1679 2661 repit.
1733 2592 1826 2646 Illa

253 2689 470 2743 autem,
519 2693 638 2748 quae
688 2687 920 2747 quatuor
963 2676 1187 2747 pedibus
1231 2678 1511 2740 nituntur,
1565 2678 1704 2730 sicut
1752 2676 1835 2728 la-

253 2768 390 2822 certi
427 2774 485 2820 et
524 2763 832 2828 stelliones,
868 2779 976 2819 non
1019 2772 1314 2832 serpentes,
1358 2763 1450 2818 sed
1484 2763 1691 2832 reptilia
1735 2778 1831 2818 no-

253 2857 547 2910 minantur.
580 2855 868 2926 Serpentes
897 2864 1076 2910 autem
1111 2855 1319 2924 reptilia
1359 2861 1512 2918 sunt,
1557 2855 1682 2923 quia
1731 2870 1828 2924 pe-

251 2957 404 3003 ctore
449 2956 504 3002 et
547 2955 733 3001 ventre
778 2953 1020 3016 reptant,
1062 2961 1288 3015 quorum
1329 2955 1406 2999 tot
1444 2959 1648 3000 venena
1701 2954 1832 3015 quot

255 3031 454 3108 genera
479 3077 494 3103 ,
553 3045 631 3090 tot
671 3036 937 3105 pernicies
981 3045 1110 3105 quot
1168 3035 1374 3105 species
1399 3075 1414 3100 ,
1465 3045 1545 3090 tot
1613 3035 1827 3091 dolores

252 3133 386 3196 quot
430 3125 639 3181 colores
687 3124 978 3178 habentur.
1034 3123 1268 3193 Serpens
1320 3131 1498 3177 autem
1555 3123 1828 3178 diabolum

1935 1977 2074 2031 aqua
2117 1963 2287 2016 divisa
2337 1970 2460 2029 est,
2503 1971 2564 2016 ut
2614 1976 2763 2018 mare
2798 1964 3110 2033 navigerum
3157 1964 3267 2019 iter
3303 1964 3512 2022 iaceret

1933 2066 2052 2107 esse
2111 2059 2406 2106 terrenum.
2454 2050 2751 2106 Contrivisti
2791 2053 2965 2122 capita
3015 2052 3305 2108 draconum
3349 2071 3506 2124 super

1934 2156 2096 2211 aquas
2117 2180 2129 2204 ,
2181 2141 2496 2210 mysterium
2530 2141 2824 2209 supuioris
2853 2141 3098 2195 miraculi
3133 2143 3381 2197 decenter
3408 2157 3505 2197 ex-

1935 2229 2085 2296 ponit
2119 2247 2130 2281 :
2162 2229 2286 2298 quia
2338 2229 2426 2282 illa
2478 2229 2837 2300 praeﬁguratio
2865 2231 3125 2286 transitus
3149 2232 3314 2287 maris
3338 2231 3508 2289 Rubri

1935 2331 2104 2388 aquas
2128 2320 2299 2373 sancti
2330 2317 2666 2388 baptismatis
2712 2321 2984 2375 indicabat
3005 2361 3020 2386 ,
3065 2322 3154 2376 ubi
3179 2321 3357 2391 capita
3385 2323 3510 2378 dru-

1934 2421 2149 2471 conum,
2193 2407 2247 2460 id
2285 2414 2399 2472 est,
2461 2407 2681 2477 spiritus
2713 2409 3106 2464 immundon
3145 2411 3510 2479 producuntur

1935 2496 2002 2549 ad
2047 2495 2271 2550 nihilum
2299 2536 2313 2561 ,
2365 2497 2579 2566 quando
2626 2499 2833 2553 animas
2858 2538 2873 2564 ,
2896 2514 3036 2569 quas
3062 2500 3139 2554 illi
3165 2511 3511 2570 peccatorum

1936 2585 2183 2638 sordibus
2217 2587 2501 2654 inquinant
2527 2627 2540 2651 ,
2592 2587 2712 2642 fons
2748 2589 3001 2644 salutaris
3040 2590 3314 2645 eniundat.
3349 2591 3505 2658 Quod

1937 2683 2114 2728 autem
2146 2662 2362 2730 additur
2391 2691 2406 2730 :
2436 2676 2514 2730 Tu
2545 2678 2840 2748 corfregisti
2869 2687 3020 2748 caput
3044 2679 3289 2734 draconis
3313 2681 3509 2752 magni,

1923 2771 1990 2836 et
2014 2773 2207 2818 caetera
2236 2763 2455 2834 (Ibid.);
2488 2781 2610 2819 cum
2653 2769 2902 2836 superius
2939 2765 3136 2820 dixerit
3173 2767 3363 2837 plurali
3406 2783 3510 2824 nu-

1937 2869 2105 2918 mero,
2155 2856 2327 2924 capita
2353 2855 2658 2920 draconum,
2690 2855 2994 2926 signiﬁcare
3029 2856 3211 2911 volens
3237 2858 3507 2927 nequitias

1936 2947 2207 3016 spiritales
2242 2964 2255 3001 :
2289 2948 2448 3002 modo
2473 2947 2731 3016 singulari
2763 2962 2986 3002 numero
3025 2949 3174 3016 ponit
3196 2948 3506 3014 draconem,

1941 3043 2001 3089 ut
2027 3036 2201 3103 ipsum
2226 3036 2390 3090 Satan
2419 3037 2661 3091 indicare
2685 3037 2958 3103 videatur,
2989 3037 3085 3112 qui
3109 3047 3371 3106 quantum
3401 3038 3510 3094 for-

1939 3125 2085 3190 tior,
2133 3133 2343 3179 tantum
2393 3125 2666 3193 nequior:
2700 3133 2756 3181 et
2799 3142 2924 3181 cum
2978 3127 3234 3197 singulari
3287 3143 3513 3184 numero

253 3214 556 3288 signiﬁcat,
595 3222 654 3268 ut
691 3221 776 3268 est
815 3214 945 3268 illud
968 3205 1028 3267 In
1056 3213 1254 3268 Genesi
1285 3223 1302 3266 :
1333 3213 1553 3283 Serpens
1588 3222 1702 3267 erat
1729 3214 1836 3266 cal-
1861 3206 1910 3272 C
1939 3217 2180 3287 ponitur,
2226 3218 2367 3272 inter
2407 3218 2673 3289 malignos
2720 3221 2943 3290 spiritus
2998 3222 3245 3277 habitare
3297 3222 3513 3292 penitus

249 3304 413 3359 δόξαν
442 3305 644 3356 cunctis
671 3303 1023 3382 animantibus
1059 3311 1212 3356 terra:
1243 3301 1393 3372 (Gen.
1427 3303 1540 3372 ιιι);
1594 3312 1689 3358 aut
1722 3319 1838 3358 ma.

248 3390 461 3448 litiosos
511 3393 757 3447 homines
803 3402 965 3459 atque
1017 3391 1301 3462 haereticos
1327 3431 1342 3455 ,
1374 3394 1440 3446 de
1463 3395 1660 3461 quibus
1685 3394 1838 3448 Psal-

251 3488 412 3542 mista
445 3487 521 3541 ait
554 3503 566 3540 :
597 3487 862 3541 Acuerunt
899 3484 1104 3554 linguas
1140 3499 1266 3537 suas
1294 3521 1308 3549 ,
1354 3484 1488 3537 sicut
1519 3493 1784 3554 serpentes
1813 3497 1834 3536 :

251 3593 502 3632 venenum
546 3575 786 3644 aspidm
813 3573 907 3627 sub
935 3573 1085 3626 labiis
1116 3589 1293 3626 eorum
1321 3570 1492 3642 (Psal.
1541 3573 1680 3643 xm).
1710 3571 1836 3627 Pul-

253 3667 386 3722 chre
421 3666 507 3721 hic
533 3665 736 3720 malitia
764 3663 1164 3728 haereticorum,
1196 3661 1455 3730 dolusque
1490 3663 1830 3717 describitur.

252 3756 472 3828 Ungue
496 3757 643 3810 enim
667 3755 833 3809 verba
861 3754 1165 3824 significant
1193 3794 1207 3819 ,
1247 3764 1366 3823 quae
1414 3754 1666 3822 nequitia:
1700 3755 1832 3808 coti-

250 3848 354 3904 bus
380 3845 616 3916 expolita
647 3845 928 3900 vulnerare
949 3845 1279 3900 contendunt
1298 3845 1457 3899 corda
1486 3844 1830 3912 simplicium.

251 3935 383 4004 Quae
408 3936 606 3990 merito
651 3936 993 4005 serpentibus
1039 3944 1390 4004 exaequantur
1422 3953 1436 3989 :
1463 3936 1587 4003 quia
1625 3950 1832 3990 sermo—

253 4028 414 4082 nibus
463 4027 576 4082 suis
619 4027 768 4080 virus
817 4034 1090 4081 evomunt.
1136 4025 1289 4079 Unde
1326 4025 1500 4078 surdis
1558 4025 1833 4092 aspidibus

252 4125 656 4185 comparantur.
712 4115 826 4168 Tali
875 4117 1017 4169 enim
1051 4116 1324 4184 proposito
1371 4113 1734 4178 contendunt,
1774 4120 1833 4168 ut

251 4207 549 4274 pertinacia
593 4207 791 4259 mentis
818 4220 1091 4275 nunquam
1126 4205 1293 4259 velint
1335 4221 1366 4259 a
1400 4205 1628 4260 veritate
1676 4219 1831 4274 supe-

253 4295 386 4350 rari.
413 4294 545 4349 Item
570 4295 624 4348 in
651 4295 811 4348 aliam
843 4304 1052 4364 partem
1078 4296 1344 4365 serpentis
1373 4295 1694 4362 signiﬁcatio
1721 4303 1831 4348 tra-

254 4387 442 4451 hitur,
498 4395 560 4440 ut
605 4394 691 4440 est
741 4385 870 4440 illud
909 4386 964 4440 in
1014 4385 1306 4456 Evangelio
1349 4404 1361 4436 :
1413 4384 1558 4440 Sicut
1585 4387 1829 4440 exultavit

255 4476 462 4546 lapses
495 4486 783 4546 serpentem
833 4477 888 4530 in
936 4477 1137 4531 deserto
1180 4493 1196 4530 :
1237 4479 1313 4530 ita
1366 4478 1587 4532 exaltari
1629 4486 1826 4546 oportet

1943 3309 2261 3379 abnegatur.
2291 3309 2634 3365 Conlractum
2661 3320 2743 3366 est
2767 3313 2910 3366 enim
2943 3321 3104 3382 caput
3133 3314 3268 3383 ejus,
3294 3314 3511 3383 quando

1940 3399 2190 3467 superbia
2215 3398 2330 3465 ejus
2359 3400 2424 3453 de
2452 3398 2588 3453 coelo
2611 3397 2782 3468 ejecta
2808 3408 2892 3455 est
2917 3440 2932 3466 ,
2957 3409 3013 3456 et
3037 3402 3273 3456 nativam
3295 3403 3512 3458 clarita-

1941 3495 2050 3542 tem
2073 3487 2308 3541 retinere
2331 3503 2438 3542 non
2463 3489 2686 3552 meruit,
2729 3489 2823 3557 qui
2868 3505 2928 3544 se
2975 3489 3274 3544 voluntaria
3317 3491 3510 3546 obscu—

1940 3577 2102 3631 ritate
2144 3576 2452 3632 maculavit.
2495 3575 2714 3631 Addidit
2764 3592 2779 3630 :
2820 3577 3019 3632 Dedisti
3064 3596 3186 3632 eum
3227 3581 3284 3634 in
3336 3596 3509 3636 escam

1937 3666 2126 3736 populo
2156 3666 2480 3735 zEthiopum.
2507 3665 2788 3734 Ethiopes
2815 3668 2951 3722 bene
2975 3677 3287 3736 peccatores
3312 3671 3505 3726 advers

1939 3756 2125 3820 timus,
2155 3755 2246 3825 qui
2274 3763 2396 3809 ante
2420 3746 2650 3810 fuerant
2668 3755 2950 3811 tenebrosa
2979 3765 3164 3813 mente
3197 3759 3458 3813 teterrimi
3481 3799 3504 3826 ,

1939 3846 2034 3900 sed
2061 3846 2127 3899 ad
2153 3846 2322 3899 Deum
2359 3845 2608 3899 conversi
2639 3860 2760 3899 eum
2786 3853 3045 3913 ceperunt
3073 3861 3254 3902 escam
3282 3847 3503 3914 habere,

1937 3953 2060 3993 cum
2101 3939 2168 3992 de
2195 3938 2312 4006 ejus
2355 3937 3008 3992 detractione-satiantur.
3067 3935 3202 3993 Nam
3241 3938 3505 4007 hodieque

1937 4043 2096 4095 quem
2153 4028 2443 4095 pessimum
2497 4026 2723 4094 intelligi
2774 4024 3047 4090 volumus,
3105 4026 3372 4082 diabolum
3415 4044 3506 4094 nos

1936 4116 2224 4168 minamus.
2255 4112 2513 4168 Omnibus
2539 4114 2684 4166 enim
2707 4113 2877 4181 culpis
2899 4112 3208 4169 exsuiilator
3233 4115 3502 4183 admissis,

1935 4204 2099 4258 totius
2132 4211 2320 4257 auctor
2345 4210 2429 4256 est
2449 4202 2669 4266 erroris,
2712 4209 2767 4255 et
2790 4202 2928 4256 sicut
2957 4202 3046 4257 ille
3068 4202 3403 4260 Christianos
3429 4206 3508 4261 ἰιιδ

1933 4292 2177 4361 sequitur
2202 4310 2214 4345 :
2247 4291 2324 4346 ita
2365 4294 2431 4345 ab
2457 4291 2709 4346 omnibus
2740 4291 3062 4347 exsecrabili
3098 4307 3281 4348 errore
3305 4294 3506 4350 discer-

1931 4382 2101 4450 pitur.
2155 4379 2244 4434 Sic
2282 4380 2360 4446 ﬁt,
2403 4388 2462 4433 ut
2495 4380 2585 4448 qui
2614 4379 2836 4450 paganis
2861 4389 2986 4434 ante
3008 4373 3328 4438 venerabilis
3356 4395 3502 4439 nunc

1932 4487 1963 4525 a
1998 4470 2324 4526 Christianis
2375 4470 2770 4524 detractionum
2829 4470 3098 4526 morsibus
3163 4472 3500 4528 corrodautr.

251 4542 456 4618 Filium
485 4542 707 4619 hominis
733 4606 747 4628 ,
801 4575 858 4618 ut
909 4567 1076 4618 omnis
1103 4567 1191 4634 qui
1219 4566 1378 4619 credit
1407 4566 1463 4618 in
1489 4542 1671 4630 illum,
1721 4583 1824 4620 non
1850 4542 1904 4602 Ῑ)
1931 4561 2056 4616 Sive
2104 4560 2351 4614 conversi
2400 4559 2512 4630 jam
2579 4559 2762 4614 ﬁdeles
2807 4575 2986 4614 escam
3034 4569 3260 4630 possunt
3303 4563 3504 4620 habere

250 4663 466 4721 pereat,
519 4653 609 4706 sed
645 4652 832 4705 habeat
881 4654 1037 4706 vitam
1086 4662 1332 4708 aeternam
1376 4655 1555 4727 (Joan.
1609 4657 1714 4726 ιιι).
1750 4657 1825 4712 Ibi

250 4741 397 4795 enim
431 4741 700 4810 signiﬁcat
737 4756 958 4810 serpens
983 4751 1208 4798 mortem
1257 4743 1457 4800 Christi
1488 4762 1607 4816 quae
1651 4748 1826 4802 salva-

249 4831 331 4886 vit
358 4847 526 4903 genus
555 4833 868 4898 humanum,
912 4836 1053 4903 quod
1077 4837 1274 4890 astutia
1310 4839 1574 4906 serpentis
1620 4839 1824 4908 antiqui

251 4922 492 4992 maligna
540 4923 791 4978 missione
825 4923 992 4978 salute
1047 4939 1078 4978 a
1122 4926 1397 4981 conditore
1435 4936 1686 4996 percepta
1710 4927 1824 4997 pris

251 5019 418 5072 vavit.
475 5017 686 5083 Draco,
736 5017 908 5088 major
955 5025 1270 5072 cunctorum
1330 5018 1659 5088 serpentium
1713 5019 1825 5072 sive

252 5109 496 5161 omnium
526 5108 880 5163 animantium
905 5122 1066 5178 super
1093 5115 1315 5162 terram.
1340 5107 1494 5162 Hunc
1513 5108 1684 5163 Graeci
1707 5108 1828 5162 dra-

255 5205 410 5251 conta
462 5210 676 5252 vocant.
728 5198 879 5254 Unde
925 5199 1217 5254 derivatum
1255 5206 1338 5252 est
1372 5198 1425 5252 in
1465 5198 1738 5264 Latinum,
1765 5209 1826 5253 ut

255 5285 418 5340 draco
450 5285 744 5340 diceretur.
792 5287 892 5354 Qui
935 5302 1074 5357 saepe
1111 5289 1178 5342 ab
1209 5286 1476 5357 speluncis
1523 5288 1824 5344 abstractus

256 5377 428 5432 fertur
453 5377 508 5430 in
540 5390 760 5441 aerem,
811 5379 1217 5449 concitaturque
1267 5386 1485 5448 propter
1530 5394 1651 5433 eum
1708 5395 1820 5434 aer.

255 5469 350 5522 Est
392 5477 575 5524 autem
624 5470 907 5532 cristatus,
941 5454 1035 5523 ore
1081 5486 1268 5539 parvo,
1303 5477 1356 5524 et
1395 5471 1557 5524 arctis
1587 5468 1781 5524 ﬁstulis
1807 5510 1822 5535 ,

254 5573 351 5628 per
393 5573 532 5628 quas
569 5560 737 5615 trahit
777 5560 1025 5631 spiritum
1049 5601 1062 5625 ,
1116 5570 1171 5615 et
1205 5561 1439 5632 linguam
1469 5562 1656 5616 exerit.
1706 5561 1825 5616 Vim

255 5659 433 5718 autem
460 5666 571 5706 non
599 5653 654 5706 in
681 5652 949 5716 dentibus,
981 5651 1076 5707 sed
1105 5652 1159 5705 in
1189 5655 1358 5707 cauda
1399 5655 1588 5720 habet,
1619 5663 1672 5707 et
1716 5670 1826 5708 ver-

255 5742 382 5801 bere
409 5745 591 5813 potius
621 5759 786 5812 quam
826 5745 962 5802 rictu
1014 5752 1188 5802 nocet.
1229 5745 1482 5802 Innoxius
1532 5756 1707 5803 autem
1747 5758 1822 5803 est

1931 4652 2199 4708 diabolum
2225 4692 2240 4716 ,
2297 4650 2512 4720 quando
2559 4665 2654 4720 per
2703 4650 2872 4720 ipsius
2913 4651 3341 4708 machinamenta
3388 4664 3503 4710 ten-

1931 4744 2264 4810 tationesque
2323 4740 2634 4810 proﬁciunt.
2701 4739 2822 4809 Ipso
2886 4740 3030 4795 enim
3091 4752 3449 4813 persequente
3481 4777 3498 4811 ,

1930 4842 2194 4904 martyres
2232 4833 2370 4887 ﬁunt
2402 4850 2414 4886 :
2449 4833 2564 4902 ipso
2605 4830 2870 4902 ailligente
2899 4871 2915 4898 ,
2961 4833 3232 4902 patientia:
3279 4848 3503 4892 munere

1931 4934 2274 4980 coronantur.
2330 4923 2665 4993 Quapropter
2724 4923 2920 4979 merito
2989 4923 3232 4978 diabolus
3285 4924 3498 4978 illorum

1929 5029 2053 5070 esca
2091 5012 2308 5077 dicitur,
2359 5026 2494 5082 quos
2541 5011 2939 5080 fatigationibus
2986 5009 3193 5065 crebris
3248 5011 3316 5065 ad
3357 5010 3500 5067 desi-

1930 5106 2078 5161 deria
2113 5104 2302 5159 nociva
2332 5102 2598 5172 perducit.
2633 5102 2791 5172 Aspis
2812 5109 3061 5167 vocatur,
3117 5101 3259 5171 quod
3313 5104 3498 5158 morsu

1929 5210 2133 5251 venena
2177 5194 2437 5248 immittat
2478 5202 2535 5247 et
2569 5199 2805 5261 spargat.
2851 5191 2936 5246 [es
2967 5191 3110 5250 enim
3141 5189 3311 5247 Graeci
3337 5205 3499 5245 vene-

1929 5303 2056 5342 num
2101 5293 2294 5340 vocant
2324 5303 2338 5338 :
2394 5293 2447 5339 et
2476 5284 2600 5339 inde
2629 5285 2789 5354 aspis,
2840 5283 2983 5353 quod
3011 5297 3196 5338 morsu
3234 5291 3497 5338 venenato

1929 5377 2222 5433 interimat.
2251 5373 2651 5443 Hujus‘diversa
2676 5388 2870 5444 genera
2892 5381 2947 5428 et
2981 5373 3206 5442 species,
3235 5379 3292 5427 et
3313 5371 3498 5441 dispar

1931 5467 2149 5523 eti'ectus
2177 5465 2244 5519 ad
2266 5464 2584 5519 nocendum.
2613 5462 2806 5516 Fertur
2829 5470 3008 5517 autem
3033 5463 3177 5533 aspis
3204 5477 3324 5518 cum
3347 5475 3496 5529 cepe-

1931 5559 2002 5612 rit
2029 5556 2136 5625 pati
2166 5558 2555 5608 incantatorem
2577 5593 2590 5619 ,
2628 5553 2718 5622 qui
2745 5568 2864 5608 eam
2894 5554 3214 5622 quibusdam
3243 5549 3495 5606 carmini-

1931 5650 2031 5703 bus
2058 5646 2284 5717 propriis
2334 5653 2544 5709 evocat,
2585 5652 2643 5697 ut
2689 5659 2805 5698 eam
2833 5637 3150 5699 de'caverna
3191 5639 3450 5712 producat
3478 5679 3490 5692 .

1934 5745 2021 5802 illa
2050 5757 2170 5798 cum
2195 5739 2344 5794 exire
2395 5739 2646 5804 noluerit,
2671 5754 2830 5793 unam
2858 5753 3039 5792 aurem
3065 5736 3116 5791 in
3142 5745 3339 5792 terram
3368 5746 3493 5802 pm-
