3930 6322
429 432 537 491 251

1125 432 1185 486 Β.
1229 431 1483 486 RABAM
1521 430 1740 485 MAURI
1778 428 2098 485 ARCHIEP.
2142 429 2753 486 MOGUN'LOPERUM
2778 430 2957 486 PARS
2994 431 3057 486 ll.

429 542 550 606 mit,
576 543 800 597 alteram
827 542 999 597 cauda
1028 542 1245 596 obturat
1278 553 1331 597 et
1354 544 1548 610 operit,
1587 552 1748 612 atque
1793 543 1865 594 ita
1918 556 2009 594 νο·
2038 547 2086 602 Α
2115 551 2219 605 cst,
2245 542 2370 596 dum
2401 541 2609 594 occulte
2636 541 2869 611 perimit.
2906 542 3216 608 Basiliscus,
3251 558 3371 598 cum
3400 545 3582 613 palam
3612 562 3705 601 ve-

428 647 520 688 ces
542 633 660 686 illas
689 633 921 704 magicas
959 649 1064 687 non
1093 634 1316 687 audiens
1360 650 1464 686 non
1496 635 1606 686 exit
1635 635 1699 688 ad
1732 634 2009 686 incantan-

428 732 557 779 tem.
597 727 670 778 De
696 740 801 792 quo
824 725 956 779 dicit
1000 724 1283 780 Psalniista
1311 743 1321 777 :
1366 725 1393 776 1
1403 742 1460 778 ra
1493 725 1597 779 illis
1623 726 1906 779 secundum
1940 726 2012 778 si-

427 813 773 866 militudinem
797 816 1069 884 serpentis,
1095 816 1228 867 sicut
1253 815 1448 883 aspidis
1474 815 1648 868 surda:
1677 825 1724 868 et
1763 815 2012 868 obturan-

424 907 489 960 tis
519 923 669 962 aures
700 923 846 972 suas,
873 923 990 978 quae
1018 922 1123 959 non
1144 905 1385 959 exaudiet
1411 921 1583 959 vocem
1611 905 2005 969 incantanlium,

423 1006 470 1050 et
503 998 918 1066 veneﬁcia,-qua:
951 997 1290 1051 incantantur
1313 1012 1345 1049 a
1389 997 1622 1065 sapiente
1653 993 1825 1065 ('Psal.
1854 994 2008 1064 Lvu).

424 1086 540 1153 Quo
569 1096 820 1155 serpente
846 1087 924 1140 ira
948 1084 1256 1140 Iudaeorum
1283 1100 1380 1154 per
1407 1083 1811 1156 similitudinem
1850 1082 2011 1138 nimis

421 1179 754 1248 aptissimam
774 1177 1052 1233 diiﬁnitur.
1078 1177 1483 1232 Obstinatorum
1506 1176 1702 1246 quippe
1729 1175 2009 1228 hominum

421 1269 501 1323 ira
533 1269 900 1324 irrevocabilis
942 1275 1027 1324 est
1055 1308 1069 1333 ,
1106 1268 1197 1336 qui
1228 1281 1294 1321 ne
1324 1267 1633 1322 docentium
1673 1264 2010 1333 praedicatio-

419 1371 514 1409 nes
550 1358 861 1421 exaudiant,
905 1365 1200 1426 procurant
1247 1357 1348 1410 sibi
1374 1354 1732 1410 voluntariam
1778 1355 2011 1409 surdita-

419 1453 545 1500 tem.
593 1447 690 1500 Cui
719 1447 860 1502 malo
888 1446 1216 1502 consuetudo
1245 1446 1447 1514 aspidis
1482 1453 1843 1513 comparatur,
1891 1459 2010 1513 quae

417 1553 486 1592 ne
512 1539 675 1592 verba
707 1538 1033 1593 incantantis
1079 1537 1364 1601 exaudiat,
1393 1550 1626 1604 suasque
1653 1534 1890 1588 latebras
1917 1534 2010 1589 de-

420 1629 706 1698 relinquat,
747 1645 912 1684 unam
956 1644 1143 1685 aurem
1185 1630 1372 1683 cauda
1409 1643 1519 1682 suae
1550 1626 1834 1682 inﬂexione
1872 1626 2006 1680 dici-

416 1727 504 1774 tur
552 1722 830 1787 obturare,
880 1721 1107 1776 alteram
1158 1735 1287 1774 vero
1341 1721 1394 1773 in
1435 1726 1632 1773 terram
1684 1717 2002 1786 deprimere.

414 1807 510 1863 Cui
544 1809 737 1866 merito
762 1809 930 1866 Judzei
959 1809 1256 1878 comparati
1282 1816 1424 1871 sunt,
1447 1807 1562 1876 qui,
1587 1805 1765 1859 cordis
1788 1805 2006 1859 auribus

2116 648 2255 686 nena
2283 632 2615 686 disseminat.
2649 634 2776 697 Leo,
2822 635 2948 687 dum
2987 636 3331 704 persequitur
3361 636 3699 692 innocentes.

2116 721 2310 786 Draco,
2345 735 2470 775 cum
2511 722 2841 792 negligentes
2896 724 3056 791 impia
3110 725 3404 780 voracitate
3453 726 3700 796 deglutit.

2114 811 2314 864 Verum
2360 811 2476 865 hzec
2524 811 2704 864 omnia
2740 813 2793 865 in
2825 813 3059 882 glorioso
3106 815 3335 869 adventu
3367 815 3578 871 Domini
3604 829 3705 886 pe-

2113 900 2270 956 dibus
2304 901 2473 971 ipsius
2507 913 2778 972 prostrata
2811 903 3118 972 jacuerunt.
3173 906 3330 962 Solus
3381 911 3525 964 enim
3585 920 3702 966 tam

2112 991 2317 1047 ferocia
2360 991 2530 1047 valuit
2564 992 2820 1057 subdere,
2852 995 2944 1063 qui
2975 995 3120 1049 Patri
3151 1005 3453 1052 coaeternus
3485 1008 3541 1052 et
3569 1014 3704 1054 eon-

2113 1082 2486 1137 substantialis
2513 1086 2810 1137 secundum
2853 1085 3188 1141 divinitatem
3218 1088 3480 1157 probatur
3507 1091 3706 1145 existe-

2113 1184 2190 1224 re.
2240 1171 2366 1226 Haec
2411 1173 2456 1226 si
2505 1171 2788 1243 diligenter
2839 1184 3147 1231 sanctorum
3191 1186 3405 1247 patrum
3438 1181 3706 1250 praedica-

2114 1259 2256 1315 tione
2292 1269 2614 1325 tractemus,
2677 1279 2776 1318 nec
2830 1263 3008 1333 aliqua
3068 1269 3394 1324 dementium
3441 1270 3700 1326 haeretica

2110 1351 2379 1419 pravitate
2430 1353 2710 1407 turhcmur
2743 1372 2755 1407 :
2792 1363 2848 1409 et
2883 1357 3063 1410 omnia
3117 1360 3273 1415 nobis
3303 1399 3318 1425 ,
3375 1360 3520 1415 sicut
3552 1361 3700 1416 dicta

2110 1450 2236 1496 sunt
2263 1482 2276 1507 ,
2310 1442 2552 1496 absoluta
2583 1444 2810 1500 veritate
2837 1447 3183 1500 constabunt.
3219 1447 3445 1518 Scorpio
3495 1449 3701 1504 vermis

2111 1537 2382 1597 terrenus,
2425 1532 2517 1599 qui
2571 1532 2751 1600 potius
2781 1533 3058 1588 vermibus
3100 1543 3334 1604 aptatur.
3365 1535 3578 1589 Animal
3607 1551 3700 1590 ar-

2109 1629 2316 1675 matum
2391 1622 2578 1676 aculeo
2635 1631 2690 1676 et
2749 1639 2815 1678 ex
2867 1639 2932 1679 eo
2987 1623 3174 1680 Graece
3244 1633 3495 1679 vocatum
3563 1634 3695 1691 est,

2109 1709 2253 1776 quod
2320 1710 2490 1763 cauda
2536 1710 2710 1781 ﬁgat,
2778 1722 3000 1768 arcuato
3055 1713 3280 1769 vulnere
3340 1729 3546 1770 venena
3598 1714 3701 1769 dif-

2109 1800 2318 1855 fundat.
2385 1801 2670 1871 Proprium
2738 1813 2823 1860 est
2890 1815 3069 1860 autem
3134 1805 3472 1875 scorpionis,
3551 1806 3696 1874 quod

414 1900 713 1966 obturatis,
745 1911 947 1956 sancta
997 1900 1292 1969 Scriptura:
1322 1899 1508 1954 audire
1541 1897 1832 1952 noluerunt
1858 1897 2004 1951 salu-
2035 1904 2084 1962 Β
2113 1907 2304 1946 manus
2341 1891 2574 1961 palmam
2615 1908 2722 1946 non
2771 1893 2949 1950 feriat.
3009 1896 3234 1966 Scorpio
3292 1896 3566 1951 diabolum
3622 1897 3698 1952 si-

411 1990 702 2046 berriniam
727 1991 1047 2060 jussionem.
1073 1989 1339 2046 Obturare
1367 1991 1510 2045 enim
1542 2006 1573 2044 a
1626 1990 1996 2045 sacerdotibus

413 2087 646 2135 tractum
667 2090 773 2146 est,
808 2081 901 2151 qui
931 2095 1090 2135 aures
1118 2095 1245 2134 suas
1270 2090 1392 2134 ture
1419 2080 1718 2150 replebant,
1749 2095 1818 2135 ne
1849 2094 1999 2148 pere-

415 2172 585 2243 grinis
650 2171 826 2226 verbis
889 2169 1350 2226 intercedentibus
1402 2168 1626 2224 confitsa
1692 2170 1997 2224 carminum

416 2262 679 2316 memoria
704 2262 1034 2316 turbaretur.
1065 2262 1228 2330 Dipsa
1248 2276 1416 2331 genus
1439 2259 1662 2329 aspidis,
1686 2262 1777 2330 qui
1805 2260 1998 2316 Latine

415 2349 574 2405 situla
602 2350 998 2420 dicitur:quia
1053 2364 1213 2419 quem
1261 2348 1635 2415 momorderit,
1688 2349 1778 2404 siti
1831 2349 1991 2420 perit.

413 2441 674 2513 Hypnalis
704 2456 874 2514 genus
927 2441 1150 2513 aspidis,
1205 2442 1349 2512 quod
1401 2457 1590 2497 somno
1631 2450 1810 2497 necat.
1844 2441 1997 2497 Hanc

411 2531 514 2586 sibi
540 2530 824 2602 Cleopatra
850 2531 1102 2602 apposuit
1123 2540 1179 2586 et
1208 2531 1282 2584 ita
1312 2539 1487 2586 morte
1514 2531 1671 2599 quasi
1694 2545 1882 2586 somno
1908 2546 1996 2585 so-

411 2620 524 2674 luta
543 2631 646 2676 est.
665 2620 1030 2677 Hamorrhois
1055 2621 1199 2689 aspis
1225 2627 1586 2690 nuncupatur,
1605 2617 1748 2688 quod
1773 2619 1995 2688 sangui-

411 2728 535 2768 nem
561 2714 734 2780 sudet,
765 2714 855 2783 qui
895 2713 962 2769 ab
988 2727 1053 2768 eo
1084 2727 1296 2767 morsus
1343 2711 1506 2766 fuerit
1534 2729 1545 2764 :
1581 2711 1654 2765 ita
1677 2719 1738 2764 ut
1766 2709 1996 2766 dissolu-

411 2806 482 2861 tis
503 2807 672 2873 venis,
706 2806 965 2877 quidquid
989 2806 1114 2860 vitae
1153 2814 1257 2871 est,
1287 2819 1383 2875 per
1410 2805 1725 2875 sanguinem
1753 2812 1989 2860 evomat.

408 2896 595 2952 Graece
646 2897 791 2953 enim
849 2897 1070 2968 sanguis
1110 2897 1283 2951 haema
1333 2897 1549 2952 dicitur.
1585 2895 1819 2951 Prrester
1850 2898 1993 2966 aspis

408 3004 623 3059 semper
647 3005 740 3046 ore
769 2990 978 3059 patenti
1012 2997 1066 3044 et
1110 2989 1395 3058 vaporanti
1431 2987 1621 3051 currit,
1654 2987 1805 3057 cujus
1832 2997 1991 3057 poeta

407 3078 488 3134 sic
549 3078 797 3134 meminit
835 3096 848 3133 :
882 3077 1090 3149 Oraque
1148 3078 1445 3131 distendens
1495 3078 1677 3130 avidus
1732 3078 1992 3146 fumantia

405 3178 642 3238 prwster.
689 3169 788 3224 llic
823 3186 984 3240 quem
1021 3169 1352 3240 percusserit
1383 3169 1726 3232 distenditur,
1756 3169 1991 3223 enormi-

2101 1981 2323 2052 gniﬁcat
2368 1983 2450 2036 vel
2502 1983 2802 2039 ministros.
2854 1985 3007 2040 Unde
3058 1995 3140 2041 est
3188 1986 3316 2040 illud
3351 1986 3695 2042 Dominicum

2099 2073 2154 2127 in
2191 2073 2480 2142 Evangelio
2524 2091 2536 2127 :
2578 2073 2714 2129 Ecce
2741 2116 2755 2142 ,
2801 2075 3017 2145 inquit,
3065 2077 3186 2131 dedi
3253 2077 3391 2132 vobis
3461 2088 3692 2148 potesta-

2099 2174 2201 2219 tem
2252 2165 2491 2219 calcandi
2545 2183 2702 2236 super
2743 2178 3002 2246 serpentes
3057 2179 3104 2222 et
3156 2170 3452 2238 scorpiones
3505 2179 3554 2223 et
3606 2187 3696 2223 su-

2097 2271 2189 2323 per
2225 2271 2427 2310 omnem
2457 2257 2695 2311 virtutem
2724 2259 2923 2313 inimici
2955 2258 3105 2330 (Luc.
3153 2261 3234 2330 χ.)
3283 2260 3421 2315 Nam
3472 2271 3529 2316 et
3567 2261 3693 2317 alibi

2105 2343 2364 2399 Dominus
2405 2345 2458 2398 in
2487 2346 2779 2414 Evangelio
2820 2349 2935 2401 ait:
2963 2349 3092 2414 Quis
3133 2350 3269 2403 enim
3309 2361 3382 2404 est
3424 2368 3490 2405 ea:
3527 2354 3693 2418 vobis,

2106 2449 2257 2504 quem
2291 2434 2337 2488 si
2369 2436 2572 2504 petierit
2599 2436 2741 2496 ﬁlius
2775 2454 2903 2492 suus
2938 2455 3146 2508 panem,
3184 2442 3418 2512 nunquid
3463 2441 3692 2512 lapidein

2096 2525 2241 2578 dabit
2281 2525 2401 2583 illi?
2430 2526 2532 2579 Aut
2569 2528 2614 2581 si
2655 2527 2861 2597 petierit
2893 2546 3066 2597 ovum,
3110 2533 3345 2602 nunquid
3385 2533 3615 2604 porriget
3643 2536 3695 2589 ei

2106 2617 2464 2686 scorpionem?
2493 2620 2594 2670 Aut
2637 2619 2682 2671 si
2720 2620 2912 2688 piscem
2959 2623 3103 2691 petit,
3137 2624 3370 2693 nunquid
3399 2633 3694 2694 serpentem

2095 2707 2239 2761 dabit
2273 2706 2394 2760 illi?
2424 2706 2574 2778 (Luc.
2603 2707 2702 2780 χι).
2732 2708 2858 2764 Tria
2897 2719 3021 2764 sunt
3050 2712 3206 2767 nobis
3237 2713 3471 2770 maxime
3501 2729 3693 2771 neces-

2095 2801 2259 2866 saria,
2277 2799 2329 2853 id
2356 2807 2456 2865 est,
2486 2798 2640 2864 ﬁdes,
2671 2815 2814 2870 spes,
2834 2801 3072 2857 Charitas
3096 2820 3108 2854 ε
3132 2803 3288 2870 ﬁdes,
3322 2814 3380 2859 ut
3406 2814 3554 2862 recte
3572 2821 3691 2862 cre-

2094 2890 2326 2945 damus:
2361 2904 2506 2959 spes,
2547 2899 2608 2943 ut
2664 2905 2880 2960 seraper
2926 2907 3047 2946 cum
3096 2893 3238 2948 bona
3280 2895 3544 2966 patientia
3590 2896 3692 2953 Dei

2091 2981 2467 3051 priestolenmr
2519 2983 2836 3052 promissa:
2881 2985 3159 3053 cbaritas,
3209 2996 3268 3042 ut
3319 2989 3507 3046 sedulo
3559 3005 3686 3046 eum

2093 3072 2381 3143 diligamus
2432 3090 2499 3127 ex
2543 3081 2655 3128 toto
2694 3075 2886 3142 corde,
2931 3085 3040 3132 tota
3073 3087 3276 3144 mente,
3320 3088 3430 3135 tota
3458 3080 3686 3147 virtute,

2093 3170 2147 3215 et
2177 3164 2455 3232 proximos
2495 3172 2732 3229 nostros,
2773 3165 2914 3220 sicut
2949 3168 3328 3238 nosmetipsos.
3363 3169 3423 3223 ιιι
3459 3169 3564 3225 ﬁde
3601 3171 3687 3241 pi-

407 3274 514 3328 que
540 3259 880 3328 corpulentia
910 3269 1155 3316 necatur.
1199 3259 1562 3313 Exuberatum
1592 3258 1736 3312 enim
1761 3258 1990 3327 putredo
2018 3253 2062 3315 C
2095 3253 2201 3307 SCiS
2236 3253 2502 3322 Signatur,
2547 3254 2602 3308 in
2643 3270 2738 3324 Spe
2765 3271 2946 3320 ovum.
2999 3257 3054 3311 in
3091 3259 3358 3314 charitatc
3403 3261 3601 3330 panis:
3631 3272 3691 3318 et

407 3349 672 3417 sequitur.
710 3349 844 3416 Seps
876 3350 1124 3405 tabiﬁcus
1165 3349 1331 3418 aspis,
1360 3349 1450 3418 qui
1484 3349 1610 3403 dum
1643 3349 1995 3403 momorderit

408 3432 704 3504 hominem,
739 3440 918 3494 statim
947 3455 1070 3494 eum
1102 3441 1394 3503 consumit,
1443 3441 1516 3493 ita
1544 3448 1601 3492 ut
1641 3438 1883 3507 liqueﬁat
1908 3448 1993 3493 to-

408 3539 495 3586 tus
513 3533 566 3586 in
585 3547 678 3587 ore
703 3533 988 3602 serpentis.
1008 3531 1299 3586 Basiliscus
1311 3530 1515 3595 Graece,
1532 3531 1720 3584 Latine
1737 3530 1996 3598 interpre-

408 3628 552 3674 tatur
590 3621 808 3691 regulus
839 3638 923 3686 eo,
957 3623 1100 3691 quod
1134 3638 1228 3676 rex
1257 3622 1588 3690 serpentium
1644 3623 1736 3686 sit,
1771 3622 1906 3675 adeo
1936 3631 1994 3675 ut

405 3717 530 3766 eum
555 3713 799 3768 videntes
835 3713 1080 3785 fugiant:
1118 3714 1246 3783 quia
1287 3711 1490 3768 olfactu
1527 3728 1623 3768 suo
1670 3728 1765 3768 eos
1813 3723 1990 3767 necat.

404 3798 541 3856 Nam
566 3809 620 3856 et
647 3803 920 3857 hominem
962 3804 1008 3857 si
1037 3801 1122 3857 vel
1172 3802 1418 3871 aspiciat,
1476 3803 1757 3856 interimit.
1814 3801 1995 3872 Siqui-

410 3893 536 3948 dem
561 3901 615 3947 et
636 3893 754 3962 ejus
783 3904 1062 3961 aspectum
1093 3891 1238 3945 nulla
1268 3892 1384 3945 avis
1406 3890 1594 3946 volans
1619 3890 1783 3945 illaasa
1814 3901 1991 3946 trans-

407 3981 452 4038 it
480 4000 493 4036 :
521 3981 616 4038 sed
643 3997 804 4051 quam
827 3982 1017 4051 procul
1069 3982 1142 4036 sit
1168 3981 1284 4051 ejus
1316 3996 1410 4037 ore
1439 3980 1721 4035 combusta
1765 3981 1990 4036 devora-

410 4078 520 4126 tur.
553 4077 598 4126 Α
628 4071 872 4127 mustelis
923 4081 1102 4126 tamen
1147 4071 1398 4136 vincitur,
1431 4087 1566 4140 quas
1593 4071 1702 4128 illic
1749 4072 1992 4127 homines

407 4161 646 4216 inferunt
683 4161 950 4225 cavernis,
1013 4161 1069 4214 in
1121 4161 1314 4228 quibus
1355 4160 1639 4214 delitescit.
1690 4161 1872 4228 Itaque
1929 4176 1994 4215 ea

406 4253 521 4307 visa
563 4252 717 4322 fugit.
773 4252 944 4318 Quem
975 4252 1064 4306 illa
1120 4252 1468 4322 persequitur
1498 4262 1554 4307 et
1597 4254 1818 4307 occidit.
1849 4253 1993 4308 Nihil

404 4343 549 4397 enim
576 4352 774 4412 parens
803 4341 892 4396 ille
925 4357 1107 4396 rerum
1136 4341 1252 4396 sine
1303 4342 1541 4397 remedio
1566 4344 1866 4397 constituit.
1899 4344 1994 4399 Est

407 4447 591 4491 autem
627 4436 962 4507 longitudine
984 4435 1328 4506 semipedalis
1379 4435 1514 4490 albis
1558 4436 1780 4491 maculis
1826 4436 1992 4490 linea-

406 4539 513 4584 tus.
554 4527 743 4598 Reguli
793 4537 997 4594 autem,
1056 4529 1199 4583 sicut
1246 4529 1575 4598 scorpiones,
1605 4528 1812 4582 arentia
1841 4543 1990 4597 qua:-

403 4633 509 4687 que
555 4596 834 4674 scctantur
887 4628 943 4673 et
972 4625 1258 4688 postquam
1313 4596 1385 4672 ad
1411 4633 1579 4687 aquas
1603 4596 1871 4672 venerint,
1901 4620 1992 4688 by—
2017 4596 2068 4655 Ῑ)

403 4708 714 4776 droplio'bos
749 4717 803 4761 et
852 4707 1207 4777 lymphaticos
1241 4708 1465 4762 faciunt.
1498 4708 1698 4763 Sibilus
1728 4711 1864 4764 idem
1890 4721 1991 4776 est,

405 4799 496 4867 qui
529 4809 584 4852 et
610 4797 828 4867 regulus
857 4816 870 4851 :
904 4797 1064 4852 sibilo
1106 4799 1252 4853 enim
1281 4799 1482 4853 occidit
1534 4807 1822 4867 antequam
1851 4816 1994 4854 mor-

405 4887 528 4942 deat
560 4888 645 4941 vel
671 4897 884 4942 exurat.
917 4887 1214 4943 Basiliscus
1235 4897 1414 4943 autem
1458 4887 1730 4942 diabolum
1785 4889 1993 4959 signiﬁ-

405 4990 511 5045 cat,
546 4982 639 5052 qui
670 4981 928 5050 nequitite
959 4995 1069 5036 sua:
1128 4996 1334 5036 veneno
1376 4981 1552 5050 palam
1602 4981 1858 5036 interﬁcit
1906 4982 1992 5037 in-

405 5082 628 5126 cautos:
694 5071 788 5125 sed
830 5071 974 5125 idem
1013 5079 1319 5140 superatur,
1373 5087 1496 5126 cum
1550 5072 1759 5126 caeteris
1809 5072 1985 5126 noxiis

408 5162 834 5216 animantibusa
863 5163 1037 5217 milite
1085 5163 1284 5218 Christi
1331 5178 1478 5233 spem
1534 5179 1686 5218 suam
1737 5173 1904 5218 totam
1930 5163 1983 5217 in

412 5255 529 5323 ipso
555 5262 809 5321 ponente,
857 5252 1011 5322 cujus
1050 5254 1221 5308 virtus
1251 5270 1440 5310 omnes
1470 5256 1809 5311 adversarias
1833 5263 1985 5325 pote-

409 5351 583 5397 states
634 5351 854 5412 superat
913 5350 1073 5411 atque
1118 5343 1416 5397 conculcat.
1480 5343 1554 5397 De
1613 5345 1714 5399 hoc
1771 5358 1985 5412 quoque

407 5433 680 5502 Propheta
737 5433 791 5486 in
826 5432 1053 5488 Psalmis
1094 5435 1222 5488 dicit
1256 5451 1270 5487 :
1308 5433 1477 5503 Super
1506 5435 1734 5503 aspidem
1766 5443 1811 5488 et
1843 5434 1981 5488 basi-

409 5525 592 5578 liscum
635 5523 928 5577 ambulabis
958 5564 972 5588 ,
1015 5535 1061 5578 et
1095 5524 1418 5578 conculcabis
1459 5525 1654 5578 leonem
1696 5538 1742 5579 et
1797 5526 1986 5577 draco-

410 5633 522 5671 nem
556 5616 726 5684 (Psal.
759 5616 868 5685 xc).
902 5616 1001 5670 Hic
1041 5615 1151 5683 jam
1199 5617 1378 5670 divina
1428 5617 1596 5670 virtus
1623 5616 1944 5685 exprimitur
1974 5655 1988 5678 ,

407 5720 529 5778 qua
557 5707 722 5760 tantis
748 5709 908 5762 rebus
937 5708 1284 5764 saevientibus
1317 5709 1618 5778 imperabit.
1651 5709 1783 5763 Nam
1811 5709 1990 5762 omnia

410 5797 515 5854 ista
565 5795 782 5854 nomina
833 5798 1048 5858 diabolo
1091 5809 1452 5868 congruenter
1501 5809 1771 5869 aptantur.
1832 5797 1990 5869 Aspis

2095 3357 2125 3397 e
2151 3344 2426 3398 contrario
2463 3345 2515 3396 in
2555 3344 2730 3413 lapide
2756 3345 2974 3412 duritia,
3017 3347 3070 3400 in
3099 3358 3345 3417 serpente
3370 3349 3687 3417 inﬁdelitas,

2095 3443 2147 3488 et
2185 3435 2239 3488 in
2276 3436 2562 3505 scorpione
2601 3436 2909 3505 desperatio
2948 3439 3288 3508 exprimitur.
3326 3440 3384 3495 In
3414 3441 3686 3512 baptismo

2095 3523 2227 3580 ﬁdes
2257 3525 2542 3594 accipitur,
2570 3527 2937 3600 unde‘vivitur
2968 3528 3020 3581 in
3048 3531 3282 3584 saeculo:
3317 3547 3440 3602 spes
3471 3534 3526 3588 in
3559 3549 3682 3600 ovo,

2055 3650 2058 3653 -
2095 3617 2220 3684 quia
2248 3617 2301 3669 in
2328 3632 2429 3670 ovo
2478 3617 2712 3671 nondum
2757 3617 2932 3686 pullus
2970 3619 3204 3685 videtur,
3237 3621 3332 3676 sed
3387 3623 3515 3678 hinc
3562 3638 3687 3694 spe-

2096 3715 2246 3758 ratur
2274 3724 2286 3758 :
2321 3707 2556 3761 Charitas
2585 3704 2786 3774 autem,
2815 3711 2940 3778 quia
2984 3720 3154 3765 totum
3184 3713 3351 3767 vincit
3374 3715 3500 3782 pani
3529 3731 3680 3770 com-

2093 3803 2334 3862 paratur.
2380 3797 2575 3866 Vipera
2606 3799 2772 3866 dicta,
2803 3802 2948 3870 quod
2977 3802 3028 3854 vi
3061 3803 3258 3872 pariat.
3295 3801 3432 3856 Nam
3467 3814 3525 3859 et
3552 3821 3682 3861 ven-

2097 3894 2178 3939 ter
2204 3886 2320 3955 ejus
2349 3902 2470 3940 cum
2509 3889 2574 3942 ad
2599 3897 2813 3957 partum
2859 3890 3202 3960 ingemuerit,
3240 3893 3406 3948 catuli
3442 3911 3548 3949 non
3587 3912 3648 3951 ex
3673 3924 3689 3934 ι

2093 3985 2402 4045 Spectantes
2437 3986 2642 4032 naturae
2676 3979 3019 4044 solutionem,
3062 3982 3300 4038 corrosis
3337 3982 3452 4052 ejus
3495 3985 3683 4042 lateri-

2092 4065 2214 4132 bus,
2256 4068 2305 4121 vi
2355 4078 2644 4138 erumpunt
2684 4085 2806 4125 cum
2853 4072 3040 4127 matris
3088 4073 3330 4128 interitu.
3391 4076 3676 4134 Lucanus:

2102 4154 2304 4225 Viperei
2334 4169 2517 4210 coeunt
2559 4158 2778 4228 abrupto
2811 4175 3024 4229 corpore
3057 4161 3212 4216 nodi.
3249 4163 3444 4219 Fertur
3472 4175 3679 4235 autem,

2093 4249 2236 4315 quod
2290 4249 2563 4305 masculus
2598 4265 2693 4305 ore
2746 4251 2951 4308 inserto
2985 4253 3182 4323 viperae
3213 4271 3394 4312 semen
3429 4269 3673 4330 exspuat,

2096 4341 2183 4395 illa
2232 4352 2411 4397 autem
2451 4359 2516 4398 ex
2557 4345 2828 4413 voluptate
2872 4346 3111 4402 libidinis
3160 4350 3214 4402 in
3268 4351 3478 4406 rabiem
3519 4369 3675 4409 versa

2093 4440 2252 4500 caput
2282 4431 2446 4484 maris
2482 4447 2575 4486 ore
2603 4441 2820 4501 ceptum
2850 4435 3110 4503 praecidit.
3150 4435 3229 4490 Ita
3274 4438 3354 4502 ﬁt,
3389 4449 3447 4493 ut
3476 4457 3676 4510 parens

2096 4531 2323 4590 utraque
2353 4531 2577 4591 pereat:
2604 4524 2876 4579 masculus
2914 4526 3040 4579 dum
3075 4528 3184 4582 coit
3229 4545 3241 4581 ε
3277 4527 3508 4596 femina,
3548 4534 3673 4588 dum

2095 4613 2346 4681 parturit.
2393 4613 2590 4682 Vipera
2635 4615 2900 4686 signiﬁcat
2939 4617 3237 4675 malitiosos
3273 4620 3540 4688 homines,
3571 4640 3674 4681 nec

2093 4719 2199 4757 non
2231 4703 2531 4769 haereticos,
2563 4707 2652 4774 qui
2679 4721 2884 4762 venena
2913 4709 3164 4778 nequitiae
3205 4711 3342 4766 intra
3372 4727 3428 4767 se
3457 4723 3668 4783 gerunt.

2101 4792 2250 4848 Unde
2283 4793 2518 4851 Joannes
2545 4796 2784 4865 Baptista
2821 4800 2889 4853 ad
2915 4798 3150 4869 Iudaeos,
3187 4804 3277 4873 qui
3320 4805 3388 4861 ad
3424 4820 3550 4861 eum
3579 4808 3672 4863 do-

2095 4885 2205 4939 lose
2235 4888 2537 4951 veniebant,
2578 4889 2712 4942 dixit
2740 4908 2752 4943 :
2780 4887 3062 4961 Progenies
3096 4896 3409 4965 viperarum,
3436 4898 3553 4967 quis
3583 4900 3671 4954 de-

2095 4980 2402 5031 monstrabit
2439 4980 2578 5033 vobis
2615 4981 2792 5050 fugere
2827 4983 2889 5036 ab
2924 4986 3006 5037 ira
3042 4987 3528 5057 ventura?(Matt/z.
3563 4991 3666 5062 ιιι.)

2091 5069 2242 5123 Mala:
2274 5085 2404 5140 ergo
2442 5073 2654 5126 soboles
2680 5073 2942 5128 malorum
2973 5085 3256 5142 parentum
3282 5078 3523 5133 actiones
3551 5081 3668 5135 imi-

2092 5170 2287 5225 tantes,
2319 5163 2602 5231 progenies
2628 5164 2934 5232 viperarum
2962 5174 3243 5231 vocantur,
3275 5168 3397 5236 quia
3423 5184 3521 5237 per
3544 5172 3664 5236 hoc,

2090 5251 2232 5318 quod
2257 5252 2413 5307 bonis
2445 5253 2704 5317 invident,
2727 5266 2925 5320 eosque
2947 5265 3360 5324 persequuntur,
3385 5260 3528 5328 quod
3551 5260 3666 5329 qui-

2089 5341 2316 5395 busdam
2364 5342 2503 5396 mala
2542 5343 2867 5408 retribuunt,
2932 5345 3070 5412 quod
3118 5345 3360 5402 laasiones
3406 5350 3665 5417 proximis

2089 5436 2381 5503 exquirunt
2418 5454 2429 5487 :
2473 5435 2726 5504 quoniam
2756 5436 2916 5502 ingiis
2959 5439 3206 5493 omnibus
3257 5439 3496 5507 priorum
3544 5456 3664 5496 suo-

2093 5542 2212 5579 rum
2262 5525 2558 5581 carnalium
2604 5526 2717 5580 vias
2764 5537 3161 5597 assequuntur,
3213 5529 3367 5596 quasi
3417 5531 3663 5586 venenati

2093 5614 2185 5668 ﬁlii
2238 5616 2301 5668 de
2354 5614 2631 5667 venenatis
2685 5616 3013 5682 parentibus.
3047 5616 3157 5670 nati
3199 5626 3340 5671 sunt.
3369 5618 3661 5690 Enhydﬁl.

2093 5706 2310 5758 coluber
2351 5705 2402 5758 in
2435 5720 2573 5773 aqua
2623 5705 2844 5759 vivens:
2884 5703 3053 5759 Graeci
3097 5705 3238 5761 enim
3285 5722 3480 5775 aquam
3528 5706 3664 5777 ydor

2093 5806 2306 5853 vocant.
2334 5796 2540 5866 llydros
2569 5797 2819 5867 aquatilis
2849 5812 3091 5867 serpens,
3123 5813 3153 5852 a
3180 5815 3286 5869 quo
3303 5798 3392 5853 icti
3412 5799 3663 5870 obturgo-
