3930 6318
199 424 300 484 955

1131 419 1220 475 DE
1253 416 1599 475 UNIVERSO
1630 416 1810 472 LIBRI
1843 415 2002 470 XXII.
2041 442 2112 453 —
2147 411 2272 466 LIB.
2312 410 2441 466 VIII.

3318 404 3427 465 234

199 537 364 586 scunt.
394 528 556 597 Cujus
583 527 831 582 morbum
857 527 1072 598 quidam
1093 528 1255 585 boam
1293 528 1476 583 dicunt
1500 542 1587 594 eo,
1615 527 1756 596 quod
1785 531 1834 589 Α
1858 524 2277 581 commodantes.
2327 524 2382 576 In
2411 521 2624 576 Psalmo
2657 541 2668 573 :
2714 522 2857 575 Sicut
2895 521 3093 589 aspidis
3137 520 3343 586 surdaz,
3381 533 3428 577 et

199 620 321 677 [lino
348 619 497 673 bovis
525 608 870 673 remedieiur.
908 619 1047 673 Ydra
1079 619 1243 673 draco
1281 617 1570 672 multorum
1613 618 1758 688 capi~

203 719 329 774 tum,
354 705 523 777 qualis
551 705 655 761 fuit
683 708 736 762 in
761 706 936 763 Lerna
963 707 1154 778 palude
1179 708 1468 778 provincia:
1492 708 1754 762 Arcadiae.

201 799 319 855 Haec
338 797 526 852 Latine
565 799 794 853 excedra
820 799 1034 862 dicitur,
1066 799 1206 867 quod
1239 813 1346 852 uno
1375 813 1514 852 caaso
1544 797 1643 851 tria
1671 813 1761 852 ca-

201 891 303 961 pita
352 889 789 944 excrescebant:
828 887 922 943 sed
968 888 1069 942 hoc
1119 887 1419 943 fabulosum
1469 896 1570 942 est.
1625 886 1758 941 Nam

202 986 400 1033 constat
424 979 615 1048 ydram
662 977 840 1032 locum
886 975 1050 1032 fuisse
1096 986 1432 1032 evomentem
1467 990 1636 1047 aquas
1670 991 1762 1030 va-

203 1076 396 1124 stantes
416 1068 652 1122 vicinam
685 1068 958 1122 civitatem
1005 1068 1060 1121 in
1085 1082 1191 1136 quo
1221 1081 1329 1121 uno
1368 1075 1550 1122 meatu
1580 1067 1761 1123 clauso

202 1160 344 1215 multi
389 1161 763 1229 erumpebant.
807 1158 958 1226 Quod
990 1159 1246 1213 Hercules
1270 1159 1457 1214 videns
1504 1159 1621 1214 loca
1648 1159 1762 1227 ipsa

201 1249 416 1312 exussit,
447 1258 501 1303 et
545 1250 629 1305 sic
668 1265 819 1318 aquae
855 1250 1051 1304 clausit
1090 1260 1316 1305 meatus.
1364 1249 1499 1305 Nam
1527 1251 1658 1320 ydra
1695 1250 1762 1304 ab

201 1353 328 1408 aqua
371 1339 513 1392 dicta
547 1351 649 1394 εει.
696 1339 937 1395 Celidros
982 1355 1235 1409 serpens,
1274 1340 1366 1410 qui
1405 1350 1459 1394 et
1496 1340 1763 1395 cersidros

201 1429 342 1499 quasi
380 1430 606 1499 cerigni,
637 1431 728 1498 qui
766 1440 820 1484 et
860 1431 914 1484 in
955 1431 1110 1500 aquis
1133 1440 1187 1484 et
1231 1431 1287 1483 in
1317 1430 1477 1484 terris
1502 1438 1760 1484 moratur.

200 1520 326 1575 Nam
353 1521 531 1576 cirson
564 1521 750 1579 dicunt
769 1520 943 1577 Graeci
974 1530 1195 1586 terram,
1223 1521 1386 1591 ydros
1411 1536 1629 1591 aquam,
1672 1538 1766 1592 per

201 1627 352 1680 quam
374 1611 597 1677 labitur,
630 1620 832 1666 terram
860 1610 1070 1671 fumare
1099 1611 1248 1668 facit.
1279 1611 1452 1679 Quam
1481 1612 1561 1668 sic
1589 1611 1767 1667 Macer

201 1700 446 1756 describit
473 1718 485 1753 :

313 1809 426 1874 Sed
446 1819 588 1870 terga
613 1811 863 1874 exspirant
884 1811 1153 1874 spumantia
1175 1812 1325 1874 virus,

391 1871 493 1922 Seu
527 1869 678 1921 terra
703 1869 1025 1933 fumant,'qua
1049 1879 1176 1922 teter
1201 1869 1381 1922 labitur
1403 1872 1593 1933 anguls.

201 1973 541 2028 Salamandra
589 1983 798 2040 vocata,
849 1975 993 2044 quod
1040 1985 1230 2029 contra
1275 1974 1521 2029 incendia
1567 1974 1763 2028 valeat.

199 2062 352 2130 Cujus
381 2063 521 2117 inter
549 2064 730 2117 omnia
757 2071 1020 2116 venenata
1056 2063 1289 2116 maxima
1319 2063 1398 2116 vis
1429 2072 1529 2116 est.
1569 2062 1773 2116 Cretera

198 2153 332 2208 enim
361 2152 600 2222 singulos
635 2152 864 2217 feriunt,
901 2153 1017 2207 haec
1044 2151 1303 2222 plurimos
1342 2152 1549 2220 pariter
1589 2150 1775 2205 interi-

201 2244 308 2296 mit.
349 2242 482 2297 Nam
511 2244 557 2298 si
591 2243 769 2298 arbori
817 2243 1117 2312 irrepserit,
1172 2242 1352 2295 omnia
1396 2256 1557 2311 poma
1605 2240 1774 2294 inlicit

197 2332 433 2396 venenis,
466 2341 523 2386 et
551 2346 664 2397 eos,
698 2332 788 2401 qui
817 2332 1066 2398 ederint,
1103 2331 1318 2387 occidit.
1370 2329 1499 2397 Quae
1525 2331 1687 2384 etiam
1724 2328 1770 2382 si

199 2420 277 2474 vel
312 2420 364 2473 in
394 2428 556 2488 puteo
602 2419 764 2484 cadit,
798 2419 878 2473 vis
903 2419 1094 2473 veneni
1135 2417 1252 2487 ejus
1281 2427 1530 2488 potantes
1568 2417 1772 2470 interﬁ-

199 2509 286 2560 cit.
315 2507 388 2560 lta
417 2515 610 2561 contra
636 2508 882 2562 incendia
909 2522 1213 2577 repugnans
1238 2508 1389 2575 ignes
1419 2507 1530 2562 sola
1561 2507 1771 2562 anima-

202 2597 322 2649 lium
353 2596 672 2666 exstinguit.
711 2597 856 2650 Vivit
895 2597 1037 2650 enim
1066 2597 1120 2651 in
1164 2597 1356 2651 mediis
1385 2595 1613 2652 ﬂammis
1659 2599 1773 2652 sine

202 2686 375 2742 dolore
426 2696 483 2740 et
519 2688 1022 2743 consummatione:
1051 2696 1106 2742 et
1142 2703 1248 2742 non
1276 2689 1448 2743 solum
1492 2690 1618 2759 quia
1665 2705 1771 2744 non

203 2779 440 2841 moritur,
487 2777 586 2833 sed
618 2779 911 2848 exstinguit
944 2778 1270 2833 incendium.
1323 2780 1390 2833 Et
1433 2787 1493 2833 ιιι
1540 2781 1775 2834 breviter

201 2871 475 2938 superiora
507 2869 877 2940 recapitulem,
923 2884 1144 2938 serpens
1176 2878 1261 2924 est
1288 2869 1531 2925 diabolus
1559 2869 1643 2923 vel
1674 2870 1772 2925 ho-

199 2965 361 3018 mines
415 2965 590 3034 impii,
635 2965 769 3018 utin
797 2965 1085 3036 Evangelio
1121 2982 1135 3020 :
1179 2963 1470 3035 Serpentes,
1507 2965 1771 3035 genimina

201 3053 488 3122 viperarum
541 3053 757 3123 (Matth.
789 3054 932 3125 xm).
987 3054 1221 3125 Serpens
1262 3055 1510 3109 Christus
1554 3062 1774 3125 pmpter

201 3147 536 3215 sapientiam,
570 3144 725 3214 cujus
764 3148 990 3217 ﬁguram
1029 3161 1251 3216 serpens
1288 3145 1377 3200 ille
1412 3160 1585 3201 aereus
1621 3161 1776 3216 gere—

1858 617 2146 671 obturantis
2170 631 2322 667 aures
2341 630 2465 668 suas
2481 610 2650 684 (Psal.
2680 612 2829 683 LVII).
2853 613 2919 666 Et
2943 613 2995 666 in
3016 613 3172 667 aliam
3197 624 3424 682 parzem,

1856 715 1915 761 ut
1942 707 1998 761 in
2018 703 2118 760 Job
2139 720 2238 775 pro
2263 704 2426 774 impio
2450 721 2464 756 :
2489 703 2655 773 Caput
2682 702 2921 772 aspidum
2947 713 3118 773 surget
3143 702 3284 774 (Job.
3314 702 3428 773 xx),

1858 796 1961 851 hoc
1989 804 2090 860 est,
2143 793 2524 863 inspirationes
2565 793 2762 848 diaboli
2793 793 2877 848 vel
2917 794 3239 847 daemonum.
3271 792 3427 863 Aspis

1859 895 1913 940 et
1939 883 2245 949 basiliscus,
2274 891 2554 952 peccatum
2581 891 2635 936 et
2663 898 2824 938 mors.
2879 884 2935 937 In
2973 883 3221 952 psalmo:
3267 882 3433 952 Super

1861 975 2091 1044 aspidem
2111 983 2160 1028 et
2177 972 2476 1028 basiliscum
2493 971 2805 1038 ambulabis,
2820 983 2865 1027 et
2886 972 3213 1027 conculcabis
3235 970 3429 1026 leonem

1861 1075 1909 1119 et
1931 1066 2207 1118 draconem
2231 1063 2402 1133 (Psal.
2427 1063 2540 1134 xc),
2567 1064 2620 1118 id
2656 1072 2758 1128 est,
2793 1064 3060 1118 diabolum
3087 1071 3140 1116 et
3171 1061 3437 1117 antichri-

1865 1163 2024 1210 stum.
2072 1156 2287 1225 Vipera,
2334 1155 2576 1210 diabolus
2623 1154 2706 1209 vel
2759 1155 2991 1209 ministri
3020 1154 3134 1222 ejus
3183 1155 3236 1208 in
3261 1152 3440 1210 Evan-

1865 1247 2041 1316 gelio:
2075 1244 2350 1300 Genimina
2395 1248 2686 1316 viperarum
2734 1245 2948 1317 (Matth.
2975 1246 3079 1316 III).
3121 1247 3188 1301 Et
3221 1248 3270 1300 in
3296 1246 3436 1301 Job:

1867 1336 1936 1389 Et
1975 1337 2168 1391 occidet
2216 1353 2331 1391 eum
2373 1336 2552 1408 lingua
2596 1340 2779 1408 viperea
2821 1337 2964 1408 (Job.
3013 1338 3127 1408 xx).
3187 1337 3441 1408 Scorpius

1865 1427 2130 1482 diabolus.
2178 1427 2237 1482 In
2266 1427 2601 1498 Evangelio:
2647 1428 2781 1482 Dedi
2827 1429 2966 1482 vobis
3010 1437 3310 1498 potestatem
3335 1428 3442 1480 cal—

1868 1516 2020 1569 candi
2053 1533 2207 1587 super
2263 1528 2517 1586 serpentes
2541 1527 2588 1572 et
2611 1520 2906 1588 scorpiones
2939 1517 3091 1589 (Luc.
3117 1517 3192 1588 x).
3227 1517 3364 1572 Sunt
3390 1523 3444 1572 et

1871 1605 1975 1660 alia
2025 1606 2355 1675 serpentium
2412 1621 2640 1676 genera,
2687 1617 2749 1660 nt
2793 1607 3099 1673 admoditte,
3152 1607 3442 1671 elefantiae,

1870 1697 2329 1754 camedracontes.
2360 1696 2640 1754 Postremo
2669 1707 2901 1767 quantus
2929 1699 3226 1764 nominum,
3257 1708 3440 1754 tantus

1871 1787 2123 1841 mortium
2156 1803 2432 1842 numerus.
2479 1787 2677 1842 Omnes
2708 1795 2888 1842 autem
2933 1797 3214 1856 serpentes
3252 1796 3446 1841 natura

1798 1869 1844 1929 B
1873 1893 1968 1933 sua
2014 1877 2194 1948 frigidi
2244 1886 2389 1942 sunt,
2423 1891 2524 1931 nec
2553 1878 2886 1947 percutiunt,
2938 1878 3040 1931 nisi
3067 1878 3281 1946 quando
3308 1877 3448 1931 cale-

1875 1966 2027 2019 ﬁunt.
2085 1965 2220 2019 Nam
2264 1967 2478 2034 quando
2527 1975 2650 2020 sunt
2694 1965 2894 2036 frigidi,
2947 1966 3144 2020 nullum
3195 1975 3445 2036 tangunt.

1878 2056 2030 2111 Unde
2063 2065 2118 2111 et
2141 2069 2344 2110 venena
2371 2072 2559 2110 eorum
2587 2055 2707 2125 plus
2738 2056 2824 2112 die
2851 2071 3013 2126 quam
3045 2066 3204 2112 nocte
3232 2066 3448 2112 nocent.

1876 2145 2112 2215 Torpent
2156 2147 2299 2200 enim
2325 2146 2500 2201 noctis
2526 2144 2728 2216 algore.
2762 2146 2829 2201 Et
2855 2147 3067 2210 merito,
3100 2147 3224 2215 quia
3267 2147 3447 2217 frigidi

1873 2246 2000 2291 sunt
2043 2244 2307 2292 nocturno
2352 2252 2493 2292 rore.
2545 2236 2603 2291 In
2640 2252 2698 2291 se
2728 2237 2870 2292 enim
2902 2238 3171 2292 adducunt
3209 2240 3452 2308 corporis

1875 2343 2127 2397 vaporem
2159 2329 2349 2398 gelidae
2385 2337 2566 2397 pestes
2601 2338 2655 2383 et
2694 2337 2902 2384 natura:
2947 2327 3172 2399 frigidas.
3205 2328 3360 2384 Unde
3395 2338 3451 2384 et

1875 2417 2052 2470 hieme
2087 2419 2138 2470 in
2159 2418 2350 2472 ..nodos
2373 2426 2606 2487 torpent,
2642 2426 2832 2474 aestate
2855 2419 3155 2473 solvuntur.
3188 2419 3319 2475 Inde
3347 2428 3450 2486 est,

1874 2506 2016 2574 quod
2047 2506 2170 2559 dum
2199 2507 2503 2574 quicunque
2529 2507 2859 2576 serpentium
2890 2522 3097 2562 veneno
3125 2510 3452 2577 percutitur.

1874 2598 2048 2666 primo
2095 2599 2446 2668 obstupescit,
2479 2607 2532 2653 et
2553 2607 2766 2668 postea,
2794 2599 2886 2655 ubi
2927 2600 2981 2653 in
3011 2599 3104 2654 illo
3133 2599 3453 2655 calefactum

1875 2686 2048 2755 ip‘sum
2087 2687 2233 2741 virus
2272 2687 2561 2753 exarserit,
2612 2691 2796 2743 statim
2828 2690 3102 2745 hominem
3133 2689 3450 2760 exstinguit.

1874 2775 2152 2830 Venenum
2192 2786 2371 2831 autem
2421 2778 2623 2832 dictum
2655 2794 2742 2844 eo,
2791 2780 2934 2849 quod
2961 2795 3058 2850 per
3088 2795 3253 2834 venas
3286 2779 3456 2837 vadit.

1874 2865 2053 2923 lnfusa
2101 2869 2245 2923 enim
2293 2871 2460 2940 pestis
2493 2886 2591 2940 per
2622 2887 2791 2927 venas
2833 2873 3176 2944 vegetatione
3217 2875 3458 2944 corporis

1873 2964 2029 3012 aucta
2056 2957 2336 3024 discurrit,
2377 2966 2432 3012 et
2469 2959 2704 3014 animam
2734 2961 2920 3033 exigit.
2975 2961 3126 3018 Unde
3161 2978 3267 3019 non
3295 2979 3457 3033 posse

1873 3060 2141 3100 venenum
2172 3061 2392 3112 nocere,
2424 3048 2528 3103 nisi
2565 3049 2800 3105 hominis
2840 3050 3078 3121 tetigerit
3117 3053 3453 3123 sanguinem.

1875 3135 2124 3190 Lucanus
2165 3151 2177 3186 :
2219 3136 2399 3190 Noxia
2445 3147 2738 3208 serpentum
2799 3149 2873 3194 est
2929 3141 3155 3195 admisto
3203 3145 3456 3212 sanguine

200 3234 304 3302 bat,
337 3253 497 3307 quem
536 3237 751 3306 Moyses
782 3238 835 3290 in
873 3238 1016 3305 ligno
1056 3238 1353 3305 suspendit,
1382 3236 1534 3304 cujus
1583 3237 1769 3291 intuitu

1878 3227 2052 3293 pestis.
2090 3223 2258 3281 Omne
2300 3236 2480 3283 autem
2535 3242 2798 3283 venenum
2850 3228 3102 3301 frigidum
3127 3240 3231 3296 est,
3260 3241 3314 3286 et
3337 3233 3456 3288 ideo

201 3329 434 3398 percussi
465 3343 498 3381 a
527 3327 870 3396 serpentibus
900 3327 1246 3381 sanabantur.
1279 3327 1345 3379 Et
1372 3326 1425 3379 in
1453 3326 1774 3395 Evangelio:

201 3418 373 3472 Estote
395 3418 680 3486 prudentes
713 3417 843 3470 sicut
883 3426 1140 3485 serpentes
1163 3415 1374 3486 (Matth.
1408 3416 1482 3488 x).
1518 3415 1775 3486 Serpens,

202 3508 437 3563 diabolus
476 3508 531 3561 in
577 3506 775 3562 Genesi
819 3524 832 3560 :
877 3505 983 3561 Sed
1032 3515 1080 3560 et
1126 3523 1332 3576 serpens
1377 3518 1486 3560 erat
1536 3508 1778 3561 callidior

205 3599 394 3650 cunctis
446 3597 804 3650 animantibus
833 3637 847 3661 ,
900 3613 1032 3666 quas
1087 3595 1280 3665 fecerat
1337 3595 1590 3650 Dominus
1639 3598 1774 3651 Deus

203 3687 346 3759 (Gen.
380 3689 487 3758 ιιι).
517 3687 692 3757 Caput
720 3688 1007 3756 serpentis,
1039 3689 1209 3756 prima
1238 3689 1444 3756 peccati
1483 3690 1773 3758 Suggestio,

199 3787 250 3830 ut
278 3779 329 3831 in
357 3778 587 3833 Genesi:
610 3777 734 3847 Ima
757 3786 978 3830 conteret
1006 3786 1159 3847 caput
1182 3787 1326 3830 tuum
1352 3779 1559 3849 (Ibid.).
1584 3780 1777 3835 Pectus

199 3869 479 3937 serpentis,
515 3879 676 3938 typus
712 3869 995 3939 superbiae,
1027 3869 1110 3922 vel
1153 3869 1342 3922 tumidi
1413 3871 1593 3924 cordis
1625 3872 1774 3925 mali-

203 3961 289 4026 tia,
318 3973 376 4015 ιιι
403 3970 487 4016 est
514 3962 647 4016 illud
672 3979 684 4014 :
711 3960 882 4032 Supra
901 3970 1079 4031 pectus
1106 3971 1252 4015 tuum
1283 3964 1536 4032 gradieris
1561 3963 1770 4035 (Ibid.).

202 4047 366 4104 Draco
413 4049 684 4113 diabolus,
731 4058 791 4101 ut
837 4049 891 4102 in
937 4049 1432 4118 psalteriozDraco
1467 4053 1582 4116 iste,
1609 4067 1773 4120 ,quem

202 4137 436 4204 {amasti
473 4137 544 4190 ad
577 4136 904 4189 illudendum
940 4138 987 4189 ei
1013 4135 1183 4207 (Psal.
1216 4137 1352 4206 cur).
1404 4137 1471 4191 Et
1499 4138 1622 4191 alibi
1655 4157 1667 4190 :
1696 4137 1775 4189 Tu

200 4227 492 4298 confregisti
527 4235 682 4296 caput
715 4227 955 4279 draconis
989 4228 1164 4295 magni
1191 4225 1362 4295 (Psal.
1395 4227 1608 4297 Lxxm).
1639 4228 1773 4280 Dra-

201 4331 370 4379 cones,
420 4318 718 4380 dazmones,
765 4323 824 4368 ut
870 4316 923 4368 in
968 4314 1263 4369 Psalterio:
1296 4314 1373 4369 Tu
1415 4316 1774 4370 contribulasti

202 4407 366 4472 capita
415 4404 710 4456 draconum
757 4403 964 4473 (Ibid.).
1003 4404 1298 4468 Dracones,
1334 4405 1601 4473 principes
1642 4420 1770 4474 gen-

203 4500 350 4563 tium,
396 4506 457 4550 ut
511 4497 564 4551 in
612 4498 907 4564 propheta:
941 4496 1264 4564 Gloriﬁcabit
1311 4513 1390 4550 me
1433 4497 1593 4550 bestia
1634 4498 1769 4566 agri,

201 4587 441 4638 dracones
481 4594 532 4637 et
571 4585 884 4638 struthiones
929 4584 1062 4654 (Isa.
1121 4585 1294 4657 xuii).
1345 4585 1665 4650 Leviathan,
1717 4586 1772 4640 id

199 4687 294 4736 est,
326 4691 554 4746 serpens
579 4675 842 4731 diabolus.
874 4677 929 4730 In
957 4678 1091 4732 Isaia
1119 4696 1130 4730 :
1163 4678 1227 4730 Et
1260 4678 1486 4731 visitabit
1520 4677 1772 4730 Dominus

201 4765 250 4818 in
272 4765 442 4835 gladio
479 4782 576 4818 suo
599 4764 733 4818 duro
769 4783 924 4836 super
941 4767 1225 4821 Leniat/ian
1257 4777 1538 4838 serpentem
1569 4776 1771 4820 tortuo-

201 4867 326 4917 sum,
367 4862 413 4906 et
459 4854 660 4907 occidet
706 4865 872 4907 cetum
909 4856 998 4925 qui
1038 4865 1112 4909 est
1152 4859 1205 4910 in
1247 4858 1382 4910 mari
1411 4856 1544 4926 (Isa.
1578 4855 1770 4928 xxvn).

201 4939 422 4998 Golnber
456 4945 726 5012 diabolus,
763 4954 824 5000 ut
855 4946 909 5000 in
935 4945 1034 5001 Job
1061 4965 1073 4999 :
1099 4946 1168 4999 Et
1211 4948 1573 5002 obstetricante
1612 4965 1770 5001 manu

203 5031 307 5101 ejus
340 5033 558 5086 eductus
595 5044 669 5088 est
703 5035 913 5089 coluber
946 5045 1206 5089 tortuosus
1235 5037 1357 5106 (Job
1388 5037 1561 5107 xxvi),
1587 5037 1637 5091 id
1667 5046 1766 5102 est,

205 5122 478 5186 medicina,
521 5122 734 5177 Domini
772 5127 940 5180 nostri
987 5124 1112 5180 Jesu
1144 5126 1340 5180 Christi
1384 5127 1657 5196 projectus
1691 5134 1771 5182 est

206 5209 437 5265 diabolus
489 5211 556 5264 de
605 5211 858 5267 cordibus
897 5215 1195 5269 hominum.
1246 5214 1482 5286 Regulus
1531 5215 1773 5270 diabolus

208 5301 282 5354 vel
323 5303 594 5357 daemones
623 5301 749 5356 flatu
788 5305 1127 5374 cogitationis
1160 5307 1322 5362 corda
1355 5306 1632 5360 hominum
1658 5305 1773 5359 vul-

207 5401 469 5458 nerantes,
501 5401 563 5447 ut
591 5394 646 5447 in
667 5391 898 5450 Ieremia
924 5413 937 5449 :
967 5396 1102 5451 Ecce
1141 5415 1234 5469 ego
1272 5399 1472 5452 mittam
1512 5398 1651 5451 vobis
1692 5415 1772 5451 re-

208 5481 363 5549 gulos,
405 5483 594 5552 quibus
639 5500 744 5538 non
780 5493 854 5539 est
891 5487 1210 5554 incantatio,
1251 5499 1299 5544 et
1340 5489 1642 5542 mordebant
1685 5505 1770 5542 vos

211 5570 334 5644 (Jer.
357 5575 495 5645 vni).
551 5575 620 5629 Et
654 5575 710 5630 in
739 5577 1151 5634 Deuteronomio
1175 5596 1187 5631 :
1212 5579 1277 5632 In
1304 5597 1405 5650 quo
1429 5589 1540 5634 erat
1565 5595 1771 5650 serpens

210 5661 424 5717 adurens
468 5661 654 5732 (Deut.
678 5667 855 5737 xvrn).
912 5669 1067 5739 Aspis
1095 5669 1290 5723 duritia
1320 5671 1499 5725 cordis
1525 5680 1770 5741 peccato-

213 5770 320 5808 nnn
361 5756 562 5814 sanctis
601 5760 1066 5826 prmdicationibus
1105 5776 1287 5816 aurem
1321 5763 1497 5817 cordis
1535 5779 1634 5819 non
1679 5778 1769 5815 ac-

512 5853 787 5912 Parnon.
833 5852 994 5913 CXI.

1877 3315 2076 3380 anima,
2109 3316 2234 3384 quia
2269 3316 2422 3387 ignea
2455 3326 2556 3382 est,
2602 3316 2737 3388 fugit
2780 3333 3048 3374 venenum
3098 3314 3375 3392 frigidum,
3402 3323 3457 3377 in

1877 3406 2213 3461 naturalibus
2260 3408 2419 3463 bonis
2450 3449 2464 3474 ,
2519 3423 2637 3477 qua:
2691 3409 2848 3465 nobis
2896 3419 2952 3465 et
2999 3411 3459 3468 irrationabilibus

1877 3497 2240 3552 animantibus
2288 3499 2532 3553 videmus
2573 3513 2694 3554 esse
2743 3501 3074 3567 communia,
3125 3502 3298 3556 vivaci
3327 3519 3458 3572 qna-

1876 3585 1997 3638 dam
2041 3600 2232 3640 sensus
2272 3587 2568 3642 subtilitate
2594 3602 2817 3657 serpens
2842 3590 3077 3645 excellit.
3109 3590 3261 3646 Unde
3288 3600 3343 3648 et
3378 3593 3462 3648 le-

1876 3677 2018 3746 gitur
2046 3678 2099 3730 in
2133 3677 2361 3733 Genesi:
2389 3677 2612 3749 Serpens
2647 3676 2962 3746 autem'erat
2988 3682 3267 3751 sapientior
3295 3687 3458 3738 omni-

1876 3769 1969 3821 bus
2009 3770 2361 3825 animantibus
2408 3780 2560 3825 terraa
2608 3768 2888 3843 (Gen.m).
2937 3773 3078 3828 Dicit
3123 3785 3303 3830 autem
3355 3777 3460 3831 Pli—

1876 3860 2015 3924 nius,
2063 3860 2108 3913 si
2160 3862 2414 3925 creditur,
2467 3864 2606 3931 qnod
2659 3865 2925 3931 serpentis
2977 3874 3159 3933 caput,
3207 3868 3368 3920 etiam
3413 3870 3456 3922 si

1874 3964 1997 4002 cum
2026 3950 2234 4004 duobus
2264 3951 2498 4008 evaserit
2521 3952 2719 4021 digitis,
2752 3953 3098 4008 nihilominus
3122 3955 3271 4009 vivit.
3303 3956 3457 4020 Unde

1875 4047 1929 4092 ct
1959 4046 2130 4092 totum
2160 4053 2356 4107 corpus
2385 4040 2570 4109 objicit
2590 4056 2690 4109 pro
2715 4042 2893 4110 capite
2917 4041 3151 4097 ferienti.
3175 4045 3458 4115 Anguibus

1875 4128 2143 4183 universis
2188 4129 2353 4184 hebes
2383 4130 2529 4184 visus
2579 4140 2680 4195 est,
2739 4146 2863 4186 raro
2903 4133 2957 4186 in
2995 4135 3279 4189 adversum
3327 4153 3457 4190 con-

1877 4227 2133 4274 tuentur:
2161 4234 2258 4273 nec
2290 4218 2511 4285 frustra,
2543 4235 2664 4274 cum
2708 4221 2893 4276 oculos
2920 4238 3027 4276 non
3058 4224 3111 4277 in
3151 4224 3326 4279 fronte
3354 4227 3455 4280 ha—

1875 4310 2056 4373 beant,
2101 4309 2196 4362 sed
2245 4311 2298 4363 in
2346 4311 2696 4381 temporibus,
2747 4314 2880 4368 adeo
2926 4322 2990 4366 ut
3031 4316 3190 4371 citius
3235 4318 3455 4372 audiant

1875 4412 2035 4466 quam
2086 4399 2371 4468 aspiciant.
2448 4399 2667 4454 Nullum
2722 4412 2901 4456 autem
2950 4404 3147 4458 animal
3203 4406 3256 4459 in
3308 4416 3454 4462 tanta

1876 4487 2153 4542 celeritate
2195 4488 2431 4559 linguam
2474 4500 2672 4555 movet,
2715 4500 2772 4546 ut
2821 4506 3062 4560 serpens,
3101 4494 3236 4548 adeo
3267 4503 3324 4547 ut
3358 4498 3454 4548 tri-

1877 4577 2071 4646 plicem
2113 4578 2349 4648 linguam
2378 4581 2579 4636 habere
2605 4582 2870 4646 videatur,
2911 4598 3032 4636 cum
3068 4599 3172 4637 una
3209 4587 3296 4640 sit.
3329 4587 3455 4640 Ser-

1876 4668 2117 4737 pentium
2163 4671 2302 4725 nuda
2359 4679 2483 4725 sunt
2523 4686 2771 4740 corpora,
2824 4672 2959 4726 adeo
3011 4681 3069 4726 ut
3116 4689 3453 4744 quacumque

1875 4761 2008 4811 eunt
2049 4758 2154 4823 via,
2213 4759 2437 4812 humore
2487 4759 2767 4829 designent
2809 4762 3055 4831 vestigia.
3108 4761 3450 4832 Serpentium

1876 4849 2098 4919 vestigia
2125 4848 2251 4902 talia
2279 4857 2424 4914 sunt,
2454 4859 2513 4902 ut
2534 4865 2654 4904 cum
2684 4851 2908 4917 pedibus
2932 4865 3120 4905 carere
3143 4852 3448 4918 videantur,

1876 4942 2038 4996 costis
2087 4951 2264 4995 tamen
2315 4950 2371 4995 et
2417 4957 2760 5011 squamarum
2807 4941 3013 4996 nisibus
3055 4951 3269 5012 repunt,
3316 4959 3452 5012 quas

1875 5049 1904 5087 a
1935 5048 2144 5088 summo
2174 5041 2387 5102 gutture
2414 5049 2584 5102 usque
2611 5032 2677 5087 ad
2707 5033 2871 5087 imam
2899 5033 3077 5088 alvum
3105 5035 3261 5104 parili
3289 5037 3448 5089 modo

1873 5123 2161 5193 dispositas
2209 5123 2430 5177 habent.
2482 5121 2734 5191 Squamis
2762 5123 2927 5189 enim,
2965 5124 3119 5193 quasi
3156 5124 3442 5192 unguibus,

1875 5216 2058 5278 costis,
2086 5215 2242 5282 quasi
2277 5213 2543 5279 cruribus,
2574 5213 2899 5267 innituntur.
2931 5212 3085 5269 Unde
3113 5213 3156 5267 si
3189 5214 3243 5267 in
3275 5215 3449 5282 quali-

1873 5303 1965 5357 bet
2016 5304 2256 5372 corporis
2302 5311 2455 5373 parte
2505 5303 2575 5358 ab
2620 5303 2738 5358 alvo
2792 5317 2962 5372 usque
3010 5302 3078 5356 ad
3120 5313 3280 5371 caput
3335 5305 3444 5358 ictu

1875 5395 2052 5464 aliquo
2077 5394 2379 5460 collidatur,
2405 5394 2594 5449 debilis
2624 5393 2832 5449 reddita
2858 5409 3076 5449 cursum
3101 5395 3300 5449 habere
3334 5410 3442 5450 non

1875 5495 2049 5555 potest
2076 5505 2088 5539 :
2115 5487 2240 5554 quia
2286 5485 2586 5557 ubicunque
2621 5486 2708 5542 ille
2752 5487 2890 5542 ictus
2929 5485 3195 5551 inciderit,
3232 5487 3441 5556 spinam

1876 5575 2051 5641 solvit,
2090 5589 2187 5645 per
2223 5592 2384 5646 quam
2426 5584 2696 5632 costarum
2735 5577 2899 5646 pedes
2943 5582 2996 5629 et
3039 5583 3218 5630 motus
3253 5591 3441 5644 corpo-

1877 5670 1950 5723 ris
1981 5668 2293 5738 agebantur.
2323 5668 2612 5738 Serpentes
2636 5675 2814 5721 autem
2845 5667 2936 5722 diu
2957 5666 3138 5721 vivere
3165 5666 3439 5733 dicuntur,

1879 5764 2010 5814 adeo
2038 5768 2116 5826 ut,
2145 5759 2385 5827 deposita
2424 5769 2604 5814 vetere
2654 5761 2856 5823 tunica,
2907 5765 3236 5813 senectutem
3279 5757 3441 5826 depo-
