3930 6352
429 428 536 487 255

1078 425 1150 485 .B.
1190 425 1442 482 RABANI
1477 425 1699 486 MAURI
1735 427 2052 484 ARCHIEP.
2094 426 2401 486 MOGUNT.
2426 426 2725 519 ‘OPERUM
2761 431 2942 489 PARS
2977 430 3042 489 ll.

3586 429 3699 496 250

427 558 577 609 nere,
596 551 757 613 atque
782 550 837 598 in
854 542 1133 612 juventam
1163 543 1341 599 redire
1366 543 1772 614 perhibeantur.
1792 543 2011 600 Tunicae
2037 548 2093 610 Α
2116 544 2251 600 costi
2274 543 2544 615 peduculi,
2568 544 2793 615 pulices,
2824 544 3029 612 lendix,
3060 552 3271 603 tarmus
3297 545 3523 614 ricinus,
3552 546 3700 619 ulla,

427 646 739 707 serpentum
799 637 1007 691 exuviae
1074 644 1490 706 nuneupantur,
1560 653 1626 693 eo
1692 637 1834 709 quod
1906 638 2011 705 his,

427 730 643 801 quando
692 746 769 786 sci
830 740 1001 798 xeunt,
1061 746 1181 786 sese
1231 741 1458 797 exuunt,
1516 733 1713 803 quibus
1762 732 1914 787 exuti
1961 732 2017 786 in

423 819 699 891 juventam
751 823 998 878 redeunt.
1039 821 1304 877 Dicuntur
1342 823 1488 878 enim
1531 825 1739 879 exuviae
1766 832 1820 879 et
1854 822 2015 877 indu-

423 912 545 979 viae,
584 914 711 983 quia
752 924 1023 970 exuuntur
1058 923 1114 970 et
1140 915 1456 972 induuntur.
1511 915 1846 989 Pythagoras
1867 917 2013 982 dicit,

431 1002 494 1059 tle
520 1004 755 1059 medulla
776 1007 1012 1062 hominis
1032 1007 1254 1087 mortui,
1273 1023 1393 1079 quae
1407 1009 1473 1069 .in
1503 1011 1658 1080 Spina
1680 1016 1781 1075 est,
1798 1024 2019 1080 serpen-

432 1109 535 1150 .em
565 1097 761 1152 creari.
800 1096 955 1165 Quod
982 1098 1148 1152 etiam
1173 1098 1395 1156 Ovidius
1423 1098 1481 1155 in
1512 1099 2019 1171 Metamorphoseon

426 1185 583 1245 libris
602 1196 992 1244 commemorat
1013 1189 1232 1245 dicens:

555 1303 679 1369 _S_unt
696 1301 801 1369 qui,
825 1314 935 1369 cum
958 1303 1124 1369 clauso
1142 1304 1414 1367 putrefacta
1436 1310 1513 1355 est
1531 1308 1671 1368 spina
1692 1304 1934 1369 sepulcro,

554 1362 729 1412 Mutari
752 1362 958 1415 credant
975 1362 1212 1416 humanas
1241 1379 1403 1429 angue
1423 1362 1679 1419 medullas.

427 1462 583 1530 Quod
613 1462 659 1518 si
690 1463 948 1532 creditur,
994 1467 1191 1523 merito
1226 1469 1406 1523 evenit
1442 1488 1454 1522 :
1493 1478 1550 1524 ut
1591 1471 1730 1525 sicut
1766 1484 1865 1541 per
1910 1485 2023 1526 ser-

424 1564 647 1623 pentem
685 1570 835 1610 mors
869 1556 1107 1613 hominis
1140 1575 1153 1611 :
1192 1560 1267 1613 ita
1311 1568 1368 1614 et
1414 1560 1651 1615 hominis
1687 1568 1862 1614 morte
1908 1575 2022 1616 ser-

427 1659 583 1715 pens.
614 1645 813 1701 Fertur
834 1655 1036 1713 autem,
1070 1649 1216 1719 quod
1243 1665 1469 1721 serpens
1496 1651 1769 1705 hominem
1814 1650 2020 1705 nudum

432 1752 543 1793 non
578 1737 651 1793 sit
679 1753 845 1795 ausus
884 1741 1224 1813 contingere.
1276 1742 1521 1796 Prudens
1555 1742 1746 1809 lector,
1793 1742 2023 1812 cognitis

428 1828 518 1885 his
557 1829 887 1900 serpentium
932 1833 1223 1902 generibus
1256 1839 1419 1901 atque
1453 1830 1755 1899 effectibus,
1808 1833 2023 1903 quando

2117 637 2308 691 cimex.
2343 634 2750 704 Hemicraneus,
2785 637 2986 693 vermis
3014 638 3207 709 capitis
3240 647 3487 696 vocatur.
3535 638 3700 697 Lum-

2114 727 2297 784 hricus
2322 728 2705 783 intestinorum
2732 729 2922 794 dictus,
2952 730 3111 799 quasi
3138 728 3426 798 lumbicus,
3456 731 3582 803 quia
3617 730 3699 787 la-

2115 819 2281 887 bitur,
2307 819 2391 875 vel
2419 821 2565 889 quod
2605 821 2662 875 in
2699 820 2896 877 lumbis
2930 822 3019 877 sit.
3050 822 3328 879 Ascaridte
3366 826 3502 881 costi
3535 812 3703 896 pedu-

2117 911 2245 977 culi,
2271 926 2485 966 vermes
2513 912 2652 968 cutis
2685 928 2717 967 a
2739 914 2966 984 pedibus
3007 913 3158 969 dicti.
3190 912 3346 970 Unde
3385 924 3442 971 et
3464 915 3704 987 peducu-

2118 1001 2218 1057 losi
2261 1003 2533 1071 dicuntur,
2586 1005 2782 1075 quibus
2829 1004 3080 1074 peduculi
3126 1005 3182 1060 in
3221 1021 3449 1077 corpore
3478 1006 3703 1064 efferve-

2118 1101 2294 1149 scunt.
2339 1093 2551 1151 Pulices
2601 1110 2730 1151 vero
2774 1098 2953 1152 vocati
3007 1094 3152 1165 sunt,
3185 1099 3328 1168 quod
3371 1115 3439 1155 ex
3482 1099 3703 1169 pulvere

2117 1186 2292 1257 magis
2338 1186 2669 1242 nutriantur.
2724 1187 2932 1243 Lendix
2979 1187 3162 1256 idem,
3213 1190 3357 1259 quod
3412 1197 3620 1245 tarmus
3669 1204 3703 1245 a

2119 1276 2292 1333 lende.
2320 1276 2552 1333 Tarmus
2574 1278 2775 1334 vermis
2801 1286 2886 1334 est
2904 1279 3064 1334 lardi.
3088 1278 3317 1335 Rieinus
3333 1282 3533 1337 vermis
3554 1279 3706 1336 canis

2120 1377 2342 1424 vocatus
2368 1384 2451 1433 eo,
2481 1369 2626 1439 quod
2652 1369 2757 1423 erit
2785 1369 2840 1424 in
2872 1370 3093 1447 auribus
3123 1386 3341 1427 canum.
3360 1370 3534 1426 Cenos
3562 1371 3706 1426 enim

2120 1459 2307 1517 Graece
2333 1447 2486 1516 canis
2515 1468 2613 1516 est.
2669 1460 2797 1516 Usia
2841 1470 2927 1517 est
2967 1462 3167 1517 vermis
3210 1461 3384 1532 porci,
3416 1462 3706 1533 appellata,

2124 1550 2249 1622 quia
2276 1549 2403 1604 urit.
2431 1548 2567 1604 Nam
2595 1550 2685 1605 ubi
2724 1550 3095 1617 momorderit,
3125 1552 3259 1607 adeo
3286 1550 3436 1607 locus
3466 1552 3612 1617 adet,
3648 1560 3711 1607 ut

2123 1643 2198 1698 ibi
2240 1642 2435 1697 vesicae
2486 1642 2639 1696 ﬁant.
2689 1640 2879 1697 Cimex
2924 1642 2991 1697 de
3014 1643 3367 1699 similitudine
3425 1644 3709 1715 cujusdam

2126 1733 2310 1789 herbae
2333 1741 2576 1799 vocatus,
2604 1732 2756 1803 cujus
2780 1731 3031 1788 fcetorem
3056 1734 3237 1789 habet.
3270 1732 3496 1804 Proprie
3528 1742 3711 1791 autem

2123 1825 2325 1881 vermis
2358 1825 2414 1881 in
2442 1825 2726 1895 putredine
2755 1825 2939 1905 carnis
2962 1824 3225 1879 nascitur.
3258 1822 3425 1880 Tinea
3462 1826 3518 1880 in
3548 1825 3711 1882 vesti-

432 1917 499 1973 de
547 1917 629 1973 eis
664 1916 722 1972 in
763 1917 1062 1990 Scripturis
1098 1920 1268 1992 legas,
1323 1937 1431 1976 non
1472 1930 1525 1976 te
1566 1922 1745 1993 pigeat
1792 1930 2017 1989 tentare,
2051 1918 2100 1977 B
2128 1918 2349 1984 mentis,
2389 1931 2554 1972 eruca
2596 1917 2652 1972 in
2690 1917 2862 1984 olere,
2902 1916 3089 1973 teredo
3128 1917 3184 1972 in
3214 1916 3381 1989 ligno,
3417 1925 3627 1975 tarmus
3656 1920 3712 1975 in

432 2010 481 2066 si
516 2010 722 2083 aliquid
762 2013 939 2085 possis
992 2014 1050 2069 in
1098 2014 1400 2085 spiritalem
1444 2029 1665 2072 sensum
1710 2015 1837 2073 inde
1884 2015 2027 2073 redi-

433 2115 583 2172 gere.
1270 2112 1279 2145 ‘w

1045 2196 1273 2254 CAPUT
1325 2198 1414 2255 IV.

1030 2286 1110 2342 De
1144 2288 1420 2367 tantibus.

507 2376 721 2437 Vermis
749 2386 834 2435 est
870 2377 1073 2433 animal
1113 2380 1259 2449 quod
1295 2380 1615 2450 plerumque
1658 2396 1824 2437 carne
1844 2382 1935 2443 vel
1961 2383 2027 2439 de

432 2473 581 2546 ligno
599 2473 687 2529 vel
709 2472 776 2528 de
794 2487 1117 2543 quacunque
1141 2487 1204 2527 re
1231 2480 1447 2527 terrena
1470 2473 1586 2528 sine
1607 2474 1716 2530 ullo
1738 2476 2028 2531 concubitu

435 2564 696 2637 gignitur,
738 2563 871 2619 licet
916 2578 1302 2633 nonnunquam
1348 2570 1403 2618 et
1452 2563 1519 2618 de
1564 2561 1682 2620 ovi's
1712 2575 2025 2631 nascantur,

434 2656 577 2713 sicut
627 2656 860 2726 scorpio.
914 2655 1055 2735 Sunt
1102 2664 1284 2712 autem
1311 2670 1525 2710 vermes
1571 2665 1664 2710 aut
1711 2664 1890 2722 terra},
1938 2665 2031 2710 aut

439 2763 617 2818 aquae,
648 2754 742 2802 aut
774 2747 941 2813 aeris,
971 2754 1064 2801 aut
1088 2747 1357 2813 carnium,
1394 2754 1487 2802 aut
1524 2747 1816 2814 frondium,
1848 2755 1941 2802 aut
1966 2746 2029 2802 li-

434 2852 689 2909 gnorum,
722 2846 818 2891 aut
837 2837 1308 2892 vestimentorum.
1358 2834 1593 2903 Aranea,
1622 2838 1824 2891 vermis
1860 2837 2026 2903 aeris,

437 2929 507 2985 ab
534 2928 678 2984 aeris
716 2929 1048 2983 nutrimento
1084 2927 1478 2999 cognominata,
1521 2928 1647 2997 quia
1677 2929 1869 3000 exiguo
1907 2944 2028 2984 cor-

436 3033 571 3091 pore
622 3020 781 3091 longa
830 3021 919 3074 ﬁla
956 3019 1206 3086 deducit,
1252 3028 1307 3075 et
1355 3020 1479 3074 tela:
1532 3035 1747 3092 semper
1794 3022 2026 3090 intenta,

438 3111 717 3182 nunquam
756 3113 953 3168 desinit
992 3113 1261 3179 laborare,
1294 3122 1619 3185 perpetuum
1661 3115 1936 3171 sustinens
1972 3117 2028 3170 in

438 3218 536 3258 sua
567 3210 686 3258 arte
713 3203 1074 3275 diSpendium.
1110 3203 1469 3276 Sanguisuga,
1504 3206 1707 3262 vermis
1752 3206 2026 3278 aquatilis,

441 3295 607 3359 dicta,
635 3297 779 3365 quod
818 3296 1137 3366 sanguinem
1166 3297 1326 3368 sugit.
1371 3296 1692 3355 Potantibus
1716 3300 1861 3355 enim
1892 3301 2027 3357 insi-

440 3385 639 3463 diatur.
673 3384 917 3457 Cumque
943 3386 1142 3443 labitur
1169 3387 1436 3456 faucibus,
1468 3388 1553 3445 vel
1578 3390 1669 3446 ubi
1697 3390 1909 3461 uspiam
1938 3374 2049 3447 ad?

439 3480 733 3549 haerescit,
782 3481 1100 3554 sanguinem
1132 3483 1346 3549 haurit,
1387 3493 1441 3539 et
1474 3500 1598 3539 eum
1641 3487 1809 3541 nimio
1839 3502 2033 3544 cruore

440 3570 737 3636 maduerit,
765 3570 987 3637 evomit,
1018 3573 1159 3641 quod
1188 3573 1368 3628 hausit
1404 3590 1418 3627 :
1469 3574 1543 3629 ita
1580 3585 1640 3630 ut
1674 3577 2031 3633 recentiorem

440 3659 619 3715 denuo
669 3667 847 3730 sugat.
895 3658 1221 3729 Cantarida,
1250 3664 1451 3719 vermis
1486 3672 1755 3731 terrenus,
1785 3666 1877 3734 qui
1907 3681 2031 3722 cum

448 3746 691 3805 humano
728 3748 943 3820 corpori
984 3749 1150 3805 fuerit
1188 3752 1516 3821 applicatus,
1561 3755 1745 3808 statim
1800 3755 1883 3810 sui
1937 3757 2029 3811 ad-

442 3838 659 3895 ustione
682 3839 893 3895 vesicas
916 3836 1048 3894 facit
1063 3840 1250 3909 plenas
1268 3843 1514 3899 humore.
1539 3844 1809 3915 Multipes,
1828 3846 2028 3902 vermis

442 3938 718 3997 terrenus,
761 3944 830 3984 ex
866 3930 1215 4003 multitudine
1264 3936 1461 4002 pedum
1496 3944 1739 4002 vocatus,
1771 3936 1860 4006 qui
1893 3952 2027 3992 con-

442 4026 653 4075 tractus
685 4019 739 4073 in
775 4018 989 4090 globum
1038 4022 1410 4092 complicatur,
1455 4027 1699 4081 nascitur
1736 4028 1834 4082 sub
1860 4029 2026 4097 petris

441 4123 511 4164 ex
556 4110 788 4164 humore
839 4118 896 4166 et
938 4118 1103 4165 terra.
1156 4111 1368 4180 Limax,
1418 4115 1619 4169 vermis
1664 4115 1796 4181 limi,
1827 4118 2026 4185 dictus,

442 4197 589 4268 quod
629 4197 687 4253 in
712 4197 841 4253 limo
870 4199 955 4253 vel
981 4199 1049 4254 de
1084 4199 1215 4255 limo
1245 4213 1517 4258 nascatur.
1554 4204 1707 4261 Unde
1731 4215 1786 4261 et
1811 4210 2026 4265 sordida

439 4302 656 4357 semper
695 4295 751 4343 et
778 4288 1054 4343 immunda
1101 4290 1346 4347 habetur.
1392 4294 1714 4366 Bombyces,
1752 4297 2026 4355 frondium

440 4393 693 4445 vermes,
733 4393 803 4433 ex
847 4379 1000 4447 cujus
1040 4387 1254 4436 textura
1293 4384 1672 4456 bombycinum
1719 4390 2019 4445 conficitur.

439 4466 758 4539 Appellatus
802 4480 982 4526 autem
1011 4471 1114 4526 hoc
1152 4475 1370 4529 nomine
1407 4480 1474 4532 ab
1502 4493 1587 4543 eo,
1618 4482 1761 4550 quod
1798 4497 2025 4538 evacue—

437 4565 557 4623 tur,
603 4556 695 4611 ﬁla
744 4569 1005 4629 generat,
1076 4570 1131 4615 et
1176 4578 1271 4617 aer
1316 4564 1463 4620 solus
1510 4567 1563 4619 in
1613 4582 1676 4621 ea
1722 4580 2018 4628 remaneat.

437 4648 638 4713 Eruca,
678 4648 953 4703 frondium
981 4654 1199 4717 vermis,
1233 4654 1289 4709 in
1316 4655 1434 4711 olus
1465 4657 1547 4710 vel
1580 4661 1835 4729 pampino
1866 4664 2021 4718 invo-
2046 4630 2101 4692 Β

434 4738 575 4803 luta,
606 4740 673 4793 ab
703 4742 975 4796 erodendo
1017 4744 1179 4799 dicta.
1236 4747 1312 4802 De
1346 4764 1453 4817 quo
1494 4752 1739 4806 meminit
1766 4752 2017 4811 Plautus:

428 4847 463 4909 γι
508 4828 756 4885 Imitatus
790 4848 1022 4903 nequam
1054 4836 1283 4891 heStiam
1311 4847 1363 4893 et
1392 4841 1691 4897 maleficam
1729 4844 2022 4902 involutam

436 4920 493 4973 in
521 4922 774 4991 pampino
800 4925 1057 4994 implicat.
1098 4947 1116 4978 ι
1162 4928 1267 4985 Sed
1296 4932 1435 4987 idem
1461 4948 1563 4989 nec
1590 4936 1826 5002 advolat,
1855 4951 1915 4993 ut
1943 4940 2022 4994 lo-

439 5018 689 5073 custa,ut
713 5013 817 5066 huc
843 5013 1072 5083 illucque
1101 5016 1410 5075 discurrens
1441 5024 1730 5093 semipasta
1755 5028 2016 5083 dimittat:

438 5102 649 5157 scilicet
686 5113 967 5172 permanet
1004 5108 1261 5175 perituris
1295 5111 1562 5183 frugibus,
1598 5124 1653 5169 et
1685 5120 1837 5173 tardo
1870 5120 2023 5190 lapsu

437 5194 606 5263 pigris
629 5195 897 5251 morsibus
924 5198 1175 5253 universa
1202 5204 1487 5257 consumit.
1514 5204 1821 5264 Teredonas
1848 5209 2023 5267 Graeci

436 5297 636 5342 vocant
662 5288 929 5359 lignorum
966 5308 1197 5361 vermes,
1235 5298 1377 5365 quod
1412 5302 1633 5354 terendo
1682 5303 1864 5358 edant.
1913 5304 2023 5359 Hos

439 5394 539 5435 nos
567 5381 850 5438 thermites
891 5384 1120 5441 dicimus
1158 5388 1255 5458 (ita
1289 5391 1432 5445 enim
1469 5392 1609 5461 apud
1639 5394 1861 5451 Latinos
1890 5396 2019 5467 ligni

439 5483 654 5525 vermes
699 5474 980 5545 vocantur)
1035 5492 1171 5547 quos
1225 5488 1466 5550 tempore
1512 5482 1817 5552 importuno
1870 5501 2021 5541 casa:

442 5558 666 5614 arbores
681 5561 923 5631 gignunt.
944 5564 1131 5631 Tinea,
1151 5570 1597 5627 vestimentorum
1611 5576 1833 5641 vermis,
1854 5577 2019 5643 dicta,

443 5650 585 5719 quod
615 5658 796 5707 teneat
824 5664 878 5708 et
907 5671 981 5723 eo,
997 5673 1170 5729 usque
1210 5661 1454 5729 insideat,
1490 5679 1598 5733 quo
1629 5667 1835 5722 erodat.
1870 5665 2023 5723 Unde

441 5741 713 5828 pertinax,
753 5746 897 5814 quod
933 5746 989 5801 in
1018 5752 1262 5807 eamdem
1311 5769 1425 5809 rem
1475 5754 1767 5811 identidem
1810 5765 2015 5828 urgeat.

444 5826 670 5891 νει-[ηαδ
694 5838 961 5911 carnium,
989 5840 1387 5914 hemicraneus,
1418 5846 1731 5920 lumbricus,
1765 5826 2021 5908 ascarida:

2128 2008 2300 2064 lardo.
2332 2007 2546 2064 Vermis
2574 2023 2711 2076 non,
2747 2017 2809 2063 ut
2838 2022 3080 2080 serpens,
3120 2008 3325 2079 apertis
3351 2011 3601 2079 passibus
3629 2010 3710 2065 vel

2127 2114 2476 2171 squamarum
2522 2100 2729 2156 nisibus
2769 2100 2929 2169 repit,
2984 2100 3109 2170 quia
3153 2116 3262 2156 non
3302 2108 3387 2157 est
3420 2102 3501 2157 illi
3545 2103 3713 2173 spinae

2127 2192 2296 2262 rigor,
2342 2199 2402 2245 ut
2451 2190 2678 2256 colubri,
2718 2190 3006 2245 seilicetin
3058 2191 3321 2247 directum
3381 2192 3583 2248 corculi
3629 2193 3714 2250 sui

2124 2290 2310 2354 partes
2361 2281 2629 2352 gradatim
2675 2280 3004 2352 porrigendo
3033 2321 3048 2349 ,
3125 2291 3434 2339 contractas
3491 2291 3713 2340 contra-

2126 2372 2326 2437 hendo,
2358 2381 2638 2441 porrectas
2679 2379 2888 2427 motum
2951 2372 3205 2444 explicat,
3248 2374 3433 2445 sicque
3478 2376 3715 2448 agitatus

2128 2464 2447 2536 perlabitur.
2506 2465 2716 2521 Vermis
2746 2474 2928 2521 autem
2956 2467 3183 2538 mystice
3207 2466 3453 2523 Christus
3478 2484 3578 2539 pro
3606 2468 3713 2524 hu-

2130 2556 2360 2613 militate
2388 2560 2651 2629 assumpti
2692 2561 2926 2615 hominis
2955 2560 3181 2631 intelligi
3211 2568 3411 2630 potest,
3440 2570 3502 2617 ut
3528 2571 3613 2619 est
3640 2562 3712 2618 il-

2128 2650 2220 2705 lud
2248 2651 2305 2705 in
2330 2652 2535 2722 psalmo
2562 2668 2574 2704 :
2601 2651 2713 2723 Ego
2748 2669 2865 2707 sum
2910 2654 3095 2708 vermis
3130 2663 3177 2707 et
3208 2669 3313 2708 non
3350 2654 3504 2709 homo
3534 2652 3711 2727 (Psui.

2130 2742 2268 2816 xxi).
2342 2743 2451 2797 Aut
2502 2744 2761 2798 memoria
2818 2744 2984 2800 animi
3043 2746 3345 2817 peccatoris
3408 2746 3463 2801 in
3511 2744 3714 2801 inferni

2130 2850 2290 2904 pcena
2325 2836 2620 2901 constituti,
2656 2837 2722 2892 de
2755 2852 2862 2907 quo
2893 2838 3155 2907 scriptum
3200 2847 3288 2894 ost
3316 2853 3332 2893 :
3384 2836 3584 2894 Vermis
3617 2855 3713 2893 eo-

2130 2944 2247 2981 rum
2292 2944 2396 2982 non
2444 2931 2714 2997 morietur,
2767 2943 2815 2985 et
2868 2931 3001 3003 ignis
3051 2946 3155 2986 non
3182 2933 3542 3004 exstinguetur
3570 2932 3710 3004 (Isa.

2131 3017 2298 3092 mm).
2319 3018 2533 3075 Aranea
2558 3036 2685 3077 vero
2709 3022 3003 3077 humanam
3031 3022 3381 3095 fragilitatem
3419 3021 3711 3095 signiﬁcat.

2134 3110 2287 3167 Unde
2314 3121 2396 3167 est
2425 3112 2555 3168 illud
2597 3114 2653 3169 in
2678 3114 2889 3185 psalmo
2913 3133 2925 3169 :
2955 3115 3024 3169 Et
3051 3117 3313 3173 tabescere
3350 3117 3539 3187 fecisti,
3574 3117 3714 3172 sicut

2132 3218 2403 3266 cuneum,
2431 3204 2664 3259 animum
2694 3205 2809 3275 ejus
2833 3204 3005 3276 (Psal.
3042 3206 3296 3279 xxxvm).
3342 3208 3554 3263 Aranea
3578 3221 3716 3264 vero

2134 3307 2329 3365 corpus
2356 3293 2519 3348 habet
2552 3301 2729 3361 tenue,
2757 3295 2814 3349 in
2836 3302 2979 3350 terra
3002 3310 3110 3351 non
3132 3295 3364 3365 habitat,
3390 3298 3483 3353 sed
3506 3313 3605 3368 per
3628 3296 3717 3353 lo-

2133 3400 2196 3440 ca
2224 3384 2414 3440 altiora
2450 3386 2872 3457 telasquasdam
2910 3389 3231 3445 tenuissima
3264 3390 3535 3447 viseerum
3562 3393 3717 3467 dige-

2134 3478 2308 3533 stione
2337 3478 2614 3533 contexit:
2640 3480 2783 3534 sicut
2806 3488 2861 3535 et
2897 3496 2928 3534 a
2965 3481 3287 3551 quibusdam
3320 3484 3593 3540 vermibus
3619 3500 3713 3543 se-

2131 3569 2304 3625 ricum
2332 3569 2530 3624 dicitur
2557 3569 2805 3625 exﬁliari.
2848 3570 2986 3628 Huic
3012 3587 3142 3643 ergo
3170 3573 3369 3644 exiguo
3393 3575 3717 3646 corpusculo

2132 3669 2279 3717 recte
2331 3662 2576 3717 conversi
2620 3671 2675 3717 et
2721 3662 2903 3719 aﬂlicti
2946 3664 3125 3719 anima
3175 3676 3541 3736 comparatur,
3590 3683 3716 3737 qua:

2131 3752 2303 3823 longis
2347 3753 2814 3811 observationibus
2843 3756 3142 3826 vigiliisque
3184 3756 3465 3828 fatigatur,
3492 3768 3717 3815 terrena

2131 3847 2404 3913 deserens,
2449 3848 2829 3903 subtilissimas
2857 3849 3198 3918 operationes
3224 3850 3481 3905 virtutum
3527 3852 3714 3909 divino

2133 3938 2323 3993 timore
2350 3938 2644 3993 viviﬁcatas
2668 3938 2850 3995 eﬁicit.
2877 3937 3005 3995 Post
3028 3941 3144 3995 hzec
3170 3942 3550 3997 revertiturad
3581 3943 3717 3999 illud

2130 4043 2239 4082 suae
2261 4028 2643 4098 propositionis
2672 4029 2904 4094 initium,
2933 4046 3052 4100 quae
3072 4031 3198 4087 licet
3225 4032 3555 4103 increpetur,
3583 4033 3716 4090 licet

2129 4109 2367 4185 tabeﬁat,
2416 4127 2594 4176 tamen
2618 4120 2910 4192 fragilitate
2938 4123 3262 4178 humanitati
3299 4126 3501 4181 scilicet
3533 4127 3715 4181 diver-

2129 4226 2313 4265 sarum
2359 4212 2624 4267 varietate
2679 4213 3029 4291 confunditur
3092 4215 3500 4272 adversitatum.
3570 4216 3709 4272 Item

2128 4316 2327 4357 aranea
2372 4301 2617 4358 fraudem
2643 4303 2841 4359 diaboli
2869 4306 3134 4375 designat,
3163 4316 3222 4361 ut
3262 4310 3316 4361 in
3350 4309 3524 4363 Isaia:
3556 4308 3711 4364 Tclas

2128 4411 2336 4449 araneae
2373 4404 2647 4451 texuerunt
2686 4396 2856 4468 (Psal.
2909 4398 3042 4469 ιιι).
3078 4399 3417 4470 Sanguisuga
3441 4417 3571 4457 vero
3596 4402 3713 4457 dia-

2124 4484 2281 4542 holus
2309 4495 2411 4541 est.
2446 4487 2600 4543 Unde
2627 4496 2709 4544 est
2735 4488 2867 4543 illud
2896 4487 2950 4542 in
2982 4488 3293 4545 Proverbiis
3318 4510 3328 4543 :
3359 4490 3711 4564 Sanguisuga:

2126 4578 2244 4632 dua:
2291 4588 2409 4632 sunt
2444 4579 2594 4647 ﬁliw,
2637 4580 2864 4634 dicentes
2905 4596 2923 4632 :
2958 4581 3124 4649 Aﬂer,
3168 4581 3303 4649 a/fer
3341 4580 3524 4653 (Prov.
3552 4584 3708 4655 xxx).

2130 4668 2339 4723 Diaboli
2386 4684 2513 4739 ergo
2556 4669 2679 4725 ﬁliae
2721 4680 2846 4726 sunt
2887 4671 3097 4725 luxuria
3140 4680 3195 4726 et
3238 4673 3484 4741 avaritia,
3513 4676 3712 4745 quibus

2131 4760 2572 4829 sanguinolentus
2642 4764 2812 4818 hostis
2864 4764 3157 4818 humanum
3222 4780 3393 4837 genus
3463 4766 3705 4823 infestat.

2129 4849 2304 4906 Eruca
2332 4853 2579 4909 similiter
2617 4864 2795 4924 potest
2822 4855 3123 4924 signiﬁcare
3147 4857 3441 4925 diabolum,
3467 4862 3560 4929 qui
3589 4877 3712 4932 ger-

2130 4939 2281 4994 mina
2317 4942 2575 4998 virtutum
2622 4946 2678 4999 in
2707 4946 2927 5000 homine
2966 4948 3263 5001 crescentia
3306 4948 3465 5002 malis
3501 4952 3710 5007 suasio-

2130 5030 2289 5086 nibus
2320 5034 2509 5088 rodere
2536 5043 2589 5090 et
2614 5036 2760 5092 vitiis
2800 5037 2983 5106 pravis
3031 5039 3332 5109 exstirpare
3361 5055 3469 5097 non
3506 5053 3703 5100 cessat.

2126 5121 2183 5174 In
2216 5121 2515 5193 Scripturis
2560 5142 2689 5197 ergo
2737 5129 2925 5194 sacris,
2953 5130 3045 5184 ubi
3094 5131 3160 5185 de
3193 5133 3337 5187 tinea
3367 5142 3423 5187 et
3466 5138 3707 5208 aerugine

2127 5215 2328 5268 mentio
2367 5216 2447 5283 ﬁt,
2489 5220 2747 5288 mysticus
2791 5221 2845 5273 in
2886 5220 2964 5275 eis
3001 5223 3325 5293 quaerendus
3366 5234 3450 5281 est
3488 5243 3699 5285 sensus.

2126 5304 2258 5359 Nam
2282 5306 2434 5376 juxta
2467 5308 2775 5379 allegoriam
2798 5326 2979 5381 πνυεο
3006 5321 3183 5382 potest
3206 5314 3514 5384 signiﬁcare
3546 5334 3704 5374 arro-

2125 5398 2361 5466 gantiam
2406 5407 2567 5466 atque
2604 5398 2941 5466 jactantiam.
2996 5403 3126 5469 Quae
3165 5405 3470 5476 ubicunque
3515 5408 3699 5477 fuerit,

2128 5502 2339 5542 omnem
2392 5487 2644 5545 decorem
2689 5500 2745 5545 et
2792 5494 2959 5548 robur
3005 5494 3264 5549 virtutum
3312 5490 3588 5566 obfuscat,
3636 5514 3703 5555 ac

2129 5576 2438 5632 thesaurum
2467 5580 2788 5648 spiritalium
2812 5584 3073 5639 donorum
3106 5584 3348 5656 dissipat.
3400 5587 3553 5644 Unde
3575 5603 3701 5660 pro-

2126 5667 2286 5736 pheta
2317 5668 2448 5723 dicit
2472 5687 2483 5721 :
2507 5669 2646 5725 Deus
2678 5672 2897 5743 dissipat
2921 5690 3040 5727 ossa
3066 5673 3334 5729 hominum
3363 5676 3462 5731 sibi
3486 5676 3698 5747 placen-

2128 5768 2236 5811 tum
2260 5779 2278 5815 :
2305 5770 2352 5814 et
2382 5762 2548 5815 omnis
2578 5765 2879 5832 arrogantia
2899 5764 3218 5821 abominatio
3240 5776 3315 5821 est
3347 5768 3488 5837 apud
3505 5768 3691 5824 Deum.

2130 5847 2295 5907 Tinea
2361 5860 2541 5908 autem
2587 5853 2899 5914 intestinum
2946 5854 3137 5918 vitiuin
3190 5858 3358 5923 animi
3400 5858 3689 5931 signiﬁcat.
