3930 6324
195 396 297 460 B1

1142 383 1231 442 DE
1268 375 1617 439 UNIVERSO
1656 367 1839 430 LIBRI
1871 368 2035 426 XXII.
2076 396 2143 409 —
2183 364 2312 423 LIB.
2353 359 2487 421 VIII.

3348 353 3458 412 238

198 516 350 576 Unde
373 511 638 569 Dominus
662 507 740 565 ait
777 506 832 563 in
859 501 1147 576 Evangelia
1173 518 1186 556 :
1214 498 1585 555 Thesaurizate
1628 491 1769 549 vobis
1797 489 1852 552 A
1873 485 2093 553 feriunt,
2136 485 2484 576 tempestates
2534 470 2841 576 algam-care
2866 467 3158 576 videntur.
3211 466 3280 524 Hi
3327 483 3457 572 pro-

198 611 463 665 thesauros
504 604 564 658 in
597 599 749 667 mlo,
779 598 869 653 ubi
903 612 1067 669 neque
1101 608 1276 663 aerugo
1313 606 1474 663 neque
1507 588 1646 643 tinea
1676 584 1768 639 de-

197 697 423 761 molitur,
484 702 536 749 et
592 692 680 746 ubi
738 690 881 760 fures
937 703 1041 741 non
1092 683 1343 754 effodiunt
1392 696 1483 734 nec
1526 677 1796 748 furantur.

198 786 522 867 (Matth.n).
552 785 722 842 Tinea
742 796 891 849 vero,
908 796 1031 854 qua:
1052 787 1230 845 vestes
1254 777 1487 831 latenter
1512 769 1770 836 corrodit,

199 884 437 953 designat
485 880 764 945 invidiam,
792 891 911 947 quae
957 874 1193 930 studium
1221 873 1423 927 bonum
1468 867 1688 928 lacerat,
1719 869 1776 919 et

198 970 653 1044 comparationem
699 967 923 1024 unitatis
953 964 1199 1022 demoliri
1234 978 1342 1019 non
1378 966 1573 1015 cessat.
1602 956 1775 1011 Fures

199 1076 426 1132 namque
476 1063 748 1118 dzemones
796 1065 960 1129 atque
1007 1055 1247 1111 haeretici
1295 1059 1440 1117 sunt,
1475 1046 1776 1118 de'quibus

202 1153 404 1211 Veritas
432 1150 551 1207 ait:
588 1151 779 1208 Omnes
811 1155 1061 1223 quotquot
1088 1152 1362 1214 venerunt,
1399 1142 1542 1214 fures
1570 1148 1693 1197 sunt
1725 1146 1775 1195 et

196 1245 419 1304 latrones
450 1244 635 1319 (Joan.
668 1245 770 1318 1).,

812 1334 1041 1394 CAPUT
1086 1331 1153 1389 Υ.

810 1426 891 1481 De
916 1423 1163 1496 piscibus.

261 1518 445 1577 Pisces
474 1518 605 1576 inde
634 1516 785 1583 dicti,
812 1515 955 1571 unde
981 1527 1168 1584 pecus,
1201 1524 1233 1566 a
1259 1509 1528 1580 pascendo
1553 1504 1775 1563 scilicet.

198 1613 421 1684 Reptilia
468 1612 728 1668 dicuntur
772 1608 920 1673 haec,
972 1620 1093 1677 quae.
1135 1609 1327 1659 natant
1390 1616 1455 1658 eo
1499 1600 1640 1671 quod
1689 1612 1779 1653 re-

196 1705 377 1777 ptandi
405 1703 650 1759 habeant
682 1700 917 1772 speciem
947 1706 1002 1754 et
1028 1704 1277 1753 naturam
1303 1711 1317 1749 :
1343 1692 1589 1765 quamvis
1623 1705 1683 1745 se
1725 1689 1781 1745 in

195 1791 519 1865 profundum
566 1790 897 1861 inmergant,
944 1794 1124 1842 tamen
1171 1783 1228 1839 in
1274 1782 1512 1838 natando
1559 1785 1777 1850 ropunt.

1875 579 1993 650 prie
2020 576 2270 634 Slmones
2298 570 2668 629 nominantur.
2708 563 2807 620 Est
2829 570 2886 620 et
2912 560 3171 619 delﬂnum
3196 575 3364 633 genus
3403 561 3460 616 in

1874 671 1995 728 Nilo
2036 669 2197 726 dorso
2242 673 2472 730 serrato,
2521 657 2915 716 crocodilorum
2956 662 3146 710 tenera
3190 652 3461 708 ventrinm

1876 768 2124 819 secantes
2176 756 2513 813 interimunt.
2548 750 2708 807 Porci
2755 747 2952 804 marini
2994 755 3139 813 sunt,
3183 744 3273 817 qui
3300 743 3463 816 vulgo

1876 859 2153 917 vocantur,
2186 856 2246 904 ut
2275 845 2437 903 suilli.
2488 843 2587 912 Qui
2629 842 2756 898 dum
2802 854 2983 897 escam
3028 843 3275 908 quaerunt
3310 849 3465 891 more

1877 946 2008 1012 suis,
2056 952 2258 999 terram
2288 940 2390 996 sub
2432 936 2586 1008 aquis
2626 935 2855 990 fodiunt.
2902 930 3059 987 Circa
3088 936 3273 999 guttur
3317 927 3465 983 enim

1875 1042 2077 1097 habent
2115 1039 2228 1096 oris
2273 1035 2525 1103 cilicium,
2577 1040 2634 1089 et
2680 1031 2789 1087 nisi
2842 1037 3081 1087 rostrum
3127 1026 3309 1082 arenis
3362 1024 3465 1080 im-

1877 1140 2157 1204 mergant,
2224 1137 2440 1202 pastum
2505 1140 2614 1181 non
2669 1122 2945 1193 colligunt.
3032 1118 3349 1175 Crocodilus
3432 1130 3467 1171 a

1876 1236 2068 1279 croceo
2092 1219 2271 1277 colore
2312 1219 2507 1275 dictus.
2538 1214 2790 1285 Gignitur
2819 1214 2877 1268 in
2898 1210 3039 1277 Nilo,
3084 1208 3285 1264 animal
3326 1223 3465 1280 qna-

1879 1318 2074 1387 drupes
2140 1316 2198 1371 in
2244 1322 2392 1371 terra
2435 1322 2492 1370 et
2534 1312 2591 1368 in
2637 1312 2793 1381 aquis
2854 1309 3073 1376 valens,
3131 1307 3468 1376 longitudine

1876 1410 2195 1482 plerumque
2237 1407 2431 1480 viginti
2475 1405 2801 1470 cubitorum,
2839 1404 3083 1459 dentium
3121 1410 3178 1457 et
3208 1400 3470 1472 unguium

1878 1502 2214 1557 immanitate
2270 1506 2569 1566 arinatum,
2648 1504 2923 1568 tantaeque
2966 1495 3109 1551 cutis
3151 1494 3367 1561 duritia,
3412 1501 3473 1549 ut

1880 1594 2128 1664 quamvis
2172 1590 2396 1648 fortium
2437 1592 2577 1648 ictus
2633 1590 2873 1661 lapidum
2922 1599 3074 1663 tergo
3116 1589 3466 1660 repercutiat.

1879 1683 2049 1741 Nocte
2099 1685 2155 1740 in
2198 1685 2374 1755 aquis,
2420 1684 2506 1741 die
2556 1682 2707 1737 humi
2754 1682 3003 1753 quiescit.
3064 1680 3179 1737 Ova
3222 1682 3279 1737 in
3324 1689 3473 1735 terra

1882 1776 2050 1843 fovet,
2111 1776 2385 1832 masculus
2433 1781 2487 1831 et
2542 1772 2742 1829 Emina
2807 1773 2957 1829 vices
3005 1774 3243 1829 serv‘ant.
3316 1772 3475 1829 Hunc

200 1861 347 1940 lJnde
376 1888 431 1936 et
455 1880 632 1935 David
659 1878 736 1934 ait
762 1896 776 1931 :
806 1877 922 1933 Hoc
954 1892 1099 1931 more
1121 1888 1368 1946 magnum
1402 1881 1451 1928 et
1473 1866 1782 1943 spatiosum,
1811 1861 1861 1923 B
1888 1867 2108 1939 quidam
2155 1868 2352 1938 pisces,
2401 1872 2666 1921 serratam
2694 1864 2957 1920 habentes
3004 1864 3245 1930 cristam,
3283 1870 3474 1919 tenera

197 1974 303 2029 illic
344 1970 579 2042 reptilia,
622 1986 847 2042 quorum
890 1984 997 2023 non
1030 1976 1106 2022 est
1146 1980 1395 2021 numerus
1440 1960 1612 2033 (Psal.
1640 1959 1779 2033 cm).

196 2064 405 2119 Anﬁvia
436 2072 569 2119 sunt
594 2062 840 2133 quaedam
870 2070 1070 2132 genera
1098 2058 1346 2129 piscium,
1378 2055 1503 2111 inde
1531 2055 1675 2110 dicta
1702 2058 1785 2107 eo

197 2154 335 2226 quod
366 2152 681 2209 ambulandi
727 2151 783 2205 in
812 2149 974 2206 terris
1004 2162 1183 2211 usum,
1214 2154 1269 2201 et
1297 2143 1516 2199 natandi
1546 2142 1600 2198 in
1632 2140 1787 2211 aquis

198 2244 427 2300 cilicium
459 2242 723 2299 habeant.
760 2240 884 2297 Anii
925 2240 1067 2296 enim
1100 2236 1290 2294 Graece
1315 2244 1608 2305 utrumque
1645 2230 1786 2287 dici-

198 2348 304 2404 tur,
335 2336 389 2391 id
424 2342 533 2402 est,
567 2336 695 2406 quia
739 2342 795 2389 et
835 2333 893 2387 in
931 2332 1086 2402 aquis
1112 2337 1167 2384 et
1201 2329 1259 2383 in
1298 2328 1461 2382 terris
1491 2325 1696 2387 vivunt,
1729 2330 1791 2379 nt

199 2427 351 2494 facte,
376 2425 663 2491 crocodili,
704 2422 1075 2496 hippopotami
1126 2422 1229 2476 hoc
1246 2428 1352 2486 est,
1374 2418 1500 2489 equi
1525 2415 1784 2473 ﬂuviales.

198 2522 492 2579 Pecoribus
538 2527 725 2576 autem
772 2527 828 2574 et
861 2517 1051 2573 bestiis
1079 2522 1134 2572 et
1162 2511 1471 2569 volatilibus
1501 2519 1659 2566 antea
1690 2509 1791 2566 ho-

200 2616 369 2671 mines
424 2614 653 2670 nomina
705 2613 1098 2684 imposuerunt,
1146 2623 1309 2679 quam
1358 2605 1616 2677 piscibus,
1670 2617 1791 2673 quae

199 2708 345 2779 prius
396 2708 518 2761 visa
574 2714 633 2761 et
680 2705 899 2776 cognita
950 2710 1094 2758 sunt.
1148 2699 1388 2757 Piscium
1432 2712 1564 2752 vero
1603 2702 1792 2765 postea

202 2798 456 2869 paulatim
509 2794 749 2867 cognitis
789 2793 1081 2866 generibus
1128 2790 1350 2846 nomina
1398 2788 1665 2849 instituta,
1702 2791 1796 2838 aut

202 2903 266 2944 ex
314 2886 682 2943 similitudine
735 2883 1099 2948 terrestrium,
1141 2888 1200 2935 ut
1236 2894 1403 2943 ranae,
1442 2886 1500 2933 et
1536 2874 1709 2939 vituli,
1738 2880 1795 2928 et

202 2976 402 3044 leones,
431 2987 491 3033 et
519 2976 666 3049 nigri
704 2974 917 3039 meruli,
954 2982 1011 3028 et
1036 2972 1159 3043 pavi
1186 2970 1402 3025 diverso
1426 2966 1606 3023 colore
1634 2965 1793 3020 dorso

204 3077 255 3126 et
280 3068 421 3125 collo
466 3067 633 3139 picti,
670 3076 727 3121 et
764 3063 908 3119 turdi
942 3062 1051 3117 albi
1093 3068 1147 3117 et
1182 3059 1340 3125 varii,
1371 3065 1426 3112 et
1458 3062 1652 3113 caetera
1674 3069 1794 3124 quae

204 3159 302 3215 sibi
340 3158 503 3230 juxta
566 3154 778 3229 Species
831 3152 1172 3210 terrestrium
1221 3148 1534 3206 animalium
1576 3143 1794 3202 nomina

1888 1962 2163 2035 ventrium
2187 1962 2523 2024 desecantes,
2554 1958 2891 2014 interimunt.
2927 1958 3086 2014 Solus
3112 1974 3180 2015 ex
3224 1958 3472 2014 animali-

1887 2051 1991 2107 bus
2010 2052 2345 2122 superiorem
2370 2049 2885 2106 maxillammovere
2904 2050 3120 2106 dicitur.
3144 2049 3475 2122 Hippopota-

1888 2159 2011 2200 mus
2064 2150 2310 2209 vocatus,
2342 2141 2488 2213 quod
2531 2141 2603 2197 sit
2644 2155 2785 2211 equo
2810 2141 3002 2198 similis
3049 2142 3231 2208 dorso,
3257 2142 3389 2213 juba
3419 2150 3478 2199 et

1891 2235 2127 2302 hinnitu,
2159 2241 2338 2291 rostro
2385 2234 2697 2304 resupinato
2727 2250 2758 2288 a
2784 2235 2975 2306 primis
3005 2234 3275 2301 dentibus,
3304 2234 3477 2291 cauda

1889 2335 2153 2391 tortuosa,
2204 2326 2291 2382 die
2339 2326 2396 2380 in
2426 2325 2580 2395 aquis
2628 2337 3018 2391 commoratur,
3060 2334 3217 2381 nocte
3267 2335 3481 2398 segetes

1893 2419 2217 2490 depascitur.
2264 2416 2333 2473 Et
2373 2417 2517 2472 hunc
2559 2415 2710 2485 Nilus
2758 2418 2947 2490 gignit.
2990 2416 3185 2472 Mullus
3232 2426 3476 2486 vocatus,

1892 2511 2036 2580 quod
2088 2508 2266 2565 mollis
2297 2508 2369 2563 sit
2408 2516 2571 2579 atque
2620 2509 2945 2564 tenerrimus
2976 2528 2988 2563 :
3021 2508 3177 2578 cujus
3214 2511 3337 2567 cibo
3363 2519 3477 2577 tra-

1893 2602 2027 2658 dunt
2050 2601 2329 2657 libidinem
2365 2600 2620 2669 inhiberi,
2658 2600 2831 2657 aciem
2871 2609 3052 2656 autem
3076 2602 3355 2659 oculorum
3380 2604 3479 2659 he-

1893 2696 2069 2752 betari
2100 2715 2112 2750 :
2145 2697 2392 2753 homines
2408 2712 2568 2762 vero,
2620 2695 2819 2765 quibus
2844 2710 2986 2766 saepe
3020 2703 3234 2766 pastus,
3265 2697 3479 2767 piscem

1895 2790 2061 2845 olent.
2092 2788 2287 2845 Mullus
2330 2791 2407 2844 in.
2434 2790 2559 2844 vino
2607 2796 2832 2844 necatus
2861 2790 2989 2854 :.hi,
3038 2790 3131 2861 qui
3173 2788 3301 2845 inde
3332 2788 3485 2847 bibe-

1894 2883 2025 2948 rint,
2070 2883 2286 2939 ttedium
2326 2883 2439 2956 viui
2492 2883 2713 2939 habent.
2753 2883 3002 2954 Mugillus
3057 2898 3256 2939 nomen
3296 2885 3483 2951 habet,

1896 2973 2040 3044 quod
2069 2972 2140 3028 sit
2184 2971 2413 3027 multum
2456 2972 2632 3043 agilis.
2670 2971 2808 3028 Nam
2853 2974 2946 3028 ubi
2982 2973 3269 3044 dispositas
3297 2989 3484 3031 sense-

1897 3065 1969 3120 rit
1996 3064 2324 3135 piscatorum
2342 3066 2584 3131 insidias,
2619 3064 2904 3122 confestim
2926 3074 3222 3123 retrorsum
3246 3069 3482 3135 rediens,

1900 3154 1977 3209 ita
2016 3156 2251 3211 transilit
2270 3166 2406 3223 rete,
2429 3165 2489 3212 ut
2533 3157 2718 3214 volare
2745 3159 2951 3228 piscem
2990 3159 3195 3215 videas.
3224 3160 3488 3230 Anguillm

204 3251 621 3307 vindicaverunt
662 3264 731 3304 ex
774 3246 1018 3303 moribus
1066 3242 1431 3307 terrestrium,
1464 3246 1525 3295 ut
1552 3254 1715 3296 canes
1741 3238 1798 3293 in
1824 3233 1869 3297 C
1901 3246 2194 3302 similitudo
2242 3248 2432 3318 anguis
2458 3263 2657 3317 nomen
2699 3247 2864 3303 dedit.
2890 3248 3053 3319 Origo
3082 3248 3199 3318 ejus
3239 3265 3306 3305 ex
3332 3249 3484 3304 limo.

206 3335 342 3396 mari
374 3357 406 3393 a
436 3339 679 3393 terrenis
706 3337 930 3392 canibus
958 3335 1274 3404 nuncupati,
1307 3331 1451 3402 quod
1479 3329 1794 3385 mordeant:

206 3440 258 3489 et
280 3432 414 3502 lupi,
441 3429 595 3502 quod
619 3427 863 3500 improba
890 3424 1188 3481 voracitate
1216 3424 1349 3478 alios
1372 3429 1795 3493 persequantur:

207 3538 237 3578 a
261 3521 464 3588 colore,
499 3529 564 3575 ut
592 3520 831 3583 umbrae,
860 3518 989 3588 quia
1035 3516 1217 3572 colore
1251 3512 1488 3569 umbrent
1528 3519 1653 3566 sunt
1694 3527 1707 3562 :
1749 3518 1803 3565 et

208 3613 481 3678 auritatze,
511 3610 646 3681 quia
682 3608 739 3665 in
770 3608 949 3677 capite
986 3606 1104 3661 auri
1154 3603 1392 3660 colorem
1434 3602 1707 3657 habeant:
1748 3608 1806 3655 et

208 3702 344 3757 varii
378 3717 410 3755 a
439 3702 735 3765 varietate,
768 3713 904 3767 quos
931 3695 1092 3767 vulgo
1122 3702 1331 3749 tractas
1358 3697 1557 3748 vocant
1587 3707 1600 3742 :
1631 3688 1803 3759 ﬁgura

211 3802 267 3848 ut
294 3792 467 3857 orbis,
514 3792 611 3861 qui
652 3789 913 3845 rotundus
940 3797 1043 3854 est,
1075 3794 1327 3856 totusque
1365 3784 1420 3839 in
1466 3781 1639 3853 capite
1676 3796 1805 3837 con-

209 3894 341 3941 stat:
368 3893 431 3939 nt
459 3883 633 3947 solea,
653 3881 796 3951 quod
819 3880 891 3935 sit
913 3879 1086 3934 instar
1110 3877 1587 3933 calciamentorum
1613 3873 1801 3929 solida:

211 3992 239 4029 a
268 3991 427 4040 sexu,
478 3981 543 4027 ut
577 3970 874 4037 musculus,
927 3969 1071 4041 quod
1117 3969 1188 4024 sit
1234 3966 1461 4023 ballenae
1509 3964 1802 4019 masculus.

211 4067 335 4136 Ejus
383 4066 536 4120 enim
584 4066 732 4119 coitu
776 4064 1066 4132 concipere
1108 4062 1224 4116 haec
1249 4059 1427 4114 bellua
1470 4056 1802 4127 perhibetur.

214 4156 347 4211 Hinc
381 4155 621 4211 musculi
660 4153 989 4219 coclearum,
1029 4162 1257 4222 quorum
1304 4150 1445 4206 lacte
1496 4148 1806 4219 concipiunt

213 4260 427 4307 ostrem.
480 4249 721 4304 Ballenae
748 4256 929 4302 autem
957 4255 1082 4301 sunt
1118 4245 1395 4299 immensa:
1420 4241 1807 4315 magnitudinis

217 4343 430 4406 bestiae,
466 4339 539 4394 ab
559 4339 855 4396 emittendo
880 4344 934 4391 et
956 4334 1230 4391 fundendo
1253 4349 1421 4403 aquas
1442 4340 1666 4387 vocatae.
1691 4330 1807 4385 Cse—

223 4432 353 4487 teris
372 4430 524 4485 enim
551 4430 744 4485 bestiis
774 4429 940 4483 maris
968 4427 1128 4481 altius
1146 4425 1355 4496 iaciunt
1382 4425 1572 4479 undas.
1602 4420 1807 4475 Ballein

216 4524 360 4580 enim
394 4522 591 4576 Graece
634 4520 886 4575 emittere
928 4518 1145 4572 dicitur.
1190 4516 1318 4570 Cete
1361 4514 1536 4579 dictae,
1570 4513 1672 4567 hoc
1699 4520 1804 4578 est,

1901 3335 2057 3393 Unde
2091 3344 2149 3393 et
2172 3338 2390 3407 quando
2422 3338 2651 3408 capitur,
2677 3337 2814 3393 adeo
2837 3338 2975 3394 lenis
3015 3346 3121 3405 est,
3181 3347 3243 3393 ut
3281 3347 3486 3409 quanto

1902 3426 2094 3485 fortius
2127 3430 2413 3501 presseris,
2472 3436 2623 3485 tanto
2672 3430 2836 3485 citius
2862 3429 3128 3484 elabatur.
3160 3428 3367 3485 Ferunt
3392 3445 3487 3485 au-

1905 3526 2013 3572 tem
2046 3518 2283 3575 Orientis
2313 3521 2534 3575 ﬂuvium
2564 3520 2787 3590 Gangen
2835 3522 3096 3591 anguillas
3126 3521 3349 3577 tricenis
3393 3536 3488 3591 pe-

1904 3609 2061 3665 dibus
2112 3610 2353 3681 gignere.
2410 3610 2676 3680 Anguillse
2719 3611 2848 3664 vino
2887 3622 3128 3667 necatae;
3160 3612 3255 3682 qui
3291 3627 3361 3667 ex
3421 3627 3488 3669 eo

1904 3701 2160 3768 biberint,
2216 3702 2437 3758 taedium
2463 3703 2575 3758 vini
2595 3703 2816 3759 habent.
2848 3704 3020 3760 Draco
3070 3705 3315 3762 marinus
3340 3711 3490 3762 ‘acu-

1906 3790 2020 3847 leos
2053 3792 2111 3847 in
2143 3793 2384 3849 branciis
2412 3794 2575 3856 habet
2626 3795 2692 3849 ad
2739 3796 2965 3851 caudam
3016 3804 3341 3866 spectantes,
3397 3801 3491 3869 qui

1910 3883 2038 3938 dum
2092 3885 2444 3953 percusserit,
2492 3900 2706 3955 quaqua
2759 3886 2907 3953 ferit,
2940 3902 3210 3943 venenum
3266 3890 3488 3944 fundit:

1908 3973 2051 4028 unde
2100 3981 2155 4027 et
2178 3982 2423 4029 vocatus.
2456 3974 2735 4031 Murenam
2762 3977 2935 4033 Graeci
2976 3979 3252 4033 minanam
3295 3990 3495 4035 vocant

1909 4078 1975 4118 eo
2014 4064 2157 4134 quod
2207 4065 2493 4135 complicet
2540 4082 2599 4121 se
2649 4067 2704 4122 in
2749 4067 2998 4124 circulos.
3046 4070 3200 4125 Hanc
3249 4069 3494 4126 feminini

1912 4160 2121 4207 tantum
2162 4169 2283 4210 esse
2307 4170 2469 4211 sexus
2512 4157 2730 4211 tradunt
2774 4166 2829 4213 et
2854 4161 3139 4231 concipere
3160 4177 3193 4215 a
3219 4171 3490 4231 serpente.

1910 4241 1989 4298 Ob
2015 4244 2069 4298 id
2092 4260 2123 4299 a
2149 4245 2532 4316 piscatoribus,
2563 4257 2818 4320 tanquam
2846 4266 2878 4306 a
2899 4261 3169 4321 serpente,
3220 4253 3376 4308 sibilo
3402 4268 3494 4309 vo-

1911 4343 2065 4389 catur
2099 4344 2158 4389 et
2185 4338 2397 4406 capitur
2432 4356 2446 4393 :
2472 4340 2580 4394 ictu
2604 4349 2787 4397 autem
2830 4343 2988 4398 fustis
3016 4341 3494 4400 dilliculterinter-

1914 4426 2119 4479 imitur.
2157 4427 2390 4484 Conchae
2430 4439 2487 4486 et
2516 4432 2751 4487 cochleae
2799 4434 2903 4490 hac
2947 4451 3015 4491 ex
3066 4451 3231 4491 causa
3270 4446 3492 4505 vocatae,

1916 4516 2043 4585 quia
2068 4516 2353 4573 deﬁciente
2396 4519 2522 4575 luna
2548 4530 2842 4590 cavantur,
2889 4526 2943 4581 id
2980 4536 3085 4592 est,
3141 4540 3491 4585 evacuantur.

216 4615 281 4672 ob
311 4608 904 4669 immanitatem.'Sunt
939 4608 1082 4663 enim
1115 4606 1353 4677 ingentia
1380 4618 1578 4677 genera
1607 4603 1811 4660 bellua—
1835 4578 1888 4640 D
1914 4604 2165 4661 Omnium
2204 4609 2349 4662 enim
2394 4610 2699 4666 clausorum
2745 4578 2943 4669 maris?
2965 4578 3497 4689 avni-mali‘uwmwa-tque

219 4724 356 4772 rum,
403 4716 461 4762 et
509 4705 742 4775 aequalia
798 4703 1063 4758 montium
1112 4714 1339 4771 corpora
1382 4712 1397 4752 :
1442 4697 1616 4767 qualis
1662 4704 1814 4751 cetus

219 4800 429 4869 excepit
460 4796 682 4859 Jonam,
717 4796 869 4866 cujus
896 4794 1049 4849 alvus
1083 4800 1245 4847 tanta:
1273 4789 1658 4861 magnitudinis
1692 4787 1810 4854 fuit,

220 4899 277 4945 ut
296 4891 473 4944 instar
494 4888 770 4943 obtineret
799 4884 1016 4951 inferni,
1033 4885 1245 4940 dicente
1265 4882 1523 4955 propheta
1544 4899 1557 4938 :
1576 4880 1816 4936 Exaudi-

222 4980 292 5037 vt't
318 4998 399 5035 me
423 4979 490 5034 de
517 4988 697 5034 ventre
718 4977 875 5047 inferi
921 4975 1103 5047 (Joan.
1138 4975 1223 5048 ιι).
1256 4976 1391 5045 Equi
1427 4975 1640 5039 marini,
1669 4974 1813 5043 quod

224 5072 398 5142 prima
444 5080 608 5141 parte
653 5071 778 5141 equi
832 5078 979 5135 sunt,
1029 5077 1300 5139 postrema
1342 5068 1622 5121 solvuntur
1650 5066 1703 5119 in
1731 5066 1814 5135 pi-

230 5174 394 5215 scem.
423 5158 607 5215 Bocas
631 5161 844 5215 discunt
874 5174 994 5214 esse
1022 5158 1186 5213 boves
1215 5156 1475 5221 marinos,
1503 5155 1657 5225 quasi
1688 5156 1815 5209 boa-

229 5268 339 5309 cas.
380 5251 616 5309 Cternlei
651 5267 683 5306 a
712 5253 892 5309 colore
920 5253 1171 5323 appellati
1198 5269 1211 5305 :
1260 5267 1385 5306 nam
1416 5250 1702 5307 caeruleum
1732 5260 1815 5305 est

231 5345 401 5401 viride
439 5360 569 5401 cum
598 5346 773 5415 nigro,
816 5355 878 5400 ut
904 5355 989 5401 est
1013 5362 1184 5400 mare.
1221 5345 1455 5399 Deliines
1486 5352 1693 5397 certum
1722 5343 1815 5397 ha-

233 5434 363 5489 bent
384 5434 733 5502 vocabulum,
783 5435 926 5506 quod
972 5451 1131 5491 voces
1170 5437 1448 5492 hominum
1498 5442 1809 5502 sequantur,

234 5523 322 5579 vd
360 5526 510 5594 quod
565 5527 635 5582 ad
691 5526 1062 5597 symphoniam
1133 5529 1392 5598 gregatim
1466 5526 1809 5581 conveniunt.

235 5609 382 5670 Nihil
407 5614 468 5669 in
491 5615 635 5669 mari
663 5615 901 5671 velocius
933 5615 1051 5670 istis
1081 5632 1093 5668 :
1120 5632 1245 5671 nam
1274 5618 1589 5687 plerumque
1618 5614 1815 5670 salien—

242 5712 326 5762 tes
367 5718 542 5762 naves
568 5708 917 5763 transvolant.
950 5708 1175 5776 Quando
1198 5718 1376 5764 autem
1419 5708 1720 5787 praeludunt
1758 5707 1814 5760 in

242 5796 519 5862 ﬂuetibus.
566 5804 625 5855 et
667 5799 935 5858 undarum
985 5815 1047 5859 se
1094 5800 1323 5860 molibus
1360 5800 1498 5859 saltu
1549 5797 1813 5869 praecipiti

1917 4702 2244 4752 concharum
2301 4699 2639 4757 incremento
2690 4702 2831 4758 luna:
2864 4706 3107 4762 membra
3157 4717 3491 4780 turgescunt,

1915 4788 2127 4846 defectu
2165 4802 2515 4849 evacuantur.
2559 4795 2711 4850 Luna
2750 4798 2894 4853 enim
2927 4802 3050 4853 cuni
3101 4801 3154 4853 in
3205 4812 3496 4870 augmento

1913 4880 2098 4949 fuerit,
2141 4893 2305 4954 auget
2352 4887 2632 4942 humorem
2672 4906 2685 4942 :
2719 4904 2844 4943 cum
2881 4905 3011 4944 vero
3033 4892 3086 4943 in
3127 4891 3378 4948 defectus
3398 4910 3494 4949 ve-

1916 4973 2078 5039 nerit,
2108 4974 2366 5031 humores
2406 4979 2741 5033 minuuntur.
2792 4980 2903 5036 Hoc
2959 4984 3104 5038 enim
3153 4986 3360 5056 physici
3410 4988 3494 5042 di-

1920 5071 2067 5120 cunt.
2091 5066 2322 5122 Concha:
2336 5077 2512 5123 autem
2526 5072 2712 5139 primae
2724 5073 3009 5142 positionis
3032 5092 3248 5143 nomen,
3267 5081 3497 5135 cochlea:

1918 5172 2048 5213 vero
2102 5174 2198 5228 per
2248 5160 2657 5217 diminutionem
2695 5166 2851 5234 quasi
2898 5168 3192 5222 conchulae.
3248 5168 3495 5227 Coacha—

1919 5268 2039 5306 rum
2068 5253 2236 5308 multa
2268 5264 2464 5325 genera
2506 5264 2651 5323 sunt,
2686 5257 2827 5313 inter
2873 5275 3008 5329 quas
3037 5270 3092 5316 et
3132 5262 3498 5333 margaritife~

1920 5360 1993 5399 rte
2024 5360 2143 5414 qua:
2169 5347 2403 5400 cochlea:
2444 5348 2715 5412 dicuntur,
2776 5351 2830 5405 in
2855 5367 3083 5420 quarum
3112 5368 3276 5407 carne
3304 5353 3498 5421 pretio-

1920 5450 2015 5490 sus
2059 5436 2296 5493 calculus
2344 5438 2622 5494 solidatur.
2664 5441 2741 5495 De
2789 5443 2984 5511 quibus
3013 5444 3231 5497 tradunt
3262 5444 3352 5509 ‘hi,
3406 5446 3500 5514 qui

1922 5525 2274 5582 animantium
2336 5531 2605 5599 scripsere
2653 5534 2879 5595 naturis,
2933 5547 2998 5586 eo
3042 5533 3185 5602 quod
3234 5542 3500 5591 nocturno

1923 5627 2163 5688 tempore
2198 5618 2380 5677 littora
2410 5630 2687 5692 appetunt,
2708 5630 2765 5676 et
2802 5637 2871 5676 ex
2906 5623 3111 5679 ctelesti
3134 5640 3258 5680 rore
3287 5639 3500 5695 marga-

1924 5720 2097 5767 retum
2151 5714 2478 5784 concipiunt.
2533 5715 2685 5770 Unde
2711 5725 2766 5771 et
2793 5716 2963 5773 cmloe
2984 5719 3351 5773 nominantur.
3384 5718 3500 5774 Ilu-

1926 5803 2037 5861 rice
2072 5804 2293 5865 cochlea
2316 5815 2401 5865 est
2428 5807 2614 5876 maris,
2653 5808 2795 5866 dicta
2827 5809 2895 5868 ab
2919 5811 3166 5867 acumine
3190 5818 3248 5867 et
3294 5810 3502 5884 asperi-
