3930 6364
416 363 523 418 259

1074 362 1138 417 B.
1177 361 1431 422 RABANI
1470 361 1691 421 MAURI
1726 361 2045 419 ARCHIEP.
2086 362 2392 420 MOGUNT.
2433 362 2720 422 OPERUM
2757 361 2936 419 PARS
2966 362 3030 418 ll.

416 484 549 541 tate,
582 490 702 546 qua:
729 473 838 529 alio
860 474 1079 528 nomine
1134 474 1475 545 conchylium
1506 476 1839 530 nominatur.
1871 474 2001 530 Pro—
2028 478 2077 538 Α
2105 494 2224 533 cum
2259 477 2471 549 impleta
2497 487 2630 533 esset
2661 478 2938 533 educentes
2985 486 3034 532 et
3069 493 3217 533 secus
3248 480 3396 534 littus
3432 485 3690 546 sedentes,

414 574 537 637 pter
563 564 707 635 quod
740 563 1059 619 circumcisa
1108 562 1254 617 ferro
1291 563 1561 635 lacrymas
1596 568 1851 636 purpurei
1904 580 1998 621 co-

416 656 546 711 loris
590 655 825 720 emittat,
864 669 931 710 ex
958 655 1154 723 quibus
1183 668 1423 724 purpura
1448 654 1733 725 tinguitur,
1771 664 1826 710 et
1877 654 2001 711 inde

412 757 627 805 ostrum
655 746 1006 819 appellatum,
1042 746 1187 816 quod
1233 747 1350 801 haec
1377 746 1613 801 tinctura
1632 761 1698 801 ex
1716 753 1869 801 testa:
1901 746 2001 799 hu-

412 854 564 893 more
604 837 840 894 elicitur.
888 835 1165 892 Canchros
1197 836 1404 902 vocari,
1443 851 1565 906 quae
1605 838 1826 892 concha
1852 845 1997 901 sunt,

413 947 574 986 crura
629 931 914 993 habentes,
968 929 1184 982 inimica
1224 928 1422 983 ostreis
1475 928 1747 984 animalia.
1800 927 1999 981 Eorum

411 1021 555 1076 enim
598 1020 852 1096 carnibus
899 1019 1087 1074 vivunt
1116 1019 1255 1073 miro
1283 1018 1515 1089 ingenio.
1550 1018 1680 1086 Qua:
1714 1033 1836 1072 cum
1868 1018 2000 1072 vali-

410 1116 535 1171 dam
561 1121 754 1170 testam
788 1111 905 1183 ejus
927 1112 1138 1183 aperire
1162 1125 1273 1165 non
1301 1102 1501 1179 potest,
1527 1110 1795 1181 explorat,
1824 1125 1999 1179 quan-

411 1207 481 1261 do
507 1216 689 1262 ostrea
724 1204 958 1259 claustra
985 1210 1253 1257 testarum
1286 1201 1515 1270 aperiat,
1549 1208 1679 1254 tunc
1706 1214 1902 1255 cancer
1931 1198 2002 1253 la-

413 1304 593 1353 tenter
630 1294 872 1364 lapillum
913 1292 1104 1363 injicit,
1146 1299 1310 1361 atque
1360 1289 1615 1360 impedita
1652 1288 2002 1343 conclusione

407 1398 602 1444 ostrea:
631 1402 824 1443 carnes
855 1384 1049 1441 erodit.
1083 1384 1329 1438 Tradunt
1374 1382 1615 1451 quidam,
1638 1380 1825 1436 decem
1874 1395 2003 1434 can-

407 1478 517 1533 cris
563 1492 689 1532 cum
719 1476 881 1531 ozimi
934 1473 1208 1543 manipulo
1256 1472 1509 1542 alligatis,
1552 1486 1768 1536 omnes,
1803 1470 1895 1539 qui
1928 1469 2002 1524 ibi

408 1577 555 1633 sunt,
587 1567 899 1636 scorpiones
928 1566 995 1619 ad
1050 1580 1174 1620 eum
1218 1563 1399 1620 locum
1425 1563 1684 1617 coituros.
1717 1562 1834 1615 Duo
1877 1567 2002 1615 sunt

408 1670 593 1715 autem
632 1673 831 1729 genera
859 1669 1180 1712 cancrorum
1213 1652 1493 1708 :fluviales
1521 1661 1578 1707 et
1635 1652 1849 1705 marini.
1902 1649 2002 1705 Οε-

409 1764 527 1810 trea
548 1754 693 1810 dicta
730 1760 815 1809 est
835 1770 864 1807 a
892 1762 1031 1809 testa
1056 1752 1252 1821 quibus
1272 1747 1438 1822 [quae]
1473 1746 1724 1803 mollities
1776 1742 2003 1797 interior

2102 567 2363 638 elegerunt
2402 568 2562 623 bonos
2582 569 2639 623 in
2679 585 2803 623 vasa
2844 584 2942 622 sua
2966 585 2983 621 :
3006 566 3173 621 malos
3216 576 3391 622 autem
3415 566 3560 635 foras
3594 569 3691 623 mi-

2103 668 2286 715 serunt
2317 658 2533 731 (Matth.
2594 659 2737 731 xm).
2794 658 2907 714 Sub
2929 674 3035 729 qua
3066 658 3322 729 parabola
3372 667 3565 714 sancta
3592 659 3693 715 Ec-

2103 749 2266 804 clesia
2320 763 2531 819 sagenae
2564 757 2928 818 comparatur,
2983 763 3104 818 quae
3133 756 3189 803 et
3210 748 3579 818 piscatoribus
3603 756 3694 805 est

2102 840 2411 903 commissa,
2454 848 2509 893 et
2535 853 2631 907 per
2655 854 2775 893 eam
2824 838 3055 909 quisque
3082 837 3151 892 ad
3173 846 3437 894 aeternum
3467 854 3696 909 regnum

2104 947 2133 985 a
2163 931 2445 1001 praesentis
2472 929 2654 985 saeculi
2677 928 2930 985 fluctibus
2956 929 3214 996 trahitur,
3259 945 3328 985 ne
3374 930 3428 985 in
3478 937 3699 986 aeternae

2104 1022 2294 1077 mortis
2322 1020 2586 1090 profunda
2640 1028 2936 1091 mergatur.
2967 1020 3099 1088 Quae
3118 1036 3185 1077 ex
3206 1022 3353 1076 omni
3378 1035 3575 1090 genere
3610 1022 3698 1091 pi-

2104 1114 2276 1168 scium
2311 1120 2625 1183 congregat,
2679 1112 2806 1182 quia
2839 1113 2905 1167 ad
2947 1122 3296 1183 peccatorum
3341 1114 3556 1168 veniam
3608 1128 3699 1168 sa-

2102 1206 2313 1276 pientes
2339 1212 2394 1260 et
2422 1203 2615 1270 fatuos,
2656 1203 2856 1259 liberos
2906 1211 2962 1258 et
3010 1219 3217 1272 servos,
3255 1204 3451 1260 divites
3478 1215 3693 1275 etpau-

2102 1308 2279 1365 peres,
2312 1293 2481 1349 fortes
2508 1302 2564 1349 et
2591 1293 2834 1348 inﬁrmos
2877 1302 3058 1349 vocat.
3090 1293 3197 1349 Sed
3223 1294 3375 1350 littus
3404 1296 3507 1350 hoc
3534 1295 3694 1350 ﬁnem

2104 1385 2289 1441 mundi
2325 1385 2545 1450 indicat,
2602 1400 2800 1457 sagena
2848 1394 3093 1440 sanctam
3148 1385 3471 1451 Ecclesiam,
3532 1401 3694 1456 quam

2105 1476 2372 1531 trahebat.
2395 1476 2461 1529 Et
2482 1476 2699 1546 quidem
2730 1475 2857 1530 boni
2883 1476 3083 1545 pisces,
3113 1476 3217 1530 hoc
3244 1484 3329 1530 est
3351 1476 3482 1531 boni
3513 1476 3695 1530 homi-

2104 1584 2221 1633 nes,
2245 1576 2372 1622 tunc
2401 1567 2738 1636 recipiuntur
2762 1568 2817 1621 in
2851 1582 3003 1631 vasa,
3054 1567 3159 1622 hoc
3206 1574 3310 1633 est,
3354 1566 3409 1620 in
3463 1575 3695 1622 aeternas

2104 1661 2370 1713 ducentur
2415 1658 2726 1713 mansiones
2758 1657 2928 1711 :mali
2984 1656 3167 1713 autem
3197 1657 3344 1712 foras
3387 1656 3694 1723 mittentur,

2106 1749 2160 1802 in
2191 1748 2485 1813 caminum,
2513 1747 2768 1802 videlicet
2797 1748 2955 1818 ignis,
3008 1747 3101 1803 ubi
3148 1747 3254 1803 erit
3277 1746 3436 1803 fletus
3465 1756 3523 1803 et
3571 1748 3697 1803 stri-

410 1844 593 1900 carnis
637 1844 897 1898 munitur.
930 1842 1105 1899 Graeci
1148 1841 1292 1897 enim
1339 1846 1530 1893 testam
1580 1844 1761 1890 ostrea
1790 1833 1995 1887 dicunt
2028 1848 2075 1907 Β
2105 1840 2204 1894 dor
2228 1838 2739 1893 dentium.Possunt
2759 1846 2813 1892 et
2830 1839 3007 1908 pisces
3035 1838 3308 1908 sapientes
3327 1838 3486 1893 istius
3510 1836 3697 1892 mundi

409 1934 603 1989 Ostrea
640 1942 823 1988 autem
871 1941 1087 1997 neutro,
1130 1944 1324 1984 carnes
1376 1927 1494 1997 ejus
1522 1924 1784 1981 feminino
1805 1937 2001 1995 genere

409 2026 681 2081 dicuntur.
740 2022 967 2079 Musculi
1007 2029 1132 2077 sunt
1174 2019 1256 2091 (ut
1282 2016 1651 2088 praediximus)
1690 2015 1925 2071 cochleae
1971 2030 2001 2067 τι

408 2130 642 2186 quorum
671 2113 814 2168 lacte
839 2113 1220 2181 concipiuntur
1249 2117 1465 2174 ostreae,
1510 2114 1566 2161 et
1588 2106 1717 2163 dicti
1749 2102 2001 2168 musculi,

409 2206 565 2274 quasi
596 2202 840 2257 masculi.
867 2201 1107 2271 Spungia
1133 2217 1165 2255 a
1200 2200 1403 2270 ﬁngere
1442 2199 1608 2263 dicta,
1648 2198 1700 2251 id
1725 2206 1830 2260 est,
1880 2195 2005 2249 niti-

410 2297 542 2350 dare
570 2302 627 2349 et
669 2301 974 2362 extergere.
1026 2290 1181 2346 Unde
1223 2289 1414 2345 Cicero
1458 2308 1471 2341 :
1506 2308 1525 2339 ι
1579 2288 1645 2341 Et
1700 2287 2004 2357 ﬁngebatur

412 2384 660 2455 spungiis
687 2381 930 2451 sanguis,
955 2400 973 2433 ι
999 2380 1053 2434 id
1082 2388 1187 2445 est,
1220 2378 1621 2450 extergebatur.
1654 2377 1871 2432 Animal
1902 2393 2003 2431 au-

410 2486 519 2531 tem
553 2490 674 2531 esse
709 2474 935 2529 docetur
963 2486 1162 2527 cruore
1207 2473 1507 2527 inhaerente
1541 2473 1729 2541 petris.
1772 2471 1927 2527 Unde
1950 2480 2005 2527 et

409 2566 540 2620 dum
574 2563 892 2628 absciditur,
943 2562 1261 2643 sanguinem
1287 2562 1536 2615 remittit.
1569 2560 1806 2631 Spungia
1858 2561 2003 2615 enim

410 2671 541 2709 cava
575 2654 803 2724 mystice
828 2650 1098 2723 signiﬁcat
1125 2651 1366 2706 dolosam
1396 2649 1770 2704 inﬁdelitatem
1794 2647 2004 2703 Judan-

416 2760 558 2811 rum,
582 2744 649 2798 de
690 2744 887 2812 quibus
914 2742 1174 2811 scriptum
1202 2747 1287 2794 est
1315 2739 1371 2793 in
1411 2737 1740 2809 Evangelio:
1772 2736 1863 2789 Illi
1902 2753 2003 2790 au-

410 2845 513 2890 tem
534 2835 814 2905 spungiam
832 2832 1041 2902 plenam
1061 2840 1208 2884 aceto
1230 2830 1426 2900 hysopo
1446 2830 1891 2897 circumponentes
1915 2826 2006 2880 ob-

412 2924 640 2978 tulerunt
677 2923 757 2976 ori
782 2922 895 2991 ejus
962 2918 1177 2988 (Matth.
1220 2918 1411 2983 rxvn).
1459 2917 1596 2971 Nam
1622 2918 1689 2973 de
1719 2917 1851 2987 ipsis
1883 2917 2003 2971 ani-

410 3008 686 3069 mantibus
731 3011 835 3065 alia
865 3017 996 3064 sunt
1021 3010 1257 3064 viventia
1300 3010 1357 3062 in
1397 3008 1553 3078 aquis
1588 3015 1643 3062 et
1668 3007 2002 3073 discurrunt,

411 3116 474 3163 ut
525 3105 741 3177 pisces:
787 3103 913 3168 alia,
963 3118 1086 3172 qua:
1116 3109 1265 3157 stant
1309 3099 1434 3164 ﬁxa,
1487 3108 1549 3155 ut
1590 3108 1807 3165 ostreae,
1850 3099 2003 3165 icini,

2103 1931 2432 2001 signiﬁcare,
2462 1939 2523 1985 ut
2565 1940 2651 1986 est
2680 1930 2811 1984 illud
2863 1930 3108 2001 psalterii
3141 1948 3154 1983 :
3195 1928 3443 1984 Volucres
3479 1928 3618 1993 caeli,
3650 1937 3696 1981 et

2103 2024 2265 2092 pisces
2298 2022 2482 2087 maris,
2521 2022 2611 2091 qui
2641 2019 3003 2091 perambulant
3052 2022 3293 2075 semitam
3323 2020 3485 2073 maris
3520 2016 3691 2090 (Psal.

2104 2115 2243 2185 vui).
2294 2113 2553 2169 Volucres
2602 2112 2745 2177 cteli,
2791 2113 3008 2184 superbi
3056 2113 3325 2178 homines,
3386 2112 3479 2181 qui
3528 2110 3696 2165 inflati

2105 2213 2267 2259 vento
2286 2205 2587 2274 jactantize,
2620 2204 2775 2274 quasi
2805 2218 2903 2274 per
2930 2204 3091 2258 inane
3114 2205 3261 2259 aeris
3291 2202 3613 2269 efferuntur,
3644 2210 3699 2257 et

2104 2293 2332 2349 humilia
2380 2293 2704 2363 despiciunt,
2753 2306 2877 2347 cum
2911 2292 3071 2348 altius
3096 2293 3398 2347 elevantur.
3437 2292 3695 2347 Volucres

2105 2386 2247 2441 enim
2276 2400 2305 2438 a
2328 2384 2511 2439 volatu
2533 2385 2726 2440 crebro
2755 2383 2913 2440 dictae
2948 2392 3094 2440 sunt.
3127 2383 3316 2439 Pisces
3353 2383 3497 2438 enim
3531 2382 3695 2436 maris

2104 2475 2451 2546 philosophos
2479 2474 2713 2529 fortasse
2738 2474 3064 2545 signiﬁcant,
3093 2474 3186 2544 qui
3211 2474 3371 2544 hujus
3392 2474 3578 2528 mundi
3606 2490 3696 2528 ua-

2107 2576 2283 2621 turam
2329 2566 2562 2620 erratica
2610 2566 2931 2620 curiositate
2954 2573 3315 2634 pertractant.
3376 2565 3511 2620 Nam
3560 2566 3697 2620 sicut

2106 2658 2182 2712 illi
2222 2657 2398 2726 posita
2440 2656 2622 2711 fronte
2646 2657 2841 2711 itinera
2891 2656 2996 2711 sibi
3027 2664 3276 2712 reserant
3299 2656 3473 2727 pelagi
3496 2657 3551 2710 in
3600 2673 3696 2711 un—

2106 2750 2323 2804 datione
2346 2748 2569 2803 confusa
2596 2766 2609 2801 :
2644 2749 2718 2805 ita
2752 2757 2807 2803 et
2831 2749 2922 2804 isti
2947 2749 3124 2819 capite
3168 2748 3393 2804 dimisso
3417 2765 3586 2810 venas
3615 2764 3699 2803 re-

2108 2856 2227 2895 rum
2257 2841 2467 2895 ratione
2495 2841 2735 2894 humana
2764 2839 2984 2895 assiduo
3013 2838 3199 2894 labore
3222 2840 3565 2909 perquirunt.
3592 2838 3701 2893 Sed

2108 2947 2232 2986 cum
2258 2932 2367 2986 sint
2392 2931 2569 3001 pisces
2596 2940 2650 2986 et
2671 2930 2976 2995 ﬁuminum,
3005 2946 3111 2985 non
3126 2940 3302 2994 vacat,
3320 2931 3463 3000 quod
3489 2931 3577 2985 hic
3600 2945 3703 3000 po-

2109 3024 2238 3090 suit,
2269 3024 2454 3088 maris,
2503 3032 2726 3093 propter
2769 3038 2883 3087 eos,
2913 3022 3006 3091 qui
3036 3022 3139 3077 sibi
3165 3022 3421 3076 videntur
3469 3036 3589 3076 esse
3614 3036 3703 3075 sa-

2107 3111 2319 3181 pientes
2347 3126 2571 3167 :verum
2597 3111 2686 3167 isti
2716 3111 2870 3176 tales,
2901 3125 3198 3178 eorumque
3240 3109 3444 3164 similes
3487 3109 3703 3163 Domini

412 3198 675 3267 spunsiae-
730 3195 808 3249 Ex
852 3194 937 3247 his
973 3192 1105 3246 alias
1153 3205 1334 3247 mares
1364 3191 1471 3246 dici
1503 3205 1571 3246 eo
1619 3190 1763 3261 quod
1816 3199 2008 3245 tenues
2037 3192 2082 3255 C
2113 3207 2339 3277 pedibus
2363 3206 2595 3261 feliciter
2618 3204 2998 3273 subjiciuntur,
3027 3204 3244 3273 quando
3275 3205 3343 3259 ad
3383 3204 3705 3259 Christianae

412 3290 521 3343 sint
565 3285 776 3350 ﬁstulae,
822 3283 1218 3353 spissioresque
1244 3280 1379 3336 alias
1404 3279 1653 3346 feminas,
1706 3280 1797 3350 qui
1831 3280 2005 3349 majo-

416 3376 567 3431 ribus
618 3383 745 3428 sunt
769 3389 832 3427 ac
858 3372 1157 3442 perpetuis,
1192 3371 1327 3426 alias
1349 3371 1618 3436 duriores,
1672 3386 1807 3439 quas
1853 3370 2005 3424 Grae-

415 3470 465 3523 ci
507 3466 781 3537 appellant
811 3474 1011 3535 tragos,
1057 3472 1112 3519 et
1143 3479 1242 3519 nos
1271 3464 1458 3518 hircos
1481 3464 1581 3517 has
1605 3462 1787 3518 dicere
1811 3478 2006 3532 possu-

416 3572 537 3611 mus
571 3556 641 3609 ob
668 3555 1019 3622 asperitatem
1047 3554 1130 3608 sui
1156 3568 1171 3606 :
1204 3552 1579 3608 mollissimum
1622 3568 1789 3623 genus
1821 3568 2006 3607 earum

418 3643 665 3716 penecilli
716 3649 981 3699 vocantur
1014 3658 1079 3697 eo
1127 3642 1271 3711 quod
1301 3650 1442 3711 apta:
1467 3640 1576 3695 sint
1612 3642 1681 3695 ad
1726 3639 2005 3695 oculorum

416 3746 677 3799 tumores,
704 3742 761 3786 et
794 3735 860 3787 ad
884 3734 1244 3801 extergendas
1288 3732 1637 3802 lippitudines
1665 3731 1844 3785 utiles.
1869 3730 2008 3785 Can-

413 3824 553 3879 dide
597 3821 841 3892 Spungia:
885 3836 1019 3875 cura
1063 3820 1218 3874 ﬁunt.
1274 3820 1378 3874 Per
1431 3830 1676 3876 aestatem
1730 3822 1876 3875 enim
1940 3821 2008 3875 ad

418 3913 585 3968 solem
635 3919 972 3975 sternuntur,
1002 3918 1080 3975 et,
1108 3912 1251 3965 sicut
1278 3926 1402 3964 cera
1448 3911 1673 3976 Punica,
1717 3911 2005 3966 candorem

418 4002 633 4056 bibunt.
662 3999 989 4053 Animalium
1021 3998 1264 4053 omnium
1294 4000 1348 4052 in
1384 4001 1540 4069 aquis
1584 4000 1878 4055 viventium
1907 4016 2005 4055 no-

419 4094 568 4147 mina
602 4098 818 4145 centum
845 4090 1207 4159 quadraginta
1232 4099 1464 4158 quatuor
1491 4090 1698 4145 Plinius
1732 4092 1807 4145 ait
1834 4092 2006 4146 divisa

416 4184 471 4237 in
496 4183 796 4237 belluarum
817 4181 1128 4252 generibus,
1153 4181 1484 4249 serpentium
1506 4182 1874 4237 communium
1898 4190 2005 4237 ter-

417 4289 490 4328 rae
538 4284 594 4327 et
633 4288 805 4343 aqua},
856 4288 1196 4337 cancrorum,
1248 4273 1601 4338 concharum,
1651 4272 2003 4340 locustarum,

415 4366 740 4437 poleridum,
777 4364 1119 4435 polyporum,
1145 4363 1437 4430 solearum,
1467 4363 1819 4431 lacertorum,
1842 4373 1902 4419 ut
1927 4364 2005 4419 lo-

415 4464 547 4533 ligo,
568 4470 624 4516 et
664 4462 793 4515 huic
826 4460 1043 4515 similia.
1083 4459 1163 4512 Ex
1193 4458 1389 4528 quibus
1426 4457 1600 4512 multa
1626 4458 1859 4527 quodam
1906 4473 2027 4531 na-r

419 4565 555 4609 tura:
603 4554 882 4607 intellectu
932 4551 1176 4606 ordinem
1212 4559 1515 4618 temporum
1565 4566 1785 4605 suorum
1838 4564 2004 4620 agno-
2030 4534 2082 4593 Ι)

418 4651 576 4699 scunt
610 4660 623 4694 :
656 4641 902 4711 quaedam
949 4654 1079 4693 vero
1131 4639 1185 4692 in
1222 4638 1334 4691 suis
1380 4637 1515 4691 locis
1554 4637 1671 4691 sine
1712 4638 2005 4692 mutatione

416 4743 702 4804 vagantur.
755 4731 815 4785 In
844 4730 1083 4800 piscibus
1132 4736 1310 4781 autem
1352 4726 1569 4780 feminis
1614 4726 1733 4780 alia:
1777 4727 2002 4781 commi-

418 4826 597 4881 stione
622 4821 859 4883 tmasculi
899 4820 1209 4888 concipiunt
1236 4827 1291 4873 et
1338 4820 1560 4888 pariunt
1603 4818 1812 4873 catulos
1844 4837 1857 4872 :
1887 4818 2005 4873 alia:

421 4925 629 4989 ponunt
667 4930 768 4972 ova
795 4915 914 4969 sine
936 4912 1164 4967 masculi
1198 4912 1542 4981 susceptione
1570 4920 1851 4982 concepta,
1885 4926 2013 4979 quae.

420 5011 617 5064 iterum
639 5004 977 5077 insequentis
1024 5004 1108 5059 sui
1130 5004 1351 5059 seminis
1384 5003 1533 5072 jactu
1555 5002 1951 5073 perfunduntur
1984 5020 1997 5054 :

419 5112 474 5156 et
492 5114 612 5168 qua:
640 5100 745 5152 hoc
773 5111 997 5151 munere
1020 5094 1225 5150 fuerint
1245 5095 1442 5161 adlata,
1471 5096 1795 5165 generabilia
1817 5096 1953 5151 ﬁunt
1984 5112 1996 5148 :

417 5206 539 5261 qua:
580 5202 709 5241 vero
758 5184 977 5257 perfusa
1005 5200 1110 5239 non
1152 5185 1372 5250 fuerint,
1423 5186 1627 5240 sterilia
1651 5197 2000 5256 perseverant

418 5290 512 5335 aut
562 5285 899 5350 putreScunt.
932 5276 1166 5331 Piscium
1197 5285 1377 5331 autem
1405 5278 1667 5332 vocabulo
1713 5279 2001 5348 aliquando

418 5371 544 5425 boni
594 5368 863 5433 homines,
924 5366 1213 5436 aliquando
1263 5383 1395 5422 vero
1434 5368 1561 5422 mali
1611 5370 1664 5423 in
1705 5368 2002 5440 Scripturis

420 5460 803 5529 designantur,
861 5464 919 5511 ut
948 5465 1031 5511 est
1058 5456 1186 5511 illud
1222 5458 1275 5511 in
1326 5458 1635 5529 Evangelio,
1675 5476 1783 5530 quo
1808 5449 1997 5515 Salva-

422 5558 507 5602 tor
552 5548 603 5600 in
655 5546 907 5616 parabole
966 5546 1031 5599 dc
1070 5557 1268 5613 sagcna
1312 5547 1475 5600 missa
1525 5546 1579 5600 in
1620 5550 1757 5601 mari
1793 5558 1998 5615 narrat,

421 5640 608 5697 dicens
639 5657 651 5691 :
680 5638 860 5693 Simile
894 5648 967 5692 est
1001 5656 1213 5707 regnum
1240 5638 1486 5692 cwlorum
1516 5657 1721 5710 sugente
1748 5644 1919 5697 missa:
1948 5645 1997 5696 in

418 5742 587 5791 sime.
610 5740 657 5783 et
795 5727 934 5783 omni
968 5743 1149 5791 qcm'rc
1181 5730 1396 5803 piscium
1425 5734 1774 5794 conqrcqmui.
1808 5735 1996 5795 Ouum.

2109 3296 2360 3351 venerint
2380 3295 2655 3367 religionis
2685 3294 2957 3349 affectum.
2987 3293 3317 3358 Piscatores,
3352 3293 3591 3363 Apostoli
3620 3292 3705 3348 vel

2110 3386 2291 3442 caeteri
2312 3386 2714 3455 praedicatores.
2754 3383 2908 3439 Unde
2940 3385 2992 3438 in
3016 3383 3314 3454 Evangelio
3350 3384 3547 3454 legitur
3576 3402 3588 3436 :
3618 3382 3705 3437 lle

2109 3489 2226 3548 post
2245 3494 2347 3544 me,
2364 3487 2411 3531 et
2436 3477 2631 3547 faciam
2658 3494 2745 3531 vos
2757 3478 3040 3546 piscatores
3060 3476 3328 3529 hominum
3347 3476 3464 3544 ﬁeri
3478 3475 3701 3544 (Matth.

2110 3569 2208 3638 1v).
2235 3568 2371 3621 Etin
2400 3568 2599 3621 malam
2622 3575 2830 3635 partem
2844 3582 2942 3635 per
2963 3565 3162 3621 Isaiam
3186 3583 3199 3619 :
3229 3565 3497 3635 Lugebunt
3520 3567 3703 3637 pisca-

2109 3669 2245 3712 tores
2268 3656 2416 3728 (Isai.
2455 3655 2591 3729 xxx).
2616 3656 2820 3719 Pisces,
2842 3654 3034 3710 Sancti.
3059 3654 3119 3708 In
3147 3653 3469 3723 Evangelia:
3495 3654 3560 3707 Et
3584 3665 3702 3710 tra-

2109 3757 2413 3801 xeruntrcle
2428 3747 2637 3816 plenum
2663 3747 2891 3816 piscibus
2915 3746 3119 3815 magnis
3142 3742 3306 3814 (Joan
3321 3745 3459 3814 χει).
3492 3745 3701 3811 Pisces,

2110 3838 2347 3907 reprobi.
2394 3837 2452 3891 ln
2501 3836 2789 3906 Evangelio
2818 3854 2832 3889 :
2861 3835 3033 3889 Malos
3063 3846 3237 3889 autem
3282 3835 3425 3904 foras
3450 3836 3702 3890 miserunt

2111 3924 2325 3996 (Matth.
2350 3925 2507 3996 xm);
2555 3934 2611 3979 et
2641 3925 2695 3978 in
2716 3925 2882 3979 Amos
2916 3941 2929 3976 :
2960 3922 3065 3977 Sed
3086 3932 3134 3976 et
3153 3924 3319 3992 pisces
3366 3924 3529 3976 utaris
3572 3940 3704 3977 con-

2107 4014 2457 4086 gregabantur
2500 4014 2647 4085 (Ose.
2671 4013 2768 4085 tv).
2817 4013 3009 4078 Piscis,
3042 4012 3304 4067 Dominus
3346 4011 3504 4067 Iesus
3541 4012 3704 4067 Chri-

2108 4116 2225 4160 stus
2253 4104 2619 4160 tribulationis
2642 4105 2766 4175 igne
2798 4102 3013 4159 affatus.
3048 4103 3108 4157 In
3138 4102 3429 4173 Evangelio
3458 4121 3470 4156 :
3498 4102 3703 4157 Posue-

2109 4202 2231 4247 runt
2280 4211 2456 4247 coram
2504 4211 2563 4248 eo
2608 4205 2810 4264 partem
2861 4195 3018 4265 piscis
3042 4194 3169 4257 assi,
3211 4203 3257 4247 et
3302 4193 3480 4261 favum
3527 4191 3701 4247 mellis

2108 4283 2261 4355 (Luc.
2286 4284 2457 4354 xxnv).
2488 4284 2674 4340 Pisces
2702 4286 2806 4340 duo
2856 4282 3129 4353 conjuncti
3169 4283 3406 4352 quinque
3446 4283 3699 4353 panibus,

2107 4372 2215 4428 duo
2245 4381 2564 4427 testamenta
2598 4373 2755 4443 legis,
2803 4373 2888 4427 vel
2918 4374 3024 4427 duo
3060 4372 3345 4427 charitatis
3396 4382 3696 4443 praecepta,

2107 4463 2221 4518 sive
2245 4462 2363 4517 dua:
2390 4476 2659 4531 personzc,
2711 4462 2860 4532 regia
2900 4470 2955 4517 et
3004 4461 3375 4516 sacerdotalis.
3430 4460 3490 4515 In
3522 4462 3701 4516 Evan-

2109 4552 2247 4623 gelio
2280 4570 2292 4605 :
2325 4552 2393 4605 Et
2421 4553 2643 4622 acceptis
2664 4552 2890 4622 quinque
2918 4552 3142 4621 panibus
3168 4561 3216 4605 et
3254 4551 3456 4606 duobus
3469 4552 3699 4622 piscibus

2111 4642 2327 4713 (Matth.
2376 4644 2509 4713 xxv).
2539 4641 2742 4697 Hamus
2768 4642 3023 4697 divinitas
3052 4642 3175 4696 Filii
3201 4642 3320 4707 Dei,
3350 4658 3472 4712 quae
3529 4658 3701 4698 carne

2108 4732 2296 4785 induta
2323 4731 2480 4784 latuit
2502 4732 2692 4785 hamus
2719 4732 2771 4784 in
2803 4747 2947 4785 esca.
2996 4732 3073 4786 De
3107 4748 3213 4801 quo
3242 4732 3405 4787 hamo
3433 4732 3699 4806 Dominus

2108 4820 2175 4873 ad
2205 4817 2306 4873 10b
2334 4818 2558 4888 loquens
2609 4820 2683 4873 ait
2717 4838 2729 4873 :
2762 4820 3019 4890 Nunquid
3053 4820 3353 4875 abstrahere
3379 4823 3574 4892 poteris
3598 4822 3699 4875 Le-

2108 4916 2322 4969 viathan
2355 4916 2510 4969 hamo
2552 4916 2683 4969 tuo?
2708 4915 2850 4986 (Job.
2889 4916 2981 4987 χι)
3015 4916 3140 4985 quia
3165 4916 3308 4971 idem
3351 4916 3525 4971 hostis
3556 4916 3700 4970 anti-

2106 5024 2243 5077 quus
2274 5008 2496 5062 humani
2525 5009 2758 5079 generis,
2791 5009 2919 5064 dum
2964 5023 3116 5063 more
3159 5009 3326 5078 piscis
3352 5023 3534 5064 escam
3567 5024 3693 5064 cor-

2104 5099 2253 5166 poris
2300 5098 2512 5152 Domini
2576 5115 2673 5167 per
2712 5100 3018 5168 passionem
3072 5101 3385 5167 momordit,
3438 5111 3695 5156 enecatus

2105 5198 2187 5241 cst
2213 5204 2307 5257 per
2328 5189 2643 5257 patientiam
2666 5189 2984 5245 divinitatis.
3016 5190 3147 5244 Item
3167 5192 3222 5244 in
3249 5190 3447 5244 malam
3481 5200 3691 5260 partem

2104 5295 2203 5348 pro
2225 5279 2437 5333 diabolo
2459 5295 2557 5349 per
2582 5278 2837 5336 Habacuc
2867 5298 2879 5334 :
2909 5279 3094 5335 Totum
3117 5282 3171 5335 in
3204 5283 3358 5336 hamo
3387 5299 3482 5335 suo
3508 5282 3693 5336 levabit

2108 5368 2332 5438 (Habac.
2359 5368 2420 5433 ι).

2732 5461 2957 5517 CAPUT
2998 5463 3082 5517 Vl.

2782 5554 2857 5608 De
2886 5554 3086 5608 avibus.

2180 5645 2350 5699 Unum
2383 5660 2577 5699 nomen
2627 5644 2826 5707 avium,
2862 5644 2963 5698 sed
2983 5658 3150 5714 genus
3198 5642 3494 5696 diversum.
3552 5641 3687 5694 Nam

2106 5739 2235 5791 sicut
2269 5737 2443 5805 z.pm:ic
2468 5735 2567 5790 sibi
2593 5736 2879 5803 disserunt,
2913 5736 2984 5791 ita
3022 5743 3068 5790 et
3098 5742 3305 5790 natura:
3349 5730 3680 5789 diversitate.
