3930 6320
214 385 306 440 3M

1157 377 1249 431 DE
1289 373 1634 431 UNIVERSO
1673 373 1853 430 LIBRI
1891 376 2054 432 XXII.
2096 407 2167 416 —
2200 376 2327 431 LIB.
2370 379 2502 434 VIII.

3357 376 3465 436 ω

215 497 340 552 Nam
369 493 482 546 alia
509 489 784 558 simplices
806 497 950 550 sunt,
985 497 1042 540 ιιι
1066 486 1326 539 columbae
1355 503 1367 537 :
1405 483 1524 538 alia
1565 491 1774 546 astuta,
1806 491 1854 548 Α
1884 487 1978 540 bus
2012 499 2084 541 est
2109 502 2126 538 :
2158 498 2207 541 et
2239 489 2302 556 ﬁt
2327 490 2505 556 arbor,
2547 493 2621 544 ita
2652 499 2706 544 ut
2737 491 2940 544 veniant
2983 490 3214 545 volucres
3243 501 3291 546 et
3325 495 3466 548 habi-

214 599 268 644 ut
292 585 471 657 perdix
504 601 518 635 :
553 582 674 635 alia
699 583 766 635 ad
810 595 1026 633 manum
1048 592 1104 631 se
1135 575 1450 642 subiiciunt,
1479 583 1538 626 ut
1585 573 1780 643 accipi-

217 690 291 734 ter
316 694 327 729 :
351 675 466 728 alia
503 673 880 735 reformidant,
932 679 992 724 ut
1018 676 1362 740 garamentes
1393 687 1404 719 :
1439 667 1556 722 alia
1608 669 1778 722 homi-

213 783 330 823 num
357 765 764 821 conversatione
804 761 1161 825 delectantur,
1189 767 1250 813 ιιι
1273 759 1508 814 hirundo
1537 775 1550 812 :
1578 759 1697 813 alia
1719 759 1777 812 in

213 857 431 912 desertis
478 863 746 910 secretam
791 853 958 906 vitam
1013 851 1257 922 diligunt,
1303 859 1363 904 ut
1417 857 1596 903 turtur
1628 867 1641 902 :
1668 849 1784 903 alia

213 948 319 1003 solo
344 947 546 1001 semine
575 953 790 1016 reperto
817 952 1128 1012 pascuntur,
1146 950 1206 995 ut
1227 956 1389 995 anser
1419 959 1431 994 :
1458 941 1576 995 alia
1595 955 1786 995 carnes

213 1041 367 1094 edunt
394 1047 447 1092 et
468 1038 673 1107 rapinis
701 1035 1005 1099 intendunt,
1041 1043 1098 1086 ut
1129 1031 1321 1086 milvus
1355 1049 1368 1084 :
1401 1032 1517 1086 alia
1540 1032 1782 1097 incuria,

214 1129 382 1202 [invia
393 1128 436 1200 ἲ)
459 1143 580 1196 qua
604 1134 823 1181 manent
849 1125 901 1178 in
919 1124 1052 1178 locis
1073 1120 1450 1192 semper.Alia
1478 1122 1783 1177 adventitia

211 1234 322 1287 qua
351 1217 584 1286 propriis
638 1214 972 1284 temporibus
1024 1219 1391 1276 revertuntur,
1429 1219 1487 1264 ut
1540 1210 1784 1275 ciconia,

212 1311 552 1364 hirundines:
579 1309 699 1363 alia
735 1323 1036 1376 congrega,
1081 1306 1130 1358 id
1163 1312 1267 1368 est,
1295 1304 1562 1374 gregatim
1593 1303 1788 1358 volan-

212 1411 306 1462 tcs.
349 1403 407 1453 lit
439 1401 613 1453 sturni
664 1408 720 1454 et
757 1399 1098 1454 coturnices:
1138 1398 1256 1452 alia
1288 1397 1560 1468 solivaga,
1597 1395 1650 1449 id
1680 1403 1786 1462 est,

211 1486 455 1542 solitaria
510 1496 734 1558 propter
785 1488 1008 1542 insidias
1037 1487 1404 1556 depradandi,
1461 1495 1523 1541 ut
1571 1484 1784 1554 aquila,

212 1580 511 1648 accipitres,
541 1587 596 1633 et
615 1592 947 1647 quacunque
973 1578 1045 1632 ita
1073 1586 1200 1632 sunt
1226 1596 1240 1632 :
1263 1578 1380 1632 alia
1401 1578 1622 1633 vocibus
1644 1586 1777 1632 stre-

212 1679 354 1738 punt,
376 1679 436 1724 ut
473 1670 791 1725 hirundines
821 1689 833 1723 :
864 1671 981 1725 alia
1007 1680 1200 1726 cantus
1221 1671 1388 1725 edunt
1423 1669 1784 1733 dulcissimos,

210 1774 266 1814 ut
308 1777 512 1830 cygnus
549 1771 609 1814 et
657 1760 859 1814 merula
896 1779 907 1814 :
937 1760 1056 1814 alia
1091 1760 1254 1815 verba
1317 1768 1373 1813 et
1410 1774 1570 1814 voces
1614 1757 1788 1813 homi-

211 1867 329 1904 num
394 1852 700 1914 imitantur,
744 1859 802 1905 ut
842 1853 1106 1920 psittacus
1141 1861 1194 1906 et
1225 1853 1366 1921 pica.
1397 1851 1536 1906 Sunt
1585 1858 1640 1904 et
1684 1850 1789 1904 alia
1818 1871 1868 1930 Β

209 1944 344 1995 sicut
365 1957 585 2010 genere,
617 1943 693 1995 ita
727 1952 781 1994 et
807 1943 1046 1996 moribus
1076 1943 1508 1995 innumerabilia.
1535 1941 1670 1995 Nam
1700 1957 1791 1995 vo-

208 2032 410 2084 lucrum
455 2038 590 2099 quot
612 2045 809 2099 genera
836 2031 966 2095 sint,
1010 2031 1254 2085 invenire
1279 2045 1604 2100 quemquam
1636 2043 1793 2100 posse

208 2122 414 2178 diflicile
439 2131 544 2174 est.
573 2119 758 2189 Neque
810 2121 955 2175 enim
981 2122 1162 2174 omnia
1191 2122 1357 2174 India
1392 2129 1445 2175 et
1496 2120 1792 2190 Ethiopia

208 2223 296 2268 aut
320 2211 559 2282 Scythia
601 2213 814 2267 deserta
857 2213 977 2281 quis
1005 2221 1288 2282 penetrare
1314 2213 1534 2281 poterit,
1573 2215 1663 2283 qui
1703 2229 1795 2268 ea-

208 2319 320 2358 rum
375 2317 550 2372 genus
603 2301 688 2356 vel
745 2300 1077 2356 diﬂ'erentias
1121 2310 1324 2356 nosset.
1359 2303 1500 2357 Aves
1531 2303 1689 2357 dicta
1728 2318 1792 2357 eo

207 2395 343 2464 quod
373 2394 493 2446 vias
521 2402 704 2447 certas
724 2408 830 2446 non
853 2393 1109 2457 habeant,
1136 2394 1341 2446 scilicet
1369 2409 1468 2461 per
1499 2395 1618 2446 avia
1649 2409 1792 2462 qua-

205 2499 305 2554 que
337 2482 672 2537 discurrunt.
725 2481 919 2546 Aliter,
971 2481 1116 2550 quod
1170 2481 1271 2534 alis
1324 2481 1430 2534 alta
1482 2482 1788 2547 intendant,

206 2584 256 2631 et
301 2575 366 2629 ad
393 2575 649 2628 sublimia
699 2574 926 2644 remigio
968 2573 1176 2627 alarum
1207 2573 1596 2629 conscendant.
1632 2573 1795 2628 Volu-

205 2683 318 2723 cres
355 2681 386 2721 a
415 2665 672 2720 volando.
717 2663 852 2717 Nam
898 2665 1039 2718 unde
1090 2663 1293 2730 volare,
1331 2665 1454 2717 inde
1497 2673 1553 2718 et
1605 2665 1793 2719 ambu-

204 2757 310 2813 lare
357 2756 613 2811 dicimus.
656 2754 788 2810 Vola
819 2755 966 2808 enim
999 2754 1200 2808 dicitur
1245 2754 1423 2808 media
1465 2770 1592 2823 pars
1640 2757 1793 2825 pedis

205 2848 312 2903 sive
350 2863 569 2911 manus,
609 2854 664 2901 et
711 2847 762 2899 in
797 2847 985 2900 avibus
1007 2846 1127 2900 vola
1174 2861 1302 2914 pars
1342 2847 1518 2900 media
1561 2846 1792 2910 alarum,

204 2954 429 3008 quarum
464 2946 619 2991 motu
652 2937 828 3007 pinna
859 2936 1149 3005 agitantur,
1182 2937 1308 2990 inde
1341 2937 1610 2991 volucres.
1653 2935 1790 2989 Pulli

203 3030 450 3084 dicuntur
499 3029 744 3083 omnium
783 3028 960 3082 avium
1022 3029 1166 3092 nati,
1223 3028 1316 3082 sed
1366 3038 1422 3082 et
1475 3029 1791 3088 animalium

202 3120 610 3190 quadrupedum
661 3119 795 3183 nati,
823 3117 953 3188 pulli
983 3117 1258 3184 dicuntur,
1294 3127 1347 3173 et
1374 3119 1537 3174 homo
1591 3136 1793 3191 parvus

1888 585 1992 630 tent
2033 579 2087 631 in
2130 579 2292 630 ramis
2338 579 2451 646 ejus
2473 580 2690 650 (Matth.
2749 581 2894 649 χιιι).
2922 580 3240 637 Pradicatio
3292 582 3468 638 Evan-

1887 669 2010 740 gelii
2047 670 2267 723 minima
2317 680 2400 724 est
2451 673 2701 727 omnibus
2735 673 3037 742 disciplinis
3070 689 3252 728 coram
3300 676 3472 731 oculis

1891 760 2211 830 sapientium
2242 761 2398 816 istius
2423 764 2608 816 mundi
2637 781 2651 816 :
2675 764 2768 819 sed
2789 765 2986 819 crescit
3009 766 3062 818 in
3095 765 3366 831 arborem,
3399 768 3472 822 ita

1886 857 1946 902 ut
1975 848 2222 904 volucres
2270 850 2415 915 cali,
2467 866 2602 920 quas
2630 851 2713 904 vel
2759 854 2966 908 animas
3011 855 3345 909 credentium
3389 856 3472 909 vel

1887 935 2234 993 fortitudines
2283 939 2376 994 Dei
2431 941 2652 994 servitio
2702 943 3038 1010 mancipatas
3067 947 3269 999 sentire
3315 946 3478 1001 debe-

1889 1041 2028 1090 mus,
2062 1027 2281 1080 veniant
2307 1037 2361 1081 et
2396 1029 2643 1082 habitent
2693 1029 2748 1083 in
2781 1032 2947 1085 ramis
2975 1034 3110 1101 ejus.
3153 1035 3354 1090 Ramos
3385 1051 3479 1104 pu-

1887 1124 1945 1170 to
1988 1117 2313 1187 evangelica
2340 1119 2570 1184 arboris,
2624 1136 2745 1189 qua
2801 1123 2868 1177 de
2911 1139 3077 1194 grano
3105 1127 3306 1196 sinapis
3355 1143 3478 1183 cre-

1890 1207 2051 1272 verit,
2093 1208 2404 1279 dogmatum
2433 1225 2553 1266 esse
2575 1211 2939 1280 diversitates,
2981 1217 3034 1268 in
3062 1217 3255 1284 quibus
3287 1236 3477 1289 supra—

1892 1295 2155 1350 dictarum
2206 1299 2487 1353 volucrum
2546 1317 2883 1371 unaquaque
2955 1307 3266 1374 requiescit.
3341 1310 3482 1362 Avcs

1891 1394 2016 1438 sunt
2047 1386 2335 1442 damones.
2374 1389 2527 1445 Unde
2565 1399 2620 1445 et
2649 1392 2702 1446 in
2723 1393 3044 1464 Apocalypsi
3079 1398 3331 1451 omnibus
3362 1400 3480 1451 avi-

1890 1475 1991 1528 bus
2017 1474 2217 1528 dicitur
2249 1495 2262 1529 :
2293 1477 2444 1543 Aves,
2482 1498 2596 1549 qua
2641 1483 2826 1536 volatis
2867 1501 2960 1553 per
2987 1487 3217 1539 medium
3271 1489 3480 1552 caelum,

1888 1567 2055 1622 venite
2078 1568 2147 1621 ad
2182 1585 2380 1623 canam
2420 1588 2664 1641 magnam
2687 1575 2804 1639 Dei,
2831 1585 2887 1628 ut
2932 1581 3259 1634 manducetis
3292 1599 3480 1636 carnes

1891 1673 2090 1728 regum,
2106 1669 2215 1715 etc.
2239 1659 2424 1732 (Apoc.
2443 1662 2579 1734 xxx).
2609 1663 2676 1718 Et
2702 1665 2756 1718 in
2773 1665 3087 1722 Salomone:
3111 1671 3215 1734 Qui
3237 1675 3485 1726 innititur

1890 1751 2202 1818 mendacio,
2265 1754 2403 1806 hunc
2472 1756 2640 1824 pascit
2690 1771 2872 1812 ventus
2938 1759 3120 1830 (Prov.
3193 1763 3269 1830 χ).
3335 1763 3482 1817 Idem

1895 1849 2074 1894 autem
2116 1842 2230 1911 ipse
2259 1844 2506 1912 sequitur
2531 1860 2659 1898 aves
2687 1847 2951 1903 volantes.
2999 1850 3146 1914 Avis,
3208 1851 3479 1908 Salvator.

1897 1929 2049 1983 Unde
2071 1931 2126 1984 in
2149 1930 2250 1985 Job
2302 1933 2369 1986 de
2395 1932 2599 1996 Judaa,
2635 1951 2755 2003 qua
2790 1939 2844 1990 iu
2887 1955 3008 1991 eum
3054 1944 3328 1996 creditura
3375 1961 3484 1998 non

1893 2032 2030 2089 erat,
2077 2024 2278 2079 dicitur
2345 2026 2488 2097 (Job.
2548 2031 2742 2098 xxvm)
2791 2046 2806 2082 :
2847 2029 2996 2085 Viam
3039 2034 3298 2103 ignoravit
3350 2037 3482 2092 avis.

1891 2114 2038 2180 Avis,
2070 2115 2220 2185 plebs
2245 2114 2449 2172 Judaa.
2484 2117 2541 2172 In
2563 2121 2826 2188 propheta
2855 2138 2868 2173 :
2901 2120 3072 2174 Facta
3112 2134 3187 2177 est
3221 2123 3354 2180 Sion
3383 2128 3487 2180 sic-

1893 2215 1949 2258 ut
1990 2207 2098 2260 avis
2142 2206 2322 2260 volans
2377 2207 2531 2279 (Isai.
2584 2212 2716 2278 xvi).
2761 2210 2836 2264 De
2886 2212 2990 2265 hac
3046 2213 3202 2282 plebe
3244 2216 3484 2286 ﬁgurali-

1895 2304 1977 2352 ter
2006 2298 2058 2351 in
2089 2299 2514 2354 Deuteronomio
2541 2303 2853 2370 pracipitur
2878 2324 2889 2355 :
2925 2301 2984 2357 Si
3013 2305 3366 2361 ambulaveris
3395 2325 3489 2378 per

1894 2390 2050 2451 viam,
2086 2401 2131 2443 et
2159 2392 2213 2444 in
2240 2391 2426 2444 arbore
2453 2391 2530 2445 vel
2569 2392 2623 2443 in
2657 2401 2797 2445 terra
2849 2394 3030 2446 nidum
3073 2399 3182 2449 avis
3206 2399 3486 2464 inveneris,

1895 2487 1944 2531 et
1989 2490 2210 2534 matrem
2250 2481 2408 2551 pullis
2453 2481 2534 2535 vel
2573 2483 2680 2534 ovis
2725 2482 2946 2552 desuper
2984 2485 3317 2539 incubantem
3343 2501 3359 2538 :
3385 2505 3488 2542 non

1897 2572 2087 2626 tenebis
2112 2590 2227 2627 eam
2277 2591 2394 2626 cum
2427 2574 2576 2642 ﬁliis,
2617 2576 2708 2628 sed
2755 2575 2901 2630 abire
2947 2579 3163 2647 patieris
3208 2590 3386 2648 captos
3411 2591 3490 2632 te-

1897 2675 2020 2712 nens
2049 2659 2188 2727 ﬁlios
2232 2660 2409 2732 (Deut.
2459 2661 2617 2731 χχιι).
2642 2662 2796 2728 Quod
2820 2664 2886 2718 de
2927 2663 3202 2733 Apostolis
3239 2666 3490 2738 intelligi-

1896 2753 2002 2812 tur,
2043 2749 2132 2817 qui
2163 2765 2230 2804 ex
2255 2750 2444 2804 eadem
2467 2751 2621 2820 plebe
2659 2767 2758 2820 per
2785 2751 3062 2808 Christum
3089 2755 3376 2810 Dominum
3405 2774 3490 2811 as-

1896 2839 2093 2907 sumpti
2125 2847 2270 2904 sunt,
2303 2840 2391 2894 illa
2426 2856 2553 2895 vero
2585 2842 2792 2897 relicta.
2823 2843 2951 2897 Avis
2977 2845 3226 2899 diabolus
3265 2847 3317 2899 in
3344 2846 3443 2899 Job
3473 2863 3488 2900 :

1898 2927 2154 2999 Nunquid
2176 2929 2366 2984 illudes
2405 2933 2451 2984 ei
2476 2934 2629 3004 quasi
2660 2933 2741 2987 avi
2774 2935 2797 2986 ?
2852 2932 2994 3002 (Job.
3025 2935 3137 3004 χι.)
3186 2935 3489 3006 Aliquando

1896 3034 2025 3075 vero
2058 3021 2304 3077 volucres
2351 3024 2654 3093 significant
2697 3025 2959 3096 malignos
2998 3027 3240 3095 spiritus,
3270 3030 3360 3098 qui
3386 3031 3488 3086 tol-

1897 3112 2012 3166 lunt
2045 3125 2341 3170 sementem
2391 3117 2443 3170 in
2503 3118 2590 3171 via
2661 3119 2920 3188 positum,
2960 3119 3114 3188 juxta
3173 3121 3486 3188 parabolam

202 3210 392 3278 pullus.
440 3209 718 3264 Recenler
747 3208 910 3278 igitur
937 3209 1048 3262 nati
1101 3209 1230 3279 pulli
1288 3225 1352 3264 eo
1402 3211 1544 3278 quod
1575 3211 1786 3280 polluti,
1821 3213 1864 3274 ς
1898 3205 2260 3274 evangelicam
2289 3205 2438 3275 (Luc.
2479 3208 2620 3279 vni).
2683 3207 2780 3262 Via
2831 3225 2960 3278 ergo
3005 3226 3160 3265 mens
3186 3219 3268 3265 est
3301 3213 3485 3267 scdulo

205 3299 351 3355 Unde
396 3309 453 3353 et
481 3300 653 3354 vestis
705 3299 878 3368 nigra,
933 3299 1078 3368 pulla
1133 3299 1276 3354 dicta
1320 3309 1422 3354 est.
1479 3301 1593 3354 Ala
1642 3312 1789 3367 sunt,

200 3389 251 3442 in
275 3390 471 3458 quibus
527 3403 720 3459 penna
752 3403 850 3458 per
875 3390 1120 3443 ordinem
1150 3389 1269 3443 lixae
1295 3389 1510 3445 volandi
1533 3391 1794 3445 exhibent

198 3495 368 3534 usum.
407 3480 632 3533 Vocata
653 3488 832 3532 autem
878 3479 991 3542 ala,
1030 3479 1173 3548 quod
1203 3480 1289 3535 his
1329 3497 1456 3536 aves
1482 3483 1790 3551 complexos

198 3570 337 3623 alant
381 3571 564 3641 pullos
595 3585 659 3624 ac
696 3570 932 3625 foveant.
977 3571 1176 3626 Penna
1202 3588 1232 3625 a
1257 3572 1555 3642 pendendo,
1603 3574 1655 3627 id
1685 3583 1787 3638 est,

195 3662 420 3716 volando
478 3662 680 3716 dicta:
713 3663 859 3716 unde
910 3670 964 3716 et
1019 3663 1277 3733 pendere.
1331 3663 1596 3721 Volucres
1643 3667 1788 3721 enim

194 3762 493 3815 pennarum
549 3747 751 3802 auxilio
787 3757 1090 3812 moventur,
1123 3752 1343 3819 quando
1385 3767 1442 3805 se
1492 3753 1602 3806 aeri
1640 3769 1790 3806 man-

194 3839 337 3892 dant.
372 3836 589 3901 Pluma,
642 3838 796 3906 quasi
826 3838 1052 3908 piluma.
1081 3838 1217 3894 Nam
1260 3842 1398 3896 sicut
1446 3842 1540 3911 pili
1570 3843 1624 3898 in
1655 3857 1789 3911 qua-

193 3929 492 3996 drupedum
541 3943 790 3999 corpore,
847 3929 919 3983 ita
972 3929 1151 3999 pluma
1212 3931 1265 3986 in
1321 3931 1528 3986 avibus.
1593 3933 1786 3985 Avium

192 4031 368 4076 autem
414 4023 642 4076 nomina
671 4020 835 4075 multa
861 4037 890 4075 a
918 4037 1052 4076 sono
1079 4023 1228 4077 VOCIS
1263 4031 1478 4078 constat
1499 4039 1620 4078 esse
1637 4039 1787 4078 com-

191 4113 384 4182 posita,
433 4120 495 4164 ut
531 4127 679 4182 grus,
720 4125 934 4176 corvus,
967 4127 1194 4182 cygnus,
1228 4127 1387 4181 pavo,
1419 4113 1638 4177 milvus,
1666 4113 1785 4167 ulu-

190 4203 257 4270 la,
321 4203 576 4266 cuculus,
626 4203 897 4273 graculus,
959 4212 1015 4258 et
1074 4214 1288 4260 catera.
1343 4206 1592 4261 Varietas
1637 4208 1782 4261 enim

189 4295 331 4348 vocis
378 4309 576 4348 eorum
630 4293 810 4349 docuit
849 4294 1119 4360 homines,
1167 4295 1296 4364 quid
1340 4297 1778 4350 nominarentur.

189 4383 451 4438 Volucres
510 4381 690 4451 angeli
762 4391 906 4444 sunt,
969 4383 1110 4437 sicut
1164 4382 1219 4436 in
1274 4381 1374 4438 Job
1420 4400 1518 4454 pro
1573 4385 1784 4457 origine

186 4475 465 4545 sapientia
493 4473 744 4529 volucres
782 4473 903 4528 coeli
934 4475 1087 4529 nidos
1131 4475 1358 4532 habere.
1386 4477 1645 4533 Volucres
1687 4479 1781 4532 ho-

1893 3293 2156 3346 malarum
2197 3295 2586 3364 cogitationum
2615 3308 2798 3351 meatu
2843 3299 2969 3352 trita
3019 3308 3185 3368 atque
3223 3300 3486 3367 arefacta,

1892 3398 1959 3437 ne
1993 3385 2140 3439 verbi
2169 3400 2353 3441 semen
2399 3389 2652 3457 excipere
2675 3404 2739 3443 ac
2763 3391 3070 3460 germinare
3097 3390 3325 3447 sufﬁciat
3352 3412 3362 3446 :
3401 3402 3486 3446 at-

1891 3489 1995 3542 que
2054 3475 2172 3529 ideo
2209 3478 2472 3547 quidquid
2525 3478 2652 3532 boni
2703 3481 2927 3535 seminis
2970 3482 3165 3536 vicinia
3222 3483 3342 3537 talis
3387 3485 3487 3538 via

1889 3567 2194 3636 contigerit,
2230 3569 2394 3637 perit,
2424 3569 2552 3638 quia
2585 3569 2833 3640 improbo
2860 3574 3112 3641 pessima
3144 3575 3488 3644 cogitationis

1891 3654 2119 3706 transitu
2158 3653 2534 3709 conculcatum
2563 3671 2592 3709 a
2623 3658 2960 3714 damonibus
2989 3662 3213 3730 rapitur.
3244 3663 3344 3728 Qui
3397 3678 3486 3717 re-

1889 3751 1976 3797 cte
2012 3742 2258 3797 volucres
2287 3743 2430 3807 cali,
2490 3745 2603 3798 sive
2643 3749 2787 3814 quod
2830 3750 3067 3803 caelestis
3115 3751 3486 3822 spiritalisque

1888 3837 2014 3883 sunt
2059 3840 2298 3895 natura,
2349 3833 2463 3886 sive
2511 3835 2652 3901 quod
2686 3850 2786 3904 per
2836 3851 2963 3889 aera
3006 3836 3254 3902 volitant,
3301 3841 3486 3910 appel-

1887 3919 2088 3974 lantur.
2117 3921 2228 3975 Ala
2253 3924 2450 3993 quippe
2480 3925 2533 3978 in
2559 3925 2858 3995 Scripturis
2878 3927 3186 3997 significant
3213 3931 3318 3986 duo
3348 3947 3484 4002 pra-

1887 4020 2040 4081 cepta
2088 4013 2395 4081 charitatis,
2443 4018 2640 4086 quibus
2688 4021 2755 4073 ad
2809 4021 3030 4074 caleste
3076 4037 3302 4090 regnum
3357 4041 3486 4080 con-

1887 4103 2183 4167 scenditur,
2222 4106 2338 4160 sive
2367 4107 2473 4161 duo
2505 4116 2850 4172 testamenta,
2887 4110 3028 4164 sicut
3053 4111 3106 4164 in
3139 4112 3348 4168 duabus
3383 4115 3486 4170 alis

1885 4192 2178 4259 Cherubin,
2225 4203 2281 4248 et
2325 4197 2377 4249 in
2427 4197 2711 4251 Ezechiele
2747 4199 3084 4266 animalium,
3120 4218 3240 4272 qua
3275 4204 3484 4261 duabus

1886 4283 1985 4338 alis
2031 4284 2284 4339 volabant
2321 4301 2518 4355 corpus
2585 4303 2764 4351 suum,
2815 4291 3141 4344 ostenditur.
3189 4293 3302 4347 Ala
3364 4311 3480 4361 sex,

1883 4374 2194 4443 pradicatio
2223 4375 2403 4429 divina
2432 4391 2530 4445 per
2554 4386 2847 4447 utrumque
2869 4387 3256 4436 testamentum
3293 4384 3346 4437 in
3378 4385 3483 4441 hoc

1884 4465 2108 4529 mundo,
2166 4466 2257 4535 qui
2290 4467 2344 4519 in
2392 4481 2484 4520 sex
2535 4466 2724 4520 diebus
2761 4466 2938 4523 factus
2979 4477 3080 4532 est,
3132 4475 3477 4528 annuntiata.

185 4569 357 4623 mines
399 4567 648 4637 superbi.
701 4565 757 4621 In
803 4566 1099 4636 psalterio:
1135 4564 1264 4621 Oves
1303 4578 1352 4621 et
1395 4569 1541 4624 boves
1582 4573 1786 4624 univer-
1812 4554 1864 4613 D
1890 4556 1946 4611 In
1978 4557 2114 4611 Isaia
2148 4557 2296 4612 :Sea:
2342 4559 2444 4614 ala:
2491 4561 2606 4624 uni,
2642 4569 2689 4613 et
2718 4577 2811 4614 sex
2836 4561 2937 4615 alte
2987 4562 3140 4618 alteri
3190 4565 3324 4635 (Isa.
3382 4569 3478 4639 Vt).

183 4676 288 4724 sas,
333 4660 559 4728 insuper
595 4668 643 4712 et
683 4674 868 4728 pecora
906 4659 1115 4728 campi;
1171 4658 1403 4712 volucres
1428 4660 1562 4726 caeli,
1616 4671 1665 4716 et
1703 4663 1784 4731 pi-

182 4764 288 4804 sces
324 4749 496 4802 maris
543 4746 717 4818 (Psal.
745 4746 887 4818 vin).
915 4747 1186 4813 Volatilia,
1243 4749 1496 4818 apostoli,
1548 4749 1630 4806 vel
1666 4766 1782 4806 om-

184 4849 276 4891 nes
326 4834 531 4891 sancti.
560 4832 620 4887 In
645 4831 934 4902 Evangelio
963 4850 975 4884 :
1013 4831 1175 4885 Tauri
1202 4835 1304 4888 mei
1345 4844 1392 4888 et
1435 4835 1667 4890 volatilia
1696 4853 1781 4890 oc-

185 4926 292 4978 cisa
337 4934 462 4978 sunt
505 4921 728 4994 (Matth.
775 4919 933 4989 χχιι),
983 4920 1035 4974 id
1086 4929 1188 4986 est,
1219 4931 1405 4990 patres
1430 4923 1562 4979 Novi
1593 4933 1647 4978 et
1670 4925 1777 4978 Ve-

187 5018 312 5072 teris
361 5013 722 5070 Testamenti.
753 5011 996 5075 Volatus,
1037 5021 1347 5067 sanctorum
1377 5015 1444 5069 ad
1491 5016 1774 5070 Dominum

188 5103 353 5159 Deum
383 5117 676 5166 ascensus,
691 5100 775 5155 vel
793 5100 846 5154 in
872 5098 1170 5170 Scripturis
1191 5101 1519 5158 intellectus.
1547 5106 1602 5158 ln
1627 5105 1775 5175 psal-

191 5199 322 5253 terio
353 5217 367 5252 :
409 5195 616 5251 Volabo
645 5203 692 5248 et
731 5195 1046 5265 requiescam
1078 5191 1251 5264 (Psal.
1301 5197 1454 5267 xvii).
1487 5198 1632 5253 Aves
1676 5215 1774 5253 au-

191 5297 299 5342 tem
344 5289 461 5342 sive
503 5285 753 5340 volucres
781 5284 1024 5340 diversas
1066 5283 1495 5354 signiﬁcationes
1555 5289 1772 5344 habent.

189 5377 496 5449 Aliquando
548 5377 694 5432 enim
732 5377 1039 5448 significant
1073 5376 1326 5449 Angelos,
1384 5388 1442 5434 ut
1463 5389 1550 5434 est
1603 5380 1770 5435 illud:

191 5473 318 5526 Aves
338 5469 458 5525 caeli
481 5469 797 5523 annuntiant
831 5487 1001 5525 vocem
1031 5473 1143 5544 ejus
1180 5473 1348 5544 (Eccl.
1369 5472 1454 5542 x);
1493 5472 1780 5541 aliquando

193 5572 410 5621 sanctos
466 5561 737 5626 homines,
772 5572 832 5617 ut
862 5573 944 5617 est
986 5564 1114 5620 illud
1152 5566 1216 5619 de
1253 5579 1424 5634 grano
1460 5563 1667 5633 sinapis
1705 5573 1781 5619 te-

194 5657 534 5720 stimonium,
563 5655 704 5724 quod
733 5655 1004 5708 minimum
1029 5667 1104 5710 est
1125 5657 1332 5727 quidem
1364 5655 1602 5709 omnibus
1624 5657 1781 5709 semi-

199 5747 389 5802 nibus:
425 5763 551 5802 cum
590 5755 765 5801 autem
808 5748 1066 5813 creverit,
1116 5747 1288 5817 majus
1330 5747 1569 5802 omnibus
1625 5746 1782 5801 oleri-

1886 4649 1998 4703 Ala
2048 4651 2321 4719 superbia,
2381 4651 2521 4704 sicut
2552 4651 2605 4703 in
2641 4647 2742 4704 Job
2781 4667 2880 4720 pro
2921 4653 3179 4709 baretico
3235 4657 3476 4714 dicitur:

1888 4737 2020 4792 Cum
2071 4749 2271 4808 tempus
2311 4738 2598 4804 advenerit,
2661 4740 2717 4792 in
2762 4740 2927 4794 altum
2971 4743 3085 4798 alas
3128 4747 3280 4816 erigit
3327 4747 3473 4818 (Job.

1885 4831 2094 4901 χχχιχ).
2121 4831 2318 4884 Penna
2343 4845 2558 4899 quoque
2587 4831 2901 4901 signiﬁcant
2928 4832 3241 4904 Scripturas
3265 4853 3472 4904 sacras,

1886 4931 1944 4976 ut
1969 4931 2051 4977 est
2074 4923 2200 4976 illud
2227 4923 2281 4976 in
2309 4923 2522 4978 Psalmo
2557 4943 2569 4978 :
2602 4921 2801 4979 Penno:
2846 4927 3099 4981 columba
3123 4929 3482 5000 deargentata:

1888 5011 2058 5084 (Psal.
2107 5013 2296 5082 1.xvn).
2354 5012 2574 5079 Penna,
2629 5015 2824 5070 anima
2875 5024 3188 5072 sanctorum
3218 5027 3366 5085 sunt,
3394 5022 3480 5076 vel

1887 5103 2112 5157 virtutes
2133 5117 2341 5156 eorum.
2375 5103 2433 5158 In
2457 5102 2678 5160 Psalmo
2711 5105 2824 5159 :Et
2847 5106 3034 5160 volavit
3081 5125 3238 5177 super
3277 5127 3478 5179 pennas

1887 5203 2153 5246 ventorum
2210 5191 2383 5265 (Psal.
2439 5195 2595 5266 xvu).
2630 5195 2698 5248 Et
2743 5195 2869 5250 alibi
2905 5215 2916 5250 :
2948 5196 3009 5252 Si
3037 5213 3307 5268 sumpsero
3353 5200 3481 5268 pen-

1887 5299 1982 5336 nas
2031 5292 2148 5336 ante
2188 5282 2354 5338 lucem
2386 5282 2559 5356 (Psal.
2611 5287 2894 5358 cxxxvtn).
2943 5286 3113 5343 Nidus
3137 5303 3266 5358 ergo
3293 5289 3480 5346 Eccle-

1888 5375 2022 5429 siam
2063 5382 2156 5428 aut
2195 5377 2438 5445 requiem
2469 5388 2783 5433 sanctorum
2835 5379 3103 5451 signiﬁcat
3140 5380 3195 5433 in
3233 5381 3477 5450 excelso,

1885 5475 1944 5520 ut
1970 5477 2052 5520 est
2078 5465 2206 5521 illud
2233 5469 2287 5522 in
2329 5468 2546 5525 Psalmo
2583 5488 2595 5522 ε
2633 5468 2829 5524 Passer
2856 5472 3049 5525 invenit
3082 5469 3184 5523 sibi
3235 5471 3474 5538 domum,

1883 5567 1930 5610 et
1973 5565 2146 5610 turtur
2213 5559 2417 5625 nidum,
2471 5560 2559 5613 ubi
2627 5569 2842 5630 reponat
2911 5560 3081 5630 pullos
3127 5578 3252 5615 suos
3298 5561 3473 5630 (Psal.

1885 5649 2135 5715 Lxxxtn),
2164 5651 2267 5705 hoc
2286 5661 2388 5717 est,
2416 5652 2556 5707 filios
2597 5667 2745 5707 suos.
2771 5651 2946 5706 Aliter
2977 5653 3134 5707 nidus
3171 5655 3312 5708 bona
3349 5669 3480 5712 con-

1885 5743 2131 5808 scientia,
2182 5743 2238 5798 in
2281 5760 2390 5815 qua
2445 5746 2709 5802 bonarum
2752 5745 3141 5815 cogitationum
3195 5743 3342 5802 fetus
3390 5747 3478 5803 fo-
