3930 6338
406 368 518 429 εδδ

1054 358 1135 421 B.’
1156 324 1413 416 RABANI
1450 356 1673 415 mum
1710 354 2031 415 ARCHIEP.
2072 353 2382 414 uocum.
2420 348 2710 411 opsnuu
2746 348 2927 407 rans
2962 349 3027 407 ιι.

3582 353 3690 411 ω

408 491 606 544 ventur
643 490 806 555 atque
832 480 888 538 in
913 492 1077 551 opera
1099 478 1408 550 pariuntur,
1466 483 1527 530 ut
1550 483 1739 546 postea
1770 473 1865 528 ﬁlii
1894 488 1980 543 ap-
2021 475 2075 536 Α
2100 471 2149 527 la
2172 468 2449 542 Dominus
2476 468 2532 523 in
2560 466 2979 523 Deuteronomio
3008 484 3022 522 :
3054 464 3205 523 Sicut
3247 468 3429 541 aquila
3473 472 3694 543 protegit

406 576 679 651 pellantur
704 593 717 629 :
742 582 804 629 ut
824 580 910 628 est
934 572 987 625 in
1014 568 1280 626 Psalterio
1310 582 1325 621 :
1350 564 1481 620 Filii
1508 567 1585 619 tui
1605 567 1743 621 sicut
1780 563 1993 620 novellae

410 668 669 725 olivarum
701 665 757 719 in
782 665 1007 729 circuitu
1046 676 1238 715 mensa:
1275 667 1382 713 tua:
1423 656 1595 731 (Psal.
1644 654 1869 727 cxxvn).
1895 653 2002 710 Ali-

410 748 629 830 quando
673 772 803 813 vero
822 755 954 826 pulli
990 754 1047 808 in
1073 753 1271 807 malam
1293 758 1503 823 partem
1530 750 1876 820 accipiuntur
1900 765 1912 802 :
1940 740 2023 805 ut

410 849 669 906 est‘illud
711 849 766 904 in
822 847 1111 901 Salomone
1140 863 1154 900 :
1182 844 1251 898 Et
1288 843 1421 914 pulli
1480 842 1779 915 aquilarum
1842 840 2000 895 devo-

410 951 527 997 rent
572 959 690 996 eum
740 939 923 1012 (Prov.
982 939 1133 1011 ιιι).
1185 937 1358 993 Ovum
1387 936 1470 1007 (ut
1524 936 1747 1006 quidam
1789 932 1998 1004 volunt)

410 1051 561 1106 spem
630 1034 917 1105 signiﬁcat.
968 1030 1123 1088 Unde
1165 1030 1361 1101 legitur
1421 1028 1477 1083 in
1533 1025 2001 1094 EvangeliozAut

408 1129 527 1198 quis
576 1144 640 1182 ea:
684 1126 826 1181 vobis
866 1126 912 1179 si
941 1125 1143 1195 petierit
1166 1134 1560 1194 patremovum,
1593 1120 1830 1191 nunquid
1876 1135 2000 1189 por-

408 1222 541 1292 riget
578 1221 625 1274 ei
648 1218 975 1287 scorpionem
998 1218 1023 1270 .9
1053 1215 1203 1287 (Luc.
1230 1214 1331 1287 ιι.)
1355 1213 1486 1278 Ova,
1521 1214 1901 1268 haereticorum
1924 1210 2003 1265 di-

411 1313 647 1383 scipuli.-
678 1313 737 1366 In
764 1310 866 1365 Job
898 1330 911 1364 :
944 1308 1216 1379 Relinquet
1276 1325 1373 1362 ova
1417 1324 1515 1361 sua
1560 1306 1616 1359 in
1672 1316 1812 1358 terra
1857 1301 1998 1374 (Job.

409 1403 623 1476 ιιιιι).
651 1402 784 1457 Item
819 1417 919 1457 ova
949 1398 1265 1469 praedicatio
1290 1396 1692 1452 haereticorum.
1724 1394 1780 1448 ln
1818 1392 1953 1447 Isaia
1986 1410 1998 1445 :

414 1497 521 1564 Qui
576 1495 854 1551 comederit
894 1494 958 1546 de
1007 1494 1114 1546 ovis
1153 1508 1358 1556 eorum,
1403 1490 1657 1542 morietur
1686 1487 1841 1555 (Isai.
1866 1484 2001 1556 ιιι).

410 1588 573 1655 Pulli,
622 1587 813 1643 sancti.
864 1586 922 1640 In
966 1584 1183 1639 Psalmo
1218 1602 1230 1636 :
1268 1582 1335 1636 Et
1388 1589 1564 1634 turtur
1617 1580 1821 1643 nidum,
1894 1587 2000 1631 etc.

412 1678 587 1751 (Psal.
631 1675 885 1748 Lxxxm).
911 1675 979 1729 Et
1018 1673 1186 1727 alibi:
1223 1672 1293 1725 Et
1338 1669 1497 1740 pullis
1539 1684 1812 1723 corvorum
1861 1668 2006 1721 invo-

412 1768 652 1821 cantibus
678 1784 798 1821 eum
835 1764 1012 1837 (Psal.
1041 1761 1243 1831 CXLVI),
1279 1761 1334 1815 id
1359 1767 1443 1815 est
1492 1758 1677 1813 ﬁdeles
1719 1759 1785 1812 de
1810 1756 2000 1811 inﬁde-

2103 564 2285 619 m'dum
2313 578 2469 616 suum
2495 563 2716 632 suscepit
2741 577 2827 615 eos
2855 560 3034 633 (Deut.
3065 560 3261 635 xxxn).
3289 561 3508 632 Aquila,
3550 562 3693 619 divi-

2102 660 2244 714 nitas
2287 656 2411 712 Filii
2445 656 2562 711 Dei.
2613 655 2672 710 In
2715 654 3005 710 Salomone
3052 671 3066 709 :
3116 652 3244 708 Tria
3282 665 3403 710 sunt
3458 655 3695 728 diﬁcilia

2101 756 2247 818 mihi,
2279 758 2348 808 'et
2384 762 2628 823 quartum
2665 752 2870 823 penitus
2912 752 3120 821 ignoro,
3167 758 3273 806 etc.
3312 751 3496 824 (Prov.
3537 754 3693 824 ιιι).

2101 846 2295 916 Aquila
2325 845 2499 900 sancti
2534 844 2591 898 in
2629 843 2731 898 Job
2760 858 2773 896 :
2806 842 3062 912 Nunquid
3102 842 3172 895 ad
3196 854 3512 912 prceceptum
3542 852 3693 898 tuum

2102 938 2385 993 elevabitur
2402 935 2599 1007 aquila,
2632 944 2678 988 et
2708 935 2763 989 in
2789 933 2970 987 arduis
3000 942 3152 1003 ponet
3171 933 3353 987 nidum
3378 935 3517 988 sibi?
3547 934 3689 1005 (Job.

2101 1028 2315 1100 xxxlx.)
2366 1028 2433 1083 Et
2477 1028 2533 1082 in
2581 1026 2872 1097 Evangelio
2903 1027 3101 1095 legitur
3135 1043 3148 1080 :
3182 1025 3487 1099 Ubicunque
3535 1027 3695 1097 fuerit

2102 1140 2309 1194 corpus,
2338 1121 2465 1177 illuc
2496 1119 2947 1189 congregabantur
2974 1128 3022 1172 et
3055 1118 3247 1189 aquila:
3277 1118 3493 1190 (Matth.
3520 1120 3690 1193 xxrv).

2102 1215 2298 1286 Aquila
2339 1212 2581 1269 diabolus
2609 1211 2693 1265 vel
2736 1210 3121 1265 Antichristus.
3170 1210 3226 1264 In
3266 1209 3519 1265 Ezechiel
3563 1230 3576 1263 :
3625 1208 3694 1263 Et

2104 1324 2219 1362 ecce
2251 1307 2430 1377 aquila
2460 1323 2567 1360 una
2596 1306 2811 1377 grandis
2840 1304 3055 1377 (Ezech.
3102 1305 3258 1377 xvn).
3299 1306 3515 1375 Aquila,
3563 1320 3694 1375 gens

2106 1398 2288 1467 impia,
2304 1396 2388 1451 vel
2410 1396 2602 1451 civitas
2630 1397 2683 1450 in
2705 1384 2934 1449 aliorum
2954 1394 3354 1466 deprzedatione
3376 1397 3690 1461 decurrens.

2104 1487 2170 1542 Et
2209 1504 2307 1558 per
2333 1487 2612 1544 Micharam
2642 1496 2835 1544 contra
2870 1487 3174 1543 Samariam
3204 1489 3400 1544 dicitur
3443 1507 3457 1542 :
3490 1487 3690 1553 Dilata,

2105 1582 2240 1636 sicut
2272 1580 2470 1651 aquila,
2503 1581 2770 1635 calvitium
2802 1590 2950 1635 tuum
2983 1579 3168 1652 (Mich.
3201 1581 3263 1651 ι).
3296 1581 3491 1637 Vultur
3531 1595 3563 1634 a
3604 1593 3695 1633 vo—

2107 1671 2218 1726 latu
2256 1671 2413 1725 tardo
2443 1673 2751 1726 nominatus
2799 1680 3039 1742 putatur.
3087 1672 3457 1744 Magnitudine
3498 1672 3695 1742 quippe

2108 1774 2373 1835 prtcpetes
2400 1764 2611 1818 volatus
2634 1779 2743 1819 non
2766 1764 2948 1818 habet.
2982 1763 3186 1818 Harum
3215 1764 3478 1833 quasdam
3508 1763 3693 1819 dicunt

410 1858 558 1913 libus
604 1857 872 1928 gentibus.
908 1854 1044 1909 Pulli
1088 1852 1305 1922 aquilae,
1334 1850 1520 1907 ﬁdeles
1546 1850 1599 1904 in
1642 1849 1904 1914 Ecclesia,
1948 1855 2008 1902 ut
2034 1842 2083 1905 Β
2111 1857 2398 1912 concubitu
2427 1872 2535 1911 non
2570 1857 2807 1921 misceri,
2856 1865 2912 1911 et
2945 1857 3063 1912 sine
3093 1856 3279 1927 copula
3325 1858 3610 1929 concipere
3644 1863 3696 1911 et

414 1952 469 2006 in
506 1949 606 2005 Job
641 1968 654 2003 :
687 1948 831 2001 Pulli
877 1949 992 2017 ejus
1023 1945 1333 2016 sanguinem
1380 1944 1573 2012 litigent
1623 1942 1765 2013 (Job.
1794 1940 2006 2013 ιιιιχ),

414 2043 471 2097 id
521 2050 623 2105 est,
671 2028 1337 2108 sacramentapassionis
1400 2034 1635 2089 Domini.
1687 2033 1885 2103 Aquila
1941 2032 2010 2088 ab

415 2134 665 2189 acumine
709 2133 991 2188 oculorum
1047 2137 1259 2184 vocata.
1322 2127 1480 2181 Tanti
1542 2126 1688 2180 enim
1736 2124 2010 2179 contuitus

416 2240 539 2281 esse
573 2224 793 2289 dicitur,
825 2230 887 2276 ut
928 2237 1052 2277 cum
1104 2234 1270 2290 super
1304 2216 1478 2273 maria
1518 2215 1783 2270 immobili
1832 2226 2008 2283 penna

415 2318 645 2385 feratur,
677 2332 779 2375 nec
818 2316 1070 2372 humanis
1100 2323 1286 2385 pateat
1337 2312 1635 2377 obtutibus,
1664 2310 1730 2366 de
1753 2317 1901 2364 tanta
1921 2324 2011 2363 su-

414 2410 681 2467 blimitate
709 2407 1000 2479 pisciculos
1026 2415 1217 2461 natare
1235 2402 1434 2468 videat,
1458 2417 1520 2456 ac
1545 2401 1799 2456 tormenti
1842 2400 2011 2453 instar

417 2499 755 2557 descendens
785 2507 995 2568 raptam
1030 2497 1265 2567 praedam
1294 2494 1489 2566 pennis
1534 2494 1600 2548 ad
1628 2492 1779 2547 littus
1801 2499 2010 2562 pertra-

416 2594 532 2648 hat.
572 2591 709 2646 Nam
761 2601 817 2646 et
846 2599 1037 2645 contra
1081 2590 1295 2643 radium
1352 2587 1481 2643 solis
1534 2586 1710 2640 fertur
1759 2584 2011 2639 obtutum

415 2699 525 2740 non
554 2683 792 2738 ﬂectere.
827 2665 979 2737 Utide
1014 2686 1069 2734 et
1110 2679 1287 2750 pullos
1339 2693 1466 2733 suos
1499 2692 1678 2747 ungue
1720 2689 2011 2745 suspensos

414 2775 587 2831 radiis
607 2774 751 2838 solis
772 2771 992 2841 objicit:
1016 2779 1071 2826 et
1091 2786 1228 2843 quos
1253 2770 1451 2825 viderit
1473 2768 1805 2825 immobilem
1824 2777 2011 2822 tenere

420 2867 615 2931 aciem,
670 2874 733 2919 ut
762 2866 958 2936 dignos
995 2878 1211 2934 genere,
1275 2868 1603 2917 conservat:
1634 2861 1680 2916 si
1718 2874 1856 2931 quos
1880 2872 2010 2913 vero

418 2958 694 3015 inlleetere
719 2958 968 3013 obtutum
996 2956 1154 3026 quasi
1183 2954 1481 3025 degeneres
1509 2950 1713 3021 abiicit.
1760 2950 1820 3004 In
1864 2948 2013 3004 Scri-

418 3062 577 3124 ptura
603 3066 758 3107 sacra
821 3048 1084 3105 vocabulo
1122 3047 1317 3119 aquila:
1338 3045 1627 3115 aliquando
1649 3044 1869 3113 maligni
1897 3042 2009 3112 spi-

418 3148 560 3201 ritus
624 3156 872 3214 raptores
902 3142 1234 3206 animarum,
1284 3138 1572 3208 aliquando
1604 3136 1887 3208 praesentis
1917 3150 2013 3191 sm-

2114 1962 2395 2017 generare,
2447 1957 2713 2017 natosque
2763 1961 2951 2001 earum
2998 1962 3135 2017 pene
3163 1962 3334 2017 usque
3364 1946 3431 2002 ad
3480 1954 3695 2002 centum

2114 2054 2285 2095 annos
2315 2038 2625 2109 procedere.
2676 2038 2931 2094 Vultures
2961 2047 3143 2094 autem
3201 2039 3342 2094 sicut
3368 2046 3423 2094 et
3465 2037 3656 2107 aquilae
3679 2077 3695 2103 ,

2114 2132 2280 2185 etiam
2310 2131 2450 2185 ultra
2498 2131 2672 2185 maria
2705 2130 2968 2185 cadavera
3012 2130 3251 2185 sentiunt
3298 2129 3462 2184 altius
3502 2130 3698 2199 quippe

2112 2221 2377 2287 volantes,
2412 2221 2581 2275 multa
2610 2236 2730 2290 quae
2758 2221 3019 2276 montium
3063 2221 3393 2277 obscuritate
3427 2220 3695 2286 celantur,

2110 2329 2178 2369 ex
2213 2312 2321 2368 alto
2359 2312 2464 2368 illae
2510 2313 2868 2381 conspiciunt.
2916 2310 3083 2367 Recte
3128 2327 3257 2383 ergo
3300 2312 3563 2369 Mediator
3604 2310 3698 2368 Dei

2112 2412 2169 2461 et
2217 2406 2516 2471 hominum,
2563 2405 2894 2475 Redemptor
2935 2413 3141 2472 noster,
3192 2406 3422 2462 vulturis
3457 2404 3696 2477 appella-

2116 2498 2262 2552 tione
2290 2497 2557 2567 signatur,
2588 2496 2679 2565 qui
2715 2512 2942 2551 manens
2991 2496 3046 2551 in
3088 2496 3373 2552 altitudine
3400 2494 3701 2551 divinitatis

2114 2608 2225 2647 sua:
2254 2591 2407 2660 quasi
2452 2606 2481 2645 a
2514 2591 2747 2660 quodam
2790 2590 2972 2645 volatu
3019 2591 3237 2645 sublimi
3276 2591 3511 2646 cadaver
3557 2604 3701 2644 mor-

2114 2683 2341 2737 talitatis
2369 2690 2568 2737 nostrae
2595 2681 2875 2751 conspexit
2903 2681 2958 2735 in
3007 2681 3227 2747 inﬁmis,
3260 2690 3316 2735 et
3344 2695 3467 2737 sese
3497 2683 3563 2736 de
3591 2693 3700 2735 etn-

2112 2774 2336 2829 lestibus
2366 2774 2433 2828 ad
2481 2773 2587 2827 ima
2634 2771 2902 2828 submisit.
2932 2772 3077 2827 Fieri
3122 2773 3322 2841 quippe
3350 2780 3577 2843 propter
3601 2786 3703 2828 nos

2112 2868 2277 2925 homo
2311 2867 2563 2937 dignatus
2584 2874 2691 2932 est,
2723 2874 2778 2921 et
2805 2866 2933 2920 dum
2974 2872 3247 2920 mortuum
3289 2864 3491 2920 animal
3520 2865 3702 2934 petiit,

2113 2966 2340 3012 mortem
2377 2958 2518 3027 apud
2548 2971 2667 3021 nos,
2699 2956 2791 3025 qui
2820 2956 2962 3026 apud
2990 2970 3050 3012 se
3078 2950 3196 3012 erat
3232 2956 3581 3022 immortalis,
3611 2956 3704 3011 in-

2111 3050 2280 3105 venit.
2327 3047 2431 3104 Sed
2480 3048 2643 3118 bujus
2687 3047 2918 3103 vulturis
2945 3048 3135 3105 oculus
3168 3047 3270 3103 fuit
3309 3048 3423 3118 ipsa
3470 3047 3703 3103 intentio

2111 3151 2314 3199 nostra:
2342 3143 2788 3199 resurrectionis:
2810 3142 2934 3212 quia
2950 3142 3065 3213 ipse
3106 3150 3353 3197 mortuus
3392 3144 3464 3199 ab
3500 3150 3705 3199 :eterna

417 3236 525 3291 culi
575 3242 895 3306 potestates,
961 3232 1251 3305 aliquando
1306 3246 1438 3287 vero
1480 3229 1846 3285 subtilissimae
1888 3243 2011 3283 san-
2037 3228 2082 3292 C
2113 3249 2213 3290 nos
2238 3240 2414 3289 morte
2439 3233 2704 3289 liberavit.
2738 3233 2829 3288 ille
2854 3248 2986 3304 ergo
3006 3232 3244 3303 perﬁdus
3271 3232 3577 3290 Iudaeorum
3605 3248 3704 3304 po-

422 3337 638 3383 ctorum
668 3325 1060 3397 intelligentia),
1103 3324 1190 3379 vel
1248 3322 1562 3405 incarnatus
1597 3321 1858 3377 Dominus
1902 3320 2009 3373 ima

419 3419 671 3475 celeriter
700 3417 1055 3481 transvolans,
1085 3422 1142 3470 et
1167 3429 1295 3469 mox
1335 3428 1546 3469 summa
1591 3419 1846 3483 repetens
1877 3410 2015 3465 desi-

421 3520 637 3585 gnatur.
689 3510 1010 3580 Aquilarum
1047 3508 1268 3563 nomine
1297 3506 1641 3562 insidiatores
1671 3506 1894 3575 spiritus
1918 3518 2012 3559 ex-

419 3606 750 3675 primuntur,
791 3601 1027 3656 Jeremia
1054 3606 1373 3665 attestante,
1420 3598 1513 3667 qui
1540 3597 1616 3651 ait
1655 3615 1667 3651 :
1720 3595 2012 3650 Velociores

424 3697 623 3766 fuerint
664 3702 1016 3763 persecutores
1064 3692 1229 3746 nostri
1268 3688 1462 3760 aquilis
1519 3688 1633 3743 cmli
1665 3686 1881 3757 ('l'hren.
1910 3684 2009 3756 IV).

420 3787 630 3858 Aqtiila:
664 3785 945 3863 (vocabulo
985 3791 1230 3854 potestas
1264 3790 1483 3837 terrena
1514 3780 1797 3851 ﬁguratur.
1861 3778 2013 3833 Unde

420 3898 519 3953 per
540 3879 793 3935 Ezechiel
834 3878 1149 3949 prOpbetam
1168 3876 1364 3931 dicitur
1396 3891 1408 3927 :
1440 3873 1629 3943 Aquila
1658 3873 1874 3943 grandis
1900 3889 2014 3925 ma-

421 3987 648 4043 gnarum
691 3968 920 4033 alarum,
953 3966 1106 4035 longo
1137 3966 1488 4019 membrorum
1520 3953 1875 4031 ductu,plena
1900 3960 2014 4031 plu-

420 4061 521 4114 mis
564 4067 611 4113 et
650 4058 898 4112 varietate
934 4054 1070 4110 venit
1116 4054 1184 4107 ad
1221 4053 1503 4117 Libanum,
1554 4060 1603 4103 et
1648 4050 1768 4103 tulit
1813 4050 2013 4104 medul-

425 4149 532 4203 lam
548 4149 712 4213 cedri,
728 4156 775 4200 et
792 4146 1147 4199 summitatem
1170 4142 1436 4213 frondium
1453 4142 1566 4210 ejus
1590 4140 1773 4194 evulsit
1792 4139 2009 4209 (Ezech.

425 4240 549 4310 vn).
581 4238 788 4308 Aquila:
816 4236 1081 4292 vocabulo
1112 4234 1197 4288 vel
1242 4232 1456 4288 subtilis
1497 4240 1811 4287 sanctorum
1859 4231 2016 4287 intel—

423 4332 669 4403 ligentia,
726 4330 813 4384 vel
846 4329 1058 4383 volatus
1102 4326 1394 4381 Dominicae
1434 4324 1785 4380 Ascensionis
1836 4323 2015 4394 expri-

424 4425 612 4479 mitur.
646 4422 800 4478 Unde
820 4422 962 4476 idem
987 4420 1251 4491 prepheta
1281 4410 1406 4472 cum
1435 4417 1535 4471 sub
1559 4415 1875 4471 animalium
1899 4429 2013 4485 spe-

424 4515 510 4571 cie
578 4512 959 4583 Evangelistas
1030 4517 1263 4578 quatuor
1307 4524 1366 4563 se
1435 4508 1621 4562 videre
1683 4506 2015 4562 describeret

2112 3328 2270 3399 pulus
2299 3327 2580 3387 mortalem
2615 3326 2752 3381 vidit
2781 3345 2793 3380 :
2826 3326 2919 3381 sed
2954 3326 3097 3396 quod
3127 3333 3304 3381 morte
3332 3342 3429 3381 sua
3458 3334 3705 3382 nostram

2114 3428 2343 3475 mortem
2389 3419 2713 3483 destrueret,
2746 3416 2966 3471 minime
2995 3416 3243 3471 attendit.
3292 3415 3559 3471 Semitam
3600 3416 3708 3487 igi-

2112 3520 2205 3567 tur
2232 3510 2656 3581 ignoravit-avis,
2690 3524 2789 3563 nec
2819 3508 3044 3564 intuitus
3084 3516 3171 3563 est
3209 3507 3395 3563 oculos
3422 3508 3656 3563 vulturis
3686 3525 3701 3562 :

2112 3605 2242 3674 quia
2268 3604 2370 3658 etsi
2413 3602 2548 3657 vidit
2592 3615 2741 3667 eum,
2787 3615 2948 3670 quem
2978 3601 3031 3654 in
3081 3609 3260 3655 morte
3300 3601 3490 3667 tenuit,
3521 3600 3708 3655 videve

2115 3695 2308 3761 noluit,
2341 3700 2543 3763 quanta
2576 3693 2699 3747 vitae
2734 3699 2935 3747 nostrae
2960 3691 3131 3763 gloria
3158 3691 3226 3746 de
3253 3690 3371 3760 ejus
3400 3701 3575 3747 morte
3615 3705 3706 3746 se-

2117 3784 2391 3855 queretur.
2428 3782 2580 3840 Unde
2625 3783 2693 3837 ad
2736 3782 3109 3839 crudelitatem
3141 3798 3354 3853 quoque
3398 3784 3707 3853 persecutio

2115 3876 2341 3940 exarsit,
2395 3876 2561 3929 verba
2607 3874 2730 3928 vita
2758 3874 3041 3946 percipere
3090 3874 3270 3928 renuit
3319 3875 3706 3944 praedicatores

2115 3968 2267 4039 regni
2313 3967 2597 4032 cmlorum,
2627 3966 2981 4037 prohibendo,
3030 3966 3318 4033 saeviendo,
3350 3965 3592 4022 feriendo
3620 3981 3709 4022 re-

2114 4060 2269 4130 pulit.
2304 4058 2497 4113 Vultur
2523 4066 2777 4128 peccator
2803 4058 3040 4128 praedam
3066 4057 3139 4113 de
3188 4057 3361 4112 aliena
3401 4066 3577 4114 morte
3617 4072 3709 4113 ra-

2116 4153 2291 4222 piens,
2322 4153 2464 4205 utin
2507 4151 2788 4206 Levitico:
2845 4149 3113 4205 Vulturem
3154 4160 3201 4204 et
3231 4150 3453 4205 similem
3499 4151 3610 4221 ejus
3640 4165 3709 4206 ne

2118 4244 2358 4298 comedas
2392 4242 2575 4313 (Levit.
2626 4242 2726 4314 ιι).
2764 4241 2940 4297 Grues
2970 4244 3035 4297 de
3062 4242 3282 4311 propria
3325 4255 3459 4296 voce
3506 4255 3709 4297 nomen

2118 4340 2484 4404 sumpserunt.
2520 4332 2638 4387 Tali
2693 4331 2836 4386 enim
2875 4338 3162 4386 susurrant
3184 4344 3340 4385 sono.
3385 4328 3483 4384 Ha:
3525 4336 3709 4384 autem

2121 4428 2246 4484 dum
2274 4433 2586 4498 properant,
2618 4440 2780 4480 unam
2810 4434 3110 4495 sequuntur
3139 4424 3327 4479 ordine
3353 4423 3609 4478 litterato.
3626 4422 3710 4495 De

2119 4520 2315 4591 quibus
2360 4519 2614 4574 Lucanus
2658 4536 2673 4572 :
2721 4518 2791 4571 Et
2823 4518 3031 4570 turbata
3081 4513 3213 4585 perit
3239 4514 3489 4586 dispersis
3533 4514 3711 4569 littera

425 4605 644 4677 (Ezech.
679 4603 741 4675 ι),
758 4604 813 4655 in
838 4602 917 4655 eis
939 4600 1041 4655 sibi
1062 4599 1319 4664 hominis,
1345 4597 1537 4662 leonis,
1563 4598 1721 4651 bovis
1738 4604 1795 4651 et
1820 4596 2014 4665 aquilae
2040 4606 2093 4665 ι)
2119 4613 2317 4683 pennis.
2356 4610 2580 4665 Excelsa
2611 4618 2792 4663 autem
2817 4615 3030 4676 petum,
3069 4622 3177 4677 quo
3207 4606 3417 4661 [εοειίιη
3455 4606 3705 4672 videam,

425 4698 623 4753 faciem
664 4696 979 4766 apparuisse
1023 4701 1273 4756 testatur,
1333 4700 1585 4765 quartum
1636 4691 1823 4762 procul
1852 4691 2013 4747 dubio

431 4789 631 4845 animal
667 4788 931 4843 Joannem
978 4798 1075 4856 per
1117 4784 1353 4855 aquilam
1384 4784 1624 4853 signans,
1671 4783 1762 4851 qui
1785 4781 2014 4837 volando

428 4892 635 4936 terram
690 4880 970 4934 deseruit:
1006 4878 1129 4946 quia
1181 4890 1279 4946 per
1323 4873 1571 4929 subtilem
1604 4874 2013 4944 intelligentiam

428 4972 641 5026 interna
696 4969 954 5039 mysteria
1029 4967 1321 5021 verborum
1397 4965 1630 5020 videndo
1685 4964 2006 5035 penetravit.

426 5062 756 5117 Cunctarum
778 5060 975 5129 quippe
1001 5058 1179 5111 avium
1209 5058 1356 5113 visus
1382 5057 1525 5112 acies
1548 5057 1739 5127 aquilae
1766 5065 2009 5126 superat:

429 5156 505 5211 ita
553 5164 615 5210 ut
654 5154 783 5209 solis
829 5154 995 5207 radiis
1020 5152 1155 5207 ﬁxos
1178 5153 1233 5206 in
1262 5152 1407 5206 nulla
1439 5168 1496 5206 se
1521 5153 1638 5222 ejus
1667 5152 1853 5208 oculos
1878 5152 2013 5207 lucis

430 5264 545 5304 suae
585 5248 963 5303 coruscatione
988 5245 1285 5301 verberans
1310 5244 1547 5300 claudat.
1580 5243 1659 5298 Ad
1683 5253 2012 5315 prmceptum

427 5361 559 5418 ergo
590 5346 686 5400 Dei
717 5344 961 5400 elevatur
1021 5343 1223 5413 aquila,
1283 5342 1409 5396 dum
1455 5340 1788 5411 jussionibus
1818 5339 2014 5394 divinis

408 5439 815 5508 obtemperans
844 5438 898 5491 in
926 5436 1176 5506 supernis
1234 5434 1586 5503 suspenditur
1611 5432 1849 5488 ﬁdelium
1904 5432 2014 5485 vita

432 5546 553 5601 qua:
571 5539 625 5584 et
648 5530 700 5583 in
730 5530 914 5583 arduis
941 5529 1125 5582 nidum
1161 5541 1363 5598 ponere
1388 5525 1602 5592 dicitur,
1644 5524 1769 5594 quia
1798 5533 2011 5580 terrena

436 5621 706 5676 desideria
733 5620 1059 5690 despiciens,
1092 5635 1188 5691 spe
1204 5619 1316 5689 jam
1337 5618 1405 5673 de
1426 5616 1737 5673 cmlestibus
1751 5616 2009 5672 nutritur.

432 5710 691 5769 luarduis
709 5713 897 5767 nidum
916 5712 1088 5782 ponit,
1128 5713 1254 5782 quia
1277 5710 1667 5766 habitationem
1688 5710 1886 5765 mentis
1906 5723 2017 5765 suae

432 5797 494 5857 in
504 5799 716 5869 abiecta
726 5812 781 5861 et
792 5803 977 5862 inﬁma
990 5804 1398 5862 conversatione
1411 5817 1515 5859 non
1528 5801 1843 5862 constravit.
1859 5799 2020 5883 Aqui-

2124 4716 2258 4771 quas
2292 4709 2500 4771 petunt,
2529 4706 2725 4753 terras.
2760 4698 3003 4767 Castigat
3030 4703 3210 4750 autem
3239 4709 3391 4760 voce,
3418 4710 3539 4763 quae
3564 4696 3712 4767 cogit

2124 4803 2335 4859 agmen.
2371 4785 2440 4839 At
2468 4786 2559 4839 ubi
2597 4784 2883 4847 raucessit,
2916 4782 3159 4837 succedit
3180 4782 3306 4835 alia.
3338 4779 3506 4835 Nocte
3526 4777 3710 4836 intem

2122 4878 2379 4934 excubias
2408 4876 2677 4942 dividunt,
2712 4882 2766 4930 et
2808 4874 3056 4930 ordinem
3105 4872 3407 4943 vigiliarum
3435 4886 3535 4940 per
3557 4872 3710 4928 vices

2123 4972 2350 5037 faciunt,
2402 4977 2649 5025 tenentes
2698 4967 2909 5038 lapillos
2959 4966 3236 5035 suspensis
3263 4963 3463 5034 digitis,
3512 4963 3712 5031 quibus

2125 5078 2341 5119 somnos
2373 5069 2610 5116 arceant.
2641 5059 2793 5128 Quod
2836 5058 3133 5113 cavendum
3176 5055 3297 5119 erit,
3342 5055 3579 5109 clamore
3619 5052 3709 5107 in-

2124 5156 2321 5211 dieant.
2355 5152 2593 5208 IEtatem
2636 5153 2688 5206 in
2714 5151 2818 5206 illis
2846 5150 2995 5206 color
3018 5149 3198 5220 prodit
3223 5166 3238 5202 :
3270 5163 3397 5202 nam
3427 5152 3712 5201 senectute

2122 5250 2453 5318 nigrescunt.
2499 5246 2673 5303 Grues
2701 5246 2899 5317 quippe
2944 5245 3066 5300 illos
3104 5242 3408 5315 signiﬁcem
3447 5246 3707 5310 possunt,

2123 5340 2213 5410 qui
2246 5341 2299 5394 in
2330 5338 2592 5395 coenobiis
2639 5336 2995 5392 communiter
3024 5336 3286 5398 viventes,
3332 5331 3494 5387 unius
3521 5339 3709 5385 tamen

2123 5433 2341 5487 ductum
2371 5431 2521 5499 sequi
2552 5445 2657 5484 non
2688 5436 2964 5498 spernunt,
2995 5427 3208 5498 vigilias
3231 5431 3508 5489 exercent,
3530 5430 3585 5477 et
3606 5436 3711 5493 pro

2120 5524 2349 5579 invicem
2374 5521 2585 5576 solliciti
2607 5529 2900 5576 nocturnos
2920 5527 3112 5575 cantus
3132 5518 3187 5571 in
3206 5514 3523 5585 psalmodiis
3544 5513 3712 5567 edere

2121 5634 2229 5673 non
2253 5630 2442 5685 segnes
2462 5615 2614 5670 ﬁunt.
2648 5612 2801 5669 Unde
2830 5614 3026 5669 dicitur
3052 5608 3255 5665 :Grues
3278 5625 3385 5662 una
3413 5614 3711 5679 sequuntur

2124 5716 2173 5763 et
2200 5707 2426 5763 litterato
2450 5707 2632 5761 ordine
2653 5704 2849 5759 volant.
2874 5702 3108 5760 Ciconiae
3136 5708 3341 5756 vocatas
3365 5714 3395 5753 a
3420 5712 3576 5764 sono,
3597 5711 3711 5767 quo

2125 5799 2413 5881 crepitant,
2462 5800 2617 5880 quasi
2664 5798 2905 5873 cicaniae,
2948 5812 3107 5873 quem
3155 5808 3349 5857 sonum
3376 5792 3492 5854 uris
3530 5789 3716 5869 potius
