3930 6370
261 308 371 367 “5

1227 312 1317 369 DE
1357 310 1703 371 UNIVERSO
1738 312 1921 371 LIBRI
1959 311 2123 370 XXII.
2155 342 2227 357 —-
2261 312 2390 371 LIB.
2430 314 2564 373 VIII.

3418 321 3528 376 246

254 440 376 482 esse
400 437 569 496 quam
596 424 769 492 vocis,
795 424 919 496 quia
949 436 1072 481 eum
1102 424 1377 495 quatiente
1413 435 1589 483 ros'ro
1616 426 1836 482 faciunt.
1866 433 1921 493 Α
1942 442 2050 483 non
2078 426 2309 483 evolant.
2354 424 2507 482 Unde
2554 428 2609 483 in
2656 427 2793 484 Isaia
2842 429 3039 501 legitur
3066 446 3078 485 :
3122 430 3191 485 Et
3232 433 3332 487 erit
3362 438 3531 494 cubile

258 515 351 572 [Ire
376 518 523 573 veris
562 517 769 572 nuntia:
796 518 1066 573 societatis
1104 517 1349 583 comites,
1381 520 1712 590 serpentium
1744 521 1841 575 ho-

256 613 368 663 stes
412 606 591 661 maria
636 608 989 673 transvolant,
1042 607 1096 661 in
1126 608 1310 663 Asiam
1364 610 1588 665 collecto
1629 611 1843 680 agmine

254 704 509 766 pergunt.
533 694 794 753 Cornices
820 699 983 754 duces
1007 712 1099 752 eas
1119 700 1449 767 praecedunt,
1476 709 1534 756 et
1556 701 1671 770 ipse
1690 702 1841 771 quasi

253 788 528 846 exercitus
563 791 927 860 prosequitur.
958 789 1166 844 Eximia
1185 790 1291 845 illis
1314 792 1457 847 circa
1485 790 1627 846 ﬁlios
1646 792 1839 861 pietas.

253 881 386 937 Nam
428 883 565 937 adeo
612 892 768 937 natos
796 881 1089 951 impensius
1120 882 1322 946 fovent,
1354 893 1412 937 ut
1442 883 1661 938 assiduo
1688 884 1843 939 incu-

251 972 364 1027 bitu
399 972 614 1042 plumas
649 980 865 1027 exuant.
893 972 1162 1039 Quantum
1193 982 1374 1029 autem
1405 983 1616 1045 tempus
1645 974 1843 1045 impen-

256 1062 432 1116 derint
464 1063 518 1115 in
551 1061 749 1117 fetibus
799 1064 1108 1128 educandis,
1144 1071 1351 1135 tantum
1377 1071 1430 1119 et
1459 1065 1589 1133 ipsae
1607 1066 1843 1120 invicem

253 1168 279 1207 a
304 1154 465 1223 pullis
489 1156 605 1208 suis
633 1154 864 1209 aluntur.
888 1154 1107 1211 Ciconia
1136 1156 1297 1225 igitur
1316 1157 1569 1224 providos
1596 1157 1843 1213 homines

251 1245 525 1315 signiﬁcat
549 1254 607 1300 et
632 1256 819 1303 cautos
849 1263 1035 1303 servos
1066 1248 1163 1301 Dei
1194 1250 1248 1301 in
1280 1250 1693 1304 conversatione
1722 1265 1837 1314 sua,

252 1334 338 1403 qui
390 1346 795 1404 persequuntur
838 1345 1137 1406 serpentes,
1166 1345 1219 1391 et
1249 1353 1457 1393 venena
1511 1355 1697 1394 eorum
1744 1355 1843 1407 pro

251 1424 413 1477 nihilo
446 1425 656 1479 ducunt
684 1446 697 1480 :
730 1427 853 1496 quia
885 1428 1147 1496 malignos
1179 1429 1401 1497 spiritus
1438 1445 1561 1485 cum
1604 1446 1840 1486 veneno-

251 1513 321 1568 sis
345 1517 784 1585 suggestionibus
817 1517 929 1570 suis
959 1516 1382 1573 insectantes'ad
1433 1520 1661 1575 nihilum
1697 1522 1841 1576 redi-

251 1615 397 1675 gunt.
433 1606 511 1659 De
540 1606 738 1674 quibus
765 1615 820 1661 et
853 1605 1117 1663 Jeremias
1145 1609 1221 1662 ait
1248 1627 1261 1661 :
1287 1608 1484 1663 Turtur
1525 1622 1573 1665 et
1618 1611 1841 1665 hirundo

250 1701 295 1747 et
320 1693 525 1747 ciconia
555 1706 902 1764 cognoverunt
930 1705 1128 1768 tempus
1152 1698 1401 1753 adventus
1433 1701 1515 1753 sui
1538 1700 1671 1772 (Jcr.
1700 1703 1839 1776 vni),

1943 519 2253 583 draconum,
2274 526 2323 570 et
2347 532 2546 586 pascua
2564 520 2919 574 struthionum
2947 519 3082 592 (Isa.
3117 520 3329 594 xxxrv).
3350 524 3530 583 Ardea

1941 617 2154 673 vocata,
2182 607 2337 679 quasi
2366 608 2569 675 ardua,
2624 609 2678 664 id
2724 618 2827 677 est,
2874 619 3095 680 propter
3130 611 3267 667 altos
3296 614 3526 670 volatus.

1950 699 2205 754 Lucanus
2228 712 2242 751 :
2265 698 2505 767 quodque
2533 716 2666 754 ausu
2694 700 2870 755 volare
2890 702 3083 766 ardea;
3113 701 3368 760 formidat
3386 707 3532 761 enim

1944 789 2167 854 imbres,
2198 795 2253 843 et
2283 803 2445 858 super
2473 790 2644 845 nubes
2672 790 2875 856 evolat,
2905 798 2965 845 ut
2995 792 3263 862 procellas
3307 795 3531 851 nubium

1942 883 2148 937 sentire
2176 897 2285 937 non
2316 882 2486 950 possit
2513 896 2529 935 :
2571 896 2695 936 eum
2724 891 2905 937 autem
2944 882 3106 938 altius
3129 883 3414 947 volaverit,
3458 884 3530 937 si-

1943 974 2165 1044 gnificat
2210 980 2607 1042 tempestatem.
2652 972 2803 1027 Hanc
2848 974 2997 1029 multi
3030 974 3314 1029 Tantalum
3355 976 3531 1029 nomio

1941 1076 2094 1120 nant.
2121 1065 2263 1120 Haec
2293 1066 2409 1121 avis
2435 1072 2619 1135 potest
2642 1063 2949 1134 signiﬁcare
2980 1067 3187 1120 animas
3214 1066 3530 1131 electorum,

1943 1172 2061 1232 qum
2108 1156 2462 1211 formidantes
2491 1157 2953 1225 perturbationem
3000 1154 3162 1224 hujus
3208 1157 3422 1220 saeculi,
3464 1171 3533 1210 ne

1943 1246 2083 1301 forte
2133 1248 2381 1317 procellis
2425 1248 2895 1318 persecutionum,
2947 1247 3240 1318 instigante
3296 1245 3534 1310 diabolo,

1944 1337 2316 1403 involvantur,
2355 1338 2711 1393 intentionem
2734 1354 2886 1393 suam
2920 1353 3082 1407 super
3114 1338 3295 1392 omnia
3326 1346 3534 1407 tempo-

1944 1428 2153 1498 poralia
2185 1428 2250 1481 ad
2279 1430 2631 1483 serenitatem
2657 1429 2847 1499 patriae
2875 1427 3138 1493 caelestis,
3190 1426 3281 1480 ubi
3316 1426 3535 1481 assidue

1944 1522 2039 1576 Dei
2061 1519 2241 1575 vultus
2271 1522 2629 1591 conspicitur,
2658 1533 2868 1576 mentes
2898 1536 3023 1578 suas
3038 1520 3271 1575 elevant.
3304 1518 3535 1575 Phoenix

1943 1614 2154 1669 Arabia:
2175 1613 2307 1678 avis,
2326 1614 2487 1677 dicta,
2510 1613 2653 1681 quod
2679 1612 2912 1666 colorem
2930 1612 3278 1666 Phoeniceum
3305 1611 3533 1665 habeat:

1943 1704 2027 1759 vel
2070 1704 2211 1773 quod
2244 1705 2315 1759 sit
2347 1704 2403 1757 in
2439 1711 2554 1759 toto
2579 1704 2712 1758 orbe
2749 1702 3036 1774 singularis
3061 1711 3117 1756 et
3158 1702 3318 1757 unica
3347 1721 3360 1755 :
3406 1717 3536 1755 nam

249 1783 349 1839 hoc
397 1793 483 1840 cst
520 1794 770 1855 tempus,
821 1802 927 1856 quo
979 1798 1166 1843 sancta
1217 1789 1456 1845 Ecclesia
1510 1793 1564 1845 in
1607 1793 1838 1848 adventu
1867 1792 1913 1851 B
1940 1798 2148 1853 Arabes
2175 1797 2500 1867 singularem
2525 1798 2830 1865 phmnicem
2856 1803 3053 1851 vocant
3082 1810 3097 1849 :
3132 1795 3247 1850 haec
3271 1794 3538 1864 quingen-

253 1872 551 1929 Salvatoris
588 1878 963 1946 congreganda
994 1878 1099 1931 erit
1128 1879 1182 1933 in
1208 1896 1396 1933 unum.
1430 1880 1558 1936 Olor
1588 1884 1704 1938 avis
1731 1892 1835 1950 est,

250 1981 407 2036 quem
439 1966 617 2021 Graeci
665 1984 898 2038 cygnum
928 1969 1213 2038 appellant.
1248 1970 1375 2025 Olor
1402 1983 1583 2027 autem
1628 1974 1835 2041 dictus,

249 2054 388 2125 quod
429 2056 501 2108 sit
536 2064 683 2112 totus
729 2058 925 2126 plumis
960 2058 1133 2114 albus.
1167 2059 1351 2116 Nullus
1403 2064 1546 2117 enim
1594 2065 1841 2121 meminit

250 2162 477 2221 cygnum
527 2148 764 2219 nigrum.
818 2149 946 2204 Olor
990 2151 1135 2204 enim
1173 2151 1358 2208 Graece
1405 2162 1577 2208 totum
1619 2157 1837 2213 dicitur.

250 2235 463 2308 Cygnus
502 2246 687 2293 autem
738 2254 769 2293 a
810 2239 1055 2295 canendo
1083 2249 1166 2296 est
1214 2243 1533 2312 appellatus,
1585 2258 1651 2299 eo
1698 2246 1839 2315 quod

250 2331 509 2388 Carminis
552 2331 892 2393 dulcedinem
925 2332 1213 2388 modulatis
1240 2336 1463 2391 vocibus
1491 2336 1685 2392 fundit.
1716 2339 1841 2394 Ideo

251 2429 429 2477 autem
455 2423 704 2477 suaviter
732 2438 856 2477 eum
886 2439 1103 2490 canere,
1151 2426 1277 2494 quia
1304 2427 1502 2481 collum
1534 2429 1749 2501 longum
1788 2440 1843 2486 et

252 2510 505 2569 inﬂexum
537 2513 725 2587 habet,
757 2523 809 2567 et
839 2528 1059 2569 necesse
1084 2522 1166 2570 est
1187 2516 1512 2572 eluctantem
1538 2534 1722 2575 vocem
1748 2536 1843 2591 per

249 2601 462 2673 longum
509 2610 569 2657 et
596 2602 895 2669 flexuosum
923 2605 1026 2659 iter
1053 2606 1235 2660 varias
1264 2607 1491 2663 reddere
1522 2609 1844 2665 modulatio—

250 2708 364 2750 nes.
412 2692 615 2749 Fertur
656 2694 710 2755 in
758 2695 1110 2765 hyperboreis
1156 2698 1401 2767 partibus
1428 2700 1842 2768 praecinentibus

253 2783 566 2841 citharmdis
592 2784 768 2852 olores
794 2785 1054 2855 plurimos
1074 2788 1351 2853 advolare,
1381 2798 1610 2860 apteque
1630 2792 1696 2847 ad
1720 2808 1831 2848 mo-

253 2875 374 2932 dum
388 2878 699 2933 concinere.
716 2878 903 2934 Olores
918 2888 1097 2934 autem
1112 2880 1363 2936 Latinum
1378 2898 1573 2938 nomen
1590 2894 1673 2939 est
1691 2903 1701 2937 :
1720 2901 1846 2941 nam

254 2966 436 3023 Graece
464 2969 629 3039 cygni
655 2969 928 3024 dicuntur.
966 2968 1153 3025 Nautae
1189 2985 1317 3026 vero
1352 2973 1455 3029 sibi
1484 2972 1628 3031 hunc
1651 2976 1847 3031 bonam

250 3060 542 3133 prognosin
573 3060 755 3116 facere
784 3062 987 3128 dicunt,
1020 3062 1159 3118 sicut
1182 3062 1436 3119 IEmilius
1472 3064 1697 3137 [Macer]
1723 3067 1800 3121 ait
1826 3084 1841 3121 :

371 3171 575 3236 ἔγκυος
598 3176 648 3221 tn
668 3176 901 3236 auspiciis
920 3188 1116 3236 semper
1136 3177 1417 3227 laetissimus
1434 3179 1558 3231 ales.

370 3232 515 3287 Hune
538 3243 711 3297 optant
731 3232 893 3286 nautae
922 3232 1039 3299 quia
1052 3252 1107 3288 se
1126 3252 1221 3287 non
1239 3243 1423 3303 mergit
1446 3242 1496 3291 in
1522 3242 1693 3297 undas.

255 3342 465 3416 (ἥκω
505 3345 743 3404 cervicis
770 3345 907 3409 altae,
948 3348 1199 3417 superbia
1228 3349 1566 3418 exprimitur.
1600 3351 1844 3410 Struthio

256 3431 440 3490 Gneo
477 3436 699 3496 nomine
739 3434 954 3491 dicitur.
983 3436 1137 3503 Quod
1182 3438 1381 3493 animal
1411 3441 1465 3495 in
1494 3440 1844 3499 similitudine

258 3525 367 3579 avis
406 3540 620 3594 pennas
656 3526 861 3581 habere
890 3526 1119 3591 videtur,
1152 3537 1334 3583 tamen
1381 3530 1447 3584 de
1485 3538 1635 3585 terra
1683 3532 1844 3587 altius

257 3628 362 3669 non
385 3614 661 3673 elevatur.
715 3614 828 3671 Ova
855 3632 953 3671 sua
982 3616 1166 3673 fovere
1193 3620 1442 3690 negligit,
1472 3622 1566 3676 sed
1604 3621 1845 3692 projecta

258 3704 631 3767 tantummodo
674 3703 789 3761 fotu
819 3705 1057 3775 pulveris
1099 3708 1423 3769 animantur.
1449 3708 1553 3763 Per
1582 3710 1845 3765 struthio-

256 3809 378 3851 nem
407 3797 641 3867 mystice
666 3796 962 3867 bypocritaa
992 3788 1383 3867 signiﬁcantur.
1416 3798 1569 3853 Unde
1587 3814 1685 3869 per
1714 3799 1847 3854 Pro-

256 3888 472 3958 phetam
510 3889 759 3949 dicitur:
804 3885 1129 3957 ,Gloriﬁcavit
1161 3904 1241 3943 me
1286 3888 1448 3942 bestia
1490 3890 1624 3958 agri,
1660 3890 1847 3943 draco-

260 3992 345 4031 ne:
373 3988 420 4032 et
453 3978 776 4045 urat/tiones
812 3976 949 4050 (Isa.
982 3978 1160 4049 mu).
1199 3977 1337 4045 Quid
1365 3978 1508 4033 enim
1550 3979 1846 4034 draconum

260 4065 498 4132 nomine,
532 4066 639 4129 nisi
677 4067 732 4122 in
760 4075 947 4136 aperto
975 4068 1258 4125 malitiosos
1288 4078 1495 4123 mentes
1528 4071 1845 4140 exprimun-

262 4163 365 4231 tur,
394 4173 516 4227 quae
560 4172 661 4228 per
706 4165 914 4213 terram
958 4172 1172 4227 semper
1206 4158 1405 4213 intimis
1433 4161 1848 4230 cogitationibus

262 4251 492 4319 repunt?
536 4248 677 4315 Quid
708 4264 835 4303 vero
864 4264 961 4319 per
1001 4250 1321 4305 struthionis
1349 4251 1669 4307 vocabulum
1689 4293 1703 4317 ,
1743 4254 1847 4308 nisi

262 4336 318 4393 bi
340 4378 357 4402 ,
387 4340 480 4409 qui
507 4354 567 4396 se
613 4340 785 4397 bonos
813 4341 1090 4406 simulant,
1124 4342 1494 4412 designantur,
1526 4345 1617 4413 qui
1649 4345 1849 4399 sancti-

264 4429 387 4485 tatis
414 4430 608 4495 vitam,
632 4431 787 4499 quasi
808 4416 1018 4485 volatus
1040 4446 1291 4499 pennam,
1324 4448 1421 4502 per
1450 4434 1685 4503 speciem
1719 4435 1847 4489 reti-

264 4530 390 4577 nent
416 4530 470 4578 et
493 4538 593 4593 per
618 4538 781 4593 opera
811 4539 917 4582 non
942 4527 1230 4582 exercent?
1249 4526 1553 4583 Gloriﬁcari
1580 4528 1764 4599 itaque
1790 4546 1846 4586 se

266 4608 520 4668 Dominus
552 4626 585 4669 a
632 4613 869 4675 dracone
906 4614 990 4667 vel
1033 4616 1337 4671 struthione
1363 4620 1575 4685 asserit,
1624 4621 1750 4690 quia
1798 4629 1852 4675 et

268 4710 446 4770 aperte
474 4704 650 4760 malos
678 4713 732 4758 et
762 4702 885 4758 ﬁcte
911 4703 1082 4759 bonos
1110 4706 1425 4777 plerumque
1453 4709 1519 4762 ad
1559 4724 1655 4764 sua
1696 4712 1851 4766 obse-

270 4793 392 4863 quia
423 4808 491 4861 ex
536 4796 727 4857 intima
759 4796 1085 4866 cogitatione
1111 4800 1393 4873 convertit.
1427 4800 1520 4855 Vel
1550 4811 1697 4857 certe
1739 4804 1851 4875 agri

270 4882 437 4939 bestia
488 4886 794 4953 dominum,
847 4887 901 4941 id
951 4893 1055 4951 est,
1101 4887 1366 4944 dracones
1413 4892 1852 4962 struthionesque

274 4975 593 5047 gloriﬁcant,
642 4994 767 5033 cum
806 4978 987 5043 ﬁdem,
1016 4994 1135 5049 quae
1179 4980 1233 5034 in
1280 4980 1371 5035 illo
1400 4990 1501 5047 est,
1529 4997 1614 5048 ea,
1646 4998 1765 5052 qua:
1800 4984 1853 5038 in

275 5063 373 5119 hoc
403 5064 604 5120 mundo
631 5068 831 5126 dudum
860 5068 1161 5123 membrum
1197 5070 1395 5125 diaboli
1437 5072 1634 5137 fuerat,
1678 5074 1855 5143 genti-

277 5155 396 5211 litas
441 5157 665 5212 eraltat.
713 5158 1052 5229 Quapropter
1108 5160 1368 5215 malitiam
1427 5162 1719 5219 draconum
1754 5180 1853 5218 no-

280 5247 417 5302 mine
440 5248 755 5318 exprobrat,
780 5257 835 5303 et
859 5256 1079 5321 propter
1099 5251 1407 5322 hypocrisin
1428 5254 1687 5329 vocabulo
1710 5263 1853 5309 stru-

282 5336 519 5393 thionum
550 5346 725 5395 notat.
754 5338 923 5407 Quasi
966 5341 1110 5396 enim
1149 5358 1354 5413 pennas
1395 5344 1603 5414 accepit
1646 5346 1859 5415 gentili-

287 5438 384 5496 tas,
411 5434 505 5488 sed
530 5433 717 5489 volare
740 5448 847 5489 non
868 5435 1057 5504 potuit,
1088 5451 1207 5504 quae
1244 5444 1298 5490 et
1338 5445 1585 5492 naturam
1633 5438 1858 5493 rationis

289 5521 489 5590 habuit,
517 5534 574 5579 et
604 5526 874 5582 actionem
902 5527 1129 5583 rationis
1169 5529 1453 5599 ignoravit.
1480 5529 1663 5585 Potest
1692 5532 1856 5585 etiam

293 5616 517 5673 struthio
563 5616 851 5675 haereticos
890 5620 971 5674 vel
1018 5620 1364 5691 philosophos
1401 5622 1721 5693 signiﬁcare,
1768 5625 1858 5693 qui

298 5720 416 5774 aut
436 5710 632 5776 multis
683 5712 958 5774 sapientia:
984 5730 1043 5772 se
1068 5713 1307 5785 exaltare
1325 5714 1533 5784 volunt,
1564 5716 1657 5772 sed
1682 5723 1860 5772 tamen

1940 1889 2011 1942 tis
2038 1888 2179 1943 ultra
2208 1889 2364 1943 annis
2393 1888 2604 1951 vivens,
2648 1888 2773 1942 dum
2804 1902 2861 1941 se
2901 1886 3099 1940 viderit
3128 1885 3393 1950 senuisse,
3422 1882 3539 1939 col-

1939 1975 2095 2028 lectis
2147 1984 2450 2029 aromatum
2484 1975 2733 2045 virgultis
2778 1990 2969 2045 rogum
3025 1976 3126 2030 sibi
3176 1974 3419 2039 instruit,
3469 1979 3530 2028 et

1943 2081 2208 2121 conversa
2268 2068 2335 2121 ad
2365 2068 2579 2128 radium
2622 2067 2751 2123 solis
2798 2068 3006 2123 alarum
3045 2066 3235 2137 plausu
3279 2068 3533 2122 volunta-

1940 2161 2082 2214 rium
2113 2159 2211 2214 sibi
2246 2160 2552 2215 incendium
2595 2160 2767 2213 nutrit
2796 2177 2807 2212 :
2856 2161 3042 2230 sicque
3068 2159 3266 2214 iterum
3296 2159 3364 2214 de
3388 2158 3537 2213 cine~

1940 2250 2091 2306 ribus
2118 2250 2230 2305 suis
2259 2251 2510 2320 resurgit.
2537 2249 2663 2305 Haec
2691 2251 2858 2304 etiam
2886 2256 3063 2320 potest
3096 2250 3403 2321 signiﬁcare
3446 2262 3535 2303 re-

1942 2342 2335 2397 surrectionem
2380 2342 2684 2411 justorum,
2739 2341 2833 2411 qui
2887 2340 3222 2396 aromatibus
3272 2341 3537 2397 virtutum

1943 2434 2181 2488 collectis
2215 2433 2665 2486 instaurationem
2699 2434 2897 2501 prioris
2931 2433 3132 2503 vigoris
3161 2444 3284 2502 post
3307 2440 3538 2487 mortem

1944 2523 2046 2577 sibi
2074 2530 2404 2592 praeparant.
2448 2520 2871 2591 Cinnomolcgus
2903 2529 2957 2575 et
2984 2523 3100 2591 ipsa
3141 2521 3357 2576 Arabiae
3387 2521 3536 2585 avis;

1943 2613 2169 2684 proinde
2198 2614 2273 2667 ita
2303 2619 2516 2676 vocata,
2542 2614 2685 2681 quod
2711 2612 2762 2665 in
2794 2612 3026 2667 excelsis
3052 2614 3365 2667 nemoribus
3391 2621 3540 2667 texe-

1944 2704 2017 2757 rit
2067 2702 2223 2757 nidos
2265 2718 2334 2757 ex
2371 2701 2658 2756 fruticibus
2693 2703 2932 2756 cinnami
2966 2721 2977 2756 :
3018 2710 3074 2756 et
3126 2702 3383 2772 quoniam
3430 2718 3539 2757 non

1944 2801 2169 2865 possunt
2200 2793 2271 2846 ibi
2312 2793 2563 2847 homines
2591 2792 2955 2847 conscendere
3002 2801 3222 2863 propter
3261 2808 3538 2848 ramorum

1947 2884 2284 2939 altitudinem
2316 2891 2368 2936 et
2397 2881 2766 2951 fragilitatem,
2796 2881 3015 2936 eosdem
3051 2882 3208 2937 nidos
3247 2882 3541 2951 plumbatis

1950 2983 2208 3045 appetunt
2249 2973 2467 3044 iaculis,
2502 2989 2567 3028 ac
2596 2973 2673 3028 sic
2706 2972 2957 3028 cinnama
3002 2973 3092 3028 illa
3140 2976 3438 3045 deponunt,
3485 2982 3541 3029 et

1948 3066 2138 3136 pretiis
2190 3064 2539 3134 amplioribus
2587 3063 2830 3117 vendunt
2877 3078 2987 3118 :eo
3031 3065 3173 3133 quod
3224 3064 3539 3119 cinnamum

1944 3159 2115 3229 magis
2150 3173 2312 3228 quam
2345 3157 2450 3211 alia
2501 3163 2837 3211 mercatores
2862 3154 3114 3225 probent.
3163 3156 3441 3211 Psittacus
3484 3154 3543 3212 in

1942 3250 2106 3307 ludite
2132 3250 2405 3305 littoribus
2433 3249 2691 3320 gignitur,
2723 3248 2904 3303 colore
2939 3248 3125 3312 viridi,
3161 3256 3354 3317 torque
3384 3245 3544 3317 puni-

1944 3356 2061 3407 ceo,
2097 3340 2285 3412 grandi
2312 3338 2517 3409 lingua,
2549 3346 2605 3391 et
2631 3337 2845 3392 caeteris
2888 3337 3077 3391 avibus
3118 3336 3348 3392 latiore:
3395 3336 3538 3391 unde

1946 3442 2001 3488 et
2026 3432 2314 3487 articulata
2340 3431 2507 3485 verba
2544 3428 2821 3499 exprimit,
2852 3428 2925 3483 ita
2956 3436 3017 3482 ut
3042 3430 3086 3483 si
3110 3444 3235 3483 eum
3257 3444 3362 3482 non
3390 3427 3539 3482 vide-

1946 3530 2039 3593 ris,
2074 3528 2348 3583 hominem
2373 3526 2520 3595 loqui
2554 3534 2711 3596 putes
2741 3544 2753 3579 :
2787 3540 2855 3579 ex
2885 3514 3079 3578 natura
3108 3529 3287 3576 autem
3315 3519 3537 3583 salutat,

1946 3618 2133 3673 dicens
2161 3636 2171 3669 :
2202 3616 2336 3680 Ave,
2362 3614 2447 3669 vel
2469 3614 2697 3669 Chaire:
2728 3621 2924 3668 caetera
2945 3613 3164 3667 nomina
3190 3609 3535 3666 institutione

1947 3709 2127 3765 discit.
2159 3708 2294 3762 lline
2319 3715 2403 3762 est
2428 3706 2557 3761 illud
2588 3724 2599 3758 :

2070 3818 2312 3867 Psittacus
2336 3830 2361 3868 a
2387 3816 2526 3866 vobis
2546 3814 2755 3865 aliorum
2772 3814 2964 3866 nomina
2983 3814 3163 3864 discam
3185 3826 3199 3862 :

2132 3879 2249 3927 Hzec
2272 3891 2363 3940 per
2396 3890 2476 3926 me
2499 3879 2645 3926 didici
2670 3879 2839 3926 dicere
2870 3874 3080 3937 :Caesar,
3119 3887 3226 3925 ave.

1945 3979 2169 4050 Alcyon,
2196 3978 2368 4049 pelagi
2390 3977 2650 4044 volucris,
2696 3977 2837 4033 dicta
2864 3977 3017 4047 quasi
3045 3975 3157 4031 ales
3188 3988 3447 4042 oceanea,
3477 3988 3543 4030 eo

1946 4069 2088 4140 quod
2116 4069 2292 4123 hieme
2318 4067 2372 4120 in
2418 4066 2624 4135 stagnis
2652 4067 2844 4120 oceani
2892 4065 3049 4120 nidos
3079 4064 3228 4131 facit,
3258 4065 3542 4135 pullosque

1947 4161 2148 4225 educit,
2178 4175 2283 4229 qua
2316 4160 2619 4214 excubante
2658 4157 2833 4238 fertur
2882 4166 3103 4212 extento
3136 4172 3355 4226 aequore
3389 4157 3541 4226 pela-

1947 4268 2044 4324 gus
2067 4252 2350 4307 silentibus
2374 4252 2550 4305 ventis
2567 4256 2772 4320 septem
2797 4249 3005 4308 dierum
3032 4249 3424 4319 tranquillitate
3446 4249 3544 4303 mi-

1948 4354 2172 4407 tescere,
2225 4351 2279 4397 et
2326 4342 2442 4412 ejus
2491 4341 2690 4396 fetibus
2729 4341 3025 4396 educandis
3069 4340 3391 4410 obsequium
3424 4338 3541 4408 ipsa

1948 4452 2128 4491 rerum
2160 4443 2352 4489 natura
2380 4433 2643 4505 praebere.
2674 4431 3033 4487 Onocrotalus
3073 4432 3187 4485 avis
3236 4439 3320 4486 est
3366 4438 3546 4485 rostro

1949 4528 2129 4597 longo,
2158 4542 2316 4595 quam
2344 4524 2520 4580 Graeci
2555 4522 2914 4578 onocrocolon
2967 4529 3181 4575 vocant.
3226 4520 3543 4576 Crocodilus

1950 4634 2117 4688 genus
2146 4615 2383 4679 volatile,
2420 4614 2644 4678 dictum,
2676 4612 2831 4682 quasi
2873 4626 2969 4666 cor
3000 4611 3187 4665 edens.
3218 4608 3543 4679 Vespertilio

1952 4724 2017 4763 ex
2044 4718 2283 4777 tempore
2324 4720 2522 4759 nomen
2576 4704 2782 4773 accepit
2828 4718 2892 4757 eo
2933 4702 3075 4771 quod
3128 4701 3299 4755 lucem
3334 4699 3546 4769 fugiens

1953 4797 2272 4869 crepusculo
2292 4794 2601 4865 vespertino
2624 4791 2999 4856 circumvolat,
3027 4789 3364 4859 prtccipitato
3395 4800 3543 4841 motu

1956 4897 2097 4954 acta,
2131 4896 2181 4942 et
2220 4884 2550 4940 tenuissimis
2578 4882 2925 4937 brachiorum
2963 4880 3221 4935 membris
3246 4894 3506 4949 suspensa
3529 4920 3543 4945 ,

1956 4979 2157 5035 animal
2186 4978 2419 5032 murium
2450 4974 2644 5040 simile,
2674 4990 2780 5029 non
2810 4982 2919 5029 tam
2946 4989 3077 5029 voce
3099 4988 3360 5028 resonans
3380 4987 3545 5041 quam

1957 5073 2188 5127 stridore
2220 5088 2231 5123 :
2284 5069 2463 5138 specie
2493 5083 2709 5138 quoque
2758 5066 2992 5121 volatilis
3032 5065 3191 5119 simul
3220 5074 3274 5119 et
3308 5064 3545 5133 quadru-

1957 5179 2073 5233 pes,
2106 5160 2249 5231 quod
2280 5161 2332 5214 in
2363 5161 2485 5215 aliis
2512 5159 2704 5213 avibus
2734 5158 2962 5227 reperiri
2989 5172 3096 5211 non
3130 5156 3282 5211 solet.
3318 5154 3547 5226 Vesper-

1959 5256 2177 5312 tiliones
2203 5262 2327 5308 sunt
2349 5252 2615 5307 idolorum
2646 5259 2891 5307 monstra
2918 5250 3157 5305 tenebris
3182 5249 3381 5314 dedita,
3413 5256 3468 5301 ut
3492 5249 3547 5304 in

1959 5350 2095 5404 Isaia
2145 5349 2343 5418 legitur
2387 5366 2397 5400 :
2453 5344 2518 5400 Ut
2568 5346 2796 5400 adoretis
2853 5344 3022 5413 talpas
3068 5353 3115 5398 et
3163 5341 3547 5413 vespertiliones

1962 5439 2095 5513 (Isa.
2128 5437 2211 5509 ιι).
2249 5437 2455 5492 Noctua
2480 5437 2678 5492 dicitur
2708 5451 2807 5507 pro
2844 5452 2909 5492 eo
2960 5436 3101 5505 quod
3129 5442 3286 5489 nocte
3318 5433 3463 5488 volat
3493 5441 3549 5489 et

1960 5553 2058 5607 per
2080 5536 2221 5591 diem
2246 5550 2350 5589 non
2380 5534 2551 5605 possit
2571 5533 2765 5599 videri,
2795 5548 2917 5587 nam
2941 5537 3129 5587 exorto
3154 5530 3442 5599 splendore
3466 5544 3549 5583 so-

1964 5629 2029 5683 lis
2054 5628 2201 5682 visus
2250 5626 2391 5681 illius
2436 5626 2739 5680 hebetatur.
2794 5623 2945 5680 Hanc
2983 5632 3163 5679 autem
3209 5620 3385 5677 insula
3413 5619 3547 5675 Cre-

1966 5719 2133 5776 tensis
2155 5733 2262 5775 nou
2307 5718 2494 5785 habet,
2534 5724 2590 5775 et
2613 5717 2659 5775 si
2684 5716 2865 5773 veniat
2907 5715 3145 5781 aliunde,
3173 5714 3355 5770 statim
3382 5711 3551 5768 mori-
