3930 6348
1134 302 1193 357 Β.
1234 303 1485 359 RABANI
1523 307 1741 365 MAURI
1779 309 2090 367 ARCHIEP.
2133 313 2439 370 MOGUNT.
2484 316 2765 375 OPERUM
2804 321 2982 379 PARS
3022 324 3084 379 11.

3609 337 3716 393 ξιξ

414 471 416 473 _
469 425 569 470 tur.
606 414 807 470 Noctua
855 433 885 469 a
935 418 1253 487 quihusdam
1303 421 1498 476 dicitur
1537 438 1732 480 corvus
1771 441 2030 482 marinus.
2062 433 2111 491 Α
2138 428 2354 497 gnificat
2410 433 2664 500 populum
2706 436 2958 505 gentilem
3003 438 3070 492 de
3111 440 3416 510 longinquis
3468 448 3714 512 partibus

465 502 666 557 Noctua
712 512 890 558 autem
918 520 1022 559 non
1051 515 1134 562 est
1164 508 1326 563 bubo.
1365 508 1498 565 Nam
1537 512 1679 567 bubo
1723 514 1894 585 major
1925 524 2030 571 est.

463 591 663 646 Noctua
695 593 957 659 homines,
988 597 1234 652 veritatis
1265 597 1439 653 lucem
1466 599 1752 669 fugientes,
1795 605 2032 661 tenebris

459 682 716 752 obligatos
747 683 1033 760 significat.
1066 687 1217 742 Unde
1247 688 1301 742 in
1329 689 1570 747 Levitico
1601 694 1713 749 haec
1742 696 1855 751 avis
1885 699 2028 754 vesci

455 771 784 839 prohibetur.
818 773 968 829 Bubo
997 789 1028 828 a
1077 790 1210 831 sono
1255 780 1403 833 vocis
1431 784 1784 850 compositum
1832 801 2028 842 nomen

453 860 633 927 habet,
665 862 779 915 avis
805 861 1007 929 feralis,
1033 874 1227 920 onusta
1250 868 1462 937 quidem
1489 871 1705 939 plumis,
1733 875 1825 928 sed
1851 879 2029 946 gravis

451 967 660 1022 semper
710 953 923 1008 detenta
973 956 1190 1027 pigritia
1233 959 1287 1012 in
1333 961 1594 1030 sepulcris
1630 964 1713 1017 die
1758 975 2028 1036 noctuque

451 1052 711 1110 versatur,
741 1054 797 1100 et
824 1061 1040 1118 semper
1064 1062 1404 1107 commorans
1433 1052 1490 1108 in
1517 1058 1782 1113 cavernis.
1821 1057 1897 1115 De
1921 1075 2026 1130 qua

440 1130 662 1189 Ovidius
688 1152 702 1188 :

561 1246 811 1323 finditque
838 1250 886 1323 ii_t
910 1250 1122 1323 volucris
1144 1258 1533 1323 ventur-innatis
1557 1260 1716 1312 luctus
1733 1298 1751 1323 ,

560 1306 768 1369 Ignavus
791 1312 940 1374 bubo,
963 1313 1122 1364 dirum
1145 1306 1430 1368 mortalibus
1451 1306 1618 1371 omen.

435 1411 675 1482 Denique
732 1420 872 1485 apud
925 1433 1153 1489 augures
1196 1423 1396 1478 malum
1447 1429 1770 1494 portendere
1823 1430 2012 1488 fertur.

430 1503 577 1558 Bubo
606 1507 842 1561 tenebris
870 1521 1216 1577 peccatorum
1246 1514 1454 1571 deditos
1485 1527 1540 1572 et
1582 1519 1755 1576 lucem
1791 1522 2014 1590 justitiaa

427 1593 691 1664 fugientes
713 1599 999 1668 significat.
1031 1602 1184 1659 Unde
1211 1606 1352 1660 inter
1381 1609 1658 1668 immunda
1683 1615 1934 1670 animalia
1957 1619 2011 1673 in

424 1679 666 1739 Levitieo
707 1687 1013 1757 deputatur.
1063 1690 1265 1748 Lucina
1322 1697 1436 1751 avis
1467 1698 1591 1755 inde
1619 1718 1814 1759 nomen
1858 1721 2008 1762 sum-

2135 526 2292 573 terrae
2321 521 2386 574 ad
2412 520 2688 578 Christum
2725 525 3050 592 venientem,
3083 531 3173 597 qui
3201 533 3363 587 etiam
3392 534 3508 604 ejus
3535 541 3712 609 gratia

2132 610 2418 666 multarum
2447 615 2705 671 virtutum
2745 628 2940 674 ornatu
2971 622 3296 690 resplendet.
3342 627 3526 684 Gallus
3557 648 3586 686 a
3621 649 3710 689 ea-

2130 701 2390 756 stratione
2415 711 2653 758 vocatus.
2687 705 2834 762 Inter
2864 719 3085 765 cmteras
3111 713 3254 767 enim
3281 731 3412 772 aves
3445 719 3570 776 huic
3594 725 3709 780 solo

2130 789 2362 844 testiculi
2402 795 2727 848 adimuntur.
2770 798 2991 853 Veteres
3040 801 3183 855 enim
3249 803 3490 862 abscisos
3542 813 3708 880 gallos

2127 879 2414 935 vocabant.
2475 882 2627 937 Sicut
2664 893 2846 940 autem
2877 905 2908 940 a
2959 889 3111 945 leone
3164 890 3350 960 leana,
3401 912 3430 948 a
3475 879 3710 959 dracone

2125 966 2391 1036 dracaena,
2429 971 2503 1025 ita
2532 987 2560 1025 a
2600 974 2740 1043 gallo
2784 976 3001 1044 gallina.
3031 980 3216 1036 Gallus
3249 985 3423 1039 virum
3461 999 3706 1047 sanctum

2125 1065 2217 1111 aut
2243 1061 2516 1116 doctorem
2555 1065 2924 1134 evangelicum
2971 1070 3256 1140 signiﬁcat,
3299 1077 3386 1144 qui
3427 1080 3525 1132 sub
3577 1081 3710 1136 cali-

2120 1147 2245 1216 gine
2283 1149 2438 1205 istius
2468 1154 2653 1208 mundi
2690 1157 2896 1223 positus
2928 1155 3165 1216 futuram
3203 1163 3378 1220 lucem
3405 1167 3530 1223 vitae
3551 1180 3708 1226 aeter-

2119 1251 2204 1290 na:
2258 1242 2592 1306 pronuntiat.
2654 1243 2731 1299 De
2784 1262 2890 1316 quo
2916 1263 3014 1317 per
3070 1250 3411 1311 Salomonem
3441 1259 3640 1314 dicitur
3686 1280 3702 1316 :

2120 1320 2303 1380 Gallus
2341 1330 2628 1397 accinctus,
2677 1350 2767 1387 nec
2809 1345 2883 1389 est
2915 1355 3023 1402 rex,
3057 1341 3146 1410 qui
3190 1345 3393 1399 resistat
3422 1350 3468 1401 ei
3517 1347 3700 1420 (Prov.

2116 1416 2268 1487 xxx).
2313 1417 2379 1472 Et
2402 1420 2456 1474 in
2484 1421 2582 1476 Job
2613 1440 2624 1475 :
2659 1423 2790 1489 Quis
2821 1427 2984 1507 dedit,
3023 1429 3220 1499 inquit,
3251 1433 3390 1502 gallo
3418 1416 3701 1507 intelligen-

2117 1509 2283 1562 tiam?
2312 1510 2454 1580 (Job.
2487 1516 2740 1587 xxxviii.)
2765 1517 2894 1571 item
2923 1505 2978 1572 ib
3006 1521 3163 1576 aliam
3189 1534 3394 1592 partem
3420 1505 3703 1597 galluspo-

2115 1598 2283 1663 nitur,
2322 1610 2380 1656 ut
2405 1613 2485 1658 est
2529 1605 2661 1660 illud
2688 1607 2842 1662 Isaia:
2871 1625 2886 1662 :
2931 1610 3206 1680 Asportari
3245 1624 3293 1667 te
3319 1615 3536 1684 faciam,
3566 1619 3698 1671 sicut

2113 1701 2414 1758 asportatur
2458 1694 2629 1764 gallus
2656 1697 2979 1765 gallinaceus
3017 1701 3151 1771 (Isa.
3182 1704 3342 1774 xxu).
3385 1705 3593 1760 Gallina
3621 1708 3696 1761 si-

422 1773 543 1838 psit,
579 1776 704 1844 quia
734 1787 895 1833 cantu
926 1797 1024 1835 suo
1067 1783 1376 1853 signiﬁcare
1409 1788 1547 1845 solet
1583 1791 1688 1846 diei
1737 1799 2006 1866 surgentis
2035 1770 2082 1830 Β
2109 1781 2329 1851 Sumo“
2377 1785 2719 1854 sapientiam:
2774 1790 2887 1843 Sive
2937 1801 3180 1846 sanetam
3232 1795 3558 1860 Ecc'esmm’
3602 1813 3698 1854 se“

418 1868 686 1924 exortum,
716 1864 867 1929 quasi
900 1863 1120 1932 lucinia,
1149 1870 1336 1924 eadem
1384 1880 1440 1926 et
1480 1875 1722 1931 acedula.
1774 1863 1856 1934 De
1899 1896 2005 1951 qua

419 1944 606 2001 Cicero
631 1950 685 2004 in
721 1951 1088 2022 Prognosticis
1119 1975 1131 2011 :

543 2063 605 2113 Et
630 2068 892 2117 matutinos
915 2079 1123 2123 exercet
1147 2076 1350 2127 acedula
1373 2084 1559 2132 cantus.

414 2161 544 2218 Haec
587 2163 771 2222 forsan
801 2179 1022 2226 sanctos
1062 2176 1446 2242 praedicatores
1487 2184 1665 2254 typice
1694 2186 2002 2256 significare

418 2265 618 2324 potest,
653 2261 742 2328 qui
773 2260 966 2317 futurae
998 2265 1134 2322 lucis
1174 2279 1423 2325 exortum
1464 2278 1817 2342 pronuntiant
1846 2289 1901 2334 et
1930 2283 1999 2336 ad

413 2344 526 2413 ejus
575 2349 859 2404 adventum
922 2355 1104 2410 animo
1166 2359 1410 2428 vigilanti
1471 2363 1750 2422 intendere
1815 2369 1999 2429 fideles

409 2451 649 2507 quosque
677 2442 1053 2499 exhortantur.
1089 2447 1245 2503 Ulula
1278 2453 1392 2506 avis
1435 2469 1465 2507 a
1512 2457 1729 2531 planctu
1768 2472 1822 2515 et
1851 2462 1994 2518 luctu

409 2530 705 2585 nominata.
738 2533 872 2588 Cum
902 2538 1045 2591 enim
1086 2539 1308 2607 clamat,
1356 2553 1450 2598 aut
1499 2545 1685 2603 ﬂetum
1716 2552 1992 2622 imitatur,

407 2634 498 2680 aut
525 2628 803 2694 gemitum.
852 2633 1005 2688 Unde
1036 2643 1092 2690 et
1119 2637 1259 2706 apud
1289 2654 1523 2708 augures
1555 2642 1599 2695 si
1641 2642 1989 2716 lamentetur,

405 2716 722 2772 tristitiam:
772 2726 959 2776 tacens
1004 2726 1294 2780 ostendere
1333 2726 1507 2783 fertur
1548 2735 1986 2802 prosperitatem.

403 2803 533 2870 Quae
561 2807 677 2860 avis
729 2809 1036 2878 significare
1063 2821 1243 2888 potest
1269 2815 1532 2872 ululatum
1558 2831 1908 2888 peccatorum
1932 2825 1988 2880 in

403 2893 625 2949 inferno.
656 2896 806 2952 Unde
827 2901 1108 2969 propheta,
1139 2908 1353 2973 quando
1379 2909 1439 2962 fit
1461 2912 1662 2966 mentio
1679 2913 1986 2986 Babyloniae

401 2988 752 3043 vastationis:
782 2989 956 3046 Ululaz
990 2995 1046 3047 in
1089 2997 1288 3051 (edibus
1315 2999 1432 3068 ejus
1465 3008 1778 3058 commorari
1811 3008 1988 3076 perhi-

398 3073 594 3140 bentur,
627 3078 764 3131 sicut
787 3091 834 3134 et
867 3085 1202 3140 onocrotalus
1223 3097 1271 3140 et
1293 3090 1485 3144 ericius
1513 3091 1646 3161 (Isa.
1675 3073 1820 3168 xm).
1850 3096 1986 3152 Gra-

396 3162 544 3218 culus
571 3181 601 3219 a
631 3169 948 3236 garrulitate
972 3185 1335 3245 nuncupatus,
1371 3196 1476 3235 non
1516 3181 1599 3254 (ut
1632 3162 1852 3253 quidam
1885 3203 1983 3244 vo-

396 3254 532 3325 lunt)
576 3273 674 3326 pro
714 3274 779 3314 eo
810 3263 951 3330 quod
995 3269 1258 3337 gregatim
1285 3271 1490 3337 volent,
1524 3289 1646 3328 cum
1691 3278 1762 3332 sit
1802 3280 1978 3334 mani-

395 3343 583 3400 festum
609 3363 675 3402 ex
710 3365 844 3406 voce
871 3368 963 3408 eos
991 3361 1310 3428 nuncupari.
1343 3361 1439 3416 Est
1469 3365 1613 3419 enim
1660 3366 1981 3437 loquacissi-

389 3453 535 3491 mum
566 3456 755 3510 genns,
789 3453 844 3498 et
871 3447 1094 3502 vocibus
1121 3451 1508 3519 importunum.
1561 3456 1714 3525 Quod
1742 3460 1827 3515 vel
1856 3463 1977 3532 phi-

390 3528 732 3598 losophorum
780 3550 976 3604 vanam
1020 3538 1422 3610 loquacitatem,
1469 3546 1554 3603 vel
1597 3549 1976 3608 haereticorum

389 3619 767 3675 verbositatem
804 3625 1021 3679 noxiam
1063 3628 1371 3699 signiﬁcare
1400 3642 1596 3702 potest.
1630 3636 1791 3704 Picaa,
1821 3643 1976 3709 quasi

385 3707 608 3773 poetice,
644 3711 786 3777 quod
822 3713 989 3767 verba
1028 3715 1083 3768 in
1125 3717 1440 3776 discrimine
1467 3725 1617 3779 vocis
1644 3707 1972 3796 exprimant,

384 3804 439 3847 ut
478 3796 659 3851 homo.
708 3797 811 3854 Per
852 3817 1032 3858 ramos
1074 3807 1219 3860 enim
1279 3810 1534 3865 arborum
1575 3815 1823 3882 pendulae
1870 3819 1973 3872 im-

383 3893 610 3953 portuna
633 3891 953 3956 garrulitate
974 3904 1248 3952 sonantes.
1274 3899 1340 3953 Et
1355 3901 1398 3955 si
1416 3901 1694 3972 linguasin
1720 3921 1972 3966 sermone

381 3986 655 4043 nequeunt
712 3979 1013 4047 explicare,
1072 3999 1262 4038 sonum
1315 3997 1494 4043 tamen
1545 3991 1794 4048 humanae
1819 3999 1970 4053 vocis

380 4064 679 4122 imitantur.
717 4069 791 4124 De
826 4086 930 4140 qua
980 4089 1217 4145 congrue
1260 4078 1480 4147 quidam
1509 4081 1585 4135 ait
1609 4081 1920 4159 [Martialis]
1951 4107 1965 4143 :

502 4176 617 4252 Pica
643 4179 818 4240 loquax
845 4188 980 4252 certa
1002 4184 1247 4235 domlnum
1274 4194 1325 4236 te
1347 4202 1470 4252 voce
1494 4191 1666 4252 saluto,

561 4240 610 4288 Si
636 4253 716 4289 me
749 4254 845 4290 non
876 4246 1060 4308 videas,
1086 4259 1198 4296 esse
1219 4250 1422 4309 negabis
1442 4240 1602 4303 avem.

377 4337 536 4394 Picus
564 4355 593 4394 a
627 4339 755 4397 Pico
788 4342 1006 4399 Saturni
1043 4346 1154 4402 filio
1185 4364 1381 4406 nomen
1418 4357 1668 4424 sumpsit,
1711 4374 1776 4414 eo
1817 4364 1959 4430 quod

375 4444 434 4484 ea
493 4433 547 4486 in
594 4436 848 4505 auspiciis
891 4440 1162 4494 utebatur.
1213 4441 1348 4497 Nam
1406 4445 1578 4500 fertur
1621 4450 1761 4506 hanc
1806 4468 1960 4509 avem
1987 4460 2040 4520 D

375 4523 639 4590 quoddam
670 4526 870 4580 habere
913 4529 1153 4583 divinum
1186 4531 1274 4586 illo
1305 4534 1524 4600 indicio,
1566 4540 1708 4606 quod
1738 4541 1792 4595 in
1823 4559 1956 4612 qua-

373 4626 583 4680 cunque
637 4614 831 4670 arbore
886 4618 1262 4686 nidificaverit,
1317 4624 1527 4679 clavum
1569 4629 1652 4682 vel
1697 4632 1957 4700 quidquid

373 4700 517 4754 aliud
564 4703 729 4757 fixum
780 4706 871 4760 diu
933 4709 1142 4765 haerere
1189 4728 1295 4767 non
1341 4725 1541 4784 potest,
1588 4721 1720 4789 quin
1771 4724 1954 4781 statim

371 4793 605 4860 excidat,
633 4796 722 4851 ubi
759 4813 820 4852 ea
855 4800 1134 4857 insederit.
1179 4803 1285 4860 Sed
1316 4808 1380 4861 de
1432 4810 1532 4864 hoc
1577 4814 1776 4868 sentiat
1806 4818 1952 4886 quis-

368 4899 472 4954 que
504 4885 645 4954 quod
700 4888 847 4942 velit.
880 4890 1013 4945 Nam
1042 4909 1205 4950 sonus
1251 4900 1397 4954 vocis
1425 4901 1541 4970 ejus
1568 4903 1950 4974 loquacitatem

368 4974 746 5031 haereticorum
772 4988 950 5049 potest
981 4984 1308 5053 significare,
1353 4991 1434 5045 vel
1463 4994 1909 5067 philosophorum
1936 5019 1949 5056 :

365 5065 505 5120 sicut
534 5069 780 5136 superius
806 5072 873 5126 de
903 5075 1124 5142 graculo
1155 5079 1408 5137 diximus.
1455 5083 1601 5141 Pavo
1643 5105 1839 5146 nomen
1885 5094 1952 5149 de

365 5171 497 5212 sono
538 5161 686 5216 vocis
726 5162 908 5217 habet.
948 5164 1114 5233 Cujus
1160 5184 1287 5225 caro
1315 5182 1421 5228 tam
1456 5177 1588 5234 dura
1615 5191 1716 5246 est,
1762 5196 1819 5237 ut
1848 5201 1948 5254 pu-

366 5249 629 5304 tredinem
673 5251 762 5305 vix
793 5255 1013 5317 sentiat,
1052 5272 1151 5312 nec
1195 5258 1358 5318 facile
1401 5279 1680 5336 coquatur.
1718 5275 1793 5329 De
1841 5292 1946 5345 quo

365 5341 578 5409 quidam
612 5343 690 5400 sic
720 5346 797 5398 ait

487 5431 899 5515 Migaris‘quoties
923 5453 1234 5515 gemmantes
1259 5447 1474 5515 explicat
1493 5452 1593 5504 alas
1617 5494 1630 5515 .

543 5491 607 5543 Et
633 5491 770 5557 potes
789 5491 1068 5552 huncvsaavo
1093 5491 1318 5571 tradere:
1329 5491 1479 5576 ﬁlii-3',
1493 5491 1674 5578 156.360.

364 5577 499 5630 Pavo
533 5577 772 5647 quidem,
800 5584 892 5652 qui
926 5583 1202 5642 Salomoni
1240 5608 1270 5644 a
1296 5577 1603 5667 longinquis
1633 5605 1940 5672 regionibus

376 5670 550 5720 iactus
581 5677 685 5723 est.
727 5680 779 5725 et
812 5673 1054 5731 diversos
1090 5679 1298 5736 colores
1327 5685 1378 5738 in
1425 5692 1614 5745 uennis
1654 5670 1835 5749 habet.
1866 5697 1938 5750 si-

2107 1870 2305 1923 animal
2329 1872 2558 1941 justum,
2587 1886 2642 1928 ut
2671 1885 2755 1930 est
2789 1877 2917 1930 illud
2955 1879 3297 1935 Dominicnm
3328 1887 3696 1943 testimonium

2105 1959 2174 2013 ad
2204 1958 2540 2017 Hierusalem
2569 1983 2580 2017 :
2623 1964 2836 2030 Quoties
2867 1969 3002 2023 volui
3030 1989 3344 2044 congregare
3373 1976 3513 2044 ﬁlios
3555 1989 3693 2046 tuos,

2104 2050 2541 2117 quemadmodum
2586 2055 2784 2124 gallina
2846 2071 3121 2130 congregat
3183 2064 3356 2133 pullos
3421 2083 3545 2122 suos
3596 2069 3693 2124 sub

2103 2139 2217 2192 alas
2258 2159 2417 2207 suas,
2459 2154 2507 2196 et
2545 2147 2757 2199 noluisti
2788 2148 3001 2217 (Matth.
3040 2152 3220 2223 xxm).
3265 2156 3432 2208 Anser
3465 2158 3533 2210 ab
3559 2159 3696 2214 assi-

2102 2228 2303 2283 duitate
2334 2234 2553 2287 natandi
2593 2245 2773 2302 aptum
2816 2254 3011 2293 nomen
3046 2245 3293 2312 sumpsit.
3343 2247 3421 2300 Ex
3452 2263 3560 2316 quo
3607 2266 3693 2320 ge-

2099 2333 2229 2373 nere
2256 2323 2497 2389 qluedam
2546 2340 2814 2396 germana:
2860 2331 3134 2398 dicuntur,
3181 2351 3288 2405 quo
3316 2338 3433 2408 plus
3479 2344 3690 2400 czeteris

2098 2412 2360 2466 nutriant.
2405 2415 2624 2472 Anseris
2654 2434 2850 2475 nomen
2894 2440 3023 2480 anes
3074 2427 3222 2481 dedit
3266 2445 3362 2499 per
3390 2432 3686 2490 derivatio-

2100 2517 2244 2569 nem,
2277 2505 2360 2559 vel
2391 2508 2457 2561 ad
2503 2509 2934 2576 similitudinem.
2983 2516 3066 2570 vel
3102 2520 3245 2588 quod
3289 2529 3342 2575 et
3389 2523 3559 2592 ipsam
3589 2542 3686 2580 na-

2099 2593 2247 2647 tandi
2287 2595 2648 2666 frequentiam
2692 2602 2908 2658 habeat.
2955 2607 3060 2661 lste
3089 2611 3299 2679 vigilias
3346 2615 3521 2669 noctis
3549 2617 3683 2671 assi-

2095 2681 2301 2738 duitate
2345 2688 2615 2758 clangoris
2644 2699 2891 2749 testatur.
2922 2696 3135 2754 Nullum
3172 2711 3354 2758 autem
3379 2708 3579 2762 animal
3607 2710 3680 2764 ita

2094 2775 2313 2830 odorem
2377 2779 2611 2836 hominis
2653 2786 2859 2851 sentit,
2906 2798 2966 2842 ut
3006 2805 3183 2846 anser.
3221 2781 3377 2849 Unde
3432 2807 3486 2851 et
3531 2799 3679 2854 clan-

2090 2879 2219 2934 gore
2265 2866 2382 2934 ejus
2437 2870 2701 2939 gallorum
2748 2890 3010 2934 ascensus
3065 2881 3118 2934 in
3173 2881 3436 2953 Capitolio
3495 2889 3678 2960 depre-

2089 2953 2288 3010 hensus
2305 2967 2404 3012 est.
2423 2957 2548 3016 Haec
2570 2964 2824 3030 providos
2861 2969 3108 3025 homines
3133 2983 3188 3027 et
3218 2990 3345 3047 erga
3376 2979 3674 3036 custodiam

2091 3058 2241 3097 suam
2287 3048 2423 3102 bene
2467 3050 2754 3120 vigilantes
2783 3056 3086 3126 significare
3123 3072 3318 3131 potest.
3350 3065 3566 3138 Mergus
3608 3070 3674 3126 ab

2015 3112 2060 3176 (ἶ
2092 3137 2409 3195 assiduitate
2453 3145 2730 3214 mergendi
2787 3163 2984 3203 nomen
3033 3151 3136 3206 hoc
3186 3162 3315 3208 est:
3363 3112 3497 3226 qui;
3535 3175 3673 3231 saepe

2087 3231 2307 3288 dimisso
2347 3236 2523 3303 capite
2565 3238 2619 3291 in
2655 3239 2922 3307 profundo
2965 3259 3220 3301 aurarum
3248 3249 3400 3320 signa
3449 3253 3551 3308 sub
3575 3252 3674 3311 ﬂu-

2084 3321 2256 3377 ctibus
2302 3325 2580 3397 colligunt,
2625 3337 2681 3384 et
2709 3333 3071 3400 przevidentes
3112 3342 3346 3408 aequoris
3376 3351 3668 3415 tempesta-

2083 3421 2190 3468 tem
2219 3431 2343 3470 cum
2374 3418 2610 3475 clamore
2637 3423 2704 3476 ad
2752 3423 2934 3478 littora
2965 3428 3211 3484 tendunt.
3253 3431 3472 3504 Mergus
3505 3436 3667 3493 homo

2080 3502 2409 3571 luxuriosus,
2442 3507 2648 3563 libidini
2677 3513 2859 3567 carnis
2885 3529 3100 3584 semper
3125 3518 3365 3575 intentus
3397 3541 3410 3576 :
3443 3527 3584 3593 quod
3611 3527 3664 3582 in

2077 3592 2321 3650 Levitico
2349 3597 2766 3654 demonstratur.
2815 3599 2998 3658 Fulica
3027 3619 3308 3665 mansueta
3337 3613 3457 3669 avis
3484 3623 3540 3670 et
3586 3619 3667 3672 ni-

2079 3698 2171 3754 gra
2209 3694 2309 3750 est,
2357 3689 2502 3742 anati
2547 3691 2763 3760 quidem
2803 3697 3042 3764 parvior,
3091 3701 3185 3755 sed
3228 3707 3476 3774 corporis
3524 3723 3665 3764 com-

2075 3773 2343 3842 positione
2392 3778 2708 3845 consimilis,
2765 3798 2885 3851 quae
2916 3785 2972 3839 in
3027 3791 3237 3860 stagnis
3269 3773 3663 3854 delectabiliter

2075 3874 2456 3920 commoratur.
2500 3867 2598 3923 Est
2623 3879 2803 3926 autem
2841 3875 2956 3930 avis
2984 3881 3311 3948 stagnensis,
3351 3884 3558 3942 habens
3584 3890 3660 3944 ni-

2074 3953 2198 4007 dum
2233 3955 2284 4008 in
2326 3958 2503 4013 medio
2543 3974 2715 4029 aquae,
2748 3963 2833 4017 vel
2874 3966 2928 4019 in
2971 3970 3163 4038 petris,
3191 3988 3326 4042 quas
3370 3989 3525 4044 aqua:
3551 3979 3656 4032 cir-

2072 4044 2346 4111 cumdant,
2374 4049 2752 4121 maritimoque
2780 4069 2995 4127 semper
3030 4061 3327 4119 delectatur
3363 4066 3654 4138 profundo,

2072 4147 2190 4200 quae
2234 4135 2361 4190 dum
2388 4146 2760 4207 tempestatem
2787 4151 3140 4216 persenserit,
3176 4135 3386 4224 fugiens
3415 4159 3470 4213 in
3515 4162 3655 4217 vado

2068 4221 2223 4278 ludit.
2259 4225 2383 4282 Haec
2437 4231 2502 4284 ad
2550 4233 2904 4301 baptizandos
2951 4241 3088 4296 bene
3133 4221 3408 4315 refertur,
3457 4253 3550 4321 qui
3595 4255 3652 4309 in

2069 4316 2424 4373 sacratissimi
2469 4319 2631 4376 fontis
2681 4328 2852 4395 gratia
2886 4344 3255 4398 perseverant.
3313 4337 3465 4394 Unde
3516 4347 3652 4399 seri-

2065 4413 2214 4474 ptum
2241 4416 2323 4461 est
2348 4425 2362 4463 :
2392 4410 2590 4468 Fulica:
2613 4415 2802 4472 domus
2834 4419 2937 4473 dux
2964 4432 3064 4487 est,
3097 4440 3283 4480 eorum
3324 4428 3532 4485 scilicet
3554 4433 3646 4502 qui

2064 4499 2303 4554 omnium
2327 4501 2758 4562 Christianorum
2787 4525 2942 4567 sacer
2981 4514 3101 4571 fons
3130 4517 3237 4572 dux
3265 4529 3366 4585 est,
3396 4521 3524 4576 dum
3553 4537 3646 4580 eos

2067 4589 2133 4643 ad
2162 4590 2420 4648 etelorum
2451 4611 2617 4667 regna
2661 4603 2926 4668 perducit.
2979 4606 3177 4663 Turtur
3219 4612 3284 4667 de
3313 4628 3444 4669 voce
3485 4629 3644 4672 voca—

2064 4688 2170 4746 tur,
2222 4685 2338 4738 avis
2377 4688 2593 4756 pudica,
2642 4700 2697 4745 ct
2741 4709 2954 4765 semper
2997 4699 3050 4754 in
3099 4704 3365 4758 montium
3403 4705 3550 4777 jugis
3587 4716 3642 4764 et

2061 4771 2115 4825 in
2142 4771 2373 4832 desertis
2399 4780 2775 4840 solitudinibus
2803 4802 3163 4849 commorans.
3191 4795 3356 4851 Tecta
3382 4800 3526 4854 enim
3551 4801 3641 4855 ho-

2059 4864 2263 4919 minum
2299 4877 2353 4921 et
2402 4877 2866 4932 conversationem
2911 4879 3049 4952 fugit
3091 4892 3146 4937 et
3189 4891 3638 4946 eommoraturin

2062 4951 2228 5008 silvis.
2268 4955 2430 5025 Cujus
2459 4975 2489 5014 e
2514 4967 2788 5020 contrario
2830 4951 3078 5025 columba
3119 4973 3349 5044 hospitia
3398 4979 3636 5038 humans

2058 5042 2249 5112 diligit,
2282 5047 2562 5105 domorum
2595 5054 2790 5109 blanda
2822 5073 3036 5128 semper
3070 5042 3385 5120 habitatrix.
3433 5068 3634 5124 Turtur

2055 5148 2251 5202 corpus
2279 5137 2479 5196 Christi
2510 5145 2799 5216 signiﬁcat,
2825 5152 2968 5219 quod
2995 5153 3233 5212 Ecclesia
3276 5169 3377 5224 est,
3412 5171 3633 5231 propter

2052 5227 2287 5295 gentium
2333 5233 2670 5296 varietatem.
2705 5239 2771 5292 de
2802 5256 2908 5310 quo
2953 5245 3214 5316 scriptum
3256 5260 3339 5305 est
3380 5227 3429 5304 ε-
3457 5227 3627 5316 Quam

2051 5315 2283 5381 pulchrae
2325 5332 2443 5375 sunt
2471 5339 2617 5392 gena!
2644 5335 2747 5380 tua:
2791 5329 2923 5383 sicut
2965 5315 3185 5390 turturis
3208 5339 3228 5391 .'
3265 5337 3439 5409 (Cant.
3468 5341 3529 5414 ι.)
3563 5342 3627 5396 Et

2047 5403 2099 5458 in
2139 5405 2352 5462 Psalmo
2385 5431 2396 5464 :
2440 5413 2635 5468 Turtur
2670 5419 2871 5487 nidum,
2923 5424 3011 5476 ubi
3057 5437 3269 5494 reponat
3309 5431 3477 5499 pullos
3504 5448 3625 5486 suos

2047 5494 2216 5566 (Psal.
2269 5504 2520 5576 LXXXIII).
2552 5505 2823 5565 Columbae
2855 5513 3032 5579 dictae,
3083 5518 3222 5586 quod
3257 5494 3444 5575 earum
3488 5521 3624 5576 colla

2044 5590 2109 5643 ad
2148 5592 2387 5661 singulas
2412 5601 2792 5659 conversiones
2817 5607 3027 5662 colores
3052 5620 3279 5677 mutent,
3309 5630 3437 5669 aves
3465 5628 3612 5670 man-

2041 5693 2235 5751 suetae,
2299 5696 2354 5741 et
2394 5689 2668 5748 hominum
2710 5697 3051 5756 multitudine
3099 5715 3509 5772 conversantes,
3553 5719 3622 5763 nc
