3930 6318
166 337 262 393 εις

1107 325 1195 380 DE
1235 322 1580 381 UNIVERSO
1614 321 1791 376 LIBRI
1825 319 1988 376 XXII.
2033 352 2099 362 -—
2139 321 2266 376 LIB.
2311 319 2444 374 VIII.

3299 325 3407 384 350

167 455 275 508 sine
303 449 420 506 felle
451 467 462 500 :
510 461 650 516 quas
675 446 881 515 antiqui
921 444 1172 498 venerias
1203 441 1618 510 nuncupabant,
1664 452 1729 491 eo
1758 444 1810 501 Α
1834 439 1965 493 Eam
2010 448 2167 493 teme
2217 438 2668 506 propinquantem
2712 437 2969 506 accipiter
3004 438 3192 494 videns
3220 441 3359 510 rapit
3394 458 3408 495 :

168 543 301 616 quod
334 541 488 596 nidos
537 537 909 607 frequentant,
941 545 998 590 et
1035 534 1224 589 osculo
1272 547 1512 586 amorem
1553 530 1738 585 conci-

168 635 329 706 piunt.
358 629 611 684 Colomba
665 629 826 681 Deus.
877 624 934 677 In
973 622 1255 677 Je'remia:
1301 621 1345 672 A
1397 619 1529 687 facie
1576 617 1739 688 gladii

171 723 407 776 columba:
435 719 790 788 unusquisque
818 714 886 767 ad
913 713 1162 783 populum
1201 727 1354 766 suum
1397 717 1737 772 convertetur,

171 823 212 866 et
237 811 421 880 singuli
467 810 534 861 ad
577 819 773 862 terram
826 820 976 858 suam
1013 801 1214 872 fugient
1246 799 1383 872 (Jer.
1435 795 1604 869 xLVI).
1635 795 1742 850 Co-

175 901 340 956 lumba
383 899 616 970 Spiritus
660 903 899 952 sanctus.
966 893 1024 947 In
1081 889 1372 962 Evangelio
1430 906 1442 941 :
1503 887 1568 939 Et
1617 885 1742 940 vidit

172 990 410 1058 Spiritum
456 987 555 1040 Dei
581 984 995 1047 descendentem,
1045 981 1179 1035 sicut
1221 976 1534 1041 columbam,
1588 991 1744 1044 super

171 1069 307 1129 illum
335 1075 547 1145 (Matth.
576 1074 653 1145 x).
688 1072 944 1127 Columba
977 1069 1218 1124 Ecclesia
1243 1079 1463 1138 propter
1487 1064 1744 1134 simplici-

175 1177 328 1221 tatem
353 1166 553 1220 cordis.
583 1164 642 1218 ln
672 1163 911 1219 Canticis
940 1161 1281 1216 canticorum
1308 1174 1322 1212 :
1355 1157 1610 1213 Columba
1634 1173 1744 1227 spe-

170 1260 322 1322 ciosa,
351 1273 480 1310 auro
505 1257 819 1326 gemmisque
841 1254 1104 1324 percincta
1137 1249 1314 1321 (Cant.
1345 1248 1429 1319 ιι).
1469 1248 1743 1303 Columba:

171 1347 404 1418 apostoli.
429 1348 486 1402 In
512 1348 651 1402 Isaia
676 1361 690 1400 :
728 1345 830 1412 Qui
861 1354 982 1399 sunt
1005 1344 1123 1413 .isti,
1150 1343 1240 1415 qui
1265 1351 1322 1395 ut
1347 1341 1504 1394 nubes
1535 1339 1739 1406 volant,

170 1451 214 1494 et
238 1442 382 1510 quasi
426 1440 683 1493 columba:
711 1440 780 1491 ad
821 1437 1074 1506 fenestras
1109 1452 1235 1490 suas
1261 1436 1286 1489 ?
1309 1433 1445 1507 (Isa.
1486 1432 1602 1504 1.x.)
1643 1432 1745 1488 C0-

170 1529 336 1584 lumba
357 1530 546 1584 Judaei.
569 1529 627 1583 In
653 1528 926 1598 Sophonia
948 1545 960 1557 ·
999 1524 1104 1593 Vw,
1125 1526 1458 1596 provocatrix
1481 1523 1742 1588 columba,

171 1639 266 1676 non
295 1623 489 1676 audivit
518 1638 694 1676 vocem
722 1619 980 1693 (Sep/ton.
1010 1619 1114 1691 ιιι).
1155 1618 1413 1674 Columba
1443 1619 1587 1673 enim
1617 1619 1746 1672 sim-

170 1713 450 1784 plicitatcm
495 1713 697 1768 mentis
739 1711 1026 1783 signiﬁcat.
1077 1712 1193 1765 Duo
1221 1709 1351 1780 pulli
1375 1708 1744 1764 columbarum

169 1807 464 1874 exprimunt
493 1804 696 1874 duplex
724 1803 1058 1874 paenitentia:
1086 1801 1401 1856 lamentum.
1439 1799 1590 1854 Unde
1612 1799 1742 1868 legi-
1769 1794 1818 1854 B

172 1904 250 1949 tur
273 1895 324 1948 in
353 1894 596 1949 Levitico
626 1913 639 1947 :
699 1892 758 1948 Si
799 1901 973 1946 autem
1005 1908 1110 1945 non
1148 1890 1370 1944 valuerit
1404 1907 1590 1944 manus
1629 1889 1741 1958 ejus

171 1988 346 2055 o/I’erre
371 2002 551 2054 pecus,
582 1985 769 2054 offerat
799 1983 878 2036 vel
901 1983 1035 2035 duos
1061 1990 1290 2034 turtures
1317 1980 1393 2034 vel
1418 1982 1549 2034 duos
1572 1980 1744 2049 pullos

172 2077 512 2131 columbarum
541 2074 734 2147 (Levit.
766 2076 844 2144 v).
874 2072 1166 2127 Palumbes
1193 2071 1310 2126 avis
1338 2078 1486 2125 casta
1526 2085 1592 2124 ex
1632 2085 1747 2124 mo-

174 2166 307 2219 ribus
329 2164 656 2234 appellatur,
687 2161 830 2233 quod
859 2176 1041 2216 comes
1072 2161 1144 2215 sit
1179 2160 1464 2214 castitatis.
1492 2158 1629 2212 Nam
1674 2158 1748 2213 di-

173 2257 300 2309 citur
341 2256 516 2322 quod,
569 2254 770 2307 amisso
810 2251 1081 2322 corporali
1133 2250 1443 2314 consortio,
1503 2248 1749 2303 solitaria

174 2348 390 2410 incedat,
419 2361 520 2399 nec
549 2344 826 2399 carnalem
859 2343 1106 2413 capulam
1134 2341 1275 2395 ultra
1302 2341 1565 2410 requirat.
1610 2339 1748 2394 Tur—

175 2450 253 2494 tur
273 2441 411 2494 enim
439 2449 629 2510 typum
660 2447 804 2494 tenet
844 2447 1048 2494 sanctae
1087 2437 1344 2492 Ecclesiae
1392 2438 1555 2508 (sicut
1585 2451 1747 2506 supra

174 2530 410 2601 diximus)
460 2531 721 2599 quoniam
761 2538 962 2598 praeter
1013 2528 1218 2583 Christi
1264 2527 1476 2582 Domini
1527 2527 1750 2582 alterius

175 2623 334 2678 nescit
355 2623 560 2679 habere
593 2622 949 2678 consortium.
979 2619 1246 2674 Similiter
1272 2626 1326 2673 et
1350 2617 1598 2673 columba
1630 2617 1750 2688 Spi-

177 2715 324 2769 ritum
350 2723 603 2770 sanctum
628 2722 723 2768 aut
748 2713 1050 2768 Ecclesiam
1077 2711 1367 2783 signiﬁcat,
1397 2711 1464 2764 de
1489 2725 1595 2780 qua
1617 2710 1752 2764 scri-

178 2815 312 2876 ptum
357 2817 482 2862 est:
518 2805 643 2862 Una
688 2816 764 2860 est
803 2805 1042 2859 columba
1085 2821 1218 2868 mea,
1252 2821 1358 2858 una
1403 2803 1592 2857 dilecta
1636 2821 1752 2858 mea

178 2897 338 2969 (Cant.
375 2898 470 2970 vr).
497 2899 568 2953 Et
596 2898 813 2964 iterum,
843 2895 1062 2961 Pennw,
1087 2895 1282 2964 inquit,
1310 2894 1563 2950 columba:
1599 2895 1754 2948 dear-

179 3001 383 3059 qentatar
411 2987 590 3062 (Psal.
621 2987 793 3058 vau)
831 3005 843 3041 :
875 2988 1004 3056 quia
1054 2986 1420 3041 innocentiam
1451 2984 1614 3040 habet
1657 2999 1752 3040 e0-

180 3082 376 3146 lumba,
425 3091 480 3137 et
530 3081 732 3136 divinis
785 3079 1012 3148 eloquiis
1071 3087 1326 3148 argenteo
1378 3078 1615 3132 candore
1663 3092 1750 3131 re-

177 3173 422 3243 splendet.
463 3172 600 3228 Item
654 3172 708 3225 in
756 3146 915 3225 aliam
956 3146 1165 3239 partem
1219 3169 1464 3224 columba
1512 3169 1746 3240 ponitur,
1781 3146 1825 3208 Ο

179 3273 230 3317 ut
263 3273 343 3319 est
372 3264 502 3318 illud
541 3261 685 3318 Osee
713 3280 726 3314 :
765 3261 1020 3331 Ephraim
1044 3259 1284 3313 columba
1309 3263 1420 3314 sine
1448 3276 1625 3325 sensu,
1653 3276 1755 3313 non

179 3355 356 3409 habens
381 3371 472 3409 cor
500 3351 652 3427 (Ose.
697 3352 818 3422 vit).
849 3351 1086 3406 Rursum
1113 3358 1292 3404 turtur
1321 3347 1584 3419 Spiritum
1632 3364 1757 3403 san-

179 3451 334 3509 ctum,
365 3451 459 3497 aut
480 3443 667 3497 virum
691 3448 960 3504 sanctum,
1004 3447 1096 3492 aut
1141 3437 1551 3509 intelligentiam
1596 3437 1758 3506 spiri-

183 3534 329 3587 talem
358 3533 630 3604 designat,
661 3539 720 3584 ut
755 3541 838 3585 est
866 3529 994 3584 illud
1025 3529 1078 3583 in
1108 3529 1349 3584 Canticis
1376 3528 1750 3583 canticorum:

191 3623 292 3679 Vox
339 3627 559 3680 turturis
610 3626 665 3678 in
693 3633 835 3678 terra
887 3632 1066 3676 nostra
1102 3622 1286 3675 audita
1341 3631 1415 3675 est
1457 3619 1632 3692 (Cant.
1670 3620 1754 3693 ιι).

183 3715 280 3771 Sed
309 3726 435 3772 tunc
460 3716 715 3772 columba
756 3713 994 3784 Spiritus
1021 3722 1248 3768 sanctus
1275 3713 1496 3777 dicitur,
1541 3711 1758 3782 quando

185 3807 464 3878 Scriptura:
501 3822 681 3862 sacra:
718 3805 1006 3860 manifesta
1032 3805 1285 3858 dissertio
1318 3812 1402 3857 est
1433 3821 1444 3856 :
1472 3811 1602 3858 tunc
1627 3817 1758 3858 vero

185 3909 348 3955 turtur
382 3901 623 3970 Spiritus
667 3907 888 3953 sanctus
919 3896 1251 3968 intelligitur,
1297 3910 1420 3950 cum
1463 3895 1758 3964 Scriptura:

185 3990 297 4046 altis
321 4003 480 4061 atque
521 3992 773 4047 obscuris
815 3988 1087 4059 mysteriis
1127 3986 1425 4040 elevantur.
1455 3985 1651 4039 Perdix
1692 3987 1758 4041 de

185 4098 304 4138 voce
349 4099 543 4138 nomen
600 4083 783 4147 habet,
839 4079 954 4134 avis
1001 4078 1184 4133 dolosa
1233 4087 1395 4147 atque
1458 4076 1754 4130 immunda.

187 4174 308 4228 Nam
347 4174 622 4229 masculus
661 4173 715 4227 in
757 4169 1057 4226 masculum
1099 4168 1350 4240 insurgit,
1398 4175 1453 4222 et
1489 4166 1761 4222 oblivisci-

189 4275 267 4317 tur
289 4280 471 4319 sexum
499 4262 672 4318 libido
711 4276 969 4332 prmceps.
1007 4260 1155 4314 Adeo
1194 4267 1286 4313 aut
1314 4258 1675 4323 fraudulenta,
1701 4267 1761 4311 ut

188 4353 395 4409 alterius
414 4369 518 4409 ova
544 4353 807 4423 diripiens
838 4351 1016 4405 foveat
1044 4369 1056 4404 :
1092 4349 1187 4404 sed
1213 4348 1362 4403 fraus
1392 4348 1629 4404 fructum
1651 4363 1759 4404 non

189 4444 355 4498 habet.
389 4443 635 4513 Denique
662 4443 788 4496 dum
813 4441 942 4510 pulli
983 4440 1216 4510 propria:
1247 4454 1434 4494 vocem
1478 4440 1760 4510 genitricis

189 4537 458 4601 audierint,
493 4534 735 4590 naturali
766 4533 1002 4604 quodam
1038 4533 1298 4588 instinctu
1330 4533 1487 4598 hanc,
1518 4547 1636 4604 qua:
1681 4532 1760 4586 fo-

191 4637 298 4694 vet,
336 4627 670 4698 relinquunt,
715 4633 768 4679 et
796 4625 864 4679 ad
897 4625 1166 4690 eamdem,
1202 4640 1320 4694 quae
1349 4625 1554 4694 genuit,
1578 4639 1760 4680 rever-

193 4730 382 4775 tuntur.
414 4720 615 4775 Perdix
644 4732 773 4788 ergo
815 4715 1085 4786 signiﬁcat
1126 4717 1421 4782 diabolum,
1447 4718 1514 4771 de
1557 4733 1665 4788 quo
1707 4718 1762 4772 in

191 4812 406 4868 leremia
437 4813 703 4882 scriptum
733 4819 815 4864 est
861 4825 874 4864 :
911 4807 1110 4863 Perdix
1139 4812 1276 4879 fovet
1325 4827 1442 4882 qua:
1472 4827 1575 4864 non
1613 4828 1765 4882 pepe-

194 4908 421 4976 rit:[acit
441 4907 654 4962 divitias
677 4922 800 4960 suas
815 4921 917 4958 non
931 4920 1048 4956 cum
1062 4903 1290 4973 judicio.
1323 4902 1391 4956 In
1413 4903 1632 4955 dimidio
1653 4902 1766 4956 die-

196 5015 298 5052 rum
316 5015 531 5054 suorum
553 4997 878 5068 derelinquat
906 5012 993 5050 eas
1013 4995 1144 5066 (λεν.
1171 4994 1327 5065 xvu).
1347 4994 1437 5049 Sic
1450 5001 1504 5049 et
1518 4993 1764 5049 diabolus

197 5107 282 5162 per
293 5096 559 5174 principes
581 5093 960 5150 haereticorum
984 5090 1332 5162 congregavit
1359 5089 1606 5161 populos,
1629 5106 1766 5162 quos

199 5203 294 5242 non
335 5191 561 5260 peperit,
600 5198 656 5243 et
685 5188 1033 5258 deceptorum
1062 5186 1163 5241 sibi
1192 5184 1590 5241 multitudinem
1629 5201 1764 5240 con-

200 5283 427 5348 sociavit,
443 5296 582 5351 quos
601 5289 788 5351 postea
805 5279 1026 5342 dimisit,
1057 5287 1112 5333 et
1134 5277 1377 5333 omnium
1399 5275 1604 5344 judicio
1635 5277 1766 5331 stul-

203 5375 426 5430 tissimus
461 5389 583 5430 esse
607 5375 1009 5444 comprobatur.
1044 5372 1360 5426 Coturnices
1400 5387 1429 5424 a
1469 5385 1602 5426 sono
1623 5373 1771 5428 vocis

203 5467 357 5522 dictas
379 5474 614 5532 constat,
639 5481 774 5536 quas
811 5463 986 5520 Graeci
1009 5473 1230 5536 ortygas
1259 5473 1478 5530 vocant,
1526 5478 1591 5518 eo
1624 5465 1768 5535 quod

204 5561 317 5615 visae
346 5561 541 5618 fuerint
573 5562 810 5633 primum
852 5561 904 5615 in
953 5557 1175 5630 Ortygia
1208 5559 1402 5614 insula.
1440 5558 1565 5614 Haec
1609 5559 1770 5614 adve-

206 5653 373 5709 nieudi
401 5655 600 5711 habent
622 5664 887 5724 tempora.
913 5652 1073 5715 Nam,
1101 5662 1290 5708 aestate
1320 5652 1562 5723 depulsa,
1594 5653 1767 5708 maria

209 5751 540 5804 transmeant.
565 5747 940 5816 Ortygometra
966 5746 1180 5811 dicitur,
1203 5761 1324 5815 qua
1349 5759 1567 5818 gregem
1598 5745 1764 5800 ducit.

1789 4503 1839 4562 D

1840 547 1904 586 ac
1939 540 2222 601 propterea
2276 544 2405 583 cura
2445 540 2528 585 est
2563 530 2848 594 universis,
2896 531 3082 585 ducem
3122 530 3417 588 sollicitare

1840 622 2052 694 generis
2080 619 2308 686 externi,
2338 635 2435 689 per
2448 636 2607 689 quem
2631 629 2859 676 caveant
2882 622 3054 690 prima
3079 623 3414 679 discrimina.

1841 712 2002 768 Cibos
2041 711 2379 783 gratissimos
2415 711 2618 766 habent
2645 713 2850 766 semina
2871 727 3219 768 venenorum.
3245 715 3420 782 Quam

1842 801 1912 856 ob
1954 815 2170 856 causam
2219 815 2314 854 eas
2359 807 2575 854 veteres
2601 802 2745 855 vesci
2776 801 3174 856 interdixerint.
3233 802 3420 858 Solum

1844 891 1986 948 enim
2012 893 2114 946 hoc
2141 889 2361 955 animal,
2392 890 2533 944 sicut
2571 897 2626 944 et
2674 892 2857 956 homo,
2885 893 3147 947 caducum
3175 893 3422 948 morbum

1844 982 2068 1055 patitur.
2101 981 2419 1036 Coturnices
2453 996 2572 1050 qua:
2603 981 2656 1034 in
2684 996 2777 1034 esu
2815 982 3046 1036 ﬁliorum
3076 982 3241 1037 Israel
3287 983 3426 1036 datm

1845 1083 1993 1137 sunt,
2022 1072 2157 1142 legis
2184 1071 2456 1126 historica:
2486 1074 2569 1145 (ut
2591 1071 2809 1140 quidam
2839 1072 3046 1143 volunt)
3075 1073 3302 1143 figuram
3331 1075 3428 1128 ha-

1846 1168 1976 1222 bent
2008 1184 2021 1220 :
2050 1166 2115 1220 de
2140 1181 2247 1235 quo
2274 1165 2464 1233 legitur
2493 1167 2548 1219 in
2586 1165 2790 1219 Exodo.
2823 1163 3079 1220 Passeres
3120 1172 3247 1218 sunt
3277 1165 3426 1218 vola-

1848 1259 1964 1312 tilia
1987 1273 2017 1311 a
2045 1259 2311 1327 parvitate
2345 1267 2535 1313 vocata
2572 1275 2584 1311 :
2615 1258 2758 1312 unde
2781 1266 2836 1311 et
2861 1257 3039 1327 pusilli
3070 1265 3124 1312 et
3146 1259 3318 1327 parvi.
3350 1259 3426 1312 De

1848 1367 1955 1421 quo
1980 1352 2032 1404 in
2051 1351 2264 1406 Psalmo
2282 1351 2543 1420 scriptum
2560 1359 2645 1404 est
2661 1369 2672 1404 :
2690 1347 2885 1403 Passer
2898 1350 3089 1404 invenit
3102 1349 3202 1402 sibi
3216 1350 3428 1402 domum

1850 1440 2022 1515 (Psal.
2054 1442 2305 1511 Lxxxm).
2339 1443 2405 1495 Et
2425 1442 2550 1496 alibi
2585 1460 2597 1496 :
2631 1440 2778 1496 Sicut
2807 1457 2988 1511 passer
3008 1441 3195 1494 unicus
3217 1441 3269 1493 in
3298 1439 3429 1494 ardi-

1847 1533 1969 1601 ﬁcio
2001 1529 2171 1602 (Psal.
2197 1530 2290 1603 οι).
2335 1530 2401 1584 Et
2425 1530 2477 1583 in
2499 1529 2654 1584 aliam
2670 1538 2882 1600 partem
2909 1531 2962 1583 in
2983 1530 3218 1601 psalmo:
3241 1528 3434 1583 Trans-

1849 1627 2017 1695 migra
2046 1626 2100 1678 in
2115 1633 2340 1678 montem
2361 1623 2494 1676 sicut
2521 1639 2702 1693 passer
2729 1622 2902 1692 (Psal.
2931 1622 3009 1691 x).
3034 1624 3166 1677 Item
3186 1637 3435 1692 passeres

1851 1715 2047 1771 sancti.
2125 1715 2181 1768 In
2239 1714 2558 1768 Psalterio:
2615 1711 2737 1765 Illic
2791 1728 3024 1782 passeres
3093 1712 3436 1780 nidiﬁcabunt

1846 1807 2019 1879 (Psal.
2051 1805 2189 1874 cui).
2223 1806 2420 1860 Passer
2451 1811 2535 1858 est
2561 1803 2726 1857 nimia
2763 1803 3052 1858 velocitate
3096 1803 3435 1868 celerrimus,

1845 1898 1936 1967 qui
1962 1898 2014 1950 in
2041 1897 2189 1950 silvis
2219 1897 2465 1949 habitare
2509 1909 2614 1947 non
2651 1894 2854 1961 patitur
2885 1910 2896 1944 :
2927 1894 3021 1947 sed
3069 1892 3287 1946 domum
3332 1892 3434 1946 sibi

1847 1989 1900 2043 in
1917 1989 2185 2058 parietum
2215 1986 2573 2042 foraminibus
2601 1985 2971 2040 desideranter
2993 1983 3251 2052 exquirit,
3275 1998 3437 2052 quam

1849 2081 1975 2134 dum
2008 2079 2295 2143 invenerit,
2329 2077 2496 2131 nimio
2542 2076 2736 2147 gaudio
2765 2074 2920 2129 laetus
2954 2074 3208 2139 exsultat,
3239 2075 3331 2144 qui
3379 2090 3439 2130 se

1847 2175 2181 2230 diversarum
2223 2172 2616 2227 adversitatum
2648 2170 2876 2225 ulterius
2906 2176 3093 2239 patere
3119 2181 3224 2220 non
3266 2165 3441 2220 credit

1850 2268 2081 2324 insidiis.
2133 2266 2224 2321 Sic
2277 2267 2457 2320 anima
2501 2263 2833 2333 jucundatur
2894 2263 3021 2316 dum
3075 2261 3130 2314 in
3176 2257 3437 2313 caelorum

1849 2373 2018 2428 regno
2054 2357 2390 2411 mansionem
2439 2368 2593 2408 suam
2628 2352 2860 2407 senserit
2893 2365 3013 2406 esse
3051 2357 3435 2419 praeparatam.

1849 2447 1982 2503 Item
2003 2460 2252 2516 passeres
2273 2445 2365 2508 illi,
2387 2445 2478 2515 qui
2501 2444 2556 2497 in
2584 2442 2965 2497 emundatione
2987 2441 3186 2509 leprosi
3205 2440 3258 2494 in
3281 2438 3442 2494 Levi-

1853 2540 1962 2594 tico
1989 2538 2168 2593 offerri
2186 2537 2324 2607 jussi
2347 2548 2492 2601 sunt,
2525 2544 2925 2591 sacramentum
2952 2532 3220 2603 passionis
3238 2531 3441 2587 Christi

1853 2631 1908 2684 in
1935 2644 2041 2698 quo
2066 2628 2359 2683 asordibus
2377 2633 2722 2696 peccatorum
2751 2625 3098 2689 inundamur,
3137 2623 3438 2694 designant.

1853 2721 2007 2788 Quod
2033 2721 2269 2776 ostendit
2298 2718 2496 2773 Paulus
2526 2719 2712 2773 dicens
2740 2732 2755 2771 :
2803 2716 3110 2786 Quicunque
3154 2717 3210 2768 in
3233 2712 3443 2768 Christo

1855 2815 2103 2885 baptizati
2131 2828 2334 2876 sumus,
2360 2811 2415 2864 in
2428 2819 2594 2864 morte
2607 2809 2769 2879 ipsius
2787 2808 3036 2877 baptizati
3058 2822 3239 2860 sumus
3259 2803 3439 2875 (Rom.

1855 2906 1952 2976 vr).
1983 2904 2041 2958 In
2085 2904 2189 2958 hoc
2227 2903 2374 2956 enim
2409 2902 2598 2956 vivens
2621 2915 2808 2970 passer
2836 2907 2890 2952 et
2917 2898 3121 2969 lignum
3161 2895 3443 2950 cedrinum

1856 3007 1912 3053 et
1923 2998 2203 3052 coccinum
2219 3003 2418 3049 tortum
2433 3002 2486 3048 et
2507 2994 2775 3064 hyssOpus
2792 2991 3072 3060 tinguitur.
3090 2987 3282 3044 Omnia
3298 2987 3444 3041 enim

1857 3089 1974 3144 haec
1997 3085 2530 3155 comprehenduntur
2557 3084 2611 3136 in
2634 3083 2878 3137 virtitute
2908 3079 3272 3148 baptismatis,
3302 3079 3446 3146 quod

1859 3179 2093 3234 diximus
2134 3176 2428 3230 Dominicm
2452 3189 2574 3229 esse
2612 3174 2882 3244 passionis
2920 3171 3148 3242 ﬁguram
3176 3170 3447 3239 significa-

1859 3271 2188 3339 tionemque.
2239 3267 2344 3322 Sed
2400 3267 2588 3321 vivens
2628 3278 2837 3335 passer,
2881 3277 3040 3332 quem
3085 3263 3140 3316 in
3185 3260 3448 3330 unigeniti

1859 3361 2168 3417 necessarie
2214 3359 2494 3414 divinitate
2535 3357 2849 3426 accipimus,
2895 3357 2949 3409 in
2995 3353 3254 3424 sanguine
3282 3353 3449 3406 etiam

1858 3453 1948 3507 hic
1971 3451 2138 3507 occisi
2166 3449 2403 3521 passeris
2428 3456 2482 3502 et
2511 3461 2652 3517 aqua
2674 3446 2959 3514 tinguitur,
2987 3443 3041 3497 id
3063 3453 3164 3508 est,
3188 3443 3242 3496 in
3273 3441 3446 3512 gratia

1859 3540 2236 3610 baptismatis:
2268 3539 2396 3608 quia
2426 3553 2533 3592 non
2566 3538 2618 3590 in
2649 3535 2884 3590 hominis
2913 3533 3180 3604 passione,
3213 3532 3308 3587 sed
3351 3531 3446 3585 Dei

1860 3641 1914 3689 ct
1969 3633 2203 3688 hominis
2255 3630 2618 3700 baptizantur.
2676 3628 2880 3682 Deinde
2948 3633 3070 3696 post
3111 3625 3214 3680 hoc
3263 3623 3452 3680 vivens

1859 3741 2048 3798 passer
2082 3726 2134 3779 in
2162 3740 2376 3796 agrum,
2419 3731 2479 3777 ut
2524 3722 2688 3789 volet,
2740 3719 3047 3775 dimittitur.
3075 3718 3217 3786 Ergo
3250 3717 3451 3786 impas-

1862 3817 2034 3873 sibilis
2081 3816 2357 3879 divinitas,
2407 3822 2461 3870 et
2482 3811 2859 3881 inseparabilis
2888 3816 3008 3864 erat
3055 3822 3085 3861 a
3113 3822 3297 3871 carne,
3329 3820 3450 3877 qua:

1860 3923 2016 3979 passa
2047 3917 2152 3963 est.
2205 3906 2360 3962 Unde
2397 3913 2452 3962 et
2492 3902 2870 3974 inseparabilis
2899 3902 2954 3955 in
2985 3899 3248 3970 sanguine
3278 3899 3453 3968 bapti-

1862 4007 2016 4053 zatur
2044 4016 2057 4052 :
2090 4005 2149 4051 ut
2173 3995 2519 4068 impassibilis
2537 3996 2657 4049 viva
2685 3995 2739 4049 in
2772 4007 2960 4064 agrum
2996 3990 3208 4045 avolet:
3239 3991 3306 4044 ad
3327 3988 3452 4043 lati-

1861 4089 2102 4145 tudinem
2154 4087 2406 4143 videlicet
2468 4083 2941 4156 contemplationis
2999 4081 3288 4144 emittitur,
3344 4094 3454 4148 quo

1863 4182 2012 4236 illum
2044 4181 2352 4235 dimittente
2378 4186 2567 4233 nostro
2584 4174 2832 4230 videlicet
2856 4170 3153 4234 intellectu,
3171 4171 3270 4224 sub
3288 4169 3450 4238 hujus

1863 4273 2006 4327 enirn
2027 4269 2479 4340 contemplatione
2509 4273 2739 4321 tenetur.
2783 4263 2880 4317 Est
2905 4270 2960 4316 et
2990 4260 3094 4315 alia
3121 4257 3360 4329 passeris
3385 4257 3458 4311 si-

1863 4361 2156 4434 gniﬁcatio,
2186 4371 2245 4415 ut
2291 4373 2456 4428 supra
2501 4356 2758 4412 diximus.
2798 4353 2953 4410 Unde
2982 4351 3180 4422 legitur
3213 4366 3225 4404 :
3263 4346 3458 4402 Trans-

1865 4456 2034 4524 migra
2084 4454 2140 4506 in
2182 4460 2409 4506 montem
2444 4451 2577 4504 sicut
2624 4462 2804 4518 passer
2833 4442 3008 4517 (Psal.
3043 4443 3119 4514 x).
3167 4441 3457 4496 Passerum

1867 4561 2083 4618 quoque
2120 4545 2275 4615 plura
2318 4549 2446 4597 sunt
2471 4554 2688 4612 genera.
2712 4538 2816 4593 Alii
2841 4537 3075 4609 gaudent
3098 4534 3164 4589 ad
3190 4532 3458 4588 foramina

1869 4639 2156 4710 parietum.
2219 4635 2321 4690 Alii
2346 4634 2512 4687 valles
2563 4630 2806 4686 roscidas
2857 4629 3182 4699 requirunt:
3215 4621 3460 4680 nonnulli

1872 4741 2084 4786 montes
2108 4735 2365 4798 appetunt
2403 4723 2730 4794 squalentes.
2767 4721 2872 4776 Sed
2902 4722 2966 4775 de
2996 4719 3100 4774 illis
3137 4732 3280 4771 nunc
3305 4715 3456 4780 dicit,

1871 4822 1964 4893 qui
1993 4821 2062 4875 ad
2107 4818 2371 4873 altissima
2396 4815 2512 4870 loca
2559 4827 2828 4869 terrarum
2865 4810 3135 4866 levissima
3181 4806 3461 4862 voluntate

1873 4914 2178 4984 rapiuntur,
2215 4917 2274 4964 ut
2294 4909 2378 4964 his
2408 4907 2604 4963 merito
2633 4905 2838 4961 similes
2863 4902 3223 4965 aestimentur,
3253 4898 3346 4968 qui
3389 4895 3460 4951 ad

1872 5007 2232 5078 aequissimas
2252 5002 2665 5076 prazdicationes
2690 4999 2910 5054 levitate
2939 4993 3299 5051 inconstantis
3345 4990 3462 5044 ani-

1874 5101 1946 5156 mi
1970 5096 2393 5153 transferuntur.
2427 5093 2562 5148 Nam
2583 5094 2636 5148 in
2661 5091 2875 5146 Psalmo
2903 5087 3168 5156 Propheta
3194 5085 3268 5138 ita
3294 5082 3460 5138 dicit:

1877 5189 2078 5248 Similis
2132 5190 2302 5259 factus
2358 5203 2474 5240 sum
2522 5184 2780 5256 pellicano
2827 5184 2882 5236 in
2931 5178 3215 5234 solitudine
3249 5176 3462 5245 :factus

1877 5302 1993 5340 sum
2045 5285 2177 5338 sicut
2204 5282 2508 5354 nycticoraa:
2536 5279 2591 5333 in
2618 5275 2908 5332 domicilio.
2947 5271 3176 5343 Vigilavi
3215 5279 3261 5324 et
3286 5269 3463 5338 factus

1878 5395 1990 5433 sum
2031 5378 2162 5430 sicut
2201 5389 2381 5444 passer
2414 5373 2601 5426 unicus
2644 5370 2698 5423 in
2748 5367 2975 5436 aediﬁcio
3003 5361 3175 5436 (Psal.
3225 5359 3323 5430 Cl).
3359 5358 3467 5414 Per

1877 5475 1992 5528 hinc
2037 5469 2250 5524 nomina
2303 5465 2582 5520 volucrum
2615 5462 2698 5532 (ut
2732 5455 2990 5529 arbitror)
3047 5455 3258 5510 diversa
3309 5449 3467 5505 nobis

1875 5561 2249 5635 pmnitentium
2311 5571 2507 5629 genera
2557 5554 2917 5609 declarantur.
2962 5545 3267 5601 Pellicanus
3317 5540 3466 5595 enim

1876 5658 1992 5711 avis
2037 5653 2288 5725 [Egyptia
2329 5661 2434 5715 est,
2472 5646 2694 5703 ciconiis
2740 5640 2983 5711 corporis
3009 5636 3316 5710 granditate
3340 5646 3450 5691 con

1877 5746 2091 5808 similis,
2144 5759 2264 5812 quae
2333 5739 2564 5796 naturali
2613 5735 2784 5790 macie
2831 5745 3045 5799 semper
3094 5725 3288 5780 affecta
3333 5729 3461 5775 est:
