3930 6350
1154 310 1215 365 Β.
1252 304 1505 364 RABANI
1538 301 1760 366 ﬁAURI
1798 299 2061 365 ΑΒΟΗῙΕ]

2166 298 2466 359 MOGUNTo
2506 298 2793 365 OPERUH
2827 299 3006 356 PARS
3040 299 3109 355 Π.

483 441 740 514 quoniam
772 432 949 507 (sicut
983 425 1283 501 pbysiologi
1336 420 1541 495 volunt)
1594 425 1746 475 tenso
1798 417 2049 514 intestino
2076 415 2125 480 Α
2152 415 2447 514 impetitur,
2476 430 2575 474 nec
2602 432 2838 486 unquam
2862 415 3043 487 praeda
3069 424 3170 473 est.
3210 413 3381 474 Maria
3406 419 3726 494 transvolat,

482 509 578 604 ῐῖθι·
637 528 867 590 Viscera.
920 515 1179 593 quidquid
1224 528 1472 581 escarum
1517 510 1737 581 accipit,
1792 509 1911 569 sine
1957 509 2055 565 ali-

482 599 590 695 qua
616 614 925 674 detractione
958 606 1268 671 transmitit.
1296 604 1434 664 Hinc
1458 601 1516 661 tit
1534 642 1551 669 ,
1574 609 1634 673 ut
1658 600 1817 695 adipe
1837 599 2054 669 proprio

484 694 707 777 minium
748 708 1031 771 farciatur,
1073 702 1203 775 quia
1250 696 1573 773 parvissima
1622 694 1863 753 ciborum
1891 706 2053 750 succo

484 802 727 861 reﬁcitur
754 819 766 853 :
789 813 910 871 qua
934 811 1042 863 non
1068 790 1332 865 gregatim
1373 797 1433 851 ut
1457 793 1669 849 caetera:
1709 799 1835 838 aves
1887 780 2051 846 volat,

484 896 579 952 sed
598 889 1018 952 delaetationese
1034 883 1276 941 solitaria
1296 879 1627 939 consolatur.
1666 876 1865 930 Eorum
1888 888 2053 928 unum

486 996 653 1054 genus
702 978 898 1038 dicitur
944 988 1085 1037 esse,
1134 970 1277 1044 quod
1323 967 1526 1039 stagnis
1583 961 2056 1020 inhabitatzaliud

487 1053 649 1146 (sicut
677 1070 879 1127 dictum
909 1064 1016 1137 est)
1047 1064 1190 1134 quod
1230 1061 1287 1115 in
1311 1057 1539 1115 desertis
1564 1053 2056 1122 locissecretisque

484 1144 771 1221 versatur;
804 1158 909 1218 Per
942 1157 1048 1216 hoc
1099 1154 1261 1227 igitur
1287 1150 1465 1205 avium
1495 1160 1663 1217 genus
1697 1144 2057 1215 pulcherrime

484 1252 858 1324 signiﬁcantur
906 1246 1161 1309 stamine,
1214 1242 1306 1313 qui
1355 1239 1631 1294 hominum
1674 1240 1946 1293 consortio
1966 1234 2059 1291 de-

484 1342 692 1407 relicto,
753 1339 943 1403 timore
988 1333 1222 1399 Domini,
1265 1339 1470 1386 remota
1526 1344 1583 1383 se
1630 1325 1914 1381 alllictioue
1951 1324 2059 1380 dis-

484 1433 748 1491 cruciant.
782 1429 1037 1501 Sequitur
1068 1446 1079 1480 :
1116 1424 1307 1484 Factus
1350 1439 1464 1481 sum
1514 1422 1645 1475 sicut
1684 1420 1985 1489 nycticorax-
2005 1419 2057 1471 in

488 1521 772 1583 domicilio.
800 1519 955 1579 Aliud
1000 1532 1170 1591 genus
1206 1512 1565 1575 introducitur
1594 1509 1923 1582 paenitentis.
1955 1506 2059 1578 Νγη

486 1614 725 1669 cticorax
751 1609 936 1667 Graeco
962 1606 1224 1663 vocabulo
1247 1605 1445 1665 dicitur
1465 1602 1639 1661 noctis
1662 1612 2057 1667 corvus,_quem

485 1705 702 1774 quidam
737 1704 1026 1767 bubonem,
1069 1699 1283 1775 quidam
1314 1705 1564 1752 noctuam
1612 1708 1729 1746 esse
1774 1691 2051 1745 dixerunt:

2155 505 2335 575 ibique
2364 506 2538 564 hieme
2564 514 2946 562 commoratur.
2976 506 3214 561 Hirundo
3242 516 3426 562 autem
3451 510 3728 579 paeniten-

2155 598 2290 654 tium
2333 614 2431 668 pro
2456 585 2713 669 peccatis
2742 600 2855 653 suis
2894 607 3075 669 typum
3122 606 3289 663 tenet,
3347 615 3469 669 quze
3497 602 3731 658 stridore

2152 687 2301 743 vocis
2346 688 2611 758 ploratum
2642 689 2814 758 magis
2844 705 3004 759 quam
3032 690 3318 753 melodiam
3340 701 3518 759 sonat,
3548 700 3604 753 et
3629 707 3732 764 pro

2153 786 2315 841 cantu
2344 780 2572 850 gemitus
2597 779 2755 833 edere
2790 779 2942 843 solet,
2988 782 3132 847 sicut
3175 791 3231 845 et
3274 782 3543 843 columba.
3576 785 3734 841 Unde

2154 869 2415 925 Ezechias
2440 870 2491 924 in
2519 871 2763 925 oratione
2784 885 2879 923 sua
2902 871 2977 923 ait
2997 886 3011 924 :
3029 870 3175 927 Sicut
3201 872 3377 942 pullus
3404 874 3731 944 hirundinis,

2153 960 2228 1014 sic
2276 960 2555 1017 clamabo:
2596 960 2882 1017 meditabor
2937 970 2990 1015 ut
3038 964 3274 1018 columba
3313 964 3447 1035 (Isa.
3482 968 3729 1038 xxxvnt).

2155 1049 2435 1122 Lacrymis
2463 1067 2590 1124 ergo
2618 1054 2730 1108 suis
2753 1053 3022 1123 ptenitens
3038 1057 3297 1124 pascitur,
3320 1065 3375 1112 et
3400 1059 3468 1112 ad
3498 1074 3733 1129 superna

2157 1160 2252 1204 cor
2280 1146 2500 1207 elevans
2531 1146 2767 1207 caelestis
2790 1148 2894 1207 cibi
2921 1149 3173 1217 pabulum
3198 1152 3300 1205 sibi
3329 1154 3539 1223 qumrit.
3579 1156 3735 1211 Unde

2158 1246 2212 1292 et
2237 1237 2506 1307 Propheta
2552 1238 2666 1293 ait:
2695 1236 2933 1296 Fuerunt
2961 1240 3090 1315 mihi
3123 1240 3370 1311 lacrgmae
3400 1262 3527 1298 mea:
3573 1263 3734 1315 panes

2157 1326 2241 1381 die
2266 1344 2328 1382 ac
2354 1338 2517 1392 nocte,
2546 1327 2673 1389 dum
2702 1329 2897 1387 dicitur
2919 1329 3043 1385 mihi
3076 1332 3308 1399 quotidie
3332 1346 3349 1382 ε
3370 1332 3471 1387 Ubi
3496 1345 3567 1389 cst
3599 1335 3741 1389 Deus

2159 1429 2278 1480 tuus
2310 1418 2482 1491 (Psal.
2516 1420 2662 1490 xm)?
2683 1420 2749 1476 Et
2770 1420 2986 1485 iterum,
3014 1420 3156 1478 Sicut
3186 1423 3432 1491 cinerem,
3469 1426 3741 1493 inquiens,

2159 1512 2543 1575 manducabam
2569 1529 2756 1582 panem
2782 1529 2953 1574 meum
2981 1526 2999 1563 :
3025 1523 3071 1566 et
3098 1522 3276 1582 potum
3306 1530 3424 1569 cum
3452 1515 3576 1584 ﬂetu
3605 1526 3740 1569 tem-

2159 1603 2405 1674 perabant
2454 1621 2485 1655 α
2535 1602 2669 1670 facie
2694 1603 2787 1657 ira:
2816 1613 2861 1657 et
2907 1604 3282 1673 indignationis
3311 1614 3449 1671 tuac;
3489 1608 3613 1675 quia
3643 1605 3750 1661 ele-

2160 1712 2287 1748 vans
2320 1693 2502 1747 elisisti
2528 1710 2608 1747 me
2642 1691 2813 1764 (Psal.
2838 1694 2932 1763 cr).
2976 1693 3216 1764 Upupam
3244 1695 3417 1751 Graeci
3453 1697 3746 1766 appellant,

486 1773 575 1847 alii
604 1793 772 1862 magis
799 1806 959 1851 corvo
1006 1786 1373 1859 magnitudine
1398 1793 1456 1842 et
1496 1783 1675 1838 colore
1700 1778 2054 1845 consimilem,
2086 1773 2134 1837 Β
2161 1798 2224 1847 eo
2244 1783 2393 1865 quod.
2414 1790 2651 1837 stercora
2672 1783 2904 1844 Immana
2921 1783 3247 1848 considerat,
3264 1793 3320 1845 ει
3350 1784 3537 1843 fetum
3564 1801 3753 1854 pasca-

483 1897 643 1955 quem
687 1878 989 1951 specialiter
1029 1878 1084 1933 in
1140 1877 1283 1932 Asia:
1330 1874 1573 1949 partibus
1600 1871 1846 1926 -iuveniri
1900 1884 2058 1941 posse

485 1983 772 2035 testantur.
804 1973 965 2027 lstum
1001 1972 1142 2027 sicut
1187 1968 1290 2023 diei
1318 1965 1495 2036 fulgor
1518 1964 1820 2027 abscondit,
1867 1962 1939 2015 ita
1964 1961 2058 2015 ad-

485 2075 680 2123 ventus
736 2062 906 2123 noctis
962 2061 1210 2136 producit
1251 2075 1266 2111 :
1308 2065 1363 2111 et
1404 2066 1591 2112 contra
1646 2053 2062 2109 consuetudines

491 2155 671 2219 avium
694 2160 820 2216 tunc
846 2151 1020 2227 magis
1047 2149 1271 2227 vigilare
1301 2156 1355 2207 et
1404 2160 1558 2207 escas
1582 2160 1826 2215 quaerere
1853 2143 2058 2212 incipit,

489 2247 702 2321 quando
731 2260 788 2309 se
809 2246 864 2310 in
888 2258 1135 2316 soporem
1170 2241 1465 2305 animantia
1487 2249 1682 2295 cuncta
1711 2244 2059 2308 componunt,
2113 2252 2122 2258 ·

484 2337 563 2393 lta
602 2346 657 2396 et
702 2336 969 2410 paenitens
995 2335 1097 2393 iste
1124 2343 1391 2397 nocturno
1429 2340 1669 2401 tempore
1694 2344 1847 2385 escas
1870 2330 2064 2389 anima:

485 2427 713 2489 sollicita
740 2426 1053 2486 curiositate
1084 2422 1370 2494 perquirit,
1418 2422 1575 2479 modo
1606 2420 1914 2498 psalmodize
1934 2434 2063 2488 ope-

486 2536 603 2579 ram
630 2519 824 2584 dando.
856 2518 1016 2579 modo
1041 2516 1409 2585 eleemosynas
1445 2514 1711 2579 faciendo,
1748 2514 1906 2567 modo
1943 2528 2063 2566 car-

486 2626 639 2671 ceres
679 2609 887 2668 occulte
926 2607 1191 2669 visitando
1246 2605 1415 2669 solum
1473 2605 1641 2659 Deum
1700 2601 1813 2655 vult
1867 2601 2066 2655 habere

488 2710 701 2767 testem,
745 2701 832 2761 cui
872 2698 1041 2777 caligo
1070 2696 1306 2760 noctium
1357 2710 1466 2757 non
1493 2693 1631 2749 tollit
1664 2701 1958 2759 aspectum.
1998 2691 2067 2747 Et

488 2801 635 2860 nota,
658 2792 783 2861 quia
818 2790 958 2856 sicut
1001 2788 1297 2861 pellicanus
1318 2788 1568 2862 designat
1600 2784 1881 2840 eremitam
1905 2793 2066 2853 atque

498 2882 818 2946 solitarium,
850 2881 921 2942 ita
949 2881 1265 2959 nycticorax
1296 2877 1445 2939 illum
1478 2876 1735 2941 ded-arat,
1767 2876 1859 2944 qui
1903 2875 2067 2931 sedo-

492 2972 693 3035 micilio
712 2975 949 3037 retinens
975 2986 1006 3029 a
1022 2971 1239 3044 publica
1264 2969 1467 3031 visione
1488 2974 1725 3023 remotus
1748 2973 1849 3021 est.
1882 2966 2069 3025 Potest

491 3066 653 3125 etiam
700 3065 1015 3139 nycticorax
1052 3061 1327 3125 Christum
1369 3061 1454 3116 vel
1494 3060 1665 3113 virum
1711 3065 1956 3115 sanctum
1991 3058 2066 3113 si-

490 3153 746 3226 gnificare
792 3153 849 3216 in
902 3150 1149 3215 ﬁdelibus
1177 3148 1577 3220 despicabilem.
1615 3147 1811 3206 Passer
1840 3155 1923 3202 est
1950 3147 2066 3202 avis

489 3262 679 3319 parva,
725 3253 783 3303 ut
807 3260 969 3317 supra
996 3244 1229 3307 diximus
1252 3257 1266 3296 :
1292 3243 1387 3307 sed
1431 3242 1595 3303 nimia
1634 3241 1934 3311 sagacitate
1962 3240 2069 3296 sol-

497 3340 646 3399 licita
693 3354 813 3410 qua:
852 3352 951 3399 nec
990 3336 1147 3401 facile
1174 3336 1378 3413 laqueis
1411 3335 1677 3399 irretitur,
1722 3348 1821 3395 nec
1848 3349 1945 3404 per
1988 3334 2067 3388 iu-

492 3431 722 3504 gluviem
762 3428 964 3493 ventris
1011 3440 1264 3489 escarum
1309 3424 1605 3499 ambitione
1626 3424 1907 3504 decipitur.
1943 3424 2067 3478 Haec

493 3529 712 3592 propter
758 3518 1123 3586 inﬁrmitatem
1148 3529 1301 3583 suam
1337 3528 1405 3568 ne
1436 3522 1527 3569 aut
1552 3515 1665 3582 ipsa
1705 3530 1735 3567 a
1767 3514 2066 3583 prmdatore

493 3612 758 3683 capiatur,
794 3619 885 3673 aut
920 3607 1086 3671 laetus
1125 3609 1239 3681 ejus
1276 3605 1599 3674 serpentinis
1630 3605 1955 3659 devbrentur
1984 3604 2066 3657 in-

493 3701 665 3765 sidiis,
710 3700 850 3761 inter
889 3712 1016 3771 aves
1052 3696 1213 3758 unica
1251 3695 1502 3750 cautione
1530 3693 1736 3747 munita
1770 3694 1838 3747 ad
1882 3695 2067 3753 domo-

490 3810 612 3850 rum
649 3792 861 3864 l'astigia
895 3790 1039 3851 celsa
1088 3786 1407 3845 concurrit:
1464 3794 1521 3839 ut
1581 3800 1612 3839 a
1666 3786 1934 3854 suspectis
1977 3800 2064 3845 ca-

491 3887 641 3942 sibus
696 3884 949 3947 reddatur
1006 3880 1203 3953 alieua,
1247 3891 1369 3956 quae
1414 3876 1597 3939 multis
1641 3876 1893 3946 periculis
1947 3890 2068 3946 pro-

489 3978 651 4037 batur
678 3974 924 4035 obnoxia.
954 3971 1089 4026 Huic
1114 3970 1306 4045 merito
1338 3974 1706 4038 comparatur,
1741 3966 1831 4038 qui
1866 3967 2064 4023 diaboli

495 4067 717 4135 insidias
761 4064 1055 4125 formidans
1098 4060 1409 4138 specialiter
1438 4059 1504 4115 ad
1532 4056 1788 4117 Ecclesiae
1814 4066 1965 4133 septa
2008 4072 2065 4112 se

492 4162 797 4231 conferens,
850 4160 903 4214 in
936 4156 1052 4229 eius
1076 4155 1293 4228 fastigio
1328 4153 1558 4224 vigilans
1585 4150 1851 4209 tutissime
1887 4164 2068 4219 perse-

490 4263 659 4316 verat.
686 4251 912 4313 Unicum
937 4250 1073 4309 dixit
1098 4254 1323 4318 propter
1353 4245 1690 4309 charitatem,
1709 4259 1828 4316 quae
1845 4258 1913 4309 ex
1936 4242 2068 4297 mul-

493 4346 562 4401 tis
592 4358 757 4404 unum
800 4341 928 4405 facit
950 4357 967 4402 ;
990 4341 1045 4401 in
1069 4338 1293 4406 edi/icio
1318 4345 1541 4409 propter
1575 4336 1909 4399 altitudinem
1934 4334 2061 4397 ﬁdei

492 4446 548 4494 et
596 4436 966 4499 fortitudinem
994 4433 1209 4492 mentis.
1242 4430 1700 4493 Considerandum
1743 4437 1826 4493 est
1872 4428 2055 4493 etiam,

491 4529 938 4602 quenadmodum
972 4527 1081 4591 iste
1119 4524 1427 4594 supplicans
1464 4538 1496 4576 a
1526 4521 1821 4590 majoribus
1850 4521 2054 4585 avibus,

491 4624 755 4694 pellicano
792 4629 847 4673 et
890 4618 1246 4689 nycticorace,
1287 4614 1449 4683 cepit,
1490 4622 1545 4673 et
1583 4612 1830 4682 pervenit
1889 4625 2061 4679 usque

494 4716 561 4772 ad
622 4712 860 4783 passeris
902 4707 1320 4773 minutissimam
1378 4706 1699 4775 parvitatem
1748 4720 1760 4756 :
1806 4702 2058 4772 quoniam

490 4807 753 4879 gradatim
782 4803 1092 4875 mittendo
1122 4801 1453 4862 descendens
1486 4798 1662 4868 primo
1704 4796 1823 4861 loco
1845 4794 2062 4865 grandis

492 4911 597 4966 est,
646 4901 880 4967 seminudo
931 4898 1233 4961 muliocris,
1287 4894 1446 4951 tertio
1507 4890 1894 4949 consuetudine
1948 4888 2063 4957 ipsa

491 4995 712 5054 uncino
768 4992 1077 5048 tolerabilis.
1127 4990 1221 5047 llas
1271 4995 1451 5043 autem
1513 4999 1639 5041 aves
1680 4996 1778 5052 per
1836 4982 2062 5052 ﬁguram

494 5098 619 5145 sunt
641 5086 906 5157 parabolae
950 5082 1258 5143 honinibus
1303 5093 1497 5151 genere
1538 5077 1923 5145 discrepantes,
1968 5073 2066 5133 sed

492 5180 939 5241 consuetudinum
965 5177 1226 5249 qualitate
1268 5170 1597 5229 consimiles.
1634 5168 1871 5233 liirundo
1900 5166 2061 5231 dicta,

498 5277 638 5349 quod
668 5274 817 5329 cibos
856 5286 966 5325 non
1008 5276 1184 5325 sumat
1229 5265 1491 5329 residens,
1549 5260 1642 5323 sed
1668 5260 1721 5323 in
1744 5272 1869 5323 aere
1887 5259 2053 5329 capia.

496 5384 654 5426 escas
694 5376 750 5422 et
780 5366 901 5421 edat
930 5382 941 5418 :
976 5360 1191 5433 garrula
1240 5358 1351 5413 avis
1377 5364 1433 5411 et
1476 5369 1578 5424 per
1604 5359 1880 5415 tortuosos
1904 5351 2060 5407 orbe!

492 5472 549 5517 et
575 5460 839 5515 ﬂexuosos
859 5456 1115 5513 circuitus
1136 5448 1439 5522 pet-volans,
1454 5453 1514 5500 et
1534 5444 1589 5499 in
1605 5442 1745 5499 nidis
1758 5451 2064 5501 construen-

495 5553 577 5607 dis
638 5547 1038 5615 educandisque
1104 5542 1324 5599 [mtibus
1395 5534 1789 5600 solertissima,
1859 5533 2066 5587 haoens

495 5648 658 5702 etiam
704 5643 976 5716 quoddam
1024 5639 1331 5711 praiscium,
1380 5632 1523 5705 quad
1570 5630 1785 5700 lapsura
1825 5627 2061 5690 deserat,

492 5755 595 5809 nec
620 5744 834 5806 appetat
854 5734 1089 5797 culmina
1122 5751 1135 5790 :
1166 5729 1233 5788 ab
1294 5727 1418 5787 aliis
1456 5736 1669 5807 quoque
1716 5720 1908 5779 avibus
1954 5730 2063 5775 non

2160 1883 2246 1929 tur
2265 1874 2431 1941 fumo,
2450 1875 2562 1929 avis
2576 1874 2944 1944 spurcissima,
2960 1875 3140 1934 cristis
3161 1877 3499 1933 exstantibus
3517 1877 3748 1948 galeata,

2163 1982 2373 2037 semper
2402 1969 2455 2022 in
2488 1968 2745 2037 sepulcris
2766 1976 2820 2027 et
2846 1969 3081 2027 humano
3116 1977 3357 2033 stercore
3378 1986 3743 2027 commorans.

2163 2059 2289 2113 llaec
2316 2060 2429 2113 avis
2458 2060 2747 2116 sceleratos
2775 2070 3170 2130 etvpeccatores
3186 2063 3431 2118 homines
3458 2064 3752 2134 signiﬁcat,

2163 2149 2251 2219 qui
2278 2150 2525 2203 sordibus
2558 2158 2901 2218 peccatorum
2931 2152 3206 2207 immorari
3236 2153 3451 2206 assidue
3477 2154 3754 2209 delectan-

2165 2250 2269 2298 tur.
2296 2242 2501 2297 Corvus
2538 2242 2649 2297 sive
2680 2258 2840 2298 corax
2867 2258 3060 2297 nomen
3088 2259 3117 2297 a
3151 2258 3284 2297 sono
3313 2245 3545 2314 gutturis
3567 2248 3751 2311 habet,

2164 2332 2306 2400 quod
2358 2348 2491 2389 voce
2527 2333 2772 2387 crocitet.
2830 2332 3023 2388 Fertur
3064 2333 3180 2389 haec
3207 2333 3345 2398 avis,
3399 2336 3541 2403 quod
3593 2336 3754 2391 editis

2165 2422 2326 2491 pullis
2361 2438 2539 2483 escam
2582 2423 2739 2491 plene
2778 2438 2884 2477 nou
2926 2422 3184 2491 prmbeat,
3233 2425 3548 2496 priusquam
3580 2426 3632 2479 in
3674 2426 3754 2481 eis

2166 2529 2263 2583 per
2320 2529 2622 2583 pennarum
2683 2514 3018 2583 nigredinem
3082 2515 3486 2569 similitudinem
3548 2517 3753 2585 proprii

2167 2610 2365 2664 coloris
2405 2619 2680 2677 agnoscat.
2721 2608 3012 2675 Postquam
3060 2621 3187 2663 vero
3214 2624 3308 2663 eos
3357 2616 3525 2663 tetras
3553 2609 3752 2678 plumis

2167 2702 2453 2772 aspexerit.
2473 2701 2527 2756 in
2565 2709 2698 2763 toto,
2746 2700 2958 2771 agnitos
2998 2698 3361 2755 abundantius
3404 2699 3600 2768 pascit.
3652 2698 3752 2755 llic

2166 2794 2314 2862 prior
2380 2793 2435 2845 in
2496 2792 2850 2849 cadaveribus
2907 2789 3121 2847 oculum
3174 2789 3326 2859 petit.
3404 2788 3616 2844 Corvus
3668 2789 3752 2846 ni-

2169 2882 2446 2949 gredinem
2507 2890 2851 2949 peccatorum
2891 2880 2974 2935 vel
3014 2881 3318 2939 dmmonum
3356 2880 3663 2949 signiﬁcat,
3689 2888 3751 2934 ut

2170 2982 2251 3027 est
2276 2971 2404 3026 illud
2447 2972 2498 3029 in
2537 2969 2825 3031 Salomone
2860 3011 2873 3023 .
2912 2969 3185 3038 E/j'odiant
3224 2986 3339 3022 eam
3368 2970 3509 3023 corvi
3538 2971 3602 3024 de
3629 2987 3753 3025 con-

2173 3064 2392 3119 vallibus
2449 3061 2627 3134 (Prov.
2694 3061 2843 3127 xxx).
2894 3062 3025 3115 Item
3078 3076 3273 3119 corvus
3335 3061 3589 3129 gentilem
3654 3077 3753 3134 po-

2169 3156 2352 3226 pulum
2400 3154 2685 3225 signiﬁcat,
2732 3162 2790 3210 ut
2818 3161 2901 3215 est
2933 3151 3061 3205 illud
3104 3152 3156 3204 in
3189 3150 3289 3206 Job
3319 3169 3331 3204 :
3357 3150 3489 3217 Quis
3509 3163 3755 3221 preparat

2170 3264 2322 3301 corvo
2384 3262 2552 3303 escam
2598 3261 2766 3308 suam,
2813 3242 3017 3314 quando
3059 3240 3189 3312 pulli
3214 3243 3329 3311 ejus
3366 3242 3438 3299 ad
3469 3241 3755 3299 Dominum

2171 3338 2397 3392 clamant
2436 3346 2701 3405 vagantes,
2749 3352 2808 3389 eo
2855 3334 2993 3403 quod
3038 3350 3143 3389 non
3173 3332 3395 3390 habeant
3440 3333 3580 3387 cibos
3606 3334 3753 3403 (Job.

2168 3427 2379 3497 χχιιι).
2413 3426 2578 3485 Pullis
2604 3442 2731 3480 vero
2757 3438 3067 3487 corvorum,
3100 3422 3225 3479 (iliis
3247 3422 3457 3480 scilicet
3486 3425 3753 3493 gentium,

2170 3532 2293 3576 esca
2342 3517 2524 3579 datur,
2555 3531 2677 3569 cum
2709 3529 2896 3569 eorum
2929 3512 3255 3568 desiderium
3295 3522 3480 3569 nostra
3522 3527 3755 3568 conver-

2173 3607 2325 3666 sione
2362 3606 2621 3664 reﬁcitur.
2666 3606 2900 3661 Rursum
2951 3605 3007 3659 in
3040 3603 3237 3661 bonam
3266 3612 3475 3673 partem
3508 3606 3753 3673 ponitur,

2171 3707 2229 3757 ut
2250 3708 2335 3756 est
2359 3699 2484 3752 illud
2515 3700 2566 3753 iu
2594 3698 2833 3755 Canticis
2868 3698 3203 3759 canticorum
3226 3698 3293 3753 de
3312 3713 3548 3767 sponso:
3571 3697 3756 3754 Crines

2169 3788 2285 3857 ejus
2332 3800 2387 3841 ut
2438 3788 2649 3852 abietes,
2688 3789 2824 3857 nigri
2865 3788 3003 3844 sicut
3040 3787 3178 3842 corvi
3223 3784 3399 3858 (Cant.
3438 3788 3515 3859 v).
3548 3788 3756 3845 Corvus

2169 3878 2418 3937 Christus
2447 3888 2529 3936 est
2573 3878 2627 3937 in
2664 3878 2921 3937 membris
2966 3875 3103 3944 ejus,
3142 3879 3247 3936 hoc
3284 3890 3389 3942 est,
3435 3865 3666 3944 sanctis,
3695 3890 3756 3938 nt

2170 3968 2222 4022 in
2252 3968 2487 4029 canticis
2519 3969 2855 4027 canticorum
2889 3986 2901 4020 :
2929 3966 3108 4025 Coma:
3146 3969 3260 4039 ejus
3286 3969 3421 4027 sicut
3454 3970 3609 4025 elatae
3641 3973 3755 4043 pal-

2168 4076 2394 4123 marum,
2432 4060 2593 4129 nigra:
2632 4059 2784 4130 quasi
2823 4074 3004 4117 corvus
3029 4057 3238 4130 (Ibid.).
3294 4059 3499 4115 Corvus
3530 4062 3755 4132 nigredo

2168 4152 2376 4221 peccati
2407 4150 2487 4205 vel
2519 4150 2866 4217 inﬁdelitatis,
2897 4150 3033 4205 utin
3062 4150 3277 4209 Psalmo
3309 4169 3321 4205 :
3352 4150 3420 4206 Et
3439 4152 3618 4221 pullus
3642 4170 3755 4207 cor-

2170 4259 2349 4301 vorum
2385 4241 2740 4299 invocantibus
2764 4258 2883 4295 eum
2910 4238 3081 4311 (Psal.
3107 4241 3309 4309 cxnvr).
3339 4240 3549 4297 Corvus
3566 4258 3757 4321 pecca-

2170 4334 2303 4389 toris
2329 4332 2549 4393 tarditas
2570 4332 2636 4390 ad
2650 4330 3047 4401 pmoitentiam,
3088 4338 3144 4384 et
3168 4345 3307 4389 vana
3348 4346 3444 4399 spe
3466 4330 3534 4387 de
3569 4332 3657 4389 die
3696 4332 3753 4387 in

2168 4427 2311 4481 diem
2365 4423 2635 4489 dili‘erens,
2676 4431 2736 4478 ut
2789 4422 2845 4480 in
2893 4421 3202 4491 Sophonia:
3244 4420 3357 4477 Vos:
3408 4424 3673 4479 cantantis
3695 4425 3751 4477 in

2165 4519 2409 4588 fenestra,
2450 4533 2628 4570 corvus
2683 4516 2738 4571 in
2776 4514 3260 4583 superliminaribus
3309 4514 3421 4583 ejus
3453 4512 3639 4583 (Soph.
3667 4516 3750 4583 ll).

2165 4610 2384 4674 Cornix,
2404 4624 2605 4665 annosa
2632 4608 2771 4669 avis,
2797 4605 2936 4674 apud
2962 4604 3182 4660 Latinos
3197 4603 3387 4660 Graeco
3411 4606 3629 4661 nomine
3660 4622 3755 4677 ap-

2167 4698 2415 4768 pellatur,
2446 4712 2606 4766 quam
2639 4696 2791 4753 aiunt
2822 4710 3053 4764 augures
3089 4694 3367 4749 hominum
3393 4710 3555 4753 curas
3584 4695 3751 4762 signi-

2168 4788 2509 4844 ﬁcationibus
2539 4802 2716 4858 agere,
2736 4786 3053 4849 insidiarum
3082 4786 3200 4840 vias
3223 4794 3550 4850 monstrare,
3570 4785 3750 4841 futura

2168 4880 2481 4951 praedicere.
2513 4877 2765 4949 Magnum
2794 4892 2922 4946 ergo
2952 4874 3105 4929 nefas
3131 4885 3214 4930 est
3255 4876 3371 4931 liaec
3418 4876 3666 4941 credere,
3696 4886 3753 4930 ut

2171 4972 2312 5035 Deus
2359 4972 2577 5032 Consilia
2624 4986 2726 5031 (sua
2779 4969 3088 5025 cornicibus
3132 4968 3373 5032 mandet,
3426 4964 3566 5031 Huic
3611 4968 3756 5023 inter

2171 5066 2335 5130 multa
2389 5064 2625 5136 auspicia
2674 5063 2918 5121 tribuunt
2958 5061 3124 5119 etiam
3174 5061 3386 5132 pluvias
3424 5062 3753 5133 portendere

2171 5158 2413 5219 vocibus.
2457 5154 2606 5213 Unde
2624 5164 2709 5211 est
2736 5152 2868 5213 illud
2899 5170 2911 5206 :

2296 5300 2430 5355 ’l‘unc
2448 5300 2612 5351 cornix
2644 5298 2784 5361 plena
2821 5295 3032 5360 pluviam
3064 5301 3205 5347 vocat
3239 5293 3461 5358 improba
3488 5305 3633 5346 voce.

2245 5431 2349 5487 Sed
2394 5432 2510 5490 haec
2554 5429 2759 5483 incerta
2800 5426 3112 5487 amittentes
3150 5425 3218 5479 de
3264 5424 3588 5479 certioribus
3618 5427 3757 5481 scri-

2170 5526 2298 5586 bere
2327 5531 2611 5578 tentemus.
2647 5518 2835 5573 Milvus
2863 5516 3041 5572 mollis
3083 5524 3137 5570 et
3186 5515 3392 5573 viribus
3441 5524 3499 5570 et
3543 5516 3751 5581 volatu,

2171 5618 2324 5690 quasi
2353 5614 2529 5671 mollis
2552 5612 2683 5666 avis.
2723 5608 2874 5665 Unde
2893 5616 2949 5663 et
2969 5615 3328 5674 nuncupatus,
3362 5607 3754 5690 rapacissimus

2106 5714 2111 5720 ’
2172 5687 2376 5783 tamen,
2413 5718 2469 5767 et
2490 5704 2797 5765 domesticis
2820 5716 3034 5776 semper
3067 5700 3255 5765 avibus
3282 5687 3590 5761 insidiatur.
3626 5695 3751 5761 Mil.
