3930 6368
1206 351 1296 410 DE
1334 351 1682 411 UNIVERSO
1717 350 1897 412 LIBRI
1933 350 2102 410 XXII.
2140 381 2213 395 —
2247 353 2375 413 LIB.
2416 355 2550 415 VIII.

232 486 337 528 vus
364 469 647 543 signiﬁcat
673 474 863 540 utpote
891 477 1145 541 rapacem
1183 467 1269 523 vel
1299 467 1499 523 elatum
1526 467 1821 535 hominem,
1851 472 1904 535 Α
1927 469 2285 540 ingredientia
2326 471 2598 544 diripiunt,
2631 488 2749 543 qua:
2802 476 3124 546 repererint,
3173 490 3242 531 ne
3282 479 3499 548 quidem

234 571 295 618 ut
321 570 406 617 est
429 560 635 616 illudin
658 559 873 618 Psalmo
892 559 1188 615 secundum
1208 559 1494 617 Hebrteos:
1516 560 1665 615 Ηίιυὶ
1685 559 1825 618 abies

234 656 377 709 domi
426 655 570 723 ejus.
611 655 883 725 Accipiter
907 654 1022 708 avis
1061 652 1240 708 animo
1259 652 1380 722 plus
1408 659 1616 709 armata
1662 667 1824 723 quam

235 743 473 815 ungulis,
488 744 636 799 virtu
645 753 752 799 tem
776 743 1031 811 majorem
1058 742 1111 796 in
1127 744 1320 798 minori
1342 758 1569 812 corpore
1586 752 1819 814 gestans.

234 834 331 889 llic
366 835 437 888 ab
469 834 813 903 accipiendo,
838 832 891 887 id
924 838 1007 889 est
1038 846 1071 885 a
1112 832 1391 901 capiendo,
1427 846 1622 886 nomen
1672 844 1821 887 sum-

233 924 357 995 psit.
392 922 494 977 Est
518 924 666 977 enim
692 923 805 976 avis
835 920 1105 989 rapiendis
1126 919 1245 973 aliis
1265 920 1455 974 avibus
1476 920 1631 974 avida
1650 938 1662 974 :
1680 920 1825 975 ideo-

231 1029 332 1084 que
356 1022 595 1069 vocatur
613 1014 890 1082 accipiter.
912 1011 1012 1066 hoc
1034 1019 1117 1065 est
1144 1021 1347 1080 raptor.
1376 1010 1527 1066 Unde
1548 1020 1601 1066 et
1629 1011 1823 1067 Paulus

231 1107 358 1161 dicit
388 1126 402 1160 :
437 1106 727 1161 Sustinetis
764 1105 920 1169 enim,
949 1104 992 1157 si
1014 1104 1129 1174 quis
1153 1104 1337 1173 accipit
1368 1101 1453 1174 (II
1475 1100 1594 1157 Cor.
1627 1103 1725 1174 χι).
1755 1104 1824 1159 Ut

232 1198 353 1272 [Nc]
386 1201 540 1254 enim
580 1199 780 1264 dicent,
802 1198 845 1251 si
868 1198 983 1267 quis
1012 1196 1171 1265 rapit,
1204 1195 1361 1261 dixit,
1394 1196 1436 1249 si
1468 1195 1584 1265 quis
1615 1196 1819 1265 accipit.

227 1290 437 1346 Ferunt
492 1298 678 1344 autem
719 1288 1005 1357 accipitres
1041 1287 1187 1342 circa
1232 1285 1405 1356 pullos
1450 1301 1578 1342 suos
1630 1286 1820 1355 impios

225 1400 364 1439 esse.
396 1382 539 1437 Nam
574 1398 695 1438 cum
734 1382 968 1437 viderint
1008 1395 1099 1434 eos
1144 1394 1303 1447 posse
1354 1386 1564 1435 tentare
1589 1378 1815 1443 volatus,

226 1473 399 1527 nullas
422 1473 507 1527 eis
544 1473 790 1542 prtebent
828 1484 979 1524 escas
1006 1487 1019 1521 :
1046 1467 1141 1522 sed
1170 1468 1457 1522 verberant
1483 1467 1676 1538 pennis
1705 1475 1759 1523 ει
1788 1481 1818 1522 a

224 1566 350 1620 nido
370 1566 745 1635 praecipitant,
777 1570 938 1630 atque
986 1568 1202 1616 teneros
1229 1560 1555 1629 compellunt
1581 1561 1646 1613 ad
1676 1576 1815 1629 prae-

223 1654 367 1721 dam,
398 1671 470 1711 ne
504 1656 651 1709 forte
680 1652 844 1709 adulti
871 1653 1195 1723 pigrescant.
1228 1651 1503 1721 Accipiter
1548 1652 1816 1707 interdum

223 1756 472 1803 sanctum
518 1747 701 1801 virum
750 1744 1037 1816 signiﬁcat,
1089 1752 1272 1812 utpote
1320 1743 1536 1811 rapiens
1588 1758 1809 1813 regnum

1927 562 2225 631 gerentium
2249 576 2307 617 se
2327 562 2562 619 obsoniis
2573 566 2871 636 parcentia.
2916 567 3121 636 Quibus
3150 577 3277 625 sunt
3298 569 3501 629 similes

1925 654 2164 723 quidam,
2214 654 2307 723 qui
2362 664 2643 724 penetrant
2683 658 2873 713 domos
2919 667 2975 715 et
3015 660 3255 730 captivas
3300 660 3502 723 ducunt

1923 744 2269 803 mulierculas
2315 757 2564 803 oneratas
2600 750 2857 818 peccatis,
2905 766 3041 821 quos
3087 752 3287 811 Paulus
3321 753 3501 825 arguit

1926 833 2015 906 (ΙΙ
2046 834 2182 891 Tim.
2205 836 2308 907 ut).
2328 838 2518 894 γυιων
2538 840 2669 895 rixis
2698 848 2753 896 et
2778 841 2934 897 bellis
2956 842 3153 912 gaudet
3177 854 3393 918 propter
3411 859 3501 900 ca.

1925 927 2123 985 daverat
2150 928 2476 998 praeliorum,
2494 931 2781 999 intantum,
2809 935 3045 1010 utetiam
3068 942 3328 1005 sequatur
3350 950 3501 992 exer—

1924 1020 2110 1075 citum.
2147 1020 2265 1077 Non
2294 1038 2423 1091 ergo
2451 1033 2661 1094 oportet
2678 1026 2908 1085 aliorum
2937 1028 3151 1087 casibus
3172 1028 3317 1097 pasci
3340 1036 3499 1098 atque

1923 1110 2118 1165 nutriri
2157 1126 2302 1178 eum,
2336 1113 2424 1181 qui
2463 1116 2899 1186 contemplationi
2944 1117 3034 1173 dat
3074 1132 3315 1187 operam.
3366 1116 3499 1175 Cor-

1922 1200 2035 1256 vini
2084 1216 2215 1272 ergo
2268 1204 2477 1273 generis
2544 1205 2798 1265 animalia
2872 1214 2997 1262 sunt
3053 1206 3352 1264 allectionis
3400 1222 3497 1267 ex-

1921 1296 2095 1364 pertia
2141 1296 2331 1365 :quod
2395 1296 2740 1354 manifestum
2790 1307 2871 1357 est
2928 1316 2995 1355 ex
3040 1316 3103 1359 eo
3156 1302 3299 1371 quod
3345 1301 3502 1358 emis-

1923 1402 2015 1443 sus
2066 1404 2099 1442 a
2173 1388 2287 1445 Noe
2357 1406 2421 1445 ex
2494 1391 2668 1461 prima
2738 1407 2865 1447 eum
2932 1408 3126 1451 corvus
3199 1395 3500 1449 avolatioue

1923 1488 2293 1550 transgressus
2363 1490 2443 1536 est
2495 1482 2647 1551 (Gen.
2700 1482 2852 1555 v1").
2911 1483 3011 1539 Cui
3090 1484 3279 1542 similis
3333 1484 3500 1540 Judas

1919 1569 2064 1627 circa
2108 1585 2266 1625 suum
2317 1573 2631 1643 magistrum
2674 1574 2773 1631 fuit
2801 1582 2855 1631 et
2902 1576 3205 1633 Dominum.
3252 1575 3497 1633 Struthio

1919 1662 2035 1717 avis
2064 1664 2280 1731 quidem
2304 1673 2405 1729 est,
2437 1665 2529 1719 sed
2560 1664 2743 1719 volare
2764 1680 2870 1720 non
2891 1674 3089 1734 potest,
3122 1675 3399 1737 totamque
3418 1667 3498 1721 vi-

1916 1740 2028 1807 lam
2055 1769 2209 1807 suam
2236 1756 2379 1810 circa
2402 1764 2600 1809 terram
2623 1765 2848 1826 occupat
2875 1758 3094 1826 :quales
3120 1766 3245 1812 sunt
3274 1758 3493 1826 quidam

223 1842 336 1895 Dei.
407 1842 486 1895 De
517 1856 631 1911 quo
668 1839 929 1907 scriptum
972 1846 1057 1892 est
1103 1837 1157 1892 in
1184 1835 1284 1889 Job
1314 1854 1325 1885 :
1361 1835 1615 1907 Nunquid
1647 1838 1701 1891 in
1727 1854 1815 1891 sa-
1842 1828 1890 1888 Β
1917 1844 2027 1900 1)εο
2048 1845 2341 1901 militantes
2368 1853 2423 1901 et
2446 1846 2623 1901 saeculi
2646 1847 2875 1916 negotiis
2904 1863 2963 1901 se
2988 1847 3345 1915 implicantes.
3377 1846 3488 1901 No-

220 1932 413 2001 pientia
446 1941 543 1984 tua
580 1930 851 1999 plumescit
894 1928 1142 1996 accipiter
1187 1927 1483 1995 expandens
1532 1927 1645 1981 alas
1689 1944 1812 1981 suas
1915 1942 2095 1988 ctuam
2118 1950 2267 2000 vero,
2293 1952 2393 2005 pro
2412 1951 2518 2005 qua
2547 1936 2692 1991 LXX
2719 1934 2975 1991 Glaucum
3019 1938 3290 2001 dixerunt,
3354 1938 3495 1993 hanc

222 2021 288 2074 ad
344 2030 593 2072 austrum
618 2020 643 2071 .7
681 2016 824 2087 (Job.
859 2014 1071 2084 XXXIX.)
1110 2014 1161 2066 Id
1191 2022 1295 2079 est,
1328 2014 1571 2081 nunquid
1598 2014 1817 2068 cuilibet
1920 2034 2173 2081 asserunt
2200 2026 2254 2080 in
2284 2035 2443 2081 noclc
2469 2027 2612 2081 acuti
2652 2040 2771 2083 esse
2791 2028 2955 2091 visus,
2980 2027 3095 2084 sole
3120 2036 3299 2082 autem
3327 2042 3494 2097 appa-

222 2112 389 2168 electo
434 2118 494 2163 tu
536 2106 947 2177 intelligentiam
977 2104 1275 2170 contulisti,
1326 2112 1385 2159 ut
1419 2104 1581 2158 ﬂante
1629 2114 1813 2158 sancto

220 2205 425 2276 Spiritu
471 2203 866 2273 cogitationum
898 2200 1011 2255 alas
1037 2200 1325 2270 expandat,
1377 2208 1643 2270 quatenus
1681 2215 1813 2270 pon-

222 2298 347 2353 dera
396 2304 632 2351 vetusta:
675 2293 1104 2349 conversationis
1163 2291 1403 2361 abjiciat,
1454 2302 1509 2348 et
1552 2295 1810 2349 virtutum

219 2389 425 2460 plumas
468 2388 525 2440 in
579 2401 735 2439 usum
766 2385 887 2439 novi
928 2384 1137 2438 volatus
1185 2393 1378 2438 sumat.
1421 2384 1607 2440 Potest
1648 2387 1811 2440 etiam

217 2492 312 2549 per
354 2476 503 2530 hunc
544 2474 858 2545 accipitrem
916 2483 1173 2528 renovata
1205 2476 1483 2544 gentilitas
1512 2476 1806 2545 designari.

219 2565 389 2636 Capus
430 2565 623 2619 Italica
655 2564 833 2631 lingua
869 2563 1068 2618 dicitur
1091 2580 1122 2617 a
1145 2563 1429 2633 capiendo.
1468 2564 1620 2623 Hanc
1640 2566 1809 2621 nostri

221 2653 479 2710 falconem
511 2660 734 2718 vocant,
777 2654 865 2721 qui
905 2659 958 2707 et
1003 2651 1110 2706 alio
1158 2653 1373 2706 nomine
1403 2653 1600 2707 dicitur
1646 2656 1808 2710 hero-

220 2748 354 2805 dius.
386 2748 516 2802 Haec
549 2746 671 2801 avis
705 2746 870 2799 etiam
924 2759 1149 2813 rapaces
1208 2744 1453 2798 homines
1504 2745 1807 2815 signiﬁcare

217 2846 411 2910 potest.
462 2837 624 2904 Quod
682 2844 861 2890 autem
884 2836 939 2889 in
969 2833 1208 2889 Levitico
1231 2842 1286 2889 et
1314 2834 1365 2887 in
1390 2834 1805 2891 Deuteronomio

221 2933 459 3001 quzedam
513 2945 648 2985 aves
703 2944 801 2998 pro
853 2928 1143 2982 immundis
1178 2929 1520 2997 deputantur,
1569 2930 1806 2983 ostendit

221 3022 498 3093 Scriptura
526 3024 716 3079 dicens
740 3038 751 3074 :
778 3020 967 3075 Omnes
996 3036 1115 3074 aves
1139 3020 1361 3073 mandas
1388 3021 1638 3074 comedite
1662 3034 1680 3071 :
1707 3022 1805 3074 im-

221 3116 436 3171 mundus
466 3132 531 3168 ne
572 3113 879 3177 comedetis,
906 3111 1138 3182 aquilam
1167 3109 1361 3164 scilicet
1408 3120 1455 3164 et
1482 3111 1733 3181 gryphen,
1754 3119 1802 3166 et

1914 2126 2069 2171 rente
2106 2117 2284 2170 minus
2312 2116 2542 2170 utilitate
2570 2116 2846 2171 oculorum
2876 2116 3001 2173 l'rui.
3058 2117 3215 2173 Tales
3245 2125 3367 2171 sunt
3397 2118 3487 2185 qui

1912 2204 2045 2275 legis
2073 2204 2373 2274 gloriantur
2422 2205 2872 2275 contemplatione
2917 2211 2972 2263 et
3011 2206 3261 2271 scientia,
3314 2205 3490 2261 lucem

1910 2297 2233 2367 evangelicae
2276 2298 2700 2352 conversationis
2721 2312 2916 2367 capere
2942 2312 3049 2355 non
3077 2298 3340 2353 valentes.
3390 2296 3493 2351 La—

1912 2402 2005 2442 rus
2049 2396 2134 2441 est
2182 2388 2384 2442 animal
2431 2389 2486 2442 in
2514 2398 2741 2457 utroque
2764 2388 2966 2451 vivens.
2998 2388 3056 2445 id
3106 2396 3212 2453 est,
3261 2403 3399 2458 aqua
3439 2394 3495 2443 et

1914 2486 2058 2531 terra
2078 2467 2099 2530 :A
2125 2477 2249 2545 quia
2274 2478 2413 2532 sicut
2450 2479 2565 2533 avis
2589 2478 2803 2547 quidem
2834 2478 2996 2541 volat,
3030 2487 3091 2536 ut
3143 2477 3376 2549 aquatile
3397 2493 3493 2531 au-

1911 2576 2019 2624 tem
2044 2574 2214 2623 natat.
2246 2569 2343 2623 Cui
2366 2584 2471 2623 non
2500 2570 2638 2623 male
2679 2576 3062 2637 comparantur
3103 2569 3159 2623 hi
3210 2570 3302 2637 qui
3332 2568 3489 2625 simul

1911 2658 2378 2720 circumcisionem
2428 2665 2757 2712 venerantur
2798 2665 2854 2721 et
2902 2657 3188 2726 baptisma.
3242 2656 3322 2713 Ad
3351 2673 3488 2727 quos

1910 2740 2108 2808 Paulus
2139 2751 2268 2806 dicit
2295 2770 2307 2804 :
2335 2750 2392 2805 Si
2423 2750 2880 2815 circumcidimini,
2909 2748 3147 2807 Christus
3173 2750 3312 2804 vobis
3357 2748 3490 2804 nihil

1906 2843 2115 2913 prodest
2158 2841 2299 2915 (Gal.
2328 2842 2402 2915 v).
2426 2844 2697 2913 Accipiter
2726 2851 2906 2897 autem
2935 2843 3078 2897 inter
3103 2858 3326 2911 rapaces
3362 2856 3490 2898 aves

1908 2942 2011 2987 est.
2064 2933 2239 2988 Habet
2284 2941 2465 2988 autem
2492 2932 2746 3002 quiddam
2774 2931 2948 2997 aliud,
3005 2941 3229 3001 propter
3279 2930 3420 2999 quod
3450 2944 3482 2986 a

1907 3022 2218 3094 legislatore
2232 3024 2437 3095 positus
2455 3031 2557 3079 est.
2589 3021 2911 3077 Mansuescit
2935 3022 3128 3091 quippe
3144 3029 3204 3078 et
3228 3034 3486 3089 coopera-

1912 3122 1999 3169 tur
2036 3115 2104 3168 ad
2128 3114 2497 3183 rapacitatem.
2553 3112 2721 3180 Quem
2772 3112 3055 3167 imitantur
3086 3111 3141 3166 bi
3180 3112 3278 3179 qui
3329 3125 3485 3167 mu.

219 3208 538 3271 halia’etum,
574 3206 724 3258 ixion
748 3213 797 3257 et
828 3202 1107 3267 vulturem,
1132 3218 1193 3255 ac
1220 3201 1432 3257 miluum
1451 3202 1614 3270 juxta
1641 3218 1800 3272 genus
1830 3190 1874 3252 C
1906 3204 2046 3261 sueti
2086 3203 2588 3273 qttidem.videntur
2607 3217 2727 3258 esse
2755 3209 2811 3255 et
2837 3194 2998 3257 sensu
3026 3198 3299 3270 tranquilli
3323 3216 3335 3253 :
3361 3206 3489 3258 sunt

218 3316 363 3352 suum
378 3312 396 3350 :
410 3306 457 3351 et
475 3312 632 3351 omne
646 3296 843 3348 cervini
864 3293 1085 3363 generis,
1100 3292 1443 3346 struthionem
1460 3308 1520 3344 ac
1534 3302 1797 3359 noctuam,

219 3398 263 3443 et
304 3389 496 3453 larum,
533 3397 697 3454 atque
725 3386 1023 3456 accipitrem
1068 3386 1230 3454 juxta
1267 3401 1428 3454 genus
1446 3401 1621 3449 suum
1646 3386 1801 3439 hero-

218 3480 358 3535 dium
386 3490 433 3536 et
473 3496 703 3551 cygnum
723 3488 770 3532 et
800 3479 929 3544 ibin,
954 3488 1003 3532 et
1031 3476 1344 3547 mergulum,
1372 3478 1795 3548 porphyrionem,

216 3584 263 3627 et
277 3574 681 3643 nycticoracem,
699 3569 1076 3634 enacrotalum,
1094 3578 1141 3622 et
1154 3569 1509 3634 charadrium,
1525 3569 1730 3639 singula
1744 3571 1799 3623 in

219 3679 398 3735 genere
416 3680 513 3717 suo
529 3679 548 3717 :
564 3677 794 3731 upupam
823 3677 1026 3731 quoque
1046 3669 1093 3714 et
1120 3659 1551 3729 vespertilionem,
1578 3668 1627 3714 et
1648 3675 1799 3717 omne

217 3756 349 3824 quod
376 3765 543 3824 reptat
566 3763 617 3807 et
644 3752 896 3822 pennulas
926 3751 1101 3814 habet,
1121 3751 1449 3803 immundum
1477 3750 1575 3803 erit
1602 3768 1692 3805 nec
1715 3768 1801 3806 co-

218 3846 457 3899 medatur
474 3845 624 3918 (Leu.
649 3860 702 3898 tu
728 3860 742 3908 ;
769 3844 922 3897 Deut.
946 3835 1083 3910 xiv).
1108 3840 1447 3897 lnterillicita
1463 3852 1624 3910 atque
1640 3842 1799 3895 nimis

221 3940 460 3994 evitanda
494 3938 997 3994 connumerandum
1028 3933 1479 4003 comtemplationi
1518 3940 1798 3986 vacantem

219 4033 517 4103 quempiam
537 4031 674 4085 tales
687 4031 971 4085 habentem
993 4028 1226 4083 maculas
1239 4027 1426 4097 quales
1441 4042 1537 4097 per
1548 4026 1801 4080 denume-

222 4132 361 4176 ratas
382 4138 513 4178 aves
535 4122 815 4190 legislator
844 4120 1135 4192 signiﬁcat.
1170 4118 1263 4173 Ait
1288 4120 1463 4173 enim:
1488 4116 1730 4188 Aquilam
1751 4125 1799 4171 et

220 4214 441 4284 gryphen
472 4212 839 4267 ethalitretum
866 4223 913 4265 et
939 4210 1151 4265 miluum
1178 4227 1241 4264 ac
1267 4209 1523 4265 vulturem
1530 4210 1685 4279 juxta
1708 4226 1798 4279 ge-

221 4321 313 4359 nus
339 4322 514 4359 suum.
542 4304 789 4375 Rapaces
807 4316 859 4358 et
882 4304 1063 4357 cibum
1082 4302 1317 4358 alienum
1341 4302 1479 4357 male
1509 4310 1797 4367 sectantes,

221 4381 631 4466 quaestibusque
664 4395 877 4463 injustis
904 4395 1198 4464 gaudentes
1240 4408 1331 4463 per
1358 4380 1613 4462 pratdicta
1638 4394 1800 4462 signi-

1905 3306 2085 3352 autem
2133 3311 2253 3350 cum
2298 3296 2602 3365 potentibus
2645 3302 2700 3349 et
2753 3293 2932 3349 avaris
2968 3302 3133 3363 atque
3177 3291 3480 3361 rapacibus.

1902 3389 2226 3461 Nyctieorax
2274 3386 2473 3441 animal
2518 3394 2621 3450 est,
2650 3385 2793 3453 quod
2838 3384 2893 3437 in
2921 3392 3078 3439 nocte
3111 3379 3483 3439 tantummodo

1902 3481 2044 3549 rapit
2064 3488 2227 3548 atque
2258 3485 2512 3548 operatur
2540 3495 2553 3530 :
2586 3476 2725 3530 sicut
2764 3482 2889 3529 sunt
2924 3482 3118 3543 gentes
3144 3475 3198 3529 in
3229 3471 3485 3540 intelligi-

1902 3571 2099 3627 bilibus
2120 3571 2293 3624 noctis
2320 3568 2570 3638 operibus
2604 3576 2901 3636 occupatae,
2922 3582 3043 3635 quae
3089 3572 3219 3621 sunt
3244 3563 3476 3621 fornica—

1904 3666 2000 3729 tio,
2057 3663 2417 3727 immunditia,
2441 3662 2796 3733 impudicitia,
2819 3662 3081 3716 idolorum
3108 3662 3288 3717 cultus
3307 3668 3361 3715 et
3391 3660 3479 3717 his

1903 3754 2118 3811 similia.
2132 3754 2238 3809 Ibis
2251 3762 2305 3808 et
2320 3754 2665 3825 porphyrion,
2679 3761 2733 3806 et
2745 3767 2904 3822 quem
2918 3751 3060 3806 LXX
3074 3753 3356 3807 nominant
3370 3750 3484 3821 pel-

1903 3846 2115 3901 licanus
2160 3854 2217 3899 et
2244 3860 2446 3915 cygnus
2475 3852 2529 3899 et
2581 3843 2834 3901 herodius
2859 3853 2915 3898 et
2956 3843 3293 3908 charadrius,
3331 3841 3476 3913 longi

1900 3952 2019 3991 esse
2050 3936 2193 4002 colli,
2237 3938 2558 4004 trahereque
2583 3937 2759 3991 cibum
2791 3950 2859 3990 er
2905 3936 3190 3990 altitudine
3217 3944 3373 3989 terrae
3393 3944 3477 3989 at-

1902 4045 2006 4099 que
2054 4044 2315 4098 aquarum
2350 4028 2619 4084 dicuntur.
2662 4028 2795 4095 ρυω
2840 4028 3095 4089 animalia
3125 4027 3327 4083 imitari
3374 4040 3482 4082 non

1904 4119 2181 4182 debemus,
2214 4134 2313 4175 nec
2342 4119 2412 4173 de
2460 4118 2805 4173 inferioribus
2854 4118 3086 4173 evellere
3143 4121 3344 4184 cibum,
3379 4119 3475 4174 sed

1903 4211 1970 4265 de
2018 4209 2348 4268 atelestibus.
2401 4208 2491 4263 Ille
2536 4210 2801 4279 siquidem
2831 4210 3270 4279 contemplationi
3299 4218 3474 4276 vacat,

1902 4300 2025 4368 quia
2056 4299 2123 4366 ad
2150 4300 2431 4368 superiora
2462 4308 2640 4361 mente
2662 4301 2959 4365 contendit,
2985 4310 3040 4355 et
3061 4316 3168 4355 non
3192 4302 3361 4357 solum
3386 4303 3473 4357 in-

1903 4387 2255 4455 telligibilem,
2302 4388 2395 4446 sed
2423 4397 2479 4443 et
2506 4390 2811 4445 sensibilem
2861 4391 3041 4445 cibum
3069 4406 3098 4445 a
3125 4391 3234 4446 Deo
3282 4408 3476 4465 exspe-

221 4492 512 4561 ﬁcat.Quia
536 4490 685 4544 enim
705 4487 921 4555 quidam
945 4487 1291 4540 inveniuntur
1314 4486 1369 4539 in
1396 4484 1640 4540 ecclesiis
1654 4486 1799 4539 inter
1826 4545 1873 4561 n
1903 4486 2033 4534 αα.
2067 4478 2223 4539 Uade
2252 4480 2329 4534 ait
2353 4480 2651 4535 Dominus:
2682 4479 2862 4534 Nolite
2906 4480 3121 4534 solliciti
3142 4497 3252 4534 esse
3281 4484 3472 4536 anima:

220 4599 330 4649 eos,
364 4545 454 4654 (ﬁn
486 4545 751 4654 putantur
778 4576 1221 4646 contemplationi
1261 4590 1482 4645 operam
1526 4576 1674 4637 dare,
1699 4575 1795 4645 qui
1826 4545 1875 4603 θ
1901 4579 2105 4635 vestrae,
2148 4571 2275 4641 quid
2314 4572 2655 4635 manducetis,
2693 4587 2858 4640 neque
2895 4572 3097 4640 corpori
3122 4581 3307 4635 vestro,
3347 4571 3471 4640 quit.

222 4693 321 4733 non
346 4672 807 4748 quemadmodum
838 4671 1035 4724 debent
1062 4670 1125 4722 ad
1160 4670 1263 4724 hoc
1288 4674 1502 4733 vacant,
1528 4667 1619 4721 sed
1650 4666 1793 4719 frus-

224 4776 301 4825 tra
348 4767 643 4822 inﬂantur:
668 4762 793 4816 audi
829 4760 1053 4814 Paulum
1100 4760 1365 4815 dicentem
1399 4779 1411 4815 :
1444 4757 1506 4813 Si
1543 4758 1657 4827 quis
1688 4755 1795 4808 alia

224 4860 361 4913 docet
392 4871 437 4910 et
468 4874 577 4911 non
599 4852 872 4923 acquiescit
886 4851 1027 4903 sanis
1040 4852 1361 4904 sermonibus
1390 4849 1598 4903 Domini
1631 4849 1795 4901 nostri

225 4949 343 5005 Iesu
357 4946 575 5012 Christi,
593 4956 641 5000 et
661 4946 729 5009 ei,
758 4959 872 5013 qua:
894 4940 1177 4995 secundum
1203 4942 1442 5009 pietatem
1472 4949 1567 5003 est,
1600 4938 1795 4991 doctri-

1900 4662 2213 4716 induamini.
2262 4660 2370 4717 Scit
2409 4664 2546 4717 enim
2574 4662 2732 4715 Pater
2756 4674 2919 4716 vester
2953 4661 3168 4715 ctelestis
3212 4663 3335 4732 quia
3365 4678 3476 4715 om-

1900 4752 2051 4804 nibus
2080 4752 2160 4804 his
2194 4767 2395 4805 necesse
2423 4751 2620 4805 habetis
2655 4748 2871 4823 (Matth.
2897 4752 2993 4820 vr).
3040 4750 3225 4820 Upupa
3253 4750 3473 4819 lugubre

1902 4842 2118 4907 animai,
2166 4858 2463 4913 amansque
2502 4844 2703 4897 luctum
2754 4853 2853 4897 est.
2894 4843 3086 4897 δανειάὶ
3116 4854 3287 4896 autem
3317 4843 3473 4895 tristi-

1900 4936 1975 4987 tia
2030 4942 2247 4988 mertem
2302 4942 2546 5003 operatur
2582 4932 2667 5004 (II
2706 4930 2833 4987 Cor.
2889 4934 3008 5004 vn).
3056 4933 3282 5003 Propter
3328 4932 3471 5002 quod

227 5057 323 5103 me,
341 5038 593 5109 superbus
621 5045 695 5089 est
724 5032 853 5088 nihil
882 5033 1069 5095 sciens,
1092 5029 1182 5084 sed
1213 5029 1467 5099 languens
1488 5030 1627 5083 circa
1653 5046 1793 5100 qtue-
1895 5030 2106 5091 oportet
2165 5038 2289 5077 eum
2337 5022 2429 5091 qui
2471 5022 2643 5093 diligit
2704 5023 2895 5087 Deum,
2950 5038 3166 5092 semper
3209 5020 3462 5093 gaudere,

227 5134 405 5186 stiones
422 5141 466 5183 et
488 5144 694 5201 pugnas
716 5127 1003 5187 verborum,
1020 5139 1084 5179 ea:
1104 5121 1287 5193 quibus
1308 5122 1789 5187 oriunturinvtdite,

231 5229 591 5285 contentiones,
607 5220 957 5295 blasphemus,
980 5219 1292 5287 suspiciones
1316 5213 1492 5278 malle,
1524 5213 1791 5282 conﬂicta-

233 5315 383 5368 tiones
414 5315 685 5367 hominum
729 5320 897 5363 mente
932 5320 1309 5378 corruptorum,
1340 5304 1531 5375 etquia
1577 5306 1791 5356 veritate

235 5406 408 5474 privati
438 5414 582 5468 sunt,
620 5402 973 5456 existimantes
998 5408 1250 5468 qua’stum
1299 5412 1405 5451 esse
1444 5395 1683 5464 pietatem
1712 5391 1787 5462 (l.

1896 5115 2013 5169 sine
2042 5114 2439 5169 intermissione
2456 5129 2630 5179 orare,
2654 5115 2709 5169 in
2735 5116 2982 5169 omnibus
3031 5114 3234 5185 gratias
3262 5127 3458 5186 agere:

1896 5207 2021 5277 quia
2070 5208 2321 5279 gaudium
2369 5208 2590 5277 spiritus
2638 5209 2843 5263 fructus
2895 5217 2996 5263 est.
3050 5209 3465 5281 Vespertiliones

1898 5302 2043 5356 circa
2100 5308 2303 5356 terram
2368 5301 2568 5367 volant,
2622 5301 2697 5355 ita
2741 5309 2801 5355 ut
2841 5303 3032 5371 pennis
3086 5318 3183 5372 pro
3240 5303 3463 5372 pedibus

1898 5400 2137 5458 utantur,
2180 5394 2393 5463 quando
2434 5392 2911 5462 ambulantzquod
2962 5394 3235 5464 indignum
3275 5400 3360 5448 est
3404 5393 3460 5447 in

239 5496 363 5549 Tim.
387 5497 476 5568 vr).
511 5496 622 5549 Hos
669 5506 797 5561 ergo
820 5488 1123 5559 signiﬁcant
1146 5503 1230 5552 ea,
1280 5502 1398 5556 quae
1452 5499 1593 5539 nunc
1630 5483 1796 5538 denu»
1896 5488 1993 5549 eis.
2024 5486 2114 5555 qui
2163 5485 2598 5556 contemplationi
2622 5487 2748 5542 dant
2777 5500 3012 5551 operam.
3048 5485 3283 5551 Quorum
3310 5486 3453 5539 enim

239 5594 434 5641 merata
480 5591 626 5647 sunt,
661 5572 911 5634 animalia
939 5576 1137 5631 victum
1169 5591 1235 5630 ex
1260 5575 1444 5644 rapina
1474 5573 1794 5641 conquiren-

1909 5588 1978 5635 εει
2018 5578 2227 5647 volatus
2254 5580 2397 5633 circa
2435 5576 2652 5642 terram,
2696 5579 2886 5633 horum
2927 5579 3091 5649 etiam
3135 5578 3462 5648 contempla-

241 5675 327 5726 tia.
355 5674 602 5741 Quadam
635 5680 815 5726 autem
837 5685 904 5726 ex
932 5669 1014 5723 bis
1058 5667 1190 5721 alias
1218 5681 1344 5722 aves
1368 5665 1625 5721 invadunt
1653 5672 1707 5719 et
1725 5678 1792 5721 ex

1896 5670 1973 5726 tio
1999 5670 2183 5741 procul
2214 5670 2375 5725 dubio
2403 5671 2457 5724 in
2490 5668 2719 5725 terrenis
2744 5676 3055 5740 occupatur.
3088 5666 3201 5721 Non
3231 5683 3357 5739 ergo
3384 5668 3459 5723 in-

234 5766 598 5827 ‘venationibus
620 5780 810 5822 earum
840 5761 1169 5829 nutriuntur.
1204 5760 1324 5821 Alia
1351 5776 1482 5819 vero
1524 5760 1578 5819 in
1608 5760 1796 5822 domos
1894 5760 2146 5829 credulus
2168 5761 2263 5829 sis,
2292 5775 2393 5819 nec
2416 5760 2647 5829 dubites,
2668 5762 2811 5827 quod
2832 5759 2995 5819 etiam
3024 5759 3158 5826 hac.
3175 5771 3300 5817 suae
3320 5770 3460 5821 nunc
