3930 6346
437 382 543 439 255

1107 371 1165 428 Β,
1210 371 1457 427 RABANI
1495 368 1714 425 MAURI
1753 361 2068 420 ARCHIEP.
2113 360 2416 417 MOGUN'I‘.
2460 356 2741 413 OPERUM
2778 355 2956 412 PARS
2992 356 3056 411 II.

3574 351 3678 408 256

437 490 786 545 denumerata
815 493 957 549 sunt,
983 482 1234 540 animalia
1260 481 1326 535 ad
1365 480 1726 535 ostensionem
1757 476 2011 545 ﬁguram-
2037 472 2088 530 Α
2115 470 2194 524 vel
2223 485 2317 539 pro
2338 485 2403 523 eo
2438 469 2578 538 quod
2605 469 2720 521 sine
2747 466 2971 537 pedibus
2993 473 3303 520 nascuntur.
3343 462 3475 517 Nam
3497 471 3681 531 postea

435 595 542 650 que
570 593 774 642 eorum,
821 592 851 630 a
877 576 1071 646 quibus
1114 567 1382 627 abstinere
1429 571 1627 625 debent
1672 564 2006 633 contempla-

435 671 571 726 tioni
598 675 874 732 vacantes,
896 665 1078 735 posuit
1110 664 1397 734 legislator.
1443 659 1551 715 Sed
1590 659 1836 729 inquies:
1867 655 2010 722 Quo-

437 759 597 822 modo
625 759 816 814 horum
843 756 1150 813 animalium
1184 769 1289 807 non
1321 751 1494 816 cibus,
1519 751 1614 805 sed
1645 749 1869 804 imitatio
1887 760 2012 815 pro-

432 852 670 918 hibetur,
692 867 814 909 cum
840 851 1105 922 pellicano
1127 856 1180 902 et
1207 845 1533 917 nycticoraci
1554 843 1721 898 David
1750 840 2009 912 propheta

433 945 778 1012 semetipsum
799 940 1191 1009 comparaverit
1219 939 1401 992 dicens
1427 955 1439 989 :
1469 934 1670 990 Sinilis
1701 933 1870 1002 [actus
1893 949 2009 986 sum

432 1032 687 1105 pellicano
731 1033 787 1085 in
818 1030 1116 1093 solitudine,
1144 1029 1312 1098 factus
1335 1044 1450 1081 sum
1470 1027 1602 1080 sicut
1632 1023 1933 1092 nycticoraa;
1955 1023 2011 1076 in

433 1121 699 1177 domicilio
741 1118 913 1190 (Psal.
963 1121 1057 1189 οι).
1097 1119 1200 1173 Per
1267 1118 1501 1186 aquilam
1568 1123 1745 1168 autem
1801 1111 2010 1183 Moyses

433 1213 609 1284 ipsum
638 1209 906 1282 signiﬁcat
935 1210 1102 1263 Deum
1129 1208 1394 1262 dicentem
1418 1207 1471 1260 in
1503 1203 1665 1259 Israel
1698 1222 1709 1257 :
1739 1203 2010 1269 Quomodo

430 1304 742 1374 portatierim
784 1317 871 1355 vos
917 1316 1071 1370 super
1098 1298 1212 1352 alas
1261 1296 1557 1368 aquilarum
1599 1294 1778 1365 (Deut.
1811 1292 2005 1362 χχχιι).

431 1391 566 1446 Nam
594 1399 648 1446 et
669 1391 952 1461 Prophetas
980 1389 1190 1444 leonem
1217 1387 1493 1442 Christum
1537 1384 1830 1455 appellant.
1870 1383 2010 1437 Leo-

433 1502 556 1542 nem
611 1494 788 1541 autem
824 1501 855 1539 e
900 1485 1112 1538 diverso
1162 1496 1280 1536 esse
1318 1481 1510 1534 Petrus
1554 1477 1825 1532 diabolum
1883 1475 2012 1530 dicit

437 1574 488 1646 (1
516 1573 659 1628 Petr.
690 1573 746 1643 v)
785 1588 922 1627 :nec
948 1580 1127 1625 tamen
1172 1569 1464 1624 secundum
1502 1569 1604 1622 hoc
1645 1567 1728 1620 leo
1760 1565 2011 1619 Christus

433 1667 724 1721 secundum
751 1665 893 1735 quod
919 1661 1162 1719 diabolus
1189 1661 1385 1716 dicitur
1409 1677 1420 1712 :
1447 1658 1587 1712 absit
1611 1673 1640 1710 a
1667 1656 1841 1714 nobis,
1871 1653 2012 1707 absit

433 1755 533 1809 ista
563 1755 828 1826 impietas.
875 1753 980 1808 Sed
1009 1754 1134 1822 quia
1177 1752 1335 1806 simul
1386 1750 1611 1819 regium,
1646 1763 1746 1802 nec
1788 1762 1892 1801 non
1925 1762 2012 1800 ra-

2111 571 2165 616 et
2189 563 2350 631 pedes
2375 569 2428 614 et
2455 575 2660 629 pennas
2697 560 2984 628 accipiunt.
3036 557 3129 612 Hae
3182 557 3407 611 solertes
3441 556 3492 608 in
3522 566 3685 625 geno-

2111 654 2264 708 randi
2293 653 2463 707 mellis
2503 652 2676 706 olIicio
2713 651 3009 721 assignatas
3038 649 3278 704 incolunt
3302 648 3475 711 sedes,
3512 645 3686 703 domi—

2110 745 2230 800 cilia
2260 743 2600 798 inenarrabili
2647 753 2761 797 arte
2791 747 3118 812 componunt
3142 758 3154 793 :
3182 754 3247 794 ex
3272 739 3436 792 variis
3461 736 3686 792 ﬂoribus

2112 837 2290 890 favum
2332 835 2584 897 condunt,
2635 834 2902 903 textisque
2937 832 3078 888 ceris
3107 831 3388 884 innumera
3418 828 3567 898 prole
3593 840 3686 881 re-

2110 928 2258 997 plent
2286 944 2298 980 :
2332 926 2625 981 exercitum
2669 934 2721 978 et
2762 939 2915 994 reges
2946 924 3183 977 habent:
3216 921 3395 990 praelia
3428 927 3643 974 movent
3670 934 3686 972 :

2113 1016 2314 1069 fumum
2359 1016 2602 1084 fugiunt:
2634 1014 2862 1068 tumultu
2899 1019 3238 1081 exasperant.
3275 1009 3408 1064 Nam
3443 1008 3691 1078 plerique

2110 1108 2314 1177 experti
2340 1115 2463 1162 sunt
2493 1109 2558 1161 de
2587 1106 2745 1160 boum
2776 1105 3129 1161 cadaveribus
3164 1103 3331 1158 nasci.
3367 1101 3474 1154 Has
3505 1116 3600 1169 pro
3624 1098 3694 1152 iis

2112 1200 2356 1255 creandis
2404 1197 2691 1252 vitulorum
2733 1197 3033 1252 occisorum
3079 1209 3267 1248 carnes
3311 1192 3692 1254 verberantur,

2111 1297 2170 1343 ut
2196 1304 2260 1342 ex
2285 1288 2585 1358 putrefacto
2611 1303 2804 1342 cruore
2829 1300 3040 1340 vermes
3075 1292 3345 1348 creentur,
3378 1283 3469 1351 qui
3503 1289 3696 1351 postea

2112 1379 2415 1434 elliciuntur
2440 1394 2585 1449 apes.
2633 1378 2852 1448 Proprie
2888 1387 3068 1431 tamen
3101 1391 3227 1444 apes
3266 1382 3524 1428 vocantur
3560 1380 3699 1425 orta:

2113 1469 2178 1522 de
2205 1468 2392 1532 bobus,
2427 1467 2583 1522 sicuti
2625 1469 2913 1521 scabrones
2954 1466 3018 1519 de
3063 1464 3235 1533 equis,
3282 1462 3390 1516 fuci
3420 1463 3484 1515 de
3511 1461 3696 1524 mulis,

2111 1574 2288 1628 vespa:
2319 1560 2382 1612 de
2413 1559 2598 1612 asinis.
2623 1559 2840 1612 Castros
2869 1557 3039 1611 Graeci
3069 1555 3355 1624 appellant,
3390 1555 3482 1622 qui
3511 1554 3564 1606 in
3603 1569 3702 1607 ex-

2114 1651 2300 1704 tremis
2328 1650 2567 1703 favorum
2595 1651 2835 1717 parlibus
2876 1647 3107 1716 majores
3138 1655 3406 1709 creantur,
3441 1660 3575 1713 quos
3608 1643 3703 1698 ali-

2114 1740 2204 1807 qui
2242 1753 2393 1808 reges
2443 1746 2634 1808 putant
2679 1739 2829 1802 dicti,
2877 1736 3018 1806 quod
3055 1745 3232 1792 castra
3268 1736 3486 1790 ducant.
3518 1734 3703 1788 Fucus

431 1859 535 1914 pax
571 1824 729 1914 atcjue
782 1844 988 1897 immite
1021 1833 1105 1896 est
1141 1840 1338 1894 animal
1373 1853 1640 1907 :cumque
1690 1836 2004 1906 dignitatem
2033 1838 2080 1897 Β
2109 1840 2192 1885 est
2221 1831 2391 1900 major
2434 1846 2558 1900 ape,
2607 1831 2867 1885 scabrone
2897 1829 3094 1883 minor.
3125 1829 3310 1883 Dictus
3337 1836 3515 1881 autem
3545 1824 3702 1880 fucus

432 1932 776 1997 laudabilem,
805 1930 1213 2000 vituperabilem
1234 1939 1411 1983 tamen
1454 1927 1822 1997 operationem
1852 1940 2012 1995 gene-

432 2007 552 2078 rii:
587 2022 728 2092 quod
763 2021 980 2091 quidem
1026 2018 1296 2074 laudabile
1347 2018 1532 2081 habet,
1576 2017 1679 2069 hoc
1727 2015 1782 2068 in
1811 2013 2012 2068 Christi

431 2125 597 2179 regno
656 2109 960 2177 accipitur:
991 2107 1133 2177 quod
1193 2115 1370 2160 autem
1410 2103 1764 2173 vituperabile
1811 2104 1866 2156 in
1895 2104 2012 2158 dia-

428 2201 574 2266 bolo,
603 2202 655 2255 id
693 2210 776 2256 est
824 2198 1114 2270 rapacitas,
1157 2196 1607 2252 immansuetudo.
1659 2192 1811 2259 Quod
1862 2201 1918 2247 et
1956 2193 2013 2246 in

434 2291 611 2361 aquila
641 2291 1069 2354 considerantes,
1102 2289 1218 2342 sine
1255 2287 1435 2355 aliqua
1493 2283 1764 2338 dubietate
1814 2283 2014 2352 reperi-

433 2394 570 2434 mus.
605 2379 830 2448 Propter
868 2378 1206 2433 altitudinem
1237 2376 1380 2431 enim
1407 2374 1616 2430 volatus
1639 2374 1866 2443 ﬁguram
1897 2372 2015 2440 ejus

433 2469 488 2524 in
519 2469 685 2524 Deum
721 2469 932 2539 Moyses
989 2469 1236 2536 sumpsit.
1292 2466 1426 2533 Quia
1458 2480 1586 2519 vero
1612 2480 1800 2533 rapax,
1831 2479 1861 2517 a
1896 2464 2016 2518 cibo

431 2559 548 2629 ejus
592 2559 968 2614 abstinendum
1012 2558 1165 2612 dixit.
1219 2556 1487 2625 Propheta
1526 2563 1707 2609 autem
1739 2553 1907 2608 David
1936 2552 2019 2607 lu-

434 2661 566 2716 gens
642 2646 915 2701 hominem
981 2646 1034 2699 in
1092 2653 1317 2714 peccato
1379 2644 1731 2699 constitutum
1761 2683 1775 2707 ,
1845 2641 2020 2712 nycti-

431 2735 606 2789 coraci
667 2735 829 2801 hunc,
901 2734 1041 2788 sicut
1109 2733 1162 2787 in
1228 2741 1384 2787 nocte
1442 2732 1709 2786 viventem
1741 2771 1756 2795 ,
1808 2745 2020 2800 compa-

439 2828 599 2882 ravit.
655 2826 759 2882 Per
816 2825 1139 2896 pellicanum
1219 2831 1417 2889 autem,
1461 2831 1647 2893 utpote
1680 2837 1778 2893 per
1820 2821 2017 2876 animal

435 2931 625 2972 amans
673 2916 1037 2978 solitudinem,
1083 2915 1335 2986 ﬁguravit
1359 2930 1505 2980 eum,
1538 2915 1629 2984 qui
1657 2913 1841 2969 forsan
1890 2914 2021 2967 ami-

435 3007 514 3063 cis
552 3007 824 3063 desolatus
845 3016 948 3072 est,
978 3015 1071 3060 aut
1101 3007 1346 3076 cognatis
1373 3005 1708 3073 aliorumque
1762 3003 2020 3059 similium

435 3097 694 3152 societate
741 3096 1051 3156 destitutus.
1085 3096 1332 3166 Augures
1381 3102 1558 3148 autem
1602 3094 1809 3160 dicunt,
1864 3102 1919 3149 et
1966 3096 2019 3148 in

2114 1922 2257 1991 quod
2295 1922 2498 1977 alienos
2528 1921 2740 1975 labores
2788 1922 2930 1984 edat,
2979 1920 3131 1988 quasi
3175 1917 3347 1987 fagus.
3379 1917 3704 1985 Depascitur

2114 2013 2256 2066 enim
2285 2013 2428 2081 quod
2462 2027 2568 2066 non
2599 2010 2882 2065 laboravit.
2920 2010 2994 2063 De
3029 2023 3135 2077 quo
3162 2007 3451 2078 Virgilius:

2239 2112 2470 2174 Ignavum
2496 2111 2632 2161 fucos
2653 2125 2804 2173 pecus
2822 2125 2847 2158 a
2876 2112 3183 2172 priesepibns
3207 2115 3397 2158 arcent.

2112 2194 2253 2263 Apes
2297 2192 2527 2246 formam
2569 2191 2893 2263 virginitatis
2938 2190 3053 2244 sive
3101 2189 3375 2259 sapientia:
3406 2195 3611 2250 tenent,
3645 2195 3707 2243 ut

2114 2291 2195 2338 est
2220 2282 2345 2337 illud
2377 2283 2430 2337 in
2463 2281 2786 2336 Salomone:
2831 2279 2975 2335 Vade
3005 2281 3074 2333 ad
3105 2297 3277 2350 apem,
3309 2287 3357 2332 et
3389 2278 3530 2332 disce
3569 2294 3708 2348 qua-

2113 2371 2176 2428 lis
2201 2375 2462 2443 operatrix
2486 2373 2572 2426 sit.
2604 2372 2776 2426 Aliam
2819 2380 2999 2425 autem
3041 2371 3490 2441 signiﬁcationem
3519 2369 3704 2434 habet,

2115 2464 2206 2518 ubi
2252 2465 2305 2516 in
2340 2463 2609 2532 Propheta
2649 2463 2878 2532 legitur:
2905 2459 3142 2516 Sibilavit
3182 2461 3438 2514 Dominus
3487 2474 3708 2524 muscis,

2116 2571 2234 2624 qua:
2260 2565 2332 2607 est
2361 2555 2415 2607 in
2445 2563 2674 2607 extremo
2696 2553 2929 2622 ﬂuminis
2955 2551 3174 2620 zEgypti
3196 2553 3252 2604 in
3277 2551 3499 2615 deserto,
3529 2560 3577 2604 et
3600 2552 3706 2618 api,

2117 2663 2235 2715 quw
2293 2655 2366 2698 est
2408 2646 2462 2698 in
2512 2655 2649 2697 terra
2701 2644 2866 2696 Assur
2906 2641 3040 2714 (Isa.
3079 2641 3198 2713 vn).
3235 2641 3310 2696 lbi
3345 2643 3487 2695 enim
3535 2643 3710 2712 typice

2117 2750 2214 2804 per
2236 2749 2478 2790 muscam
2505 2733 2863 2799 Pharaonem,
2897 2742 2951 2786 et
2975 2748 3073 2802 per
3099 2747 3251 2801 apem
3276 2731 3711 2788 Nabuchodono—

2119 2843 2210 2882 sor
2245 2827 2616 2882 demonstrat:
2650 2826 2740 2895 qui
2770 2824 3023 2894 populum
3056 2823 3362 2879 Iudaeorum
3397 2834 3711 2892 peccantem

2121 2917 2300 2984 dignis
2326 2915 2548 2986 ﬂagellis
2579 2915 2999 2986 castigaverunt.
3043 2913 3109 2967 Et
3144 2913 3197 2967 in
3237 2913 3448 2983 psalmo
3473 2913 3709 2985 legitur:

2124 3006 2588 3063 Circumdederunt
2607 3023 2686 3060 me
2710 3008 2842 3059 sicut
2863 3022 3005 3074 apes,
3025 3014 3070 3058 et
3095 3012 3402 3058 exarserunt
3422 3005 3556 3057 sicut
3579 3003 3713 3074 ignis

2121 3101 2175 3153 in
2197 3100 2359 3168 spinis
2385 3099 2557 3169 (Psal.
2581 3098 2767 3170 cxvn).
2807 3100 2950 3168 Apes
2971 3098 3113 3150 enim
3147 3098 3324 3152 favum
3351 3098 3710 3162 circumdant,

433 3195 588 3255 gestu
614 3194 670 3241 et
695 3186 751 3241 in
780 3195 929 3240 motu
958 3195 1011 3240 et
1050 3186 1101 3238 in
1131 3185 1311 3238 volatu
1335 3192 1387 3239 et
1417 3185 1471 3238 in
1497 3199 1626 3240 voce
1653 3187 1833 3240 avium
1864 3185 2014 3256 signa
2045 3174 2091 3237 C
2121 3188 2335 3258 quando
2366 3203 2463 3258 per
2501 3189 2685 3242 domos
2727 3202 2909 3241 cereas
2949 3186 3184 3255 liquores
3239 3185 3582 3240 dulcissimos
3633 3201 3713 3239 re-

433 3290 554 3330 esse
593 3277 906 3331 constituta.
939 3275 1162 3332 Oscines
1189 3289 1314 3329 aves
1346 3283 1564 3340 vocant,
1605 3291 1726 3345 quae
1752 3291 1848 3330 ore
1889 3291 2015 3330 can-

435 3375 602 3436 tuque
655 3367 950 3436 auspicium
988 3365 1218 3445 faciunt,
1247 3375 1307 3418 ut
1332 3380 1547 3430 corvus,
1599 3365 1809 3431 cornix,
1839 3365 2013 3435 picus.

431 3459 618 3523 Alites,
661 3473 766 3528 qua
798 3459 978 3513 volatu
1007 3458 1292 3512 ostendere
1320 3457 1500 3512 futura
1527 3457 1802 3522 videntur,
1832 3473 1936 3527 qua
1969 3458 2016 3512 si

433 3551 670 3606 adversae
717 3561 864 3617 sunt,
900 3549 1109 3604 inhebie
1154 3549 1404 3604 dicuntur
1442 3589 1457 3615 ,
1507 3549 1650 3618 quod
1709 3550 2014 3616 inhibeant,

434 3641 488 3695 id
525 3625 608 3695 est
664 3647 844 3694 vetant
875 3657 887 3694 :
924 3640 968 3694 si
1007 3653 1283 3709 prospere,
1312 3646 1578 3709 praepetes
1607 3653 1621 3692 :
1657 3646 1712 3694 et
1735 3639 1852 3693 ideo
1875 3655 2016 3708 prae-

433 3739 605 3800 petes,
632 3730 757 3800 quia
785 3744 976 3785 omnes
995 3745 1120 3784 aves
1143 3729 1326 3799 priora
1353 3737 1544 3797 petunt
1584 3728 1849 3784 volantes.
1881 3728 2019 3783 Ter-

435 3821 565 3876 tiam
589 3821 794 3877 faciunt
831 3821 1067 3892 speciem
1119 3821 1468 3891 auguriorum
1507 3820 1561 3874 in
1593 3821 1801 3885 avibus,
1855 3837 2017 3891 quam

436 3927 774 3967 communem
819 3922 1036 3978 vocant,
1064 3926 1130 3967 ex
1173 3920 1400 3981 utroque
1425 3912 1779 3981 permistam,
1811 3913 1864 3967 id
1911 3922 2015 3978 est,

436 4019 564 4060 aves
587 4021 706 4075 qua:
744 4019 809 4059 ex
843 4019 938 4060 ore
962 4013 1016 4060 et
1039 4003 1214 4059 volatu
1244 4004 1467 4076 auguria
1493 4005 1696 4058 faciunt
1722 4023 1734 4058 :
1763 4006 1858 4060 sed
1884 4005 2016 4061 ﬁdes

436 4097 786 4154 Christihzec
809 4113 913 4153 non
946 4097 1124 4153 habet.
1162 4097 1412 4153 Omnium
1467 4105 1645 4152 autem
1677 4111 1874 4166 genera
1925 4113 2019 4152 vo-

436 4189 643 4245 lucrum
682 4189 766 4246 bis
809 4197 1122 4246 nascuntur.
1171 4189 1412 4244 Primum
1459 4189 1604 4244 enim
1647 4203 1745 4243 ova
1800 4191 2020 4260 gignun-

439 4287 566 4333 tur.
599 4279 726 4338 Inde
752 4278 935 4334 calore
955 4279 1187 4333 materni
1213 4277 1458 4348 corporis
1485 4276 1789 4332 formantur
1826 4287 1881 4334 et
1902 4279 2018 4332 ani-

438 4377 670 4423 mantur.
716 4368 826 4424 Ova
875 4378 1054 4424 autem
1109 4369 1252 4425 dicta
1291 4367 1359 4423 ab
1399 4383 1464 4424 eo
1517 4368 1660 4439 quod
1688 4369 1797 4423 sint
1831 4370 2012 4426 uvida.

439 4457 591 4513 Unde
615 4467 670 4511 et
700 4473 800 4512 uva
847 4473 912 4513 eo
949 4459 1092 4528 quod
1129 4458 1456 4513 intrinsecus
1478 4459 1706 4514 humore
1738 4459 1810 4512 sit
1830 4459 2011 4530 plena.

437 4545 572 4600 Nam
601 4545 880 4602 humidum
900 4556 1006 4612 est,
1036 4547 1179 4616 quod
1218 4547 1454 4602 exterius
1489 4547 1777 4602 humorem
1809 4549 2008 4605 habet:

438 4636 680 4700 uvidum,
706 4637 848 4707 quod
893 4637 1138 4691 interius.
1169 4635 1394 4703 Quidam
1427 4646 1605 4692 autem
1635 4648 1826 4707 putant
1853 4655 2014 4696 ovum

441 4725 683 4781 Grzncam
715 4727 914 4783 habere
938 4728 1200 4799 originem
1228 4728 1476 4783 nominis.
1513 4728 1592 4784 llli
1622 4739 1802 4786 autem
1834 4732 2018 4789 dicunt

440 4827 527 4877 oa,
557 4828 584 4865 υ
615 4811 792 4867 littera
822 4811 1018 4866 ablata.
1052 4812 1164 4868 Ova
1203 4822 1384 4868 autem
1429 4815 1674 4883 quaedam
1698 4816 1845 4871 inani
1886 4832 2017 4873 ven-

441 4911 496 4973 to
517 4903 914 4974 concipiuntur,
950 4905 1044 4959 sed
1086 4919 1192 4959 non
1219 4913 1344 4959 sunt
1369 4907 1717 4976 generabilia,
1748 4910 1851 4964 nisi
1898 4925 2017 4979 qua:

442 4990 644 5048 fuerint
687 4995 973 5049 concubitu
1017 4996 1311 5051 masculino
1362 5007 1622 5068 concepta
1663 5007 1718 5053 et
1769 5002 2014 5056 seminali

442 5085 635 5156 spiritu
664 5092 959 5156 penetrata.
986 5084 1220 5141 Ovorum
1254 5088 1361 5141 vim
1392 5096 1592 5141 tantam
1624 5089 1807 5143 dicunt
1859 5100 1917 5145 ut
1955 5091 2018 5145 li-

444 5193 608 5249 gnum
638 5175 912 5247 perfusum
936 5191 1000 5231 eo
1030 5193 1134 5232 non
1167 5177 1390 5232 ardeat:
1421 5193 1484 5233 ac
1513 5194 1581 5233 ne
1609 5180 1775 5234 vestis
1799 5182 2014 5250 quidem

445 5268 713 5324 contincta
761 5265 1036 5332 aduritur,
1077 5266 1305 5323 admista
1339 5283 1550 5338 quoque
1575 5267 1724 5324 calce
1747 5269 2016 5340 glutinare

445 5357 615 5412 fertur
641 5357 764 5412 vitri
809 5357 1129 5427 fragmenta.

1057 5510 1283 5569 CAPUT
1323 5513 1429 5569 VII.

702 5623 779 5678 De
806 5624 990 5696 apibus
1017 5623 1163 5697 [Ms.,
1187 5625 1263 5680 De
1288 5626 1499 5682 minutis
1533 5625 1756 5699 avibus].

515 5731 662 5802 Apes
684 5733 840 5790 dictae
881 5736 964 5791 vel
987 5737 1128 5806 quod
1153 5752 1212 5792 se
1246 5739 1469 5808 pedibus
1497 5739 1722 5795 invicem
1755 5739 1974 5810 alligent
2001 5781 2016 5804 ,

2121 3279 2358 3334 condunt
2389 3297 2400 3331 :
2431 3286 2630 3332 etcum
2666 3278 2766 3334 sibi
2796 3287 2987 3347 putant
3022 3277 3275 3332 viclualia
3318 3291 3600 3345 reponere,
3636 3275 3714 3330 fa-

2121 3371 2289 3436 ciunt,
2318 3370 2462 3425 unde
2498 3370 2745 3424 homines
2773 3370 2983 3439 possint
3023 3385 3121 3422 sua
3165 3369 3438 3425 desideria
3487 3368 3710 3422 satiare.

2120 3460 2271 3528 Quod
2295 3458 2512 3515 Judaaos
2553 3460 2800 3530 implesse
2840 3459 3186 3515 manifestum
3213 3469 3313 3526 est,
3347 3460 3565 3530 quando
3596 3474 3712 3515 rem

2118 3559 2313 3606 cuncto
2334 3549 2453 3604 orbi
2474 3549 2836 3610 dulcissimam
2858 3549 3057 3604 amaris
3082 3549 3364 3603 conatibus
3386 3547 3707 3604 affecerunt.

2193 3641 2372 3711 Spinze
2394 3641 2571 3696 saeculi
2602 3649 2818 3710 peccata
2847 3641 3152 3712 designant,
3177 3641 3373 3710 quibus
3397 3640 3710 3696 Iudaeorum

2117 3732 2344 3803 populus
2394 3732 2647 3786 ferociter
2695 3732 2948 3786 incitatus
2997 3732 3052 3784 in
3103 3730 3313 3785 delictis
3365 3732 3512 3796 suis,
3570 3732 3716 3787 velut

2121 3823 2257 3894 ignis
2284 3837 2634 3892 concrepans,
2666 3825 2932 3876 aestuavit.
2965 3821 3072 3876 Sed
3104 3821 3158 3876 in
3189 3822 3269 3877 eis
3299 3837 3513 3892 quoque
3538 3825 3712 3893 gratia

2119 3914 2331 3968 Domini
2363 3913 2691 3967 vindicatum
2736 3922 2837 3978 est,
2871 3913 3084 3982 quando
3123 3915 3188 3969 de
3224 3913 3315 3968 illo
3357 3913 3535 3978 melle,
3569 3914 3714 3985 quod

2118 4009 2470 4063 condiderant
2490 4008 2680 4074 nescii,
2712 4008 2958 4063 conversi
2988 4008 3053 4062 ad
3085 4009 3367 4062 Dominum
3391 4008 3714 4063 suavissime

2120 4105 2243 4152 sunt
2284 4098 2493 4167 repleti.
2538 4097 2666 4152 Fuci
2707 4099 2869 4165 enim,
2903 4098 2995 4168 qui
3031 4098 3234 4154 alienos
3278 4098 3491 4153 labores
3522 4101 3712 4165 edunt,

2119 4191 2341 4260 ignavos
2379 4198 2432 4244 et
2487 4191 2597 4244 otio
2645 4199 2918 4259 torpentes
2965 4191 3211 4246 homines
3258 4191 3584 4261 signiﬁcant,
3621 4192 3711 4262 qui

2119 4281 2291 4350 magis
2320 4296 2399 4333 [ex
2451 4278 2676 4333 aliorum
2721 4281 2975 4348 operibus
3019 4281 3121 4335 sibi
3160 4290 3397 4351 pastum,
3441 4297 3602 4350 quam
3647 4283 3712 4338 de

2117 4373 2336 4443 proprio
2392 4372 2606 4439 sudore,
2653 4372 2898 4428 exhiberi
2953 4381 3232 4442 expetunt.
3277 4371 3353 4427 De
3403 4373 3599 4442 quibus
3645 4375 3710 4429 ad

2125 4464 2630 4520 Thessalonicenses
2648 4464 2845 4519 Paulus
2869 4463 3112 4520 scribens
3133 4464 3210 4518 ait
3233 4482 3246 4518 :
3271 4463 3583 4524 Audiuimus
3609 4482 3708 4518 an-

2121 4565 2223 4610 tem
2253 4557 2504 4627 quosdam
2531 4557 2664 4608 inter
2693 4572 2778 4609 vos
2802 4555 3126 4610 ambulantes
3157 4557 3404 4626 inquiete,
3435 4557 3570 4610 nihil
3593 4574 3709 4627 ope-

2124 4656 2318 4712 rantes,
2349 4645 2439 4700 sed
2479 4648 2681 4700 curiose
2708 4656 2935 4716 agentes.
2975 4645 3051 4700 lis
3102 4657 3276 4701 autem
3325 4648 3413 4717 qui
3447 4648 3708 4719 ejusmodi

2123 4745 2280 4799 sunt,
2329 4735 2696 4790 denuntiantus
2738 4746 2784 4790 et
2833 4736 3160 4790 obsecramus
3209 4739 3264 4791 in
3306 4737 3529 4792 Domino
3579 4739 3703 4792 Jesu

2124 4827 2348 4892 Christo,
2377 4836 2431 4880 ut
2461 4843 2579 4879 cum
2607 4825 2811 4880 silentio
2851 4836 3122 4896 operantes
3146 4843 3298 4881 suum
3333 4843 3519 4898 panem
3557 4845 3706 4881 man-

2126 4919 2312 4972 ducent
2337 4917 2422 4989 (II
2446 4916 2624 4971 Thess.
2649 4917 2753 4988 ni).
2786 4917 3090 4973 Scahrones
3108 4919 3283 4973 vocati
3310 4933 3340 4972 a
3364 4918 3518 4985 cabo,
3548 4919 3601 4974 id
3626 4929 3707 4976 est

2120 5009 2347 5074 caballo,
2374 5011 2514 5080 quod
2554 5025 2621 5064 ex
2656 5010 2736 5065 eis
2759 5017 3030 5076 creentur,
3059 5019 3118 5064 ut
3145 5011 3363 5083 quidam
3408 5011 3701 5067 aestimant.

2122 5101 2274 5157 Sicut
2299 5111 2476 5158 autem
2505 5103 2794 5158 scabrones
2823 5111 3118 5157 nascuntur
3143 5104 3208 5158 de
3237 5112 3499 5174 equorum
3525 5105 3704 5159 carni-

2117 5192 2219 5247 bus
2255 5193 2504 5262 putridis,
2536 5193 2608 5246 ita
2646 5207 2711 5246 ex
2751 5193 2830 5248 eis
2859 5193 3052 5249 iterum
3095 5208 3236 5264 saepe
3265 5203 3561 5248 nascuntur
3589 5206 3704 5250 sca-

2120 5284 2290 5350 rabei,
2321 5284 2460 5339 unde
2501 5292 2557 5338 et
2585 5284 2947 5354 cognominati
2982 5293 3125 5339 sunt.
3156 5285 3322 5340 Tauri
3347 5296 3475 5340 sunt
3513 5301 3701 5343 scara-

2122 5377 2207 5433 bei
2248 5387 2529 5432 terrestres
2565 5377 2678 5430 sive
2723 5377 2997 5434 silvestres
3040 5378 3211 5434 ricino
3251 5379 3476 5435 similes.
3515 5380 3706 5450 Vespa:

2126 5477 2301 5524 autem
2328 5469 2440 5523 sive
2469 5467 2759 5523 scabrones
2783 5469 3085 5540 significant
3107 5471 3289 5524 hostes
3317 5481 3706 5540 persequentes

2123 5561 2204 5615 vel
2233 5561 2450 5616 timores
2481 5559 2736 5625 hostium,
2763 5570 2822 5615 ut
2849 5569 2930 5614 est
2951 5561 3082 5616 illud
3105 5560 3444 5616 Dominicum
3473 5564 3701 5633 promis-

2124 5667 2241 5706 sum
2266 5651 2320 5706 in
2348 5650 2485 5723 lege,
2520 5650 2661 5720 quod
2706 5651 2774 5706 ad
2799 5651 2958 5707 Israel
2999 5666 3095 5721 per
3130 5650 3344 5723 Moysen
3387 5652 3500 5705 ait:
3531 5652 3706 5709 Mitte:

2123 5740 2377 5798 Dominus
2400 5752 2521 5797 ante
2539 5743 2806 5799 introitum
2825 5753 2972 5798 tuum
2995 5753 3342 5800 antecessores
3361 5754 3477 5798 tuos
3501 5763 3705 5817 vespas,
