3930 6324
196 376 307 444 es:

1220 385 1307 442 DE
1350 384 1696 442 UNlVERSO
1730 383 1908 440 LIBRI
1946 383 2112 442 XXII.
2152 414 2224 430 --
2257 386 2382 442 LIB.
2423 386 2516 444 ιχ.

209 493 300 568 qui
339 493 705 548 mittant
752 491 1096 559 Cananwum,
1141 492 1385 547 divitum
1428 504 1580 564 atque
1621 493 1814 548 Phere-
1841 501 1893 560 Α
1916 495 2104 550 Graeco
2128 494 2295 556 venit,
2324 495 2464 548 sicut
2489 505 2546 550 et
2572 510 2710 550 mus.
2735 494 2846 559 liae,
2876 495 3014 551 sicut
3038 503 3093 551 et
3115 511 3264 567 apes,
3285 507 3491 565 necata

221 601 387 641 unum
419 583 582 656 (Sep.
611 583 738 656 xu).
773 583 890 641 Non
919 585 1114 656 legitur
1134 584 1328 638 alicubi
1350 586 1574 641 historia
1610 585 1815 641 Veteris

223 674 582 738 Tcstamenti,
629 675 774 743 quod
802 676 1090 730 scabrones
1130 673 1212 728 vel
1241 690 1430 745 vespas
1470 676 1678 730 miserit
1706 677 1812 730 Do-

231 766 406 821 minus
435 770 562 816 ante
606 761 747 817 ﬁlios
794 762 960 818 Israel
1001 763 1055 816 in
1102 763 1284 819 hostes
1330 779 1546 830 eorum;
1587 765 1680 819 sed
1717 781 1815 834 per

232 857 346 912 hac
371 853 642 917 animalia,
676 870 797 924 qua:
818 853 1018 907 aculeis
1040 863 1292 924 pugnant,
1328 855 1572 926 designat
1595 855 1814 910 timores

229 945 661 1013 compunctionis
701 945 754 998 in
804 945 988 998 hostes
1015 958 1222 1009 eorum,
1247 960 1354 1014 quo
1394 945 1709 999 terebantur
1739 954 1815 999 at-

231 1049 338 1104 que
382 1033 722 1102 fugabantur.
765 1032 841 1085 De
869 1031 1127 1086 scarabeo
1149 1042 1327 1087 autem
1357 1035 1408 1086 in
1435 1035 1694 1103 propheta
1741 1035 1813 1089 ita

230 1125 491 1196 scriptum
520 1135 602 1180 est
635 1144 648 1178 :
699 1123 768 1177 Et
796 1125 1074 1178 scarabeus
1103 1126 1166 1178 de
1195 1125 1334 1195 ligno
1364 1124 1604 1179 clamavit
1630 1143 1646 1180 :
1673 1127 1813 1195 quod

226 1223 422 1283 putant
447 1215 664 1284 quidam
685 1213 763 1267 ‘de
787 1212 1014 1267 Domino
1045 1213 1269 1277 dictum,
1303 1214 1394 1282 qui
1427 1214 1480 1266 in
1510 1229 1667 1268 cruce
1699 1231 1814 1270 sus-

227 1320 430 1374 pensus
475 1321 573 1373 pro
613 1304 1046 1372 persecutoribus
1075 1305 1338 1370 exoravit,
1377 1305 1597 1360 dicens:
1629 1305 1811 1372 Pater,

226 1398 440 1466 ignosce
468 1396 594 1461 illis,
623 1397 746 1465 quia
783 1397 1018 1449 nesciunt
1044 1396 1181 1466 quod
1217 1397 1415 1466 faciunt
1445 1395 1594 1467 (Luc.
1626 1397 1810 1466 xxm);

226 1487 313 1540 vel
359 1487 425 1540 de
463 1487 686 1548 latrone,
721 1486 810 1554 qui
841 1485 895 1538 in
936 1499 1096 1539 cruce
1135 1485 1201 1537 ad
1247 1483 1518 1540 Christum
1564 1485 1814 1540 clamavit

227 1578 459 1631 dicens:
491 1575 748 1628 Memento
793 1575 914 1637 mei,
959 1573 1197 1638 Domine,
1249 1575 1373 1628 dum
1412 1577 1607 1629 veneris
1642 1577 1694 1629 in
1736 1593 1814 1630 re-

226 1684 389 1736 gnum
421 1677 566 1721 tuum
594 1667 802 1737 (Ibid).
833 1665 1063 1721 Locusta
1091 1678 1232 1736 quoa
1257 1668 1483 1738 pedibus
1519 1669 1587 1724 sit
1619 1669 1808 1740 longis,

228 1755 377 1810 velut
435 1757 610 1810 hasta.
663 1756 813 1811 Unde
858 1765 913 1810 et
953 1773 1072 1811 eam
1118 1757 1289 1812 Grzeci
1342 1767 1451 1812 tam
1488 1761 1810 1814 maritimam

1915 586 1971 640 in
2003 599 2142 654 aqua
2170 585 2488 653 aliquotiens
2517 595 2640 656 post
2667 585 2826 640 unius
2852 586 2999 641 horae
3040 587 3273 657 spatium
3297 590 3491 646 revivi-

1915 682 2092 730 scunt.
2138 675 2412 745 Cynomya
2452 674 2638 732 Graece
2677 684 2919 740 vocatur,
2963 676 3016 730 id
3053 685 3154 743 est,
3187 691 3372 734 musca
3396 694 3491 734 ca-

1913 765 2060 820 nina.
2093 764 2230 818 Nam
2256 764 2376 819 cino
2407 763 2589 838 [cyon]
2617 765 2822 832 Graece,
2847 765 2998 821 canis
3027 775 3267 822 vocatur.
3295 767 3495 824 Muscas

1913 853 2220 910 immundos
2241 854 2460 924 spiritus
2488 855 2570 909 vel
2590 865 2902 924 peccatores
2932 856 3210 926 squalores
3237 857 3488 913 vitiorum

1913 952 2182 1000 sectantes
2225 944 2548 1016 signiﬁcant,
2576 946 2667 1015 qui
2707 947 2951 1002 sordibus
2997 946 3261 1002 scelerum
3315 947 3492 1003 oleum

1913 1035 2298 1091 misericordiae
2327 1045 2487 1106 atque
2523 1037 2804 1092 charitatis
2838 1046 3207 1108 corrumpunt.
3243 1037 3397 1095 Unde
3439 1039 3494 1093 in

1913 1125 2240 1182 Ecclesiaste
2269 1128 2528 1196 scriptum
2557 1139 2639 1182 est
2668 1145 2680 1181 :
2714 1127 2912 1182 Muscas
2953 1130 3224 1182 morientes
3248 1129 3482 1182 extermi-

1913 1226 2039 1270 nant
2088 1217 2397 1271 suavitatem
2447 1218 2695 1287 unguenti
2748 1217 2974 1288 (Eccles.
3023 1217 3078 1288 x)
3120 1235 3130 1268 :
3165 1217 3289 1286 quia
3323 1218 3495 1272 malus

1913 1304 2105 1358 mistus
2131 1305 2286 1359 bonis
2313 1306 2642 1360 contaminat
2680 1305 2937 1373 plurimos
2954 1346 2968 1371 ,
3006 1306 3276 1374 quomodo
3300 1321 3497 1360 musca:

1913 1393 1960 1447 si
1982 1394 2278 1448 moriantur
2307 1394 2362 1448 in
2409 1402 2701 1466 unguento,
2732 1396 2964 1464 perdunt
3007 1396 3224 1450 odorem
3257 1403 3310 1449 et
3341 1411 3496 1464 sapo—

1913 1495 2029 1534 rem
2069 1482 2210 1536 illius
2241 1501 2253 1536 :
2303 1484 2382 1537 sic
2424 1493 2478 1538 et
2515 1484 2778 1538 calliditas
2807 1483 3148 1553 sapientiam,
3176 1494 3230 1536 et
3259 1475 3495 1554 pruden-

1915 1571 2044 1624 tiam
2082 1571 2285 1625 malitia
2331 1572 2587 1626 sordidat.
2637 1571 2844 1639 Quarto
2883 1581 3059 1627 autem
3087 1573 3207 1627 loco
3233 1571 3498 1642 Egyptus

1912 1662 2111 1716 muscis
2161 1661 2461 1731 percutitur
2500 1661 2703 1732 (Exod.
2757 1662 2910 1732 vui).
2963 1661 3146 1716 Musca
3206 1663 3348 1716 enim
3413 1662 3494 1716 in-

1913 1752 2091 1807 solens
2121 1761 2179 1806 et
2211 1751 2511 1821 inquietum
2551 1749 2748 1806 animal
2796 1760 2896 1807 est.
2933 1752 2989 1806 ln
3035 1769 3138 1822 qua
3183 1753 3311 1820 quid
3352 1751 3495 1806 aliud

227 1862 395 1914 quam
425 1856 737 1902 terrestrem
762 1857 943 1903 astaco
962 1848 1246 1918 appellant.
1278 1849 1506 1903 Locusta
1529 1849 1813 1919 aliquando

1922 1857 2076 1911 quam
2116 1841 2408 1897 insolentes
2447 1858 2588 1897 cura:
2624 1841 3010 1896 desideriorum
3061 1839 3355 1894 carnalium
3406 1840 3499 1894 de-

226 1937 458 2005 populos
511 1935 777 2007 signiﬁcat
828 1939 1104 1993 instabiles
1149 1947 1204 1993 et
1248 1954 1428 2009 vagos,
1466 1948 1526 1992 ut
1565 1949 1647 1994 est
1690 1941 1818 1996 illud

230 2031 284 2084 in
324 2032 616 2101 Evangelio
659 2032 725 2086 de
765 2031 1008 2087 Joanne:
1040 2033 1177 2085 Esca
1233 2042 1406 2085 autem
1449 2034 1562 2100 ejus
1600 2045 1709 2087 erat
1749 2036 1821 2088 lo-

229 2132 382 2174 custa
418 2132 466 2173 et
509 2122 610 2173 mel
641 2121 868 2174 silvestre
913 2119 1124 2190 (Matth.
1158 2118 1280 2190 tu);
1325 2120 1448 2188 quia
1497 2122 1562 2174 de
1596 2135 1822 2175 conver-

229 2212 386 2265 sione
439 2210 756 2280 populorum
799 2210 866 2264 ad
913 2209 1070 2264 ﬁdem
1120 2208 1319 2263 Christi
1358 2218 1544 2278 pastus
1572 2211 1620 2264 ei
1663 2210 1820 2264 ﬁebat

225 2301 563 2355 delectabilis
590 2310 750 2369 atque
775 2301 972 2354 suavis.
999 2300 1130 2354 Item
1160 2300 1213 2352 in
1244 2300 1427 2354 Exodo
1455 2310 1639 2354 octava
1667 2301 1819 2371 plaga

229 2391 430 2459 legitur
477 2389 681 2444 locusta
729 2390 893 2443 missa
922 2404 1040 2444 esse
1085 2390 1136 2443 in
1169 2388 1459 2460 Egyptum
1489 2389 1685 2460 (Exod.
1718 2392 1773 2462 χ)
1803 2409 1816 2444 :

233 2497 330 2548 per
359 2480 502 2548 quod
522 2495 692 2549 genus
718 2480 889 2549 plagae
909 2489 1129 2548 putatur
1153 2497 1182 2533 a
1211 2482 1530 2549 quibusdam
1558 2482 1822 2536 dissiden-

236 2563 302 2615 tis
338 2579 368 2614 a
401 2576 460 2616 se
501 2571 554 2615 et
593 2561 954 2616 discordantis
979 2563 1201 2615 humani
1228 2564 1440 2631 generis
1466 2564 1821 2618 inconstantia

235 2648 527 2703 confutari.
554 2647 784 2702 Locusta
812 2649 1040 2718 populus
1062 2650 1320 2720 gentium,
1343 2657 1402 2703 ut
1425 2651 1476 2704 in
1501 2650 1818 2708 Salomone:

233 2740 463 2793 Locusta
506 2757 673 2810 regem
718 2757 822 2793 non
862 2741 1032 2805 habet,
1074 2751 1120 2794 et
1161 2743 1423 2811 egreditur
1456 2745 1695 2798 universa
1729 2761 1823 2814 per

232 2840 436 2882 turmas
484 2826 663 2898 (Prov.
704 2829 856 2898 xxx).
892 2829 1024 2883 ltem
1064 2829 1282 2885 locustae
1328 2831 1614 2899 daemones,
1663 2842 1724 2888 ut
1765 2835 1819 2889 in

232 2917 556 2987 Apocalypsi
583 2933 596 2970 :
627 2917 696 2970 Et
735 2919 798 2971 de
824 2918 967 2987 fumo
993 2935 1210 2989 egressae
1247 2931 1366 2974 sunt
1395 2922 1607 2977 locustae
1635 2924 1816 2994 (Apoc.

235 3008 335 3072 Ix).
380 3007 448 3061 Et
489 3009 543 3061 in
575 3008 712 3062 libro
755 3008 1003 3062 Judicum
1031 3027 1044 3061 :
1074 3007 1271 3064 Cameli
1309 3028 1487 3065 eorum
1523 3023 1577 3066 ut
1608 3013 1820 3069 locusta:

235 3093 442 3162 (Judic.
465 3096 584 3165 vn).
617 3097 846 3151 Locusta
877 3099 1125 3166 superbia
1146 3099 1229 3153 vel
1267 3102 1480 3171 vagatio
1501 3105 1716 3169 mentis,
1762 3113 1820 3158 ut

1919 1934 2219 2005 signantur.
2275 1933 2540 2005 Egyptus
2582 1948 2709 2003 ergo
2756 1933 2956 1988 muscis
3003 1932 3320 2002 percutitur,
3372 1931 3498 2000 quia

1919 2038 2108 2078 eorum
2148 2026 2311 2078 corda
2355 2025 2446 2093 qui
2493 2026 2596 2078 hoc
2630 2023 2882 2077 sazculum
2928 2022 3175 2091 diligunt,
3207 2021 3496 2076 desiderio-

1922 2127 2042 2165 rum
2071 2120 2291 2168 suOrum
2327 2113 2785 2182 inquietudinibus
2825 2111 3109 2166 feriuntur.
3154 2111 3323 2166 Porro
3353 2109 3495 2166 LXX

1922 2202 2243 2272 interpretes
2267 2217 2605 2273 cynomyam,
2639 2203 2692 2256 id
2726 2211 2828 2266 est,
2857 2203 3105 2257 caninam
3131 2215 3373 2256 muscam
3403 2216 3497 2269 po-

1921 2301 2165 2356 suerunt,
2209 2307 2306 2362 per
2349 2307 2511 2361 quam
2554 2291 2732 2346 canini
2771 2304 2948 2345 mores
2993 2290 3408 2361 signiﬁcantur:
3442 2289 3496 2342 in

1921 2382 2114 2450 quibus
2148 2383 2395 2436 humanae
2421 2383 2616 2436 mentis
2647 2381 2896 2435 voluntas
2925 2387 2978 2434 et
3013 2379 3179 2435 libido
3206 2379 3384 2434 carnis
3409 2394 3497 2432 ar-

1922 2474 2123 2542 guitur.
2151 2473 2336 2527 Potest
2361 2473 2575 2542 quidem
2607 2472 2710 2526 hoc
2737 2471 2852 2526 loco
2881 2470 3170 2540 signiﬁcari
3214 2469 3374 2524 etiam
3399 2483 3497 2539 per

1923 2575 2166 2616 muscam
2193 2559 2443 2616 caninam
2471 2559 2700 2615 forensis
2728 2559 3004 2613 hominum
3041 2558 3368 2627 eloquentia,
3390 2573 3496 2626 qua

1922 2649 2069 2704 velut
2111 2665 2272 2705 canes
2313 2650 2573 2705 alterutro
2617 2665 2675 2705 se
2722 2649 2979 2704 lacerant.
3009 2648 3172 2703 Culex
3203 2647 3270 2702 ab
3312 2646 3499 2702 aculeo

1923 2739 2120 2805 dictus,
2164 2753 2270 2808 quo
2319 2739 2628 2808 sanguinem
2656 2738 2816 2808 sugit.
2852 2737 3023 2791 Habet
3050 2738 3192 2792 enim
3223 2739 3278 2792 in
3313 2751 3407 2792 ore
3438 2735 3499 2788 ﬁ-

1921 2827 2117 2882 stulam
2155 2826 2211 2882 in
2239 2828 2456 2882 modum
2484 2826 2703 2893 stimuli,
2740 2841 2846 2896 qua
2888 2840 3108 2881 carnem
3151 2825 3406 2885 terebrat,
3439 2831 3499 2876 ut

1922 2917 2237 2988 sanguinem
2276 2919 2443 2972 bibat.
2497 2915 2727 2972 Scinifes
2755 2931 2952 2972 musca:
2975 2915 3346 2970 minutissimas
3374 2919 3501 2968 sunt

1923 3006 2123 3060 aculeis
2147 3005 2524 3075 permolestaa:
2553 3019 2658 3073 qua
2689 3005 2846 3058 tertia
2870 3004 3025 3074 plaga
3046 3003 3310 3073 superbus
3335 2999 3501 3071 Egy-

1922 3095 2157 3164 ptiorum
2183 3095 2410 3165 populus
2454 3110 2623 3149 cassus
2652 3103 2752 3149 est.
2783 3092 2895 3148 Hoc
2938 3091 3136 3146 animal
3163 3091 3353 3160 pennis
3381 3089 3500 3158 qui-

233 3185 290 3237 in
317 3184 475 3238 Joel:
510 3185 792 3240 Residuum
836 3204 1006 3242 eruca:
1047 3191 1273 3245 comedet
1323 3193 1522 3246 locusta
1558 3193 1717 3264 (Joel.
1757 3196 1819 3268 ι).
1851 3182 1896 3243 C
1927 3189 2048 3242 dem
2080 3189 2423 3257 suspenditur
2465 3201 2563 3256 per
2601 3202 2724 3240 aera
2765 3185 3024 3250 volitans;
3072 3183 3167 3237 sed
3202 3183 3276 3236 ita
3306 3180 3502 3235 subtile

231 3272 357 3326 Alio
404 3288 620 3342 quoque
665 3290 825 3329 sensu
869 3275 1088 3331 locustae
1136 3296 1232 3347 pro
1261 3282 1557 3338 mobilitate
1593 3284 1825 3341 levitatis

234 3359 564 3428 arripienda:
597 3371 746 3426 sunt,
790 3370 1044 3432 tanquam
1084 3381 1230 3436 vaga:
1261 3378 1317 3421 et
1357 3371 1608 3427 salientes
1634 3373 1826 3428 anima:

238 3449 292 3501 in
325 3449 509 3502 seculi
531 3451 854 3517 voluptates.
897 3452 1029 3506 Item
1071 3468 1167 3522 per
1193 3456 1639 3525 signiﬁcationem
1679 3463 1826 3517 locu-

238 3547 357 3599 star,
391 3552 511 3605 qua:
531 3537 815 3607 plusquam
837 3549 1031 3595 cetera
1057 3543 1259 3597 minuta
1283 3561 1508 3616 quaeque
1533 3551 1823 3606 animantia

240 3627 495 3682 humanis
525 3627 768 3696 frugibus
815 3640 1030 3696 nocent,
1061 3632 1254 3702 linguae
1284 3637 1612 3692 adulantium
1642 3642 1823 3709 expri-

238 3726 500 3783 muntur,
554 3736 672 3788 qua:
740 3729 1076 3777 terrenorum
1149 3726 1426 3781 hominum
1484 3741 1729 3797 mentes,
1783 3733 1828 3787 si

239 3808 459 3876 quando
481 3809 623 3862 bona
647 3809 824 3879 aliqua
850 3811 1090 3881 proferre
1118 3817 1475 3886 conSpiclunt,
1505 3819 1619 3876 haec
1641 3822 1828 3877 immo-

240 3895 486 3950 deratius
564 3898 831 3954 laudando
904 3913 1270 3972 corrumpunt.
1340 3907 1568 3963 Fructus
1633 3913 1828 3980 quippe

239 3985 624 4056 Egyptiorum
655 3999 736 4044 est
759 4005 919 4059 opera
958 3994 1373 4060 cenodoxorum,
1415 4013 1575 4066 quam
1607 3999 1828 4055 locusta:

240 4080 629 4143 exterminant,
680 4081 806 4134 dum
853 4083 1130 4139 adulantes
1173 4085 1363 4156 linguae
1405 4089 1470 4141 ad
1499 4092 1827 4159 appetendas

241 4168 430 4223 laudes
477 4171 824 4226 transitorias
859 4187 953 4226 cor
985 4177 1258 4244 operantis
1292 4178 1572 4233 inclinant.
1622 4181 1829 4237 Herbas

240 4274 369 4313 vero
415 4259 638 4314 locustae
685 4262 993 4326 comedunt,
1038 4265 1250 4332 quando
1285 4268 1594 4324 adulatores
1631 4272 1829 4340 quique

242 4349 404 4404 verba
433 4351 771 4418 loquentium
817 4353 1089 4408 favoribus
1117 4357 1394 4412 extollunt.
1427 4358 1590 4414 Poma
1617 4377 1830 4430 quoque

242 4441 498 4496 arborum
529 4441 810 4504 devorant,
860 4447 1076 4512 quando
1099 4449 1249 4502 vanis
1291 4448 1537 4505 laudibus
1575 4467 1829 4520 quorum-

241 4531 361 4581 dam
399 4530 514 4594 jam
546 4529 703 4597 quasi
741 4529 964 4584 fortium
1004 4548 1168 4602 opera
1209 4547 1485 4590 enervant.
1530 4538 1710 4594 Musca
1758 4555 1826 4594 ex
1851 4528 1903 4587 D

1927 3284 1980 3330 et
2017 3277 2301 3342 minutum,
2347 3284 2408 3330 ut
2440 3275 2583 3330 oculi
2627 3276 2820 3341 visum,
2866 3274 2969 3329 nisi
3016 3281 3174 3327 acute
3208 3269 3498 3328 cernentis.

1927 3369 2162 3439 effugiat.
2192 3369 2400 3440 Corpus
2437 3376 2618 3423 autem
2662 3383 2780 3422 cum
2828 3366 3105 3431 insederit,
3153 3359 3502 3416 acerbissimo

1929 3468 2168 3522 terebrat
2200 3465 2433 3529 stimulo,
2465 3466 2538 3519 ita
2580 3472 2636 3517 ut
2667 3477 2823 3532 quem
2860 3460 3125 3515 volantem
3156 3456 3338 3510 videre
3382 3453 3502 3522 quis

1926 3569 2033 3608 non
2076 3555 2271 3620 valeat,
2319 3555 2516 3609 sentiat
2560 3554 2739 3607 statim
2788 3550 3178 3604 advenientem.
3226 3545 3337 3598 Hoc
3372 3557 3502 3612 ergo

1926 3642 2172 3698 animalis
2204 3658 2372 3714 genus
2396 3642 2678 3696 subtilitati
2705 3639 2971 3693 haeretica:
2994 3643 3355 3704 comparatur,
3382 3646 3502 3700 qua:

1929 3733 2211 3787 subtilibus
2236 3734 2523 3787 verborum
2547 3731 2776 3785 stimulis
2804 3728 3012 3782 animas
3038 3725 3293 3789 terebrat,
3323 3729 3500 3777 tanta-

1928 3835 2032 3889 que
2094 3821 2384 3876 calliditate
2429 3819 2815 3881 circumvenit,
2871 3824 2928 3868 ut
2980 3815 3233 3880 deceptus
3273 3812 3502 3880 quisque

1929 3927 2028 3966 nec
2072 3912 2253 3966 videat
2289 3926 2389 3964 nec
2440 3911 2696 3978 intelligat
2735 3907 2874 3961 unde
2928 3904 3218 3973 decipiatur
3264 3916 3278 3953 :
3313 3902 3404 3955 sed
3445 3902 3496 3953 in

1928 4003 2192 4056 Trinitate
2233 4003 2665 4071 blasphemantes
2705 3999 2868 4052 totius
2911 3996 3095 4050 mundi
3133 3995 3392 4063 dissipant
3441 3991 3502 4051 ﬁ-

1927 4093 2066 4146 dem.
2118 4092 2363 4144 Bruchus
2415 4088 2676 4159 ingluvies
2721 4085 2946 4141 ventris.
3008 4083 3158 4139 Unde
3200 4093 3253 4137 et
3290 4097 3447 4150 supra
3485 4097 3498 4133 :

1927 4181 2210 4235 Residuum
2256 4197 2424 4235 eruca:
2468 4180 2693 4233 comedet
2742 4178 2964 4230 bruchus
2995 4175 3151 4246 (Joel.
3191 4173 3253 4245 ι).
3296 4173 3504 4242 Rubigo

1929 4274 2204 4328 iracundia
2234 4272 2440 4335 cordis;
2476 4271 2528 4322 in
2550 4269 2660 4323 Joel
2689 4284 2702 4322 :
2738 4267 3022 4321 Residuum
3063 4265 3244 4318 bruchi
3271 4264 3499 4317 comedet

1930 4365 2109 4433 rubigo
2141 4363 2350 4434 (Ibid.).
2379 4361 2551 4416 Eruca
2576 4361 2792 4430 prurigo
2822 4359 3062 4422 luxuriae,
3096 4358 3160 4411 de
3186 4371 3291 4426 quo
3321 4363 3376 4409 et
3407 4370 3500 4408 su-

1928 4468 2026 4522 pra
2050 4471 2062 4506 :
2091 4452 2375 4507 Residuum
2397 4468 2566 4508 eruca:
2593 4451 2819 4506 comedet
2854 4449 3052 4503 locusta
3084 4446 3288 4516 (Ibid.).

252 4671 3492 4703 W

1506 4787 1808 4865 LIBER
1863 4791 2232 4870 NONUS.

848 5006 1231 5064 PROLOGUS.

555 5094 638 5148 De
662 5097 854 5152 mundo
883 5109 928 5152 et
951 5109 1178 5169 quatuor
1205 5101 1368 5172 plagis
1387 5105 1521 5174 ejus.

316 5182 370 5234 ιη
423 5199 587 5237 sacro
637 5200 764 5256 ergo
801 5190 1010 5260 eloquio
1050 5194 1408 5264 intelligentiae
1463 5214 1668 5270 magna:
1713 5201 1825 5258 dis-

250 5271 414 5324 cretio
449 5281 553 5326 est.
593 5273 746 5344 Saepe
790 5280 932 5334 enim
984 5283 1035 5335 in
1076 5284 1390 5352 quibusdam
1439 5288 1570 5343 locis
1606 5290 1746 5347 illius
1776 5301 1831 5348 et

247 5357 470 5450 historia
499 5365 768 5418 servanda
790 5377 871 5421 est
895 5379 949 5423 et
972 5371 1221 5444 allegoria
1250 5391 1263 5428 :
1291 5385 1343 5431 et
1370 5393 1508 5447 smpe
1534 5381 1588 5434 in
1616 5383 1833 5450 quibus-

247 5447 365 5504 dam
406 5454 523 5507 sola
570 5457 902 5524 exquirenda
936 5469 1018 5515 est
1054 5463 1329 5535 allegoria,
1367 5447 1650 5539 aliquando
1701 5489 1829 5531 vero

240 5543 349 5598 sola
384 5559 615 5600 necesse
657 5557 741 5603 est
776 5559 834 5603 ut
869 5559 1114 5608 teneatur
1151 5556 1394 5613 historia.
1438 5560 1570 5614 Nam
1612 5562 1663 5616 in
1706 5565 1827 5633 qui-

235 5634 462 5690 busdam
496 5637 658 5702 locis,
700 5641 838 5694 sicut
868 5643 1120 5709 diximus,
1151 5645 1374 5702 historia
1417 5651 1574 5705 simul
1601 5655 1825 5710 tenenda

229 5733 276 5780 et
307 5727 600 5793 allegoria.
633 5737 699 5784 ut
730 5740 786 5784 et
810 5735 1070 5792 tardiores
1088 5746 1376 5798 nascantur
1404 5755 1499 5805 per
1525 5742 1822 5810 historiam,

1929 5032 1983 5078 et
2026 5023 2318 5078 velociores
2346 5024 2560 5095 ingenio
2597 5039 2692 5094 per
2721 5023 3053 5096 allegoriam.
3096 5023 3246 5081 Unde
3273 5041 3392 5094 cum
3424 5025 3498 5080 lo-

1927 5122 2122 5183 quente
2151 5113 2262 5168 Deo
2289 5115 2497 5184 populis
2521 5113 2794 5182 lampades
2831 5123 2885 5169 et
2921 5115 3153 5169 sonitum
3179 5115 3417 5169 buccinae
3445 5123 3500 5170 et

1928 5213 2164 5259 montem
2216 5203 2560 5274 fumigantem
2603 5212 2866 5266 cerneret,
2909 5204 3225 5272 perterritus
3255 5205 3406 5273 petiit
3441 5211 3501 5258 ut

1927 5293 2005 5347 eis
2034 5308 2132 5361 per
2169 5291 2384 5363 Moysen
2413 5293 2670 5347 Dominus
2705 5293 3028 5362 loqueretur.
3066 5293 3214 5348 Unde
3242 5294 3498 5363 scriptum

1926 5391 2049 5439 est:
2077 5382 2230 5438 Stetit
2269 5382 2488 5452 populus
2528 5383 2591 5436 de
2634 5383 2802 5452 longe,
2835 5382 3038 5452 Moyses
3079 5392 3251 5436 autem
3284 5382 3500 5436 accessit

1933 5475 2001 5528 ad
2045 5472 2332 5543 caliginem,
2377 5475 2431 5528 in
2479 5491 2580 5545 qua
2627 5484 2736 5528 erat
2776 5473 2916 5528 Deus
2951 5474 3146 5546 (Exod.
3175 5473 3288 5545 xx).
3318 5472 3498 5529 Turba

1933 5567 2126 5636 quippe
2163 5563 2341 5633 populi
2379 5563 2745 5635 allegoriarum
2783 5563 3061 5634 caliginem
3098 5579 3207 5618 non
3235 5562 3373 5618 valet
3401 5574 3498 5632 pe-

1933 5667 2147 5713 netrare
2175 5675 2186 5710 :
2219 5658 2344 5726 quia
2373 5657 2523 5710 valde
2566 5671 2855 5726 paucorum
2900 5666 2982 5711 est
3019 5654 3315 5726 spiritalem
3346 5645 3501 5707 intel-

1929 5748 2125 5804 lectum
2176 5748 2376 5802 rimari.
2421 5748 2552 5814 Quia
2598 5751 2740 5804 enim
2797 5757 3000 5804 mentes
3048 5746 3338 5803 carnalium
3383 5742 3498 5800 sola
