3930 6340
1082 383 1147 445 B.
1183 386 1441 445 RABANI
1477 378 1699 457 MAURI
1732 374 2056 442 ARCHIEP.
2097 370 2410 442 HOGUNT.
2448 373 2737 441 OPERUM
2769 382 2952 442 PARS
2986 378 3029 442 Ι.

3604 382 3709 447 260

439 516 581 576 saepe
603 500 833 561 historia
856 508 1170 575 pascuntur,
1199 501 1450 574 loquente
1475 499 1589 557 Deo
1614 497 1765 556 stetit
1794 495 2024 570 populus
2051 491 2104 563 Α
2128 495 2345 553 nomine
2390 494 2767 567 appellantur:
2797 499 2942 552 totus
2970 495 3153 568 itaque
3193 500 3293 554 suo
3338 495 3509 555 servit
3548 497 3711 556 Crea-

438 594 649 668 alonge
685 612 700 650 :
749 592 874 665 quia
909 609 1039 650 vero
1084 578 1356 665 spiritales
1398 592 1597 662 quique
1642 588 2020 660 allegoriarum

438 687 638 744 nubem
690 694 995 756 penetrant,
1043 693 1105 740 ut
1145 682 1461 755 spiritaliter
1499 682 1595 738 Dei
1626 680 1792 738 verba
1824 686 2024 753 cOgno-

438 782 614 845 scant,
646 776 856 850 Moyses
898 777 1128 834 accessit
1175 778 1242 833 ad
1290 774 1597 847 caliginem,
1640 773 1697 830 in
1752 789 1859 847 qua
1906 778 2024 828 erat

436 868 601 926 Deus.
640 869 845 927 Idcirco
872 886 969 927 nos
998 871 1053 925 in
1082 870 1186 926 hoc
1209 883 1390 940 opere,
1423 869 1513 925 ubi
1542 868 1609 926 de
1641 884 1823 927 rerum
1849 866 2023 925 varie-

438 971 551 1021 tate
598 964 748 1019 varia
791 962 1187 1036 signiﬁcatione
1231 964 1469 1020 scribere
1508 962 1888 1034 disposuimus,
1933 976 2022 1019 res

435 1053 582 1127 ipsas
617 1055 853 1126 primum
898 1062 1188 1112 notamus:
1217 1053 1407 1112 deinde
1446 1050 1897 1126 signiﬁcationem
1931 1068 2023 1111 ea-

434 1162 558 1204 rum
596 1146 835 1203 breviter
861 1146 1206 1215 disseremus,
1250 1148 1323 1204 ita
1353 1157 1415 1205 ut
1449 1164 1481 1205 a
1518 1144 1718 1205 mundo
1759 1140 2020 1219 incipien-

434 1249 541 1307 tes,
578 1247 762 1311 patres
802 1238 920 1309 ejus
948 1241 1338 1311 subsequenter
1373 1240 1687 1298 disserendo
1732 1255 2017 1311 ponamus.

434 1329 661 1387 Mundus
686 1341 770 1387 est
785 1331 983 1388 omium
1004 1341 1060 1387 et
1080 1342 1243 1399 terra,
1270 1349 1421 1389 mare
1440 1342 1495 1387 et
1513 1346 1632 1403 quae
1654 1332 1709 1387 in
1739 1331 1819 1387 eis
1855 1344 2021 1403 opera

432 1420 531 1478 Dei
558 1432 701 1480 sunt.
729 1423 807 1479 De
835 1440 945 1495 quo
974 1420 1171 1483 dicitur
1196 1444 1208 1479 :
1241 1424 1309 1480 Et
1339 1426 1567 1481 mundus
1591 1443 1683 1497 per
1704 1441 1823 1480 eum
1846 1424 2021 1495 factus

430 1523 509 1569 est
541 1513 722 1586 (Joan.
754 1515 815 1587 ι).
866 1513 1096 1573 Mundus
1134 1516 1327 1572 Latine
1371 1532 1403 1571 a
1440 1516 1775 1587 philosophis
1821 1516 2017 1581 dictus,

431 1602 577 1673 quod
620 1604 673 1658 in
700 1606 1028 1675 sempiterno
1052 1613 1201 1661 motu
1248 1602 1340 1671 sit,
1382 1612 1442 1659 ut
1479 1604 1696 1668 coelum,
1740 1603 1842 1670 sol,
1871 1604 2019 1672 luna,

430 1706 548 1761 ser,
576 1696 768 1751 maria.
800 1695 955 1751 Nulla
991 1696 1139 1753 enim
1183 1697 1397 1767 requies
1430 1695 1547 1764 ejus
1582 1696 1863 1750 elementis
1894 1709 2023 1749 eon-

431 1799 586 1845 cessa
607 1796 712 1853 est,
726 1788 954 1860 ideoque
975 1805 1189 1860 semper
1214 1792 1268 1845 in
1290 1798 1438 1846 motu
1460 1797 1560 1844 est.
1578 1787 1749 1845 Graeci
1770 1803 1901 1844 vero
1924 1804 2021 1844 no.

2123 589 2248 655 tori,
2277 602 2384 642 non
2433 586 2724 659 deceptori,
2755 586 3123 660 Redemptori,
3169 607 3275 647 non
3317 591 3707 665 interemptori,

2124 687 2179 735 et
2200 679 2405 751 regitur
2429 679 2826 750 dispensatione
2866 678 3068 747 divina,
3102 696 3207 737 non
3238 682 3439 741 inimici
3474 685 3711 742 versutia

2122 771 2472 840 subvertitur,
2506 782 2705 842 praeter
2742 773 2987 829 homines
3010 774 3178 845 partis
3207 772 3349 831 illius
3377 778 3467 846 qui
3492 779 3712 849 propria

2122 860 2419 929 voluntate,
2465 877 2573 919 non
2600 865 2923 921 necessitate
2953 864 3154 937 aliqua,
3198 880 3257 922 se
3284 865 3574 937 subjiciunt
3597 869 3713 925 dia-

2121 954 2265 1011 bolo.
2308 951 2615 1026 Aliquando
2662 957 2826 1012 etiam
2853 956 2968 1028 ipsa
3005 957 3230 1014 ambitio
3260 967 3594 1017 terrenarum
3620 979 3712 1019 re-

2123 1064 2246 1104 rum
2288 1048 2475 1105 mundi
2514 1048 2732 1108 nomine
2766 1051 3110 1122 designatur.
3146 1051 3301 1109 Unde
3322 1052 3455 1109 dicit
3474 1050 3713 1112 Joannes

2122 1138 2396 1211 apostolus
2432 1157 2447 1194 :
2499 1138 2678 1196 Nolite
2718 1139 2933 1212 diligere
2967 1142 3239 1208 mundum,
3283 1160 3445 1216 neque
3484 1162 3547 1200 ea
3592 1162 3714 1217 qua:

2120 1232 2174 1287 in
2222 1231 2417 1288 mundo
2440 1244 2584 1289 sunt.
2618 1230 2680 1289 Si
2704 1234 2819 1305 quis
2852 1233 3024 1305 diligit
3058 1233 3328 1302 mundum,
3360 1253 3464 1292 non
3489 1247 3563 1292 est
3586 1239 3715 1293 cita-

2122 1323 2252 1377 ritas
2277 1318 2461 1378 Patris
2488 1321 2543 1379 in
2566 1340 2649 1391 co,
2668 1324 2795 1395 quia
2820 1340 2970 1379 omne
2998 1325 3137 1396 quod
3162 1325 3217 1380 in
3243 1327 3439 1381 mundo
3464 1338 3561 1395 est,
3594 1345 3718 1384 con-

2121 1414 2441 1487 cupisccntia
2491 1417 2666 1473 carnis
2719 1426 2827 1485 est,
2876 1420 3297 1489 concupiscentia
3340 1419 3613 1476 oculorum
3663 1430 3716 1477 et

2121 1509 2364 1578 superbia
2400 1508 2521 1564 vita:
2566 1508 2621 1579 (Ι
2666 1506 2828 1564 Joan.
2878 1512 2963 1582 ιι).
3007 1509 3180 1567 Omne
3215 1512 3360 1583 quod
3402 1513 3458 1567 in
3491 1514 3716 1581 mundo,

2123 1602 2253 1658 dicit
2303 1617 2514 1668 omnes,
2549 1603 2641 1674 qui
2691 1611 2874 1660 mente
2920 1604 3229 1659 inhabitant
3270 1606 3561 1671 mundum,
3623 1606 3738 1676 qui.

2122 1710 2307 1751 amore
2355 1695 2598 1752 incolunt
2641 1698 2937 1765 mundum;
2978 1698 3119 1755 sicut
3158 1698 3353 1755 omium
3388 1699 3717 1767 inhabitant,

2122 1804 2353 1859 quorum
2378 1804 2474 1844 cor
2504 1805 2719 1845 sursum
2746 1799 2853 1857 est,
2883 1792 3130 1860 quamvis
3154 1807 3333 1847 carue-
3355 1791 3636 1847 ambulent
3662 1792 3719 1848 in

430 1892 559 1934 men
578 1880 779 1935 mundo
800 1881 865 1936 de
897 1889 1216 1937 ornamento
1236 1880 1776 1936 accommodaverunt
1796 1889 2017 1955 propter
2044 1880 2092 1940 B
2122 1886 2287 1933 terra.
2319 1875 2489 1932 Omne
2521 1878 2665 1947 quod
2691 1879 2747 1932 in
2776 1879 2978 1935 mundo
3006 1888 3106 1944 est,
3140 1879 3195 1935 id
3220 1888 3323 1946 est,
3354 1880 3541 1934 mundi
3568 1896 3719 1937 ama-

432 1968 797 2026 diversitatem
846 1970 1256 2039 elementorum,
1297 1982 1351 2027 et.
1391 1971 1848 2042 pulchritudinem
1878 1971 2020 2028 side-

431 2072 572 2114 rum.
601 2059 915 2130 Appellatur
950 2062 1095 2116 enim
1136 2062 1277 2131 apud
1308 2076 1401 2117 eos
1441 2078 1660 2126 cosmos,
1688 2061 1835 2132 quod
1854 2061 2020 2131 signi-

431 2148 560 2207 ﬂcat
587 2161 969 2206 ornamentum.
996 2151 1142 2207 Nihil
1171 2153 1317 2209 enim
1354 2153 1556 2209 mundo
1583 2153 1858 2224 pulchrius
1890 2168 2020 2208 ocu-

430 2240 500 2299 lis
523 2244 705 2300 carnis
744 2244 1058 2312 aspicimus.
1086 2230 1315 2299 mundus
1358 2244 1502 2299 enim
1530 2244 1821 2314 aliquando
1842 2244 2015 2300 histo-

431 2333 661 2398 rialiter,
692 2333 747 2388 id
773 2342 878 2399 est,
903 2334 1277 2390 universorum
1302 2335 1693 2391 elementorum
1717 2335 2020 2405 compactio

430 2423 697 2494 accipitur
721 2441 734 2477 :
763 2422 1051 2494 aliquando
1078 2423 1379 2493 verojuxta
1404 2425 1713 2498 allegoriam
1734 2426 1790 2480 in
1818 2426 2017 2481 bonam

430 2522 665 2588 partem,
712 2524 769 2571 et
813 2516 1100 2585 aliquando
1145 2517 1199 2570 in
1241 2518 1571 2572 contrariam
1606 2516 1841 2587 ponitur.
1881 2514 2018 2571 Nam

430 2608 663 2663 mundus
694 2607 1049 2680 historialiter
1075 2609 1133 2663 in
1178 2623 1245 2664 eo
1279 2609 1617 2680 intelligitur,
1644 2609 1739 2663 ubi
1766 2608 2018 2679 Evange-

430 2699 555 2757 lista
580 2700 711 2756 dicit
738 2720 750 2755 :
780 2700 847 2755 In
886 2670 1082 2757 mundo
1105 2712 1238 2769 erat,
1263 2714 1310 2758 et
1327 2670 1564 2759 vitandus
1704 2718 1823 2759 eum
1844 2670 2017 2772 facins

432 2802 509 2849 cst
530 2790 740 2865 (υἱώ).
768 2792 836 2848 Et
855 2792 987 2849 illud
1010 2794 1102 2850 ubi
1132 2794 1390 2851 Dominus
1415 2797 1491 2850 ait
1515 2811 1530 2849 :
1560 2794 1675 2865 Ego
1696 2793 1790 2848 tua:
1806 2794 1863 2848 in
1880 2794 2017 2848 hunc

433 2885 689 2941 mundum
720 2887 837 2941 veni
876 2886 1059 2959 (Joan.
1089 2888 1209 2960 xu).
1241 2889 1299 2943 In
1324 2888 1525 2944 mundo
1561 2887 1759 2957 quippe
1796 2893 1933 2949 erat.
1962 2893 2021 2941 et

433 2980 666 3033 mundus
690 2993 787 3048 per
816 2978 993 3051 ipsum
1031 2980 1208 3035 factus
1236 2989 1322 3036 est
1347 2999 1359 3035 :
1389 2982 1514 3050 quia
1539 2978 1681 3035 Deus
1712 2987 1852 3047 erat,
1875 2986 2021 3035 totus

432 3069 654 3141 ubique,
683 3071 810 3140 quia
855 3086 968 3126 sua:
1014 3073 1301 3143 praesentia
1330 3073 1630 3143 majestatis
1671 3071 1790 3127 sine
1834 3070 2020 3127 labore

431 3176 645 3233 regens,
692 3162 811 3217 sine
854 3178 1020 3221 onere
1068 3165 1371 3232 continens,
1424 3166 1567 3235 quod
1608 3162 1757 3219 fecit.
1806 3162 1864 3219 in
1910 3178 2018 3234 quo

2121 1974 2270 2023 tores
2314 1981 2423 2023 non
2472 1966 2672 2023 habent
2722 1968 2827 2025 nisi
2884 1970 3379 2042 concupiscentiam
3427 1973 3613 2028 carnis
3660 1980 3720 2028 et

2121 2060 2420 2126 oculorum,
2443 2066 2498 2115 et
2523 2061 2830 2129 superbiam
2869 2061 3013 2118 vita.
3040 2062 3245 2129 Quibus
3274 2064 3529 2119 vitiorum
3557 2079 3720 2119 voca-

2121 2150 2262 2206 bulis
2295 2152 2475 2206 omnia
2508 2151 2762 2207 vitiorum
2794 2168 2992 2225 genera
3031 2154 3459 2225 comprehendit.
3501 2154 3715 2211 Concu-

2118 2239 2382 2309 piscentia
2408 2240 2589 2295 carnis
2619 2249 2721 2307 est,
2750 2257 2910 2297 omne
2932 2243 3074 2311 quod
3100 2243 3169 2297 ad
3196 2243 3521 2314 voluptatem
3546 2253 3601 2298 et
3628 2245 3720 2300 de-

2120 2330 2273 2387 licias
2314 2332 2560 2403 eorporis
2601 2333 2881 2403 pertinet,
2931 2334 2989 2387 in
3038 2333 3233 2404 quibus
3279 2343 3406 2390 sunt
3443 2335 3716 2404 maxima,

2121 2422 2272 2477 cibus
2292 2431 2349 2478 et
2369 2431 2548 2494 potus,
2574 2431 2629 2492 et
2648 2424 3001 2479 concubitus:
3033 2440 3152 2495 qua:
3173 2425 3274 2481 tria
3304 2424 3562 2482 Salomon
3592 2443 3721 2484 san-

2121 2510 2360 2582 guisugis
2408 2519 2709 2583 comparat.
2756 2511 3203 2583 Concupiscentia
3241 2514 3546 2581 oculorum,
3594 2532 3719 2587 qua:

2119 2600 2181 2655 ﬁt
2209 2601 2266 2654 in
2294 2601 2565 2665 discendis
2611 2602 2819 2657 artibus
2866 2602 3123 2672 nefariis,
3180 2604 3237 2659 in
3283 2606 3718 2676 contemplandis

2119 2692 2443 2763 spectaculis
2474 2692 2721 2764 turpibus
2764 2694 2848 2751 vel
2895 2697 3262 2767 supervacuis,
3291 2699 3345 2753 in
3370 2699 3717 2769 acquirendis

2118 2784 2281 2839 rebus
2320 2784 2743 2854 temporalibus,
2800 2786 2857 2840 in
2913 2786 3291 2856 dignoscendis
3329 2795 3385 2844 et
3427 2789 3715 2858 carpendis

2118 2872 2487 2943 proximorum
2517 2873 2685 2927 vitiis.
2738 2871 3000 2944 Superbia
3040 2874 3167 2930 vitae
3208 2882 3310 2939 est,
3343 2891 3467 2932 cum
3507 2890 3568 2931 se
3593 2876 3718 2946 quis

2113 2965 2285 3037 iactat
2313 2968 2366 3023 in
2398 2968 2711 3025 honoribus.
2750 2968 2855 3025 Per
2885 2970 3001 3025 hinc
3040 2969 3146 3026 tria
3174 2970 3440 3040 cupiditas
3475 2971 3717 3029 humana

2119 3065 2397 3113 tentatur:
2428 3074 2527 3129 per
2564 3061 2682 3115 haec
2721 3060 2895 3115 Adam
2922 3070 2979 3118 et
3016 3060 3277 3117 Dominus
3322 3063 3437 3133 ipse
3474 3070 3717 3118 tentatus

2121 3155 2221 3203 est.
2258 3148 2498 3214 Quatuor
2531 3156 2715 3203 autem
2763 3163 2884 3205 esse
2932 3149 3152 3206 climata
3198 3148 3385 3206 mundi
3433 3151 3609 3217 aiunt,
3660 3150 3718 3207 id

431 3254 597 3311 etiam
639 3256 861 3321 mttndo,
908 3272 1069 3327 quem
1106 3257 1257 3328 prius
1288 3272 1383 3327 per
1411 3258 1747 3313 divinitatem
1788 3257 2015 3325 creavit,

2121 3245 2222 3303 est,
2250 3236 2436 3309 plagas
2461 3252 2478 3293 :
2504 3239 2769 3294 orientem
2798 3247 2853 3295 et
2888 3239 3247 3307 occidentem,
3289 3240 3714 3310 septentrionem

431 3344 773 3417 postmodum
804 3346 966 3401 homo
1016 3355 1175 3402 natus
1211 3348 1477 3425 apparuit.
1510 3346 1664 3414 Quod
1707 3356 1887 3402 autem
1931 3360 2019 3403 se-

434 3435 656 3505 quitur:
688 3434 759 3489 Et
786 3436 1012 3490 mundus
1053 3453 1172 3490 eum
1211 3453 1315 3492 non
1351 3437 1586 3508 cognovit
1616 3436 1796 3505 (Joan.
1830 3436 1897 3509 ι),
1947 3437 2022 3492 si-

432 3524 944 3596 gniﬁcathomines
987 3526 1174 3582 mundi
1224 3541 1409 3582 amore
1445 3528 1699 3596 deceptos
1734 3536 1899 3596 atque
1938 3526 2020 3582 in-

432 3614 688 3672 haerendo
714 3626 982 3673 creatura:
1006 3616 1075 3671 ab
1099 3618 1440 3688 agnoscenda
1478 3618 1752 3674 Creatoris
1786 3618 1871 3673 sui
1896 3633 2017 3673 ma-

431 3702 631 3774 jestate
676 3704 925 3762 reﬂexos.
956 3707 1172 3763 Duobus
1211 3717 1392 3763 autem
1438 3709 1633 3774 modis,
1663 3717 1723 3763 ut
1760 3710 2016 3775 diximus,

432 3796 667 3850 mundus
700 3794 1020 3865 intelligitur
1050 3813 1064 3850 :
1099 3796 1255 3853 aliter
1282 3798 1338 3852 in
1358 3799 1753 3867 peccatoribus,
1782 3800 1943 3855 aliter
1963 3801 2020 3855 in

435 3886 657 3941 sanctis.
691 3884 844 3950 Quod
884 3892 1067 3939 autem
1105 3885 1365 3940 Dominus
1393 3886 1523 3941 dicit
1565 3887 1632 3941 ad
1658 3886 1877 3942 Patrem
1906 3908 1919 3943 :
1950 3887 2019 3942 Ut

439 3973 665 4027 mundus
707 3972 905 4039 credat,
946 3974 1069 4043 quia
1112 3983 1169 4027 tu
1204 3990 1285 4027 me
1320 3974 1509 4029 misisti
1548 3974 1726 4046 (Joan.
1762 3976 1927 4049 xvu);
1965 3986 2021 4035 et

436 4064 564 4119 alibi
588 4104 602 4120 .
631 4063 696 4118 Ut
719 4075 992 4134 cognoscat
1022 4066 1245 4119 mundus
1267 4068 1389 4135 quia
1413 4067 1573 4136 diligo
1602 4065 1812 4123 Patrem
1833 4069 2016 4140 (Joan.

436 4155 580 4225 xiv);
613 4154 700 4210 hic
727 4156 969 4209 nominat
1007 4156 1265 4211 mundum
1303 4171 1395 4213 eos
1435 4158 1525 4227 qui
1563 4159 1819 4214 credituri
1842 4170 2016 4229 erant,

438 4248 522 4303 vel
543 4248 667 4317 quia
698 4254 827 4300 tunc
873 4246 1168 4301 credebant
1210 4247 1482 4303 Christum
1530 4249 1725 4305 Filium
1765 4250 1861 4306 Dei
1898 4269 2020 4309 esse

440 4340 510 4395 ad
537 4339 764 4395 salutem
785 4338 1007 4393 humani
1034 4338 1249 4409 generis
1277 4340 1500 4396 missum
1526 4354 1559 4396 a
1587 4340 1750 4396 Patre
1779 4342 1832 4397 in
1862 4360 2018 4400 mun-

441 4430 587 4487 dum.
625 4430 777 4497 Quod
818 4440 999 4485 autem
1033 4431 1148 4485 ait:
1186 4428 1350 4486 Pater
1385 4431 1551 4501 juste,
1589 4431 1817 4489 mundus
1837 4442 1887 4489 te
1914 4451 2019 4489 non

439 4522 696 4592 cognovit,
727 4538 821 4592 ego
847 4532 1019 4575 autem
1040 4522 1252 4593 cognovi
1282 4530 1331 4575 te
1357 4522 1537 4593 (Joan.
1565 4522 1733 4597 xvu);
1761 4523 1881 4581 ideo
1908 4542 2016 4581 non

2120 3336 2175 3385 et
2204 3328 2505 3386 meridiem.
2530 3329 2727 3386 Oriens
2765 3331 2832 3386 ab
2862 3339 3058 3387 exortu
3084 3332 3216 3387 solis
3242 3340 3327 3387 est
3350 3341 3713 3402 ntmcupatus.

2120 3419 2406 3489 Occidens,
2432 3422 2578 3491 quod
2621 3423 2765 3478 diem
2794 3422 2958 3478 faciat
2986 3422 3235 3479 occidere
3273 3432 3435 3493 atque
3463 3423 3709 3480 interire.

2118 3513 2439 3571 Absconditi
2476 3513 2622 3568 enim
2671 3513 2851 3568 lumen
2896 3514 3099 3569 mundo
3137 3521 3194 3570 et
3232 3514 3482 3569 tenebras
3523 3528 3716 3585 super-

2121 3604 2345 3661 inducit.
2381 3604 2692 3674 Septentrio
2728 3614 2909 3660 autem
2949 3620 2981 3659 a
3026 3613 3231 3675 septem
3267 3604 3438 3661 stellis
3474 3604 3597 3660 axis
3626 3620 3719 3661 vo-

2120 3704 2294 3762 catur,
2328 3708 2447 3765 qua:
2492 3696 2548 3749 in
2590 3694 2708 3764 ipso
2756 3694 3008 3751 revoluta:
3050 3704 3316 3751 rotantur.
3350 3695 3451 3751 Hic
3493 3696 3715 3768 proprie

2119 3793 2306 3839 vertex
2328 3784 2525 3839 dicitur
2542 3799 2613 3840 eo
2644 3786 2786 3856 quod
2810 3787 3062 3854 vertitur,
3089 3787 3232 3844 sicut
3256 3796 3417 3858 poeta
3443 3790 3521 3846 ait
3546 3806 3561 3843 :

2304 3872 2528 3934 Vertitur
2551 3884 2746 3934 interea
2771 3884 3070 3937 cmlum......

2118 3963 2387 4031 Meridies,
2420 3965 2504 4021 vel
2532 3965 2656 4035 quia
2686 3967 2761 4023 ibi
2786 3967 2865 4023 sol
2895 3966 3060 4023 faciat
3089 3967 3327 4023 medium
3358 3969 3528 4036 diem,
3559 3965 3717 4041 quasi

2119 4056 2402 4112 medidies:
2433 4056 2514 4111 vel
2553 4057 2678 4125 quia
2712 4065 2839 4113 tunc
2870 4059 3060 4128 purius
3084 4060 3256 4115 micat
3281 4061 3471 4116 aether.
3505 4060 3714 4118 Merum

2119 4148 2265 4202 enim
2289 4162 2481 4217 purum
2502 4148 2720 4203 dicitur.
2744 4149 2970 4221 Mystice
2994 4136 3180 4207 autem
3203 4150 3399 4208 Oriens
3422 4154 3713 4209 Dominum

2119 4236 2386 4307 signiﬁcat
2408 4236 2764 4305 Salvatorem,
2794 4240 2863 4296 de
2897 4256 3009 4311 quo
3040 4242 3097 4295 in
3123 4241 3269 4296 Luca
3305 4243 3569 4312 scriptum
3592 4253 3712 4317 est:

2128 4328 2367 4383 Visitavit
2399 4346 2490 4384 nos
2533 4329 2719 4386 Oriens
2760 4348 2825 4386 ea:
2848 4331 2953 4385 alto
2985 4332 3136 4403 (Luc.
3176 4334 3237 4403 ι).
3276 4334 3339 4387 Ει
3366 4336 3418 4387 in
3447 4335 3716 4391 Zacharia

2117 4421 2413 4491 propheta:
2449 4420 2585 4475 Ecce
2631 4422 2729 4487 vir,
2767 4421 2955 4476 Oriens
3006 4438 3195 4477 nomen
3225 4424 3338 4493 ejus
3382 4422 3571 4495 (Zach.
3613 4426 3714 4497 vx).

2120 4510 2331 4578 Oriens,
2386 4512 2614 4583 populus
2659 4511 2987 4580 Iudaeorum,
3044 4515 3160 4569 sive
3222 4514 3544 4571 illuminatio
3594 4518 3717 4580 ﬁdei

440 4612 712 4683 cognovit,
740 4612 865 4681 quia
893 4612 1178 4666 damnatus
1204 4621 1287 4666 est,
1317 4628 1413 4680 per
1436 4612 1703 4681 justitiam
1729 4632 1743 4667 ε
1774 4614 1864 4671 ille
1891 4632 2021 4672 vero
2045 4613 2099 4674 D
2125 4604 2264 4657 sicut
2292 4605 2345 4656 in
2375 4603 2510 4657 lsaia
2539 4604 2781 4659 Ecclesia
2809 4605 3007 4660 dicitur
3046 4623 3059 4659 ε
3100 4604 3179 4660 Ab
3210 4605 3419 4661 Oriente
3453 4609 3716 4664 adducant

438 4706 531 4777 qui
586 4703 870 4758 salvandus
935 4711 1092 4767 erat,
1148 4704 1380 4757 mundus
1439 4718 1535 4773 per
1593 4706 2014 4762 miscricordiam

441 4804 495 4850 te
520 4795 770 4864 cognovit
806 4811 818 4845 :
864 4792 1051 4862 utique
1079 4796 1194 4862 ipse
1218 4790 1463 4847 Christus
1494 4793 1880 4861 reconciliavit,
1910 4794 2015 4850 Pa-

440 4894 525 4941 ter
555 4901 662 4939 non
692 4884 907 4948 merito,
938 4884 1033 4938 sed
1058 4884 1250 4954 gratia.
1292 4882 1427 4937 Hinc
1475 4883 1670 4939 dicitur
1712 4882 1871 4940 Jesus
1912 4886 2018 4941 sal-

440 4986 595 5032 vator
626 4978 828 5041 mundi,
862 4978 965 5031 hoc
993 4986 1091 5041 est,
1126 4977 1378 5032 Ecclesiae
1423 4965 1717 5044 catholica;
1749 4980 1874 5049 quia
1906 4981 2019 5049 ipse

440 5068 678 5124 salvator
716 5064 978 5133 omnium,
1026 5075 1079 5122 et
1125 5070 1359 5123 maxime
1401 5070 1656 5125 ﬁdelium.
1692 5071 1845 5139 Quod
1873 5074 2018 5128 enim

441 5159 637 5229 legitur
662 5159 919 5214 Dominus
950 5158 1149 5216 dixisse
1176 5176 1187 5211 :
1227 5158 1377 5215 Venit
1408 5163 1543 5215 enim
1587 5164 1823 5235 princeps
1860 5166 2019 5236 hujus

440 5252 643 5318 mundi,
688 5261 735 5305 et
778 5252 833 5304 in
877 5268 958 5305 me
985 5268 1087 5306 non
1130 5252 1320 5305 invenit
1357 5254 1638 5323 quidquam
1670 5254 1849 5328 (Joan.
1885 5262 2017 5329 xu);

442 5344 534 5398 hic
572 5342 808 5399 ostendit
844 5342 1112 5397 diabolum
1162 5344 1459 5413 principem
1503 5360 1621 5399 esse
1672 5356 2019 5415 peccatorum

441 5433 742 5501 hominum,
785 5448 893 5487 non
935 5441 1304 5489 creaturarum
1333 5435 1463 5488 Dei:
1497 5442 1552 5489 et
1595 5437 2019 5505 quotiescunque

442 5524 630 5581 mundi
672 5522 841 5595 ﬁgura
877 5523 933 5578 in
980 5523 1123 5579 mala
1167 5524 1554 5594 signiﬁcatione
1598 5527 1834 5597 ponitur,
1884 5526 2020 5582 nihil

441 5616 697 5684 ostendit,
733 5616 839 5671 nisi
858 5615 1044 5672 mundi
1065 5616 1209 5673 illius
1235 5626 1521 5686 amatores,
1550 5628 1605 5675 et
1631 5634 1739 5675 non
1768 5618 1880 5674 Dei.
1910 5618 2021 5675 Ab-

443 5711 511 5768 sit
546 5709 692 5766 euim
732 5717 794 5765 ut
830 5709 1112 5765 credamus
1152 5710 1300 5766 illum
1324 5712 1639 5784 principem
1668 5727 1788 5769 esse
1816 5712 1936 5768 cmli
1966 5720 2022 5768 ct

446 5813 617 5871 teme,
635 5810 689 5860 et
705 5814 1078 5861 creaturarum
1092 5805 1353 5874 omnium,
1367 5821 1484 5877 qua:
1498 5806 1817 5878 generaliter
1831 5805 2017 5862 mundi

2128 4708 2300 4757 semen
2324 4703 2471 4747 tuum
2495 4694 2628 4767 (Isa.
2655 4696 2831 4767 XLIII).
2864 4696 3152 4761 Occidens,
3184 4699 3412 4768 populus
3446 4701 3712 4768 gentium.

2126 4783 2228 4839 Ubi
2264 4794 2318 4839 et
2346 4800 2505 4854 supra
2530 4802 2544 4840 :
2587 4786 2654 4839 Et
2682 4787 2745 4839 ab
2770 4784 3050 4841 Occidente
3074 4790 3394 4859 congregabo
3421 4799 3472 4842 te
3496 4773 3711 4860 (ibid).

2124 4876 2387 4931 Occidens
2429 4887 2609 4932 autem
2649 4878 2917 4947 signiﬁcat
2964 4880 3088 4933 vita:
3140 4879 3377 4934 melioris
3420 4879 3712 4950 defectum,

2124 4968 2209 5022 vel
2238 4984 2490 5023 occasum
2515 4952 2730 5023 mortis.
2770 4970 2922 5024 Unde
2962 4972 3337 5039 peccatoribus
3364 4972 3415 5024 in
3444 4970 3711 5042 Propheta

2126 5066 2383 5134 scriptum
2430 5072 2553 5119 est:
2602 5063 2813 5119 Occidet
2862 5065 3001 5119 vobis
3043 5066 3123 5119 sol
3170 5066 3226 5119 in
3275 5066 3491 5119 meridie
3531 5066 3710 5137 (Amos

2122 5158 2263 5228 vru).
2296 5158 2365 5211 Et
2394 5155 2713 5212 Psalmista:
2770 5157 2935 5221 Tunc,
2977 5157 3169 5227 inquit,
3227 5157 3387 5226 facite
3424 5158 3473 5210 ei
3511 5160 3602 5229 qui
3629 5177 3712 5213 as-

2124 5250 2293 5304 cendit
2317 5266 2473 5319 super
2504 5264 2765 5315 occasum,
2810 5247 3069 5303 Dominus
3105 5264 3291 5303 nomen
3322 5257 3400 5302 est
3439 5249 3488 5302 ei
3537 5247 3709 5321 (Psat.

2124 5344 2313 5416 vau).
2362 5345 2493 5400 Item
2537 5361 2763 5401 occasus
2804 5344 3073 5415 signiﬁcat
3110 5334 3238 5415 post
3281 5343 3597 5399 tentationis
3626 5360 3714 5399 ar-

2124 5433 2283 5489 dores
2311 5435 2594 5491 incentiva:
2630 5436 2868 5490 libidinis
2916 5436 3379 5506 refrigerationem
3424 5445 3450 5487 :’
3488 5435 3632 5490 sicut
3659 5436 3711 5490 in

2123 5527 2542 5583 DeuteronOmio
2567 5543 2666 5598 pro
2696 5543 2782 5595 eo,
2806 5528 2898 5598 qui
2929 5536 3192 5582 nocturno
3210 5526 3471 5597 polluitur
3496 5539 3710 5591 somno,

2122 5616 2226 5672 hoc
2251 5624 2354 5685 est,
2378 5616 2590 5673 occulta
2620 5617 2971 5689 cogitatione,
3001 5625 3193 5673 utnon
3227 5624 3538 5673 revertatur
3561 5615 3711 5685 prius

2124 5708 2179 5763 in
2207 5720 2405 5777 castra,
2434 5726 2597 5781 quam
2628 5711 2770 5768 lavet
2789 5711 3117 5768 vestimenta
3140 5725 3258 5778 sua,
3292 5720 3349 5767 et
3376 5709 3591 5766 occidat
3607 5707 3707 5765 sol.

2122 5803 2358 5863 Rursum
2392 5806 2587 5863 Oriens
2621 5808 2867 5880 designat
2900 5804 3117 5863 initium
3149 5804 3305 5867 bona:
3324 5804 3451 5863 vita:
3473 5811 3705 5863 nostras:
