3930 6326
195 518 415 575 Occasus
438 513 592 571 maia:
620 515 1045 591 conversationis
1096 514 1339 584 affectus,
1391 526 1452 572 ut
1496 522 1580 571 est
1626 513 1757 570 illud
1784 516 1838 579 Α

195 608 243 663 in
276 605 481 661 Psalmo
509 624 521 659 :
549 604 816 671 Quantum
847 607 1003 660 distat
1045 604 1233 661 Oriens
1262 604 1325 660 ab
1354 606 1575 671 Occasu,
1606 605 1753 660 elon-

192 698 321 771 gabit
356 714 386 750 a
415 697 559 751 nobis
594 699 893 769 iniquitates
929 706 1133 751 nostras
1178 692 1349 770 (Psal.
1392 696 1529 767 cm).
1561 695 1620 750 In
1646 696 1752 753 0c-

192 802 308 843 casu
348 788 488 842 enim
514 803 753 855 eramus,
787 804 910 844 cum
944 788 1149 858 peccati
1176 787 1389 844 vinculo
1431 786 1751 866 tenebamur

192 877 441 933 astricti:
496 878 551 932 in
614 877 834 934 Oriente
890 887 1069 933 autem
1130 894 1335 945 sumus,
1395 878 1609 948 quando
1653 894 1753 948 per

191 982 369 1039 aquam
394 969 820 1040 regenerationis
848 985 945 1024 nos
975 986 1137 1025 verus
1170 964 1261 1024 Sol
1306 968 1549 1023 invisitat
1590 976 1644 1023 et
1675 975 1752 1024 te-

189 1064 370 1118 nebras
404 1062 533 1117 facit
558 1072 869 1118 nostrorum
897 1058 1173 1119 discedere
1211 1071 1580 1134 peccatorum.
1610 1061 1750 1118 Tan-

187 1164 289 1211 tum
317 1171 443 1227 ergo
469 1155 789 1225 iniquitates
832 1164 1034 1211 nostra:
1061 1154 1236 1227 longae
1265 1163 1391 1210 sunt
1428 1170 1553 1209 cum
1594 1155 1749 1213 nobis

184 1256 387 1320 peccata
434 1254 621 1302 nostra
669 1244 1012 1313 denotantur,
1061 1255 1322 1318 quantum
1375 1249 1551 1315 potest
1603 1243 1746 1301 clara

184 1342 286 1397 dies
311 1358 339 1395 a
374 1342 662 1396 tenebrosa
714 1348 870 1395 nocte
917 1339 1137 1395 distare.
1188 1330 1314 1393 Sive
1347 1354 1444 1409 per
1473 1335 1747 1394 Orientem

182 1431 434 1502 signiﬁcat
463 1446 692 1503 regnum
719 1419 838 1496 Dei,
859 1428 1388 1501 per’Occasum'vero
1415 1430 1742 1501 gehennam,

181 1538 287 1593 qua:
323 1530 527 1577 tantum
557 1538 590 1577 a
621 1524 904 1577 beatorum
936 1516 1064 1578 sede
1108 1520 1399 1577 dissociata
1440 1531 1545 1588 est,
1578 1524 1746 1591 quan-

182 1622 281 1667 tum
306 1608 431 1668 dicit
471 1604 769 1679 Abraham,
814 1607 1040 1683 loquens
1068 1612 1136 1669 ad
1166 1612 1407 1679 divitem,
1460 1604 1611 1667 Inter
1652 1630 1742 1668 nos

178 1714 222 1760 et
245 1722 323 1759 vos
344 1705 499 1759 chaos
524 1721 773 1775 magnum
792 1700 1061 1773 ﬁrmatum
1082 1714 1155 1759 est
1184 1702 1333 1776 (Luc.
1361 1701 1495 1777 xvt).
1520 1702 1746 1773 Septen-

182 1792 404 1851 ti'ionalis
448 1805 632 1850 autem
676 1812 803 1867 pars
845 1795 1050 1861 mundi,
1098 1795 1239 1850 unde
1276 1795 1394 1865 gelu
1440 1804 1494 1850 et
1526 1796 1743 1851 siccitas

1171 402 1260 462 DE
1290 398 1640 463 UNIVERSO
1677 396 1857 459 LIBRI
1890 396 2058 459 XXII.
2094 430 2167 446 -—
2200 394 2329 461 LIB.
2370 398 2465 459 IX.

2371 400 2465 459 1x.
3316 400 3435 472 me

2371 510 2599 573 CAPUT
2634 512 2924 574 PRIMUM.

2486 604 2563 665 De
2597 612 2802 667 atomis.

1923 698 2236 773 Philosophi
2299 711 2507 760 atomos
2556 716 2750 761 vocant
2804 698 3061 775 quasdam
3115 705 3169 765 in
3229 713 3433 769 mundo

1853 809 2139 868 corporum
2185 804 2366 866 partes
2416 807 2525 851 tam
2558 796 2988 863 minutissimas,
3040 807 3100 854 ut
3152 818 3251 858 nec
3291 806 3429 862 ViSui

1853 894 2093 957 pateant,
2146 901 2247 943 nec
2302 896 2503 953 tomen,
2536 883 2590 943 id
2642 898 2743 956 est,
2788 891 3086 946 sectionem
3144 894 3425 963 recipiant.

1855 974 2008 1035 Unde
2061 988 2117 1035 et
2156 976 2322 1035 atomi
2376 980 2533 1035 dictae
2585 989 2728 1036 sunt.
2780 981 2873 1036 Hae
2923 996 3021 1052 per
3063 995 3221 1051 mane
3272 986 3435 1041 totius

1854 1066 2040 1124 mundi
2075 1069 2387 1139 irrequietis
2436 1069 2671 1125 motibus
2724 1060 2972 1137 volitant,
3016 1080 3071 1125 et
3120 1060 3226 1127 huc
3271 1080 3434 1143 atque

1851 1160 1980 1218 illuc
2004 1156 2136 1218 ferri
2167 1163 2453 1218 dicuntur:
2479 1164 2558 1219 sic
2582 1162 2883 1220 tenuissimi
2912 1146 3157 1235 pulveres
3183 1182 3303 1236 quas
3330 1158 3436 1222 fusi

1848 1250 1946 1321 per
1973 1248 2236 1331 fenestras
2264 1255 2427 1311 radiis
2452 1256 2583 1311 solis
2607 1254 2877 1311 videntur.
2912 1236 2993 1313 Ex
3021 1257 3107 1313 his
3130 1258 3352 1313 arbores
3375 1264 3432 1313 et

1849 1342 2044 1399 herbas
2070 1354 2124 1400 et
2154 1340 2336 1418 fruges
2383 1363 2574 1403 omnes
2620 1349 2774 1415 oriri,
2823 1356 2878 1405 et
2919 1366 2987 1404 ex
3029 1350 3110 1405 bis
3158 1349 3336 1422 ignem
3380 1356 3436 1405 et

1850 1446 2064 1502 aquam,
2096 1436 2343 1491 universa
2374 1437 2518 1509 gigni
2546 1447 2709 1508 atque
2737 1444 2987 1495 constare
3016 1439 3232 1509 quidam
3260 1439 3436 1509 pbilo—

1848 1522 2002 1591 sophi
2028 1526 2266 1595 gentium
2294 1532 2631 1596 pictaverunt
2662 1528 3053 1602 [putaverunt].
3086 1529 3223 1586 Sunt
3252 1538 3429 1585 autem

1848 1615 2012 1669 atomi
2039 1624 2132 1671 aut
2176 1616 2229 1671 in
2281 1632 2523 1687 corpore,
2573 1628 2667 1673 aut
2712 1620 2766 1676 in
2802 1629 3062 1690 tempore,
3111 1632 3204 1675 aut
3253 1620 3306 1676 in
3335 1636 3433 1677 nu-

1848 1719 2017 1760 mero.
2049 1707 2107 1761 In
2137 1716 2385 1777 Corpore,
2411 1710 2472 1763 ut
2498 1702 2653 1778 lapis.
2693 1692 2899 1765 Divitiis
2920 1704 3044 1765 eum
3072 1707 3127 1769 in
3153 1700 3354 1780 partes,
3379 1716 3436 1767 et

1846 1805 2031 1865 partes
2092 1798 2235 1868 ipsas
2290 1798 2484 1854 d.vidis
2534 1800 2591 1854 ill
2646 1781 3023 1870 gran’a,’veiut
3063 1808 3191 1856 sunt
3217 1814 3432 1856 arenae:

179 1888 480 1957 procedunt,
506 1904 607 1958 per
633 1888 859 1959 ﬁguram
892 1887 1129 1943 ostendit
1157 1887 1427 1943 diabolum
1454 1888 1536 1942 vel
1578 1888 1748 1960 frigus
1776 1875 1823 1937 Β
1851 1902 2174 1957 rursumque
2208 1890 2323 1959 ipsa
2380 1882 2577 1945 arenae
2602 1906 2768 1961 grana
2808 1890 2984 1945 divide
3031 1886 3084 1946 in
3130 1890 3433 1947 minutissi-

179 1981 513 2048 inﬁdelitatis,
562 1981 632 2035 de
694 1996 800 2049 quo
853 1980 1114 2050 scriptum
1161 1989 1284 2033 est:
1345 1979 1654 2049 Aquilonem
1698 1990 1744 2034 et

177 2090 308 2127 utare
326 2082 385 2127 tu
424 2073 638 2127 creasti.
671 2072 880 2126 Thabor
926 2081 973 2126 et
1020 2070 1252 2125 Harmon
1301 2073 1358 2125 in
1408 2072 1615 2127 nomine
1659 2082 1746 2127 tuo

174 2164 509 2231 manabunt,
550 2173 700 2218 tuum
758 2164 1026 2219 brachium
1087 2180 1205 2218 cum
1259 2165 1488 2234 potentia
1552 2161 1743 2237 (Psal.

177 2254 449 2326 tuxvtn);
479 2269 582 2324 per
628 2254 933 2323 aquilonem
975 2252 1266 2323 designans
1318 2254 1608 2321 diabolum,
1652 2256 1745 2325 qui

176 2344 325 2400 dixit:
357 2342 564 2399 Ponam
592 2345 763 2400 sedem
794 2361 961 2399 meam
992 2345 1047 2398 in
1066 2344 1327 2414 aquilone,
1367 2354 1413 2399 et
1438 2360 1525 2398 ero
1557 2344 1745 2399 similis

176 2435 424 2492 ditissima
456 2434 596 2505 (Isa.
643 2434 776 2505 xiv).
807 2433 959 2489 Unde
988 2433 1115 2488 alibi
1163 2433 1397 2503 legitur:
1429 2432 1622 2503 Aquilo
1649 2434 1745 2489 du-

175 2540 258 2581 rus
284 2532 362 2580 est
394 2533 613 2590 ventus,
660 2523 752 2593 qui
795 2522 900 2577 alio
928 2522 1145 2576 nomine
1172 2522 1362 2577 dexter
1406 2534 1649 2599 vocatur,
1680 2539 1746 2579 eo

176 2616 304 2684 quod
332 2614 574 2670 diabolus
594 2629 789 2668 nomen
810 2614 914 2669 sibi
942 2613 1116 2669 dextri
1146 2623 1458 2684 praesumat,
1488 2622 1746 2686 tanquam

177 2704 323 2759 boni:
351 2704 463 2759 sive
510 2704 656 2773 quod
690 2702 1060 2775 Occidentem,
1112 2704 1163 2758 id
1211 2713 1313 2770 est,
1345 2716 1629 2775 peccatum
1657 2722 1744 2761 re—

180 2796 506 2866 spicientibus
536 2796 731 2851 dextra
778 2790 890 2849 ﬁat.
936 2794 1129 2864 Aquilo
1177 2796 1447 2864 signiﬁcat
1490 2798 1743 2869 populum

178 2886 417 2957 gentium,
461 2896 524 2942 ut
577 2886 633 2940 in
682 2878 855 2941 Isaia:
904 2877 1091 2940 Dicam
1134 2886 1378 2956 aquiloni
1403 2905 1421 2941 :
1467 2889 1549 2943 Da
1605 2888 1738 2961 (Isa.

178 2976 335 3046 mn).
358 2978 425 3032 Et
451 2976 507 3031 in
546 2976 853 3032 Psalterio:
886 2972 1079 3030 Latera
1108 2976 1369 3046 aquilonis
1391 2980 1570 3034 civitas
1608 2980 1740 3050 regis

176 3066 336 3135 magni
358 3065 531 3139 (Psal.
577 3066 768 3139 ιινιι).
810 3060 957 3120 Etin
996 3062 1132 3121 Job:
1163 3066 1240 3120 Ab
1269 3067 1511 3138 aquilone
1550 3085 1742 3123 aurum

176 3156 296 3209 venit
322 3155 464 3226 (Job.
495 3156 733 3228 xxxvii).
764 3155 1059 3211 Meridiana
1104 3146 1283 3212 autem
1328 3158 1484 3231 plaga
1526 3160 1743 3215 mundi-

177 3260 269 3315 que
294 3253 346 3300 et
370 3242 628 3301 australis
668 3242 737 3301 ab
763 3244 948 3301 austro
976 3258 1140 3303 vento
1166 3242 1412 3317 vocatur,
1439 3250 1617 3306 calore
1644 3268 1741 3307 suo

176 3342 331 3413 frigus
350 3345 577 3414 dissipat
606 3351 659 3398 et
685 3343 910 3415 glaciem
940 3344 1097 3401 solvit
1123 3364 1136 3399 ς
1169 3345 1482 3416 signiﬁcans
1508 3344 1739 3415 gratiam

176 3431 394 3501 Spiritus
431 3434 632 3501 sancti,
661 3435 755 3505 qui
783 3436 1063 3493 charitatis
1098 3437 1293 3494 ardore
1322 3437 1490 3508 frigus
1512 3435 1743 3505 inﬁdeli-

178 3522 293 3577 tatis
349 3524 591 3594 expellit,
649 3534 706 3581 et
756 3535 1101 3595 peccatorum
1155 3528 1407 3583 duritiam
1475 3527 1737 3583 dissolvit.

178 3609 317 3667 Unde
327 3613 589 3683 scripwm
612 3623 696 3670 est
711 3631 725 3670 :
744 3613 1012 3683 Converte,
1030 3616 1275 3684 Domine,
1292 3610 1640 3688 captivitatem
1656 3635 1747 3673 no-

176 3715 324 3761 stram
349 3708 484 3760 sicut
510 3716 715 3762 torrens
743 3708 797 3762 in
824 3718 1004 3763 austro
1035 3708 1208 3781 (Psal.
1238 3709 1423 3779 cxxv).
1458 3708 1558 3776 Qui
1580 3709 1744 3764 etiam

177 3807 354 3853 ventus
382 3798 656 3869 signiﬁcat
684 3798 938 3869 populum
972 3785 1254 3855 Judaieum
1288 3800 1468 3855 lumen
1502 3800 1744 3855 scientiae

177 3890 227 3945 in
253 3890 548 3959 Scripturis
576 3890 815 3960 legisque
842 3891 1225 3960 prophetarum
1254 3892 1561 3957 habentem,
1604 3892 1744 3945 sicut

176 3980 339 4051 aquilo
382 3981 641 4051 gentilem
680 3981 733 4035 in
776 3982 1009 4037 tenebris
1055 3982 1385 4037 inﬁdelitatis
1422 3991 1477 4037 et
1520 3982 1744 4037 stultitia

176 4074 361 4127 erroris
384 4074 693 4144 degentem.
739 4071 849 4127 Has
880 4089 1094 4144 quoque
1119 4075 1306 4128 ambas
1328 4072 1515 4144 gentes
1543 4073 1744 4128 Christi

178 4166 334 4235 gratia
381 4182 476 4235 per
520 4166 871 4237 Evangelium
919 4168 984 4221 ad
1030 4182 1089 4221 se
1133 4168 1465 4221 convocavit.
1510 4167 1643 4222 Item
1689 4168 1745 4222 in

178 4256 414 4325 aquilone
439 4258 673 4313 adversa
711 4257 896 4311 mundi
938 4257 991 4311 in
1036 4264 1219 4312 austro
1262 4256 1627 4312 blandimenta
1656 4257 1746 4313 de-

177 4349 462 4419 signantur.
505 4350 625 4417 Qua
659 4350 871 4421 gemina
910 4351 1305 4421 expugnatione
1360 4350 1621 4420 probatur
1647 4349 1747 4404 Ec-

177 4440 326 4493 clesia
352 4451 408 4495 et
432 4456 533 4510 per
561 4441 922 4495 constantiam
948 4440 1071 4494 ﬁdei
1103 4440 1300 4493 mirum
1335 4440 1554 4494 odorem
1577 4439 1746 4494 virtu-

178 4538 280 4586 tum
309 4534 587 4603 dispergit.
623 4532 775 4588 Unde
821 4548 1014 4603 sponsa
1061 4532 1116 4586 in
1157 4532 1380 4586 Cantico
1411 4532 1745 4586 canticorum

178 4624 333 4679 dicit:
387 4624 579 4696 Surge,
614 4624 809 4695 aquilo,
850 4633 898 4678 et
948 4624 1082 4690 veni,
1114 4635 1309 4689 auster,
1340 4626 1504 4695 per/la
1536 4624 1740 4677 hortum

178 4734 359 4784 meum,
382 4733 429 4772 et
470 4720 642 4789 ﬂuant
670 4726 907 4771 aromata
934 4716 1074 4769 illius
1101 4715 1275 4786 (Cant.
1306 4715 1397 4787 tv).
1445 4714 1741 4786 Consurge,

178 4811 529 4879 permittentis
553 4826 655 4865 vox
692 4817 796 4872 est,
830 4824 934 4862 non
968 4808 1303 4877 imperantis.
1350 4806 1483 4861 item
1529 4807 1581 4860 in
1613 4822 1744 4860 con-

183 4900 391 4953 trariam
435 4909 649 4970 partem
698 4899 950 4955 meridies
992 4898 1273 4967 accipitur,
1324 4906 1383 4951 ut
1424 4905 1505 4952 est
1535 4897 1662 4952 illud
1692 4898 1745 4951 in

181 4986 417 5043 Psalmo:
450 4992 492 5044 Α
540 4990 695 5043 ruina
739 4998 787 5044 et
830 4988 1085 5041 daemonio
1112 4986 1402 5039 meridiano
1431 4984 1601 5056 (Psal.
1634 4987 1744 5057 xc).

184 5081 501 5136 Daemonium
532 5082 888 5137 meridianum
928 5088 1008 5135 est
1049 5079 1283 5133 immane
1314 5080 1612 5148 perieulum
1641 5079 1747 5133 fer-

186 5189 303 5229 vore
329 5174 717 5244 persecutionis
752 5188 1059 5237 accensum,
1104 5172 1195 5226 ubi
1231 5172 1386 5225 ruina
1433 5172 1747 5241 plerumque

185 5270 447 5323 metuitur.
477 5269 695 5333 Auster,
724 5267 985 5331 Ecclesia,
1028 5281 1148 5337 quae
1188 5282 1254 5321 ex
1285 5264 1482 5321 iudicis
1521 5267 1669 5335 prior
1694 5265 1747 5319 in

188 5356 387 5415 Christo
432 5360 621 5424 edidit,
676 5366 735 5412 ut
782 5360 837 5411 in
884 5358 1192 5428 Propheta:
1258 5356 1359 5421 Qui
1404 5356 1647 5409 habitatis
1694 5356 1750 5409 in

189 5457 317 5502 terra
352 5454 541 5519 austri,
574 5452 703 5522 ferte
740 5467 932 5521 aquam
966 5452 1157 5504 sitienti
1189 5448 1321 5519 (Isa.
1365 5447 1498 5517 XXI),
1545 5448 1599 5501 id
1643 5454 1745 5513 est,

188 5540 499 5611 baptismum
552 5543 916 5601 credentibus.
976 5543 1044 5595 Et
1100 5543 1155 5596 in
1188 5541 1328 5596 Job:
1374 5541 1448 5593 Ab
1505 5540 1749 5610 aquilone

192 5648 365 5689 aurum
392 5635 548 5703 uertit,
593 5636 659 5691 ab
712 5643 892 5690 austro
930 5632 1000 5706 [et
1049 5633 1117 5687 ad
1166 5631 1359 5706 Deum]
1411 5631 1752 5702 formidolosa

192 5721 414 5782 laudatio
438 5725 562 5799 (Job
606 5726 841 5801 mm).
870 5725 1067 5787 Auster
1094 5734 1283 5786 sancta
1312 5723 1554 5784 Ecclesia
1579 5732 1666 5781 est
1690 5723 1753 5781 ﬂ-

194 5813 276 5874 dei
297 5816 471 5879 calore
494 5832 741 5879 accensa.

1846 1996 1992 2034 mum
2035 1980 2335 2049 pulverem,
2388 1982 2582 2046 donec,
2615 1982 2659 2035 si
2689 1980 2886 2049 possis,
2922 1979 3205 2051 pervenias
3234 1980 3305 2035 ad
3332 1981 3431 2036 ali-

1846 2083 2007 2139 quam
2029 2069 2330 2135 minutiam,
2363 2086 2482 2139 qua:
2524 2086 2630 2125 non
2664 2069 2778 2142 jam
2807 2068 2972 2127 dividi
3010 2076 3208 2140 potest,
3237 2068 3324 2126 vel
3350 2086 3434 2127 se-

1845 2161 1957 2216 cari
1984 2160 2174 2229 possit.
2203 2159 2327 2216 Haec
2339 2170 2645 2224 estatomus
2667 2161 2720 2215 in
2739 2153 3074 2232 corporibus.
3102 2156 3158 2216 In
3188 2170 3430 2231 tempore

1844 2264 1971 2305 vero
2014 2250 2093 2306 sic
2132 2250 2452 2323 intelligitur
2492 2262 2723 2307 atomus.
2762 2251 2982 2305 Annum
3015 2248 3189 2324 (verbi
3231 2251 3428 2325 gratia)

1844 2340 2036 2397 dividis
2082 2342 2136 2397 in
2184 2359 2420 2417 menses,
2477 2360 2690 2400 menses
2734 2345 2790 2399 in
2822 2344 2959 2410 dies,
2996 2344 3111 2413 dies
3141 2344 3194 2399 in
3222 2344 3387 2400 horas
3418 2361 3433 2398 :

1844 2431 2019 2487 adhuc
2040 2443 2225 2501 partes
2250 2436 2545 2489 admittunt
2570 2435 2914 2501 divisionem,
2940 2450 3222 2506 quousque
3247 2436 3434 2491 venias

1845 2523 1913 2577 ad
1958 2530 2168 2582 tantum
2228 2528 2490 2596 temporis
2533 2536 2819 2598 punctum,
2858 2536 2915 2582 et
2966 2530 3253 2597 quamdam
3314 2545 3431 2585 tuo-

1846 2616 2013 2669 menti
2039 2615 2360 2686 particulam
2391 2617 2577 2685 talem,
2612 2634 2732 2690 quae
2770 2635 2867 2689 per
2913 2618 3117 2675 nullam
3166 2619 3432 2675 morulam

1844 2706 2066 2776 produci
2091 2708 2282 2777 possit,
2320 2716 2374 2763 et
2408 2710 2529 2765 ideo
2548 2708 2663 2778 jam
2710 2709 2875 2765 dividi
2921 2725 3029 2765 non
3069 2718 3262 2781 potest.
3309 2710 3437 2767 Haec

1844 2805 1927 2851 est
1954 2806 2163 2853 atomus
2194 2800 2466 2868 temporis.
2511 2800 2570 2854 In
2600 2800 2860 2867 numeris,
2891 2810 2949 2855 ut
2980 2809 3110 2871 puta
3148 2810 3271 2855 octo
3299 2800 3437 2855 divi-

1847 2887 1981 2941 dunt
2027 2887 2082 2939 in
2114 2886 2348 2957 quatuor
2380 2904 2570 2944 rursus
2600 2898 2831 2959 quatuor
2876 2890 2931 2944 in
2972 2890 3129 2955 duos,
3178 2889 3302 2943 inde
3328 2888 3436 2944 duo

1843 2973 1899 3028 in
1928 2990 2117 3028 unum.
2145 2970 2297 3030 Unde
2331 2975 2561 3048 [Unam]
2596 2986 2776 3032 autem
2806 2986 3019 3031 atomus
3045 2984 3150 3043 est,
3182 2975 3306 3044 quia
3353 2974 3435 3029 in-

1845 3064 2093 3119 secabilis
2128 3074 2230 3132 est,
2262 3065 2339 3121 sic
2368 3074 2421 3120 et
2457 3066 2645 3121 lutum.
2676 3066 2811 3121 Nam
2836 3066 3137 3123 orationem
3167 3065 3361 3121 dividis
3380 3065 3436 3120 in

1844 3157 2029 3217 verba,
2060 3157 2221 3213 verba
2253 3158 2305 3212 in
2343 3158 2596 3230 syllabas,
2645 3158 2905 3229 syllabam
2956 3159 3011 3213 in
3059 3157 3286 3212 litteras.
3321 3156 3435 3211 Lit-

1768 3225 1813 3291 Ο
1846 3256 1962 3302 tera
2011 3263 2139 3317 pars
2184 3225 2406 3305 minima
2456 3225 2814 3316 atomus'est,
2869 3264 2971 3305 nec
3020 3248 3187 3303 dividi
3230 3256 3429 3319 potest.

1844 3334 2070 3395 Atomus
2100 3354 2227 3412 ergo
2255 3349 2359 3407 est,
2390 3341 2534 3411 quod
2562 3340 2728 3395 dividi
2765 3356 2872 3395 non
2893 3346 3095 3410 potest,
3124 3348 3186 3394 ut
3215 3339 3269 3395 in
3300 3354 3434 3411 geo-

1844 3431 2039 3487 metria
2069 3441 2321 3503 punctus.
2374 3430 2509 3485 Nam
2548 3439 2727 3487 tomus
2770 3431 2963 3487 divisio
2998 3429 3194 3487 dicitur
3222 3430 3430 3499 Graece,

1843 3529 2054 3576 atomus
2085 3521 2354 3578 indivisio.
2408 3520 2542 3576 Nam
2570 3528 2831 3593 quantum
2866 3522 3210 3578 indivisibilis
3245 3523 3429 3578 unitas

1842 3616 2019 3672 valeat
2043 3617 2097 3671 in
2126 3617 2289 3672 rebus
2318 3618 2385 3672 ad
2407 3617 2794 3673 ostendendam
2830 3617 3113 3688 mysticam
3153 3617 3426 3689 signiﬁca-

1845 3708 2067 3775 tionem,
2094 3708 2381 3764 manifeste
2434 3708 2718 3778 Scriptura
2746 3709 3031 3777 designat:
3081 3709 3208 3778 quia
3255 3709 3428 3779 ipsam

1845 3801 2085 3856 omnium
2123 3816 2311 3855 rerum
2352 3800 2568 3853 initium
2616 3814 2737 3854 esse
2783 3800 3140 3865 demonstrat,
3168 3798 3428 3869 Apostolo

1845 3889 2058 3944 dicente
2084 3907 2096 3942 :
2133 3888 2279 3943 Unus
2306 3890 2584 3955 Dominus,
2615 3906 2720 3942 una
2742 3889 2893 3957 ﬁdes,
2938 3905 3100 3943 unum
3148 3889 3428 3959 baptisma,

1844 3997 1977 4034 unus
2020 3980 2161 4034 Deus
2192 3992 2239 4034 et
2285 3979 2446 4036 Pater
2497 3981 2746 4043 omnium,
2790 3982 2882 4050 qui
2930 3990 3003 4035 est
3051 3997 3203 4051 super
3253 3998 3428 4036 omnes

1844 4081 1890 4135 et
1919 4087 2011 4141 per
2036 4071 2209 4124 omnia
2244 4080 2288 4124 et
2320 4072 2374 4125 in
2401 4069 2637 4123 omnibus
2671 4068 2832 4133 nobis,
2872 4070 2961 4139 qui
3010 4079 3085 4124 est
3132 4070 3429 4125 benedictus

1844 4162 1898 4215 in
1928 4160 2121 4215 sa'cula
2152 4160 2365 4231 (Ephes.
2392 4160 2487 4231 ιν).
2523 4161 2672 4216 Unde
2699 4161 2842 4214 idem
2864 4160 3019 4231 jubet
3043 4176 3139 4214 nos
3165 4159 3425 4214 sollicitos

1846 4265 2066 4305 servare
2103 4250 2361 4304 unitatem
2408 4250 2642 4320 Spiritus
2691 4251 2743 4303 in
2776 4249 2988 4303 vinculo
3034 4250 3202 4319 pacis,
3237 4259 3295 4302 ut
3334 4249 3429 4303 ﬁat

1848 4357 2015 4397 unum
2051 4356 2248 4411 corpus
2273 4350 2327 4396 et
2377 4341 2530 4409 cujus
2578 4340 2759 4412 [unus]
2813 4340 3066 4409 Spiritus,
3093 4340 3233 4396 sicut
3253 4341 3431 4396 vocati

1848 4450 2036 4492 sumus
2063 4435 2120 4492 in
2148 4450 2254 4491 una
2284 4447 2379 4506 spe
2409 4435 2708 4488 vocationis
2736 4439 2959 4488 nostras.

2459 4548 2687 4606 CAPUT
2737 4550 2798 4603 li.

2433 4619 2509 4673 De
2560 4619 2841 4673 elementis.

1924 4710 2056 4765 Ylen
2091 4710 2263 4767 Graeci
2312 4727 2493 4766 rerum
2531 4710 2819 4780 quamdam
2865 4712 3097 4781 primam
3142 4710 3426 4766 materiam

1852 4804 2055 4868 dicunt,
2089 4806 2235 4860 nullo
2266 4821 2487 4874 prorsus
2515 4805 2673 4859 modo
2702 4804 2987 4859 formatam
3018 4824 3031 4859 :
3063 4805 3157 4860 sed
3183 4806 3426 4860 omnium

1854 4897 2210 4968 corporalium
2262 4898 2559 4953 formarum
2608 4913 2881 4968 capacem,
2937 4914 3001 4955 ex
3046 4916 3148 4971 qua
3193 4900 3426 4955 visibilia

1853 4988 1967 5043 haec
1992 4987 2255 5042 elementa
2286 4989 2513 5044 formata
2538 4997 2681 5043 sunt.
2715 4989 2866 5045 Unde
2888 5000 2943 5045 et
2968 5005 3036 5045 ex
3064 4988 3180 5061 ejus
3211 4992 3423 5045 deriva-

1848 5078 1992 5132 tione
2018 5079 2340 5134 vocabulum
2368 5088 2711 5149 aeceperunt.
2746 5080 2899 5134 Hanc
2928 5080 3053 5135 Ylen
3091 5080 3269 5134 Latini
3314 5098 3421 5135 ma-

1848 5171 2029 5223 teriam
2054 5170 2460 5241 appellaverunt
2485 5190 2495 5224 :
2532 5170 2652 5227 ideo
2671 5173 2795 5241 quia
2817 5186 2975 5225 onme
3005 5168 3255 5234 informe,
3286 5170 3425 5224 unde

1848 5264 2047 5332 aliquid
2089 5263 2388 5320 faciendum
2426 5275 2530 5328 est,
2558 5279 2769 5333 semper
2804 5263 3035 5317 materia
3065 5270 3419 5331 nuncupatur.

1845 5356 2075 5411 Provide
2104 5366 2160 5411 et
2205 5372 2323 5411 eam
2364 5355 2543 5409 silvam
2606 5356 3034 5409 nominaverunt.
3084 5353 3192 5407 Nec
3239 5352 3427 5407 incon-

1852 5461 2022 5516 grue:
2064 5447 2192 5515 quia
2238 5446 2479 5501 materia:
2524 5446 2777 5499 silvarum
2824 5442 2967 5500 sunt.
3018 5442 3190 5497 Graeci
3242 5450 3421 5495 autem

1851 5539 2115 5594 elementa
2153 5549 2343 5609 yctoxa
2374 5546 2723 5605 nuncupant:
2754 5552 2819 5591 eo
2862 5536 3007 5607 quod
3052 5534 3154 5590 sibi
3196 5532 3424 5587 societa-

1850 5633 1921 5687 tis
1949 5630 2235 5685 concordia
2279 5637 2336 5683 et
2386 5627 2761 5683 communione
2802 5625 3034 5697 quadam
3082 5620 3421 5678 conveniant.

1854 5722 1988 5778 Nam
2022 5721 2165 5777 sicca
2191 5720 2333 5775 inter
2361 5732 2420 5773 se
2449 5718 2680 5773 naturali
2723 5717 2952 5789 quadam
2992 5715 3199 5770 ratione
3233 5711 3424 5783 juncta

1856 5813 2128 5881 dicuntur,
2158 5817 2217 5867 ut
2250 5809 2394 5867 intro
2432 5809 2693 5880 originem
2734 5810 2801 5866 ab
2832 5809 2956 5879 igne
2998 5812 3299 5877 repetentes
3331 5814 3423 5858 us-
