3930 6354
413 378 520 438 263

1053 375 1114 427 Β.
1157 371 1411 427 MBAN!
1450 371 1674 431 MAURl
1710 371 2028 429 ARCHIEP.
2070 370 2381 430 MOGUNT.
2421 369 2706 427 OPERUM
2743 370 2924 428 PARS
2961 372 3026 427 ll.

3571 371 3682 429 264

405 497 512 554 que
558 480 627 537 ad
669 488 905 547 terram,
944 482 1086 537 intro
1117 496 1148 535 a
1176 489 1321 537 terra
1361 498 1535 553 usque
1567 486 1633 540 ad
1669 485 1847 556 ignem
1876 501 1889 537 :
1933 490 1995 539 ιιι
2021 488 2076 548 Α
2098 491 2243 539 runt.
2276 485 2353 539 De
2393 483 2590 554 quibus
2614 484 2770 540 calis
2814 484 2947 539 alibi
2997 484 3228 540 dicitur:
3267 485 3439 541 Verbo
3470 485 3686 542 Domini

407 574 547 645 ignis
575 573 795 645 quidem
808 572 864 627 in
893 588 1021 629 aera
1041 572 1277 639 desinat,
1308 590 1402 630 aer
1414 577 1469 631 in
1500 593 1700 649 aquam
1720 578 1993 644 densetur,

406 678 547 735 aqua
569 664 623 719 in
652 671 855 719 terram
878 673 1183 720 crassescat
1218 678 1555 739 :rursusque
1586 677 1732 724 terra
1763 667 2000 723 diluatur

406 754 461 810 in
478 770 695 827 aquam,
721 771 861 825 aqua
881 764 1125 812 rarescat
1146 756 1201 811 in
1228 771 1432 825 aerem,
1463 774 1560 815 aer
1576 759 1631 814 in
1654 761 1833 832 ignem
1845 766 1998 814 exte—

406 855 624 902 nuetur.
655 846 997 917 Quapropter
1019 847 1201 903 omnia
1230 847 1496 905 elementa
1510 850 1762 906 omnibus
1784 849 1994 905 inesse:

405 936 502 993 sed
525 938 943 1008 unumquodque
966 952 1153 993 eorum
1178 954 1243 994 ex
1273 952 1361 1005 eo,
1386 942 1529 1011 quod
1550 940 1781 1012 amplius
1814 940 1994 1005 habet,

408 1026 682 1095 accepisse
703 1026 1052 1082 vocabulum.
1085 1028 1224 1083 Sunt
1250 1037 1433 1084 autem
1456 1029 1637 1085 divina
1653 1030 1999 1103 Providentia

406 1117 641 1187 propriis
693 1118 919 1174 minutis
959 1118 1269 1174 distributa.
1335 1119 1473 1175 Nam
1529 1120 1726 1177 calum
1772 1120 1994 1191 angelis,

406 1224 590 1265 aerem
618 1210 947 1276 volucribus,
979 1225 1130 1265 mare
1159 1211 1418 1281 piscibus,
1446 1219 1645 1266 terram
1668 1210 1998 1277 hominibus,

405 1302 773 1372 ecclesiasque
807 1302 1177 1358 animantibus
1198 1302 1425 1360 Creator
1449 1304 1565 1374 ipse
1594 1301 1855 1373 implevit.

1024 1411 1255 1470 CAPUT
1306 1413 1396 1469 Ill.

1066 1483 1147 1538 De
1202 1482 1350 1538 caelo.

477 1575 688 1631 Caelum
714 1575 914 1631 dictum
945 1589 1011 1631 eo
1063 1576 1239 1644 quod,
1286 1582 1545 1645 tanquam
1584 1574 1841 1645 caelatum
1884 1590 1999 1640 vas,

408 1666 674 1737 impressa
732 1666 936 1721 lumina
987 1666 1191 1721 habeat
1254 1666 1555 1733 stellarum,
1611 1666 1772 1720 veluti
1823 1666 1997 1735 signa.

407 1758 616 1814 Caelum
645 1765 826 1812 autem
848 1758 905 1812 in
941 1757 1237 1827 Scripturis
1280 1758 1483 1812 sanctis
1533 1757 1654 1812 ideo
1698 1757 2003 1825 ﬁrmamen-

2098 575 2212 631 σιειὲ
2238 574 2436 645 ﬁrmati
2460 584 2601 640 sunt,
2641 586 2689 629 et
2716 574 2915 646 Spiritu
2948 576 3054 629 oris
3080 575 3195 644 ejus
3217 576 3386 630 omnis
3407 577 3569 630 virtus
3597 594 3687 631 eo-

2098 683 2215 721 rum
2253 664 2425 738 (Psal.
2478 664 2685 738 xxxn);
2718 666 2844 736 quia
2886 663 3265 736 Christo‘post
3310 667 3687 723 ascensionem

2099 757 2329 827 desuper
2356 755 2605 811 mittente
2634 753 2895 825 Spiritum
2926 765 3175 811 sanctum
3214 756 3443 825 apostoli
3485 758 3539 813 in
3583 758 3691 813 fide

2098 856 2153 902 et
2180 847 2404 903 scientia
2431 846 2722 902 confortati
2759 854 2906 901 sunt.
2956 848 3126 918 Igitur
3165 848 3222 901 in
3263 835 3522 919 principio
3563 849 3691 918 fecit

2099 937 2239 991 Deus
2265 936 2451 991 caelum
2495 933 2646 1006 (Gen.
2685 936 2747 1008 1),
2788 936 2843 993 id
2868 946 2971 1001 est,
3004 936 3297 1009 spiritales,
3328 939 3422 1009 qui
3446 938 3691 995 calestia

2099 1028 2429 1083 meditantur
2468 1039 2523 1082 et
2566 1035 2819 1097 quarunt
2858 1027 2913 1081 in
2962 1028 3081 1098 ipso
3109 1045 3122 1081 :
3153 1027 3285 1083 fecit
3327 1036 3385 1082 et
3413 1028 3690 1092 carnales,

2099 1120 2193 1189 qui
2256 1130 2532 1175 terrenum
2584 1120 2860 1175 hominem
2930 1120 3161 1174 necdum
3217 1126 3534 1190 posuerunt.
3584 1118 3697 1173 Ali-

2101 1213 2316 1283 quando
2350 1212 2513 1267 etiam
2544 1210 3057 1281 contemplationem
3090 1226 3446 1279 supernorum
3493 1210 3697 1266 calum

2101 1304 2391 1372 signiﬁcat,
2425 1310 2487 1356 ut
2530 1309 2613 1356 est
2648 1298 2818 1355 illud:
2872 1299 3173 1353 Ascendunt
3221 1316 3384 1369 usque
3414 1299 3485 1353 ad
3514 1297 3695 1365 caelos,

2100 1402 2149 1447 et
2178 1392 2495 1449 descendunt
2524 1407 2686 1461 usque
2722 1390 2791 1444 ad
2840 1389 3058 1459 abyssos
3092 1384 3265 1460 (Psal.
3318 1386 3451 1460 cvl).
3507 1387 3695 1457 Usque

2101 1486 2170 1540 ad
2205 1483 2374 1540 caios
2410 1483 2609 1553 quippe
2643 1480 3005 1546 ascendimus,
3034 1495 3159 1535 cum
3192 1492 3403 1535 summa
3449 1486 3705 1549 penetra-

2102 1588 2258 1630 mus:
2284 1573 2378 1629 sed
2405 1573 2628 1643 abyssos
2652 1587 2825 1643 usque
2853 1571 3255 1636 descendimus,
3304 1584 3429 1625 cum
3471 1577 3703 1639 repente

2103 1679 2134 1719 a
2187 1662 2656 1734 contemplationis
2704 1662 2939 1717 culmine
2983 1676 3080 1733 per
3122 1661 3301 1731 turpia
3360 1666 3703 1723 tentamenta

2104 1754 2409 1824 dejicimur.
2440 1753 2765 1823 Plerumque
2793 1768 2922 1825 ergo
2959 1753 3015 1807 in
3061 1760 3250 1808 sancto
3293 1750 3587 1821 Evangelio
3613 1764 3705 1805 re-

408 1856 521 1901 tum
545 1855 819 1913 vocatum,
856 1848 1001 1917 quod
1039 1848 1111 1903 sit
1158 1860 1351 1901 cursus
1379 1847 1621 1902 siderum
1663 1856 1718 1901 et
1762 1846 1898 1902 ratis
1933 1832 2006 1901 le-
2031 1836 2080 1895 Β
2107 1863 2270 1918 gnum
2298 1846 2558 1901 calorum
2611 1860 2851 1915 prasens
2902 1844 3148 1900 Ecclesia
3178 1843 3514 1898 nominatur.
3560 1839 3705 1896 Con-

408 1939 565 2011 gibus
610 1937 842 2010 ﬁnisque
884 1937 1185 1993 ﬁrmatum.
1235 1937 1511 1994 Interdum
1559 1948 1615 1994 et
1662 1939 1860 1994 coelum
1902 1954 2001 2009 pro

409 2048 539 2088 aere
592 2033 878 2103 accipitur,
927 2031 1020 2087 ubi
1049 2033 1199 2088 venti
1256 2040 1312 2087 et
1348 2031 1519 2088 nubes
1566 2042 1624 2087 et
1669 2033 1919 2102 procella
1950 2042 2006 2087 et

411 2123 657 2179 turbines
686 2122 842 2177 ﬁunt.
874 2121 934 2177 In
970 2122 1254 2193 Scriptura
1284 2138 1438 2179 sacra
1470 2124 1791 2193 plerumque
1835 2134 1892 2179 et
1915 2140 2001 2188 ea,

409 2226 529 2281 qua
562 2210 735 2279 accipi
762 2208 1061 2264 secundum
1088 2210 1370 2267 historiam
1400 2220 1650 2280 possunt,
1678 2211 2003 2281 spiritaliter

411 2298 758 2369 intelligenda
788 2304 957 2352 sunt:
991 2304 1053 2359 ut
1086 2305 1144 2352 et
1187 2297 1322 2353 ﬁdes
1360 2297 1625 2352 habeatur
1676 2299 1730 2353 in
1773 2300 2007 2355 veritate

411 2391 678 2456 historia,
710 2399 765 2445 et
814 2388 1072 2459 spiritalis
1119 2388 1487 2461 intelligentia
1530 2391 1777 2460 capiatur
1806 2390 1859 2444 in
1891 2407 2008 2462 my-

414 2483 597 2537 steriis
624 2481 920 2552 allegoria:
965 2482 1107 2536 sicut
1149 2482 1253 2536 hoc
1292 2497 1507 2552 quoque
1540 2482 1813 2548 novimus,
1862 2482 2006 2552 quod

412 2571 704 2627 Psalmista
741 2571 818 2626 ait
850 2588 862 2623 :
899 2569 1164 2636 Quoniam
1203 2570 1383 2625 videbo
1430 2570 1583 2625 calas
1632 2588 1790 2641 opera
1817 2571 2007 2642 digito-

414 2674 532 2714 rum
553 2670 785 2726 tuorum,
810 2659 992 2714 lunam
1018 2670 1065 2713 et
1092 2659 1293 2728 stellas,
1323 2677 1453 2731 quos
1481 2672 1537 2716 tu
1565 2661 1802 2731 fundasti
1832 2659 2005 2733 (Psal.

413 2753 558 2822 v111).
616 2751 758 2807 Ecce
827 2752 970 2807 enim
1027 2750 1184 2819 juxta
1247 2752 1538 2808 veritatem
1601 2753 1843 2808 historia
1904 2759 2011 2807 stat

415 2856 599 2897 sermo
623 2840 850 2897 rationis
875 2859 889 2895 :
923 2840 1047 2911 quia
1069 2848 1126 2896 et
1144 2840 1270 2898 cali
1300 2857 1467 2912 opera
1492 2842 1588 2897 Dei
1618 2851 1769 2909 sunt,
1804 2850 1859 2898 et
1882 2842 2009 2896 luna

417 2949 482 2989 ac
506 2933 677 2989 stella
710 2934 779 2989 ab
807 2948 873 2989 eo
901 2942 1100 2989 creata
1138 2944 1302 3004 atque
1348 2934 1587 2990 fundata
1620 2944 1767 2990 sunt.
1818 2934 1925 2990 Sed
1964 2935 2010 2989 si

418 3026 525 3081 hoc
554 3025 845 3081 Psalmista
872 3027 1026 3097 juxta
1076 3026 1246 3081 solam
1284 3026 1565 3083 historiam
1607 3038 1665 3082 et
1709 3044 1817 3083 non
1845 3028 2011 3083 etiam

418 3114 715 3168 secundum
745 3114 1077 3169 intellectum
1115 3115 1408 3186 mysticum
1444 3117 1661 3182 asserit,
1708 3114 2012 3187 qui‘cmlos

2107 1938 2348 2010 gregatio
2375 1936 2574 2008 quippe
2595 1934 2869 2005 justorum
2922 1950 3150 2007 regnum
3190 1933 3457 1990 caelorum
3481 1932 3702 1988 dicitur.

2107 2028 2244 2096 Quia
2282 2028 2427 2081 enim
2467 2040 2565 2095 per
2602 2027 2923 2095 prophetam
2979 2025 3241 2079 Dominus
3270 2023 3442 2079 dicit:
3500 2021 3704 2077 Caluus

2107 2123 2235 2176 mihi
2283 2120 2428 2176 sedes
2467 2130 2563 2185 est;
2613 2128 2752 2174 terra
2784 2129 2961 2173 autem
2992 2117 3277 2172 scabellum
3328 2117 3519 2187 pedum
3561 2132 3707 2178 meo-

2109 2228 2225 2266 rum
2253 2211 2387 2283 (Isa.
2436 2212 2615 2281 1.xv1);
2652 2220 2706 2266 et
2738 2209 2994 2265 Salomon
3025 2210 3140 2263 ait:
3176 2210 3369 2262 Anima
3389 2209 3529 2278 justi
3550 2208 3704 2262 sedes

2107 2302 2377 2371 sapientia:
2399 2301 2583 2373 (Prov.
2627 2299 2748 2372 xv);
2785 2299 2984 2354 Paulus
3027 2298 3193 2353 etiam
3242 2298 3377 2354 dicit
3422 2296 3707 2353 Christum

2109 2393 2203 2447 Dei
2236 2393 2489 2447 virtutem
2531 2401 2585 2445 et
2632 2390 2728 2445 Dei
2763 2390 3089 2461 sapientiam
3123 2386 3178 2455 (ι
3208 2387 3331 2443 Cor.
3380 2386 3454 2459 1);
3498 2386 3707 2457 liquido

2108 2485 2490 2554 comprobatur
2518 2484 2712 2548 Deum,
2755 2488 2884 2549 etc.,
2912 2483 3017 2537 hoc
3042 2488 3125 2536 est
3144 2494 3385 2552 regnare
3422 2487 3479 2534 et
3495 2479 3706 2550 judicia

2109 2592 2205 2631 sua
2245 2576 2558 2631 decernere.
2598 2573 2734 2628 Nam
2775 2573 2975 2629 calum
3012 2582 3067 2628 et
3114 2588 3209 2627 aer
3256 2573 3362 2627 iste
3410 2570 3495 2641 (ut
3538 2584 3707 2640 supra

2110 2667 2363 2737 diximus)
2391 2666 2703 2737 agnoscitur
2731 2666 2787 2720 in
2814 2680 2922 2735 quo
2953 2665 3114 2730 calo,
3146 2666 3250 2719 hoc
3274 2672 3360 2719 est
3402 2678 3569 2719 aereo
3594 2662 3705 2717 He—

2108 2756 2209 2811 lias
2238 2766 2426 2827 raptus
2450 2755 2812 2810 describitur:
2844 2764 2899 2809 et
2927 2769 3035 2824 quo
3059 2753 3349 2824 Apostolus
3370 2754 3439 2808 de
3468 2753 3707 2808 immun-

2108 2847 2192 2902 dis
2220 2847 2498 2917 spiritibus
2519 2846 2757 2917 loquitur
2782 2865 2795 2899 :
2841 2845 2964 2900 Non
2993 2854 3069 2899 est
3091 2845 3237 2900 nobis
3261 2845 3570 2901 colluctatio
3596 2846 3701 2900 ad-

2110 2955 2285 2994 versus
2303 2954 2513 2991 carnem
2548 2946 2597 2991 et
2621 2937 2951 3007 sanguinem,
2984 2937 3074 2992 sed
3099 2946 3281 2992 contra
3318 2936 3583 3007 spiritalia
3615 2954 3707 2993 ue-

2110 3034 2291 3105 quitia:
2323 3034 2377 3086 in
2411 3031 2697 3086 calestibus
2745 3030 2963 3101 (Ephes.
3028 3030 3125 3101 v1).
3180 3029 3249 3084 Et
3297 3030 3437 3085 alius
3489 3040 3710 3100 aposto-

2112 3122 2196 3177 lus
2220 3140 2231 3176 :
2260 3121 2386 3176 Cati
2412 3131 2586 3176 autem
2608 3122 2696 3191 qui
2741 3138 2879 3175 nunc
2909 3129 3054 3186 sunt,
3080 3128 3129 3173 et
3177 3128 3319 3174 terra
3348 3120 3529 3175 eodem
3555 3120 3709 3175 verbo

418 3218 580 3275 opera
610 3204 709 3259 Dei
763 3219 884 3260 esse
930 3206 1209 3277 professus
1263 3216 1367 3273 est,
1434 3208 1678 3263 dicturus
1728 3209 1911 3263 lunam
1955 3216 2010 3264 et
2038 3187 2083 3252 ο
2116 3216 2325 3285 repositi
2346 3224 2467 3269 sunt
2500 3187 2631 3285 igni,
2658 3224 2826 3269 servat
2848 3215 2904 3268 in
2937 3215 3076 3268 diem
3090 3214 3285 3283 judicii
3308 3214 3395 3286 (II
3422 3214 3571 3270 Petr.
3596 3215 3706 3287 ιιι).

420 3295 607 3349 stellas
640 3312 654 3348 :
704 3310 804 3350 cur
832 3310 938 3350 non
977 3297 1144 3353 etiam
1197 3297 1386 3365 solem,
1430 3313 1595 3368 quem
1630 3300 1853 3365 scimus,
1880 3299 2006 3368 quia

420 3386 539 3457 ejus
573 3400 709 3455 opus
734 3394 834 3450 est,
870 3388 1078 3456 pariter
1125 3388 1499 3443 enumeravitt
1549 3388 1607 3444 Si
1664 3390 1811 3444 enim
1857 3391 2013 3461 juxta

422 3479 592 3534 solam
623 3479 907 3534 historiam
938 3479 1279 3548 loquebatur,
1312 3481 1557 3536 dicturus
1603 3479 1871 3535 luminare
1912 3481 2015 3534 mi-

424 3586 565 3625 nus:
616 3571 767 3641 prius
796 3571 1064 3625 luminare
1095 3571 1270 3640 majus
1313 3571 1495 3627 dicere
1547 3571 1751 3636 debuit,
1787 3580 1847 3625 ut
1890 3578 2015 3625 ante

427 3660 597 3715 solem
647 3669 704 3714 et
747 3669 869 3729 post
916 3662 1102 3715 lunam
1154 3671 1317 3732 atque
1362 3662 1548 3718 stellas
1606 3661 1858 3720 fundatas
1893 3677 2015 3717 esse

424 3752 759 3822 perhiberet.
794 3752 900 3807 Sed
955 3755 1081 3822 quia
1126 3754 1281 3823 juxta
1335 3755 1667 3809 intellectum
1727 3755 2015 3824 mysticum

423 3833 769 3911 loquebatur,
799 3852 859 3897 ut
893 3843 1078 3897 lunam
1117 3852 1361 3898 sanctam
1394 3843 1717 3907 Ecclesiam,
1742 3853 1796 3898 et
1834 3843 2016 3898 stellas

425 3931 676 3989 homines
704 3943 919 3990 sanctos
959 3936 1205 4003 accipere
1250 3935 1590 4000 deberemus,
1649 3934 1816 3989 solem
1844 3934 2018 3988 nomi-

428 4036 563 4076 nare
588 4022 795 4077 noluit:
832 4026 957 4093 quia
981 4024 1235 4080 videlicet
1250 4025 1365 4094 ipsi
1400 4034 1604 4079 aterno
1632 4024 1730 4079 soli
1761 4024 2017 4095 loqueba-

430 4119 541 4175 tur,
570 4112 636 4166 de
667 4128 773 4181 quo
813 4114 1074 4182 scriptum
1105 4122 1225 4169 est:
1283 4113 1442 4168 Vobis
1490 4124 1682 4179 autem,
1708 4116 1796 4186 qui
1828 4117 2017 4170 timetis

429 4201 734 4268 Dominum,
766 4204 963 4257 orietur
992 4204 1071 4257 sal
1097 4204 1321 4272 justitia:
1358 4203 1514 4274 (Mal.
1548 4204 1641 4275 1v).
1674 4204 1881 4259 Calum
1924 4222 2019 4259 au-

433 4298 543 4344 tem
593 4289 750 4359 juxta
800 4290 1113 4359 allegoriam
1169 4291 1457 4361 aliquando
1508 4293 1681 4362 ipsum
1735 4294 2019 4347 Dominum

433 4380 769 4435 Salvatorem
806 4383 1094 4451 signiﬁcat,
1134 4391 1194 4437 ut
1227 4392 1310 4439 est
1347 4384 1477 4439 illud
1512 4398 1527 4437 :
1558 4383 1754 4439 Cwlum
1782 4385 1894 4439 coeli
1918 4385 2021 4438 Do-

431 4472 573 4523 mino
606 4468 774 4539 (Psat.
823 4472 1000 4542 cx111),
1033 4475 1159 4542 quia
1201 4482 1419 4529 sanctus
1459 4484 1767 4530 sanctorum
1795 4483 1851 4529 et
1877 4475 2018 4528 Deus

434 4562 661 4615 deorum
691 4577 706 4615 :
736 4563 808 4617 ita
830 4572 884 4617 et
902 4563 1013 4632 jam
1050 4565 1246 4621 calum
1281 4566 1543 4621 caelorum
1575 4576 1720 4621 recte
1745 4568 1859 4636 ipse
1882 4566 2017 4621 dici-

435 4662 545 4720 tur,
579 4655 631 4708 in
657 4672 764 4725 quo
780 4657 1054 4725 plenitudo
1075 4658 1375 4713 divinitatis
1403 4658 1689 4713 inhabitat.
1717 4660 2019 4729 Aliquando

433 4770 565 4811 vero
589 4756 860 4828 angelicas
888 4765 1185 4826 potestates
1214 4757 1505 4825 significat,
1561 4770 1621 4814 ut
1673 4769 1754 4815 est
1803 4760 1932 4815 illud
1963 4761 2018 4815 in

434 4844 677 4901 Genesi:
730 4846 797 4901 In
848 4848 1102 4918 principio
1144 4848 1264 4917 fecit
1317 4848 1456 4904 Deus
1500 4849 1681 4904 caelum
1730 4862 1777 4904 et
1827 4860 2017 4904 terram

438 4936 593 5011 (Gen.
626 4941 702 5009 1);
751 4940 894 5009 quod
947 4940 1099 5009 prius
1142 4940 1357 4995 vocavit
1403 4939 1844 4995 ﬁrmamentum:
1895 4942 2021 5011 quia

439 5030 567 5085 cali
599 5030 813 5084 fuerunt
855 5033 949 5096 hi,
980 5031 1071 5099 qui
1118 5031 1270 5101 prius
1316 5032 1453 5087 bene
1492 5032 1694 5087 conditi
1737 5040 1880 5097 sunt,
1925 5030 2020 5087 sed

438 5121 783 5195 postmodum
816 5122 1214 5175 ﬁrmamentum
1244 5123 1496 5192 appellati
1539 5131 1664 5176 sunt
1692 5142 1703 5176 :
1752 5123 1879 5192 quia
1907 5138 2023 5177 om-

440 5216 571 5272 nino
609 5214 724 5285 jam
752 5227 819 5267 ne
851 5213 1126 5277 caderent,
1169 5211 1425 5267 virlutcm
1468 5213 2025 5268 incommutabilitatis

441 5305 736 5376 accipiunt.
762 5304 845 5359 Ad
885 5318 1021 5374 quos
1056 5318 1156 5372 per
1207 5303 1534 5373 Prophetam
1594 5304 1721 5358 alibi
1776 5304 1973 5360 dicitur
2008 5322 2021 5358 :

442 5394 654 5458 Audite,
679 5393 815 5460 eali,
855 5394 981 5463 quia
1020 5392 1273 5447 Dominus
1296 5392 1500 5448 locutus
1520 5404 1594 5448 est
1624 5393 1757 5465 (Isa.
1792 5394 1855 5465 1).
1888 5395 2021 5448 Item

445 5482 572 5537 cali
606 5485 821 5539 nomine
850 5484 1125 5554 propheta
1153 5492 1208 5538 et
1235 5484 1463 5554 apostoli
1493 5493 1548 5539 et
1588 5485 1759 5539 sancti
1787 5485 1890 5538 viri
1928 5500 2023 5539 ex-

446 5572 771 5642 primuntur,
811 5582 869 5626 nt
892 5582 974 5629 est
994 5572 1335 5642 huiusmodi;
1361 5572 1767 5642 Calilenarrant
1801 5574 2023 5643 gloriam

450 5659 545 5714 Dei
560 5660 731 5730 (Psal.
747 5664 923 5735 xv111);
942 5666 1068 5734 quia
1091 5666 1189 5734 ipsi
1207 5666 1273 5720 de
1294 5665 1526 5721 adventu
1542 5665 1741 5721 Christi
1754 5666 2021 5722 disseren-

450 5748 522 5807 do
545 5752 729 5808 urbem
761 5764 1025 5810 terrarum
1055 5758 1260 5810 sanctis
1282 5756 1740 5814 admonitionibus
1766 5758 2022 5830 impleve-

2116 3306 2418 3376 Aliquando
2447 3320 2578 3377 ergo
2610 3306 2666 3359 in
2706 3305 2829 3361 cali
2856 3306 3074 3361 nomine
3111 3321 3269 3362 sacra
3300 3307 3586 3375 Scriptura
3612 3308 3710 3362 de-

2112 3396 2359 3467 signatur
2417 3395 2483 3449 de
2532 3409 2637 3464 qua
2684 3394 2923 3449 dicitur:
2981 3394 3284 3449 Eztendens
3334 3395 3524 3449 calum
3569 3397 3708 3450 sicut

2110 3481 2295 3552 pellem
2325 3480 2500 3553 (Psal.
2530 3482 2677 3551 c111);
2703 3496 2771 3537 ex
2796 3497 2903 3551 qua
2932 3481 3088 3536 nobis
3113 3490 3167 3536 et
3203 3482 3284 3538 sol
3316 3482 3618 3553 sapientia,
3651 3492 3709 3540 et

2115 3573 2239 3627 luna
2269 3572 2697 3638 scientia,‘etex
2738 3572 2976 3642 antiquis
3005 3572 3255 3642 patribus
3296 3572 3465 3628 stella
3512 3588 3705 3629 exem-

2116 3662 2325 3732 plorum
2348 3670 2511 3730 atque
2536 3661 2764 3716 virtutes
2789 3660 2990 3716 lucent.
3032 3661 3187 3729 Quod
3232 3662 3374 3717 sicut
3414 3662 3575 3733 pellis
3607 3678 3710 3718 ex-

2119 3754 2395 3806 tenditur:
2444 3752 2568 3821 quia
2615 3767 2713 3822 per
2763 3754 3061 3823 scriptores
3105 3769 3233 3810 suos
3290 3755 3471 3809 carnis
3523 3754 3706 3824 lingua

2118 3840 2411 3895 formatum
2444 3849 2567 3895 ante
2592 3840 2774 3896 oculos
2802 3851 3021 3897 nostros
3067 3859 3165 3912 per
3206 3843 3373 3899 verba
3424 3844 3711 3898 doctorum

2117 3930 2433 4001 exponendo
2463 3931 2798 4001 displicatur.
2837 3931 3000 4000 Cujus
3037 3932 3159 3988 cali
3205 3934 3485 4003 superiora
3520 3933 3709 3988 Domi-

2118 4038 2221 4077 nus
2250 4023 2303 4078 in
2334 4023 2488 4092 aquis
2530 4024 2695 4094 tegit:
2741 4024 2870 4093 quia
2912 4024 3018 4079 alta
3070 4024 3213 4080 sacri
3254 4024 3476 4094 eloquii,
3507 4024 3569 4081 id
3598 4036 3710 4090 est,

2119 4130 2180 4171 ea
2227 4130 2347 4183 qua
2382 4116 2449 4169 de
2493 4122 2687 4169 natura
2722 4115 3043 4180 divinitatis,
3076 4115 3161 4171 vel
3200 4115 3267 4170 de
3306 4115 3529 4170 aternis
3575 4132 3710 4187 gau-

2121 4204 2224 4258 diis
2250 4212 2459 4269 narrat,
2501 4203 2657 4258 nobis
2683 4204 2860 4259 adhuc
2898 4205 3285 4269 nescientibus,
3331 4204 3461 4260 solis
3501 4206 3712 4276 angelis

2122 4294 2175 4348 in
2207 4302 2420 4349 secreto
2449 4303 2576 4348 sunt
2600 4295 2837 4364 cognita.
2872 4293 3006 4347 Nam
3039 4295 3163 4350 alibi
3190 4296 3243 4349 in
3284 4295 3552 4351 Psalterio
3579 4296 3709 4367 legi-

2123 4394 2211 4439 tur
2240 4404 2253 4439 :
2282 4384 2518 4439 Laudale
2549 4400 2684 4448 eum,
2712 4384 2825 4437 caeli
2854 4384 3123 4449 caelorum,
3144 4393 3192 4438 et
3220 4401 3392 4455 aqua,
3417 4401 3534 4456 qua:
3554 4402 3713 4455 super

2123 4479 2274 4534 caelos
2301 4488 2442 4544 sunt,
2495 4476 2708 4532 laudent
2755 4494 2940 4531 nomen
2987 4477 3198 4532 Domini
3247 4475 3418 4549 (Psal.
3463 4476 3708 4549 cxnv111).

2122 4576 2379 4643 Quamvis
2426 4576 2482 4628 in
2528 4573 2724 4628 Genesi
2766 4588 2931 4627 unum
2979 4573 3173 4627 calum
3221 4571 3546 4627 fabricatum
3587 4586 3711 4626 esse

2122 4664 2412 4736 legerimus
2440 4705 2454 4729 ,
2512 4672 2689 4717 tamen
2736 4677 2832 4717 eos
2884 4662 3077 4731 plurali
3128 4677 3354 4715 numero
3400 4670 3457 4715 et
3510 4660 3710 4715 Paulus

2122 4757 2396 4828 apostolus
2423 4755 2711 4826 appellavit
2742 4753 2828 4825 (II
2857 4753 2976 4807 Cor.
3010 4753 3132 4824 x11),
3177 4754 3270 4822 qui
3299 4752 3467 4807 refert
3500 4751 3559 4806 in
3600 4762 3710 4806 ter-

2125 4850 2257 4903 tium
2289 4864 2349 4903 se
2375 4847 2568 4902 calum
2592 4854 2829 4915 raptum,
2864 4844 3044 4914 ibique
3076 4843 3200 4898 talia
3223 4844 3563 4915 cognovisse,
3587 4858 3709 4913 qua

2124 4940 2331 4997 homini
2353 4954 2456 4993 non
2491 4938 2649 4992 liceat
2674 4936 2825 4991 eﬁ‘ari
2853 4955 2864 4989 :
2899 4944 2953 4990 et
2980 4936 3067 4990 hic
3092 4934 3286 5003 plurali
3316 4947 3544 4987 numero
3565 4944 3709 4987 nun-

2124 5034 2406 5096 cupantur.
2442 5024 2592 5091 Quod
2641 5024 2733 5077 tali
2772 5022 3001 5077 forsitan
3034 5023 3241 5077 ratione
3269 5021 3580 5077 concordat.
3612 5022 3711 5075 Di-

2126 5118 2299 5172 cimus
2336 5131 2504 5169 unum
2546 5129 2667 5170 esse
2705 5115 2985 5185 palatium,
3029 5114 3172 5183 quod
3202 5113 3386 5167 multis
3428 5113 3710 5179 membris,

2131 5208 2423 5277 multisque
2477 5206 2666 5276 spatiis
2710 5207 3015 5262 ambiatnr:
3073 5208 3147 5261 ita
3205 5206 3433 5261 forsitan
3481 5196 3537 5260 et
3585 5206 3712 5262 caeli

2128 5306 2313 5369 partes
2355 5297 2587 5352 dicimus
2630 5295 2818 5363 caios,
2868 5298 2993 5351 dum
3034 5297 3332 5367 complexio
3361 5306 3527 5367 atque
3557 5298 3715 5354 sinus

2133 5391 2252 5461 ejus
2272 5404 2412 5444 unus
2449 5404 2569 5445 esse
2595 5396 2946 5444 monstretur.
2980 5390 3165 5460 Aquas
3195 5405 3326 5445 vero
3354 5404 3516 5458 super
3543 5390 3715 5447 cales

2135 5495 2256 5535 esse
2295 5478 2521 5536 Genesis
2572 5477 2757 5533 refert.
2814 5480 2904 5534 Ait
2958 5481 3145 5535 enim:
3191 5479 3479 5549 Divisitque
3521 5496 3715 5550 aquas,

2135 5587 2251 5642 qua!
2281 5578 2430 5623 erant
2468 5567 2559 5623 sub
2604 5568 2951 5635 ﬁrmamento,
2981 5571 3046 5623 ab
3098 5571 3179 5623 liis
3218 5584 3335 5639 qua:
3384 5576 3533 5622 erant
3558 5583 3717 5637 super

2137 5662 2521 5729 ﬁrmamentum
2543 5657 2695 5727 (Gen.
2725 5660 2787 5731 1).
2819 5660 3245 5716 Firmamentum
3266 5658 3411 5713 enim
3444 5659 3499 5712 in
3527 5659 3715 5715 Eccle-

2138 5754 2216 5808 sia
2263 5736 2557 5821 Scriptura
2613 5752 2808 5808 divina
2870 5752 3281 5825 intelliguntur:
3339 5749 3465 5820 quia
3516 5750 3715 5806 calum
