3930 6342
203 406 301 464 265

1172 403 1261 458 DE
1300 394 1647 457 UNIVERSO
1685 390 1865 448 LIBRI
1904 391 2066 449 XXII.
2106 422 2175 433 -
2212 394 2339 449 LIB.
2375 394 2466 450 IX.

3320 396 3423 453 266

205 520 491 595 plicabitur,
520 520 669 576 sicut
690 520 857 576 liber:
886 519 1249 588 diserevitque
1269 531 1431 588 super
1445 518 1549 571 hoc
1573 512 1756 566 ﬁrma-
1782 511 1837 571 Α
1860 506 2073 577 quando
2114 508 2549 577 Ρτωάίοτίιίοηοη]
2602 509 2879 583 Evangelii
2915 530 2927 567 ε
2973 514 3257 585 aliquando
3302 534 3432 579 san-

205 625 373 669 mento
407 627 596 682 aquas.
632 612 689 666 id
718 620 816 677 est,
861 610 1110 667 caelestes
1148 609 1375 680 populos
1421 607 1761 677 angelorum,

208 704 290 774 qui
315 717 417 757 non
463 716 599 771 opus
638 701 835 757 habent
876 702 980 757 hoc
1023 699 1302 770 suscipere
1337 698 1761 763 ﬁrmamentum,

206 804 257 849 ut
280 806 447 863 regem
473 791 713 862 legentes
738 793 957 849 audiam
984 793 1211 847 verbum
1251 792 1369 846 Dei.
1394 791 1593 847 Vident
1616 789 1763 847 enim

205 899 317 939 eum
337 898 544 953 semper
572 893 629 939 et
658 883 883 955 diligunt
909 901 923 938 :
952 884 1047 939 sed
1077 883 1420 953 superposuit
1449 884 1627 953 ipsum
1664 882 1763 937 ﬁr-

204 982 518 1031 mamentum
544 972 678 1045 legis
707 988 817 1029 suae
845 989 1007 1045 super
1036 975 1402 1031 inﬁrmitatem
1443 974 1764 1030 inferiorum

201 1065 527 1136 populorum,
549 1072 610 1120 ut
635 1066 739 1123 sibi
768 1066 1124 1137 suscipientes
1154 1073 1503 1137 cognoscant,
1530 1065 1764 1135 qualiter

201 1156 494 1212 disCernant
534 1155 678 1212 inter
701 1157 940 1212 carnalia
988 1167 1043 1212 et
1089 1156 1379 1229 spiritalia,
1431 1156 1587 1227 quasi
1621 1157 1764 1213 inter

200 1263 356 1320 aquas
389 1249 695 1306 superiores
736 1258 790 1305 et
815 1248 1120 1307 inferiores.

784 1362 1012 1419 CAPUT
1059 1363 1149 1419 IV.

701 1432 781 1488 De
833 1434 1067 1503 partibus
1119 1433 1250 1489 caeli.

259 1522 569 1594 Appellatur
595 1529 775 1578 autem
818 1523 959 1578 idem
992 1523 1143 1579 locus
1187 1524 1379 1591 aethra,
1426 1524 1485 1579 in
1534 1539 1643 1595 quo
1688 1524 1761 1580 si-

198 1614 317 1670 dera
338 1623 480 1681 sunt,
508 1623 564 1671 et
588 1613 857 1685 signiﬁcat
880 1628 1003 1670 eum
1026 1615 1222 1687 ignem,
1252 1616 1344 1686 qui
1375 1631 1406 1670 a
1432 1623 1544 1671 toto
1564 1616 1764 1672 mundo

196 1704 250 1761 in
273 1704 440 1760 altum
485 1712 766 1775 separatus
796 1712 899 1761 est.
944 1704 1088 1761 Sane
1132 1706 1302 1761 aether
1336 1714 1420 1762 est
1454 1707 1632 1777 ipsum
1657 1708 1762 1761 ele-

194 1806 447 1862 mentum,
495 1796 702 1853 aathera
737 1811 867 1853 vero
891 1796 1145 1869 splendor
1170 1798 1390 1854 aetheris
1434 1806 1536 1854 est.
1568 1799 1759 1856 Consi-

1864 606 2006 653 ctam
2038 598 2360 655 Ecclesiam.
2394 602 2682 658 Sciendum
2720 606 2876 662 nobis
2917 616 2999 666 est
3026 650 3040 676 ,
3090 611 3191 667 hoc
3237 629 3433 672 nomen

1865 694 2083 752 luminis
2126 698 2293 753 totius
2354 697 2635 755 Trinitatis
2672 715 2794 756 esse
2857 717 3158 760 commune.
3214 707 3434 779 Legitur

1864 791 2005 845 enim
2046 810 2059 845 :
2116 791 2257 847 Deus
2312 792 2403 847 luas
2444 804 2550 860 est,
2589 806 2637 850 et
2678 798 2900 853 tenebrw
2932 800 2986 853 in
3028 817 3086 854 eo
3130 803 3290 857 nullis
3315 816 3436 861 sunt

1863 879 1937 952 (I
1966 880 2126 936 Joan.
2158 881 2236 953 ι).
2289 884 2431 956 Ergo
2474 886 2599 955 quia
2644 887 2842 956 Pater,
2892 899 2947 945 et
2998 889 3165 948 Filius
3211 903 3265 950 et
3311 896 3436 967 Spi-
3532 938 3541 945 .

1865 971 2003 1027 ritus
2033 983 2255 1029 sanctus
2280 990 2416 1031 unus
2448 984 2532 1031 cst
2553 976 2713 1041 Deus,
2767 988 2911 1034 recte
2960 982 3436 1042 animadvertimus

1865 1059 1931 1114 de
1975 1068 2087 1117 tota
2132 1062 2395 1118 Trinitate
2437 1080 2557 1121 esse
2602 1067 2803 1122 dictum
2840 1087 2853 1122 :
2906 1069 3046 1125 Deus
3088 1073 3180 1128 lux
3220 1085 3337 1141 est,
3391 1086 3439 1130 et

1864 1154 2088 1211 tenebras
2120 1156 2175 1211 in
2207 1173 2266 1211 eo
2302 1158 2460 1212 nulla:
2492 1170 2630 1213 sunt.
2679 1161 2832 1216 Unde
2876 1177 3066 1219 versus
3106 1165 3208 1221 iste
3245 1169 3437 1223 merito

1866 1249 1933 1303 de
1981 1247 2263 1305 Salvatore
2313 1249 2445 1305 dicit
2492 1267 2506 1305 :
2558 1250 2627 1304 In
2666 1251 2859 1307 lumine
2901 1263 2991 1308 tuo
3030 1255 3315 1311 videbimus
3358 1258 3440 1311 lu-

1864 1355 1981 1393 men
2010 1338 2181 1410 (Psal.
2209 1338 2397 1408 xxxv).
2428 1340 2580 1407 Quod
2610 1350 2789 1396 autem
2813 1342 3058 1401 Christus
3084 1361 3208 1400 vera
3231 1346 3319 1400 lux
3346 1348 3438 1414 sit,

1863 1430 2097 1485 ostendit
2120 1430 2233 1499 ipse
2259 1430 2313 1484 in
2328 1430 2617 1501 Evangelio
2641 1431 2825 1488 dicens
2851 1449 2865 1485 :
2897 1432 3009 1503 Ego
3036 1450 3149 1487 sum
3172 1436 3263 1489 lux
3285 1454 3438 1489 mun-

1862 1519 1939 1575 di.
1972 1520 2075 1585 Qui
2114 1521 2347 1591 sequitur
2386 1538 2486 1586 me,
2526 1539 2629 1576 non
2671 1522 2955 1578 ambulabit
2995 1526 3050 1577 in
3087 1526 3325 1591 tenebris,
3351 1528 3441 1581 sed

1864 1610 2069 1666 habebit
2115 1610 2289 1664 lumen
2350 1610 2466 1664 vita:
2520 1609 2698 1681 (Joan.
2748 1610 2888 1682 Vili).
2937 1613 3013 1670 De
3057 1629 3164 1684 quo
3207 1614 3440 1671 Joannes

1864 1699 2197 1771 evangelista
2239 1699 2356 1754 ait:
2396 1698 2529 1753 Erat
2561 1699 2653 1753 lux
2690 1716 2830 1766 vera,
2868 1718 2985 1771 quae
3024 1703 3284 1759 illuminat
3330 1722 3440 1759 om-

1866 1808 1983 1845 nem
2035 1791 2317 1845 venientem
2356 1792 2413 1844 in
2454 1791 2709 1845 mundum
2752 1791 2933 1863 (Joan.
2972 1793 3047 1863 i);
3105 1810 3318 1849 omnem
3362 1796 3444 1850 vi-

196 1888 502 1945 gmmenim
546 1888 835 1946 luminaria
872 1890 929 1945 in
960 1890 1305 1947 ﬁrmamento
1343 1891 1489 1959 οωιί,
1521 1894 1626 1949 hoc
1654 1903 1757 1959 εει,
1790 1870 1838 1929 Β
1866 1881 2080 1948 delicet,
2120 1881 2215 1951 'qui
2255 1881 2590 1937 illuminatur
2626 1884 2741 1938 sive
2782 1884 3014 1939 naturali
3059 1885 3296 1956 ingenio,
3346 1904 3441 1943 seu

195 1976 249 2034 in
268 1976 609 2035 ﬁrmamento
635 1978 771 2053 legis
792 1978 889 2035 Dei
922 1979 1108 2047 inﬁxa,
1141 1981 1486 2052 evangelista;
1512 1982 1766 2038 videlicet

196 2076 248 2124 et
271 2068 515 2126 doctores
551 2069 847 2141 Scriptura:
890 2080 1092 2128 sanctae
1131 2071 1457 2142 disputando
1491 2075 1767 2130 cohaeren-

194 2166 271 2214 tes
298 2167 353 2215 et
380 2159 635 2216 omnibus
656 2159 1005 2217 inferioribus
1034 2160 1214 2218 lumen
1241 2164 1519 2234 sapientiae
1545 2165 1768 2220 demon-

195 2258 436 2308 strantes.
474 2251 688 2309 Prodiit
711 2253 877 2308 etiam
903 2253 1084 2321 simul,
1121 2265 1252 2322 ete.,
1280 2256 1598 2311 micantium
1626 2254 1767 2310 side-

193 2356 307 2397 rum
333 2342 511 2410 turba,
539 2343 599 2398 id
624 2352 728 2409 est,
758 2343 1098 2400 diversarum
1120 2345 1384 2399 virtutum
1427 2345 1485 2399 in
1520 2343 1764 2399 Ecclesia

196 2431 569 2497 numerositas,
600 2446 721 2501 qua:
760 2430 822 2487 in
876 2434 1036 2505 hujus
1079 2432 1204 2490 vitae
1250 2434 1601 2499 obscuritate,
1652 2443 1766 2488 tan-

195 2535 347 2591 quam
388 2522 444 2577 in
473 2531 659 2590 nocte,
703 2523 1027 2595 refulgentes
1068 2523 1311 2579 dividant
1340 2524 1396 2579 in
1439 2524 1543 2579 hoc
1584 2523 1766 2579 ﬁrma-

196 2620 367 2667 mento
416 2611 717 2685 Scripturas
758 2614 1034 2669 sensibilia
1083 2622 1140 2670 et
1184 2611 1560 2686 intelligibilia,
1607 2614 1767 2683 quasi

196 2700 329 2757 inter
365 2701 541 2760 lucem
585 2704 967 2775 perfectorum,
999 2715 1054 2762 et
1096 2706 1346 2761 tenebras
1396 2704 1714 2777 populorum
1747 2721 1764 2761 :

199 2798 251 2848 et
272 2802 397 2850 sunt
420 2794 658 2867 insignia
685 2796 945 2851 virtutum
984 2804 1039 2852 et
1075 2795 1479 2852 miraculorum.

799 2910 1025 2967 CAPUT
1088 2912 1149 2967 V.

752 2980 831 3035 De
850 2982 1034 3051 januis
1070 2981 1203 3036 cteli.

261 3069 440 3127 ianua:
466 3070 596 3127 coeli
617 3070 733 3127 duae
778 3080 940 3127 sunt:
980 3070 1171 3127 Oriens
1218 3079 1273 3127 et
1319 3071 1575 3129 Occasus.
1631 3073 1766 3129 Nam

196 3178 295 3219 una
321 3171 475 3235 porta
506 3161 591 3218 sol
632 3162 891 3232 procedit,
943 3162 1047 3216 alia
1096 3177 1154 3217 se
1198 3163 1408 3233 recipit.
1451 3162 1769 3233 Signiﬁcant

1869 1970 2132 2038 sapientia
2169 1972 2367 2025 divina.
2421 1971 2575 2028 Sicut
2607 1974 2749 2028 enim
2781 1990 2939 2031 nemo
2977 1992 3008 2031 a
3045 1991 3103 2032 se
3142 1979 3257 2046 ipso
3300 1994 3440 2046 esse,

1868 2058 1947 2111 ita
1982 2058 2148 2113 etiam
2182 2074 2340 2115 nemo
2384 2076 2415 2115 a
2455 2075 2514 2116 se
2549 2061 2665 2130 ipso
2702 2064 2915 2133 sapiens
2951 2080 3071 2121 esse
3104 2076 3316 2136 potest:
3350 2070 3445 2125 sed

1869 2147 1960 2203 illo
1985 2147 2287 2204 illustrante
2305 2190 2320 2215 ,
2346 2151 2412 2206 de
2430 2146 2536 2222 quo
2558 2152 2819 2223 scriptum
2842 2163 2924 2210 est
2948 2172 2962 2208 :
2987 2154 3167 2211 Omnis
3190 2160 3445 2227 sapientia

1870 2259 1901 2294 a
1927 2241 2158 2297 Domino
2197 2243 2305 2298 Deo
2345 2253 2418 2298 est
2449 2244 2577 2314 (Sir.
2606 2246 2668 2315 ι).
2719 2244 2905 2302 Sancti
2940 2249 3155 2318 quidem
3196 2252 3444 2307 homines

1868 2332 1959 2388 lux
1994 2343 2119 2389 sunt
2154 2344 2299 2390 recte
2324 2336 2519 2403 vocati,
2550 2337 2759 2393 dicente
2800 2339 2869 2395 ad
2909 2355 3002 2395 eos
3038 2341 3303 2397 Domino:
3341 2341 3442 2399 Vos

1867 2424 1987 2477 estis
2020 2423 2113 2477 lucc
2142 2425 2324 2477 mundi
2350 2424 2562 2495 (Matth.
2585 2427 2662 2497 v).
2709 2428 2779 2483 Et
2808 2431 3047 2500 apostolo
3070 2430 3235 2489 Paulo
3261 2452 3274 2487 :
3308 2433 3444 2488 Fui-

1869 2515 1960 2569 stis
1992 2515 2276 2585 aliquando
2321 2517 2561 2584 tenebrte,
2605 2535 2741 2575 nunc
2782 2531 2955 2577 autem
2999 2524 3091 2579 lux
3128 2526 3184 2579 in
3218 2525 3441 2583 Domino

1871 2602 2084 2675 (Ephes.
2115 2604 2203 2677 v);
2262 2606 2355 2661 sed
2396 2607 2623 2662 multum
2670 2608 2832 2665 distat
2879 2612 3020 2668 inter
3062 2612 3237 2669 lucem
3281 2631 3443 2686 quem

1870 2693 2004 2747 mihi
2026 2693 2319 2750 luminatur
2333 2696 2475 2769 [quae
2492 2696 2868 2771 illuminatur],
2889 2708 2944 2755 et
2962 2700 3157 2770 lucem,
3174 2719 3292 2773 quae
3318 2705 3441 2760 illu-

1876 2784 2048 2838 minat
2072 2798 2085 2837 :
2114 2783 2257 2839 inter
2275 2800 2390 2852 eos,
2418 2787 2511 2857 qui
2534 2789 2947 2860 participatione
2966 2806 3107 2848 vera:
3127 2794 3263 2851 lucis
3296 2799 3440 2851 acci-

1870 2872 2044 2940 piunt,
2079 2881 2138 2927 ut
2170 2873 2419 2931 luceant:
2466 2885 2521 2932 et
2554 2878 2724 2947 ipsam
2758 2878 2931 2936 lucem
2966 2894 3298 2953 perpetuam,
3328 2902 3446 2955 qua:

1873 2975 1978 3016 non
2019 2961 2189 3017 solum
2224 2964 2404 3019 lucere
2441 2967 2495 3021 in
2536 2982 2593 3022 se
2631 2971 2768 3038 ipsa,
2803 2971 2899 3025 sed
2938 2980 2993 3027 et
3030 2988 3127 3027 sua
3160 2978 3445 3045 prmsentia

1872 3069 2223 3125 quoscunque
2260 3058 2516 3128 attigerit,
2552 3059 2822 3116 illustrare
2880 3064 3092 3119 suﬁicit.
3143 3067 3447 3138 Aliquando

1875 3153 2051 3198 autem
2097 3145 2430 3217 Scripturam
2453 3164 2664 3205 sacram
2692 3152 2862 3207 lucem
2889 3154 3252 3227 intelligimus,
3282 3169 3337 3213 ut
3364 3169 3447 3215 cst

199 3222 367 3309 amet}!
389 3253 576 3322 53mm
608 3222 729 3308 6m“
760 3222 1077 3308 testamenta
1120 3222 1328 3319 divina:
1369 3222 1771 3313 Undevpsalmg
1798 3222 1841 3283 Ο
1873 3236 2003 3292 illud
2031 3256 2041 3289 :
2084 3237 2319 3293 Lucerna
2358 3243 2571 3311 pedibus
2613 3244 2741 3298 meis
2762 3246 2971 3299 verbum
3010 3222 3178 3315 tuum,
3202 3222 3441 3316 Domine,

198 3352 275 3399 sta
298 3345 405 3398 ait:
446 3342 723 3397 Mandavit
770 3343 987 3396 nubibus
1032 3343 1271 3414 desuper,
1321 3354 1369 3399 et
1406 3346 1608 3415 januas
1658 3346 1771 3401 εωιί

200 3432 390 3503 aperuit
418 3432 596 3503 (Psal.
623 3430 847 3502 Lxxvn).
880 3432 1191 3487 Mandatum
1219 3442 1301 3489 est
1336 3435 1482 3489 enim
1512 3436 1766 3503 nubibus,

199 3520 251 3579 id
271 3530 372 3588 est,
404 3521 873 3591 praedicatoribus,
902 3531 960 3575 ut
991 3536 1089 3591 per
1110 3519 1307 3589 ianuas
1337 3523 1483 3589 cteli,
1528 3526 1632 3580 hoc
1688 3535 1771 3581 est

199 3606 499 3667 Scripturas
541 3618 781 3676 sanctas,
810 3611 1189 3680 praedicatione
1214 3612 1451 3683 gloriosa
1480 3614 1771 3670 adventum

198 3700 485 3760 Salvatoris
521 3704 741 3759 Domini
780 3705 1131 3761 nuntiarent:
1180 3706 1272 3775 qui
1302 3720 1428 3762 vere
1457 3721 1654 3763 manna
1689 3724 1772 3763 su-

197 3792 369 3862 mitur,
413 3795 636 3866 quando
685 3796 944 3853 adorabili
989 3800 1477 3857 communicatione
1504 3810 1769 3860 vastatur.

802 3911 1027 3968 CAPUT
1074 3914 1162 3968 VI.

758 3980 835 4035 De
877 3983 1198 4037 cardinibus.

258 4068 516 4127 Cardines
557 4078 744 4126 autem
781 4072 967 4126 mundi
1000 4073 1105 4127 duo
1136 4089 1149 4126 :
1185 4072 1493 4143 Septentrio
1519 4082 1575 4133 et
1618 4075 1771 4133 Meri-

198 4160 320 4217 dies.
351 4162 407 4216 In
447 4162 585 4231 ipsis
631 4161 775 4217 enim
806 4162 1038 4217 volvitur
1063 4164 1280 4219 coelum.
1328 4164 1647 4237 Signiﬁcant
1673 4182 1770 4222 au-

196 4258 297 4306 tem
323 4251 575 4307 cardines
626 4251 727 4321 ipsi
782 4254 1061 4322 praesentis
1104 4253 1360 4309 Ecclesiae
1406 4257 1772 4312 conversatio-

197 4356 330 4406 nem,
362 4356 482 4412 qua:
506 4356 609 4411 per
640 4348 814 4397 totum
856 4341 1044 4397 orbem
1073 4342 1347 4409 dilatatur,
1384 4354 1441 4400 et
1474 4346 1529 4400 in
1564 4347 1770 4403 duobus

198 4434 551 4499 testamentis,
606 4432 721 4487 sive
768 4432 823 4485 in
898 4432 1103 4487 duobus
1152 4434 1438 4503 praeceptis
1489 4435 1769 4491 charitatis

197 4538 542 4590 conversaris,
576 4523 649 4577 ad
676 4521 910 4577 futuram
955 4524 1189 4591 patriam
1232 4525 1500 4580 tendendo
1550 4542 1766 4582 cursum

1874 3336 1921 3381 et
1956 3328 2128 3382 lumen
2164 3331 2358 3385 semitis
2394 3334 2519 3387 meis
2540 3332 2709 3404 (Psal.
2733 3340 2939 3409 cxvm).
2986 3339 3172 3396 Sciens
3198 3358 3325 3413 ergo
3352 3346 3451 3399 huc

1867 3418 1957 3487 jus
1993 3420 2173 3475 saeculi
2215 3431 2427 3476 noctem
2472 3423 2700 3481 diversis
2739 3426 3121 3486 offensionibus
3158 3433 3444 3504 irretitam,

1873 3516 1934 3562 ut
1977 3509 2104 3564 alibi
2147 3510 2405 3580 laqueos,
2468 3512 2593 3568 alibi
2637 3517 2885 3584 scopulos
2914 3562 2928 3587 ,
2995 3521 3121 3575 alibi
3171 3526 3446 3581 contineat

1872 3602 2316 3671 profundissimas
2354 3605 2652 3673 vastitates,
2702 3610 2926 3679 pedibus
2956 3614 3067 3668 suis
3089 3617 3311 3671 verbum
3340 3619 3445 3674 Do-

1874 3696 2004 3750 mini
2044 3696 2228 3751 lucere
2272 3708 2521 3769 testatur,
2563 3717 2632 3758 ne
2667 3703 2910 3761 absentia
2946 3708 3059 3762 veri
3104 3708 3322 3767 luminis
3363 3714 3443 3767 in-

1875 3784 2018 3839 cidat
2057 3786 2291 3853 ruinam,
2334 3796 2494 3859 quam
2531 3805 2628 3861 per
2666 3807 2817 3854 suam
2852 3796 3243 3863 providentiam
3269 3802 3443 3856 vitare

1873 3890 1979 3929 non
2016 3884 2247 3945 poterat.
2297 3876 2404 3934 Sed
2440 3879 2542 3936 hoc
2573 3884 2794 3939 verbum
2834 3883 2961 3939 illud
3000 3886 3156 3942 debet
3193 3890 3443 3962 intelligi,

1872 3966 2013 4034 quod
2052 3982 2149 4035 per
2176 3966 2483 4038 Scripturas
2509 3986 2693 4027 sacras
2730 3976 3114 4044 prophetarum
3153 3994 3247 4034 ore
3284 3984 3443 4037 semi-

1872 4066 2058 4113 natum
2085 4068 2185 4114 est.
2241 4062 2393 4128 Quod
2422 4064 2646 4119 verbum
2669 4064 2805 4121 bene
2836 4068 3117 4138 appellavit
3143 4071 3437 4143 lucernam,

1874 4162 1992 4217 qua:
2032 4149 2284 4205 humanis
2326 4152 2510 4209 usibus
2554 4154 2677 4208 data
2713 4164 2797 4209 est
2833 4156 2900 4210 ad
2941 4158 3303 4227 depellendam
3348 4178 3443 4217 no-

1874 4239 1976 4293 ctis
1996 4239 2429 4309 profundissimae
2442 4245 2768 4311 caecitatem,
2798 4248 2935 4303 sicut
2958 4248 3148 4305 Petrus
3170 4254 3441 4321 apostolus

1872 4329 2043 4386 dicit:
2088 4330 2357 4388 Habemus
2400 4337 2669 4391 certiorem
2716 4339 3070 4409 propheticum
3113 4360 3400 4398 sermonem
3425 4387 3439 4411 ,

1872 4420 1957 4473 cui
1998 4421 2121 4476 bene
2160 4423 2335 4493 facitis
2377 4426 2718 4493 intendentes,
2744 4428 2881 4482 velut
2910 4430 3134 4486 lucerna:
3166 4434 3357 4489 lucenti
3390 4436 3442 4488 in

1874 4510 2091 4565 obscuro
2135 4511 2247 4566 loco
2297 4506 2382 4585 (II
2426 4512 2570 4568 Petr.
2619 4515 2679 4584 ι).
2727 4516 2861 4572 Item
2900 4518 3079 4574 lumen
3124 4522 3441 4580 illuminatio

196 4615 467 4687 praesentis
508 4568 643 4670 vitae
668 4611 868 4683 dirigit.
914 4568 1065 4669 Unde
1092 4614 1356 4683 scriptum
1381 4622 1467 4669 est
1492 4631 1507 4668 :
1556 4615 1770 4671 Domini
1796 4568 1848 4627 D
1875 4598 1999 4654 ﬁdei
2042 4609 2144 4665 est,
2172 4601 2253 4656 vel
2300 4602 2496 4657 donum
2524 4601 2757 4674 Spiritus
2799 4610 2988 4672 sancti,
3014 4619 3071 4664 ut
3100 4612 3153 4665 in
3181 4613 3394 4671 Psalmo
3424 4636 3435 4669 :

198 4706 325 4761 enim
347 4713 471 4760 sunt
499 4701 749 4759 cardines
778 4712 949 4770 terrw,
998 4711 1046 4758 et
1086 4704 1259 4771 posuit
1285 4714 1442 4773 super
1482 4720 1566 4761 eos
1593 4705 1771 4761 orbem

200 4795 387 4868 (1⁸⁸9³
416 4794 501 4868 ω’
796 4784 1027 4923 cum
1060 4865 1173 4923 vn.

856 4954 934 5009 De
970 4954 1102 5009 luce.

263 5046 375 5105 Lux
424 5056 557 5121 post
606 5047 937 5103 creationem
983 5045 1107 5102 catli
1152 5053 1207 5101 et
1251 5054 1409 5102 terrae
1451 5062 1482 5101 a
1515 5047 1771 5105 Creatore

200 5145 425 5216 primum
481 5146 726 5200 formata
776 5152 859 5199 est
908 5142 977 5198 ad
1027 5141 1426 5199 manifestanda
1481 5153 1535 5198 et
1592 5145 1771 5200 decla-

202 5238 363 5292 randa
397 5250 568 5306 opera
593 5234 737 5305 iDei.
771 5233 887 5287 Lux
932 5234 1048 5304 ipsa
1096 5234 1397 5289 substantia
1432 5244 1550 5290 est:
1590 5234 1770 5290 lumen

204 5341 235 5381 a
273 5327 389 5381 luce
431 5332 644 5389 manat,
687 5323 741 5378 id
781 5332 865 5377 est
910 5324 1110 5380 candor
1157 5323 1327 5379 lucis:
1366 5324 1461 5378 sed
1495 5325 1599 5378 hoc
1642 5340 1771 5379 con-

204 5418 426 5475 fundunt
466 5426 744 5473 auctores.
794 5412 953 5469 Lucis
992 5430 1121 5485 ergo
1178 5416 1393 5469 nomine
1434 5415 1660 5469 diversa:
1699 5416 1771 5469 si-

207 5509 576 5581 gniﬁcationes
623 5507 1017 5577 exprimuntur.
1064 5504 1368 5573 Aliquando
1407 5504 1552 5558 enim
1594 5505 1770 5572 ipsum

208 5604 407 5670 Deum,
461 5606 516 5659 id
570 5611 688 5667 est,
746 5610 912 5656 totam
958 5599 1117 5652 simul
1171 5606 1411 5651 sanctam
1451 5596 1769 5651 Trinitatem

209 5697 473 5751 ostendit:
505 5692 797 5763 aliquando
836 5690 1029 5746 Filium
1056 5688 1151 5743 Dei
1181 5707 1193 5741 :
1228 5687 1514 5757 aliquando
1552 5698 1768 5744 sanctos

211 5784 349 5841 Viros
370 5784 641 5857 signiﬁcat
667 5800 680 5835 :
710 5780 994 5849 aliquando
1028 5778 1358 5847 Scripturam
1388 5794 1598 5835 sacram
1627 5797 1637 5832 :
1667 5779 1768 5835 ali-

640 5876 907 5938 PATBOL.
942 5873 1102 5935 CXI.

1874 4687 2149 4760 Signatum
2189 4700 2264 4745 est
2307 4709 2461 4763 super
2500 4710 2593 4749 nos
2638 4694 2811 4751 lumen
2856 4698 3027 4753 vultus
3072 4703 3188 4769 tui,
3221 4702 3440 4760 Domine

1874 4777 2170 4851 (Psal.1v).
2219 4780 2351 4836 item
2391 4782 2481 4838 lux
2525 4792 2580 4839 et
2623 4785 2857 4843 tenebrae
2894 4789 3051 4845 electi
3092 4800 3147 4846 et
3182 4796 3438 4863 reprobi,

1872 4882 1935 4925 ut
1973 4871 2029 4925 in
2073 4870 2209 4927 Job:
2261 4872 2516 4944 Nunquid
2566 4877 2723 4941 nosti,
2766 4878 2881 4948 quis
2922 4879 3066 4935 locus
3106 4882 3173 4933 sit
3214 4882 3345 4936 lucis
3390 4896 3439 4938 et

1874 4963 2217 5029 tenebrarum,
2246 4966 2408 5018 ducas
2450 4981 2613 5019 unum
2648 4968 2885 5037 quodque
2925 4970 2993 5022 ad
3033 4971 3276 5026 terminos
3317 4989 3439 5028 suos

1878 5054 1996 5125 (Job
2024 5055 2273 5123 xxxviii).
2322 5053 2456 5108 Item
2497 5054 2589 5109 lux
2631 5065 2687 5110 et
2731 5056 2984 5124 tenebrae,
3017 5057 3227 5127 justitia
3256 5068 3311 5114 et
3336 5062 3438 5113 lni-

1875 5143 2073 5214 quitas,
2117 5150 2179 5196 ut
2216 5143 2271 5197 in
2307 5144 2563 5213 Apostolo
2588 5162 2601 5197 :
2630 5144 2731 5210 Qui
2756 5145 2923 5217 diligit
2944 5150 3236 5217 proximum
3260 5166 3436 5216 suum,

1874 5235 1929 5287 in
1970 5234 2164 5286 lumine
2200 5242 2313 5287 est:
2356 5236 2445 5303 qui
2485 5243 2659 5289 autem
2701 5236 2831 5302 odit,
2857 5236 2913 5291 in
2950 5238 3169 5291 tenebris
3208 5239 3440 5292 ambulat

1876 5323 1927 5394 (Ι
1954 5322 2111 5376 Joan.
2143 5323 2223 5393 ιι).
2274 5324 2402 5378 Item
2448 5324 2881 5392 praedicationem
2912 5325 3183 5397 Evangelii
3222 5328 3437 5382 lucerna

1875 5413 2155 5483 signiﬁcat.
2207 5412 2359 5469 Unde
2395 5413 2640 5468 Salvator
2672 5415 2783 5468 ait:
2819 5413 2985 5469 Nemo
3015 5418 3244 5469 accendit
3270 5416 3439 5471 lucer-

1877 5520 2031 5569 nam,
2077 5514 2122 5556 et
2162 5503 2304 5574 ponit
2343 5519 2457 5555 eam
2495 5504 2591 5557 sub
2630 5504 2835 5569 modio,
2888 5504 2977 5557 sed
3013 5520 3165 5573 super
3189 5490 3435 5558 candela—

1877 5595 2041 5657 brum,
2072 5603 2128 5647 ut
2168 5593 2337 5648 luceat
2370 5595 2596 5658 omnibu,
2626 5597 2711 5663 qui
2752 5596 2805 5648 in
2839 5595 2989 5648 domo
3013 5604 3132 5649 sunt
3160 5594 3308 5663 (Luc.
3334 5596 3432 5665 xx).

1876 5686 2082 5740 Ponere
2123 5699 2251 5754 ergo
2292 5685 2564 5738 lucernam
2602 5686 2699 5737 sub
2740 5686 2937 5749 modio,
2962 5686 3232 5754 superiora
3260 5684 3438 5741 facere

1878 5778 2117 5846 corporis
2159 5776 2456 5842 commoda,
2481 5792 2642 5847 quam
2674 5779 3101 5845 praedicationem
3151 5776 3431 5833 veritatis:

2949 5874 2986 5929 9
