3930 6348
472 388 573 442 267

1148 378 1208 431 Β.
1252 374 1505 431 RABANI
1545 374 1764 430 MAURI
1798 371 2115 427 ARCIIIEP.
2156 371 2466 428 MOGUNT.
2506 372 2794 430 OPERUM
2832 373 3014 431 PARS
3049 373 3115 429 II.

3628 377 3730 436 268

466 510 525 555 ut
552 501 671 553 ideo
694 498 920 568 quisque
944 494 1226 549 veritatem
1264 505 1371 544 non
1412 489 1687 559 praedicet,
1715 487 1841 541 dum
1870 486 2043 539 timet.
2076 492 2125 553 Α
2153 492 2209 540 et
2238 501 2268 540 e
2302 486 2576 541 contrario
2607 487 2895 557 aliquando
2920 498 3107 563 testum
3133 489 3525 561 persecutionis
3554 498 3611 546 et
3639 494 3735 550 tri-

466 605 532 645 nc
574 589 775 659 aliquid
833 587 884 639 in
946 584 1105 637 rebus
1152 580 1521 651 corporalibus
1568 587 1622 633 et
1666 576 2049 649 temporalibus

472 681 737 737 molestiae
777 677 1033 748 patiatur.
1085 674 1271 728 Potest
1293 680 1349 726 et
1370 672 1590 725 lucerna
1633 670 1749 725 haec
1794 682 1955 738 super
1983 669 2050 723 de

472 772 808 829 humanitate
848 765 1143 822 Salvatoris
1184 762 1549 831 interpretari.
1593 760 1711 829 Ipse
1744 759 1940 828 quippe
1968 757 2051 810 lu-

468 877 689 920 cernam
751 858 1038 919 accendit,
1112 855 1203 923 qui
1268 862 1463 908 testam
1531 854 1779 906 humanm
1841 856 2051 902 natura:

467 951 683 1006 ﬂamma
724 963 834 1004 sua:
874 946 1171 1001 divinitatis
1211 944 1464 1012 implevit,
1502 956 1662 1011 quam
1697 938 1939 1009 profecto
1968 938 2049 993 lu-

463 1057 684 1098 cernam
743 1053 843 1095 nec
892 1036 1238 1093 credentibus
1288 1035 1649 1098 abscondere,
1710 1046 1809 1086 nec
1869 1030 2050 1085 modio

466 1148 787 1207 supponere,
836 1133 938 1188 hoc
977 1137 1087 1194 est,
1134 1129 1232 1183 sub
1277 1092 1530 1181 mensium
1575 1126 1705 1195 legis
1752 1124 2046 1189 includere,

464 1229 549 1284 vel
593 1229 733 1285 intra
774 1211 1161 1281 unius'Judaue
1203 1222 1377 1291 gentis
1420 1220 1676 1274 terminos
1702 1218 1871 1271 voluit
1899 1217 2049 1271 cohi-

465 1322 614 1376 bere.
663 1315 1055 1372 Candelabrum
1094 1312 1387 1367 Ecclesiam
1431 1312 1592 1375 dicit,
1642 1310 1725 1365 cui
1772 1310 2048 1363 lucernam

464 1406 830 1480 superposuit,
873 1405 1002 1474 quia
1045 1404 1247 1458 nostris
1283 1403 1336 1455 in
1375 1401 1640 1455 frontibus
1681 1399 1784 1453 ﬁde
1826 1415 1934 1452 sum
1964 1399 2047 1451 in-

462 1499 791 1557 carnationis
833 1497 1152 1563 aﬁixerunt,
1225 1503 1281 1548 ut
1332 1494 1422 1563 qui
1465 1492 1762 1547 Ecclesium
1819 1491 2047 1544 ﬁdeliter

461 1592 670 1663 ingredi
711 1589 972 1646 voluerint
1004 1630 1018 1654 ,
1084 1587 1265 1643 lumen
1310 1588 1557 1641 veritatis
1618 1586 1797 1656 palam
1847 1590 2048 1654 queant

463 1683 683 1738 intueri.
746 1682 883 1737 Nam
927 1690 983 1736 et
1025 1689 1210 1735 sancta
1241 1679 1477 1733 Ecclesia
1524 1676 1742 1731 luminis
1788 1673 2046 1729 vocabulo

461 1774 798 1842 designatur,
832 1779 896 1825 ut
927 1780 1013 1825 est
1048 1770 1217 1825 illud:
1256 1770 1487 1823 Amictus
1514 1767 1709 1825 lumine
1734 1765 1867 1818 sicut
1895 1764 2047 1817 vesti-

2150 579 2476 635 bulationem
2515 582 2798 651 praesentis
2834 583 2976 637 vitae.
3028 584 3164 638 Nam
3198 584 3277 640 sol
3308 584 3643 641 Salvatorem
3676 588 3731 645 in

2150 688 2216 726 eo
2242 673 2510 744 exprimit,
2536 672 2679 743 quod
2706 674 2848 728 sicut
2872 674 2987 743 ipse
3012 674 3129 728 sine
3156 676 3382 730 aliorum
3410 678 3734 738 adminiculo

2150 762 2363 816 cmteris
2392 761 2677 828 sideribus,
2709 762 2812 818 hoc
2839 770 2939 828 est,
2968 762 3109 817 lunae
3134 771 3187 817 et
3214 766 3384 820 stellis
3409 768 3492 838 (ut
3516 767 3734 839 quidam

2150 849 2375 925 ferunt)
2414 852 2675 925 fulgorem
2722 862 2964 925 praestat,
3015 853 3089 909 ita
3133 862 3189 914 et
3224 855 3471 911 Christus
3515 861 3736 931 propria

2152 950 2354 998 virtute
2404 943 2691 1012 splendens
2743 952 2799 999 et
2865 944 3063 999 nullius
3108 959 3210 1016 ope
3270 945 3556 1021 indigens,
3612 966 3737 1005 san-

2153 1040 2251 1090 ctae
2278 1032 2533 1089 Ecclesiae
2572 1034 2875 1106 quibusque
2906 1036 3107 1090 sanctis
3152 1034 3490 1105 splendorem
3516 1040 3737 1108 sapien-

2151 1132 2241 1179 tia:
2296 1131 2349 1178 et
2404 1124 2664 1180 virtutum
2721 1123 2925 1178 tribuit.
2985 1124 3139 1181 Unde
3187 1127 3243 1180 in
3290 1126 3557 1197 Propheta
3601 1128 3737 1184 scri—

2150 1222 2301 1286 ptum
2351 1223 2478 1271 est:
2514 1214 2726 1269 Orietur
2771 1216 2909 1270 vobis
2957 1216 3257 1272 timentibus
3306 1218 3587 1274 Dominum
3642 1216 3737 1275 So!

2143 1307 2388 1377 justitiaa,
2422 1316 2471 1360 et
2503 1307 2701 1360 sanitas
2728 1308 2784 1359 in
2822 1307 3004 1376 pennis
3031 1308 3147 1377 ejus
3176 1308 3332 1378 (Mal.
3363 1309 3460 1381 IV).
3505 1310 3573 1365 Et
3606 1309 3738 1366 alibi

2150 1420 2217 1459 ex
2240 1418 2470 1474 persona
2499 1412 2846 1474 peccatorum
2872 1404 3068 1459 dicitur
3091 1422 3103 1456 :
3140 1403 3233 1459 Sol
3282 1406 3504 1474 justitia’
3530 1420 3631 1457 non
3659 1412 3738 1457 est

2153 1504 2296 1548 ortus
2339 1494 2484 1547 nobis
2508 1493 2661 1564 (Sap.
2686 1492 2746 1565 1).
2785 1492 2934 1560 Quod
2964 1500 3144 1549 autem
3190 1494 3474 1563 splendore
3516 1492 3739 1547 clarita-

2152 1588 2221 1639 tis
2250 1593 2555 1640 sanctorum
2586 1584 3037 1639 resurrectionem
3063 1584 3145 1640 sol
3174 1583 3470 1655 signiﬁcat,
3499 1583 3738 1639 ostendit

2152 1677 2265 1746 ipsa
2298 1674 2533 1740 Veritas,
2585 1674 2639 1728 in
2682 1674 2975 1747 Evangelio
3016 1674 3237 1731 dicens:
3273 1675 3417 1729 Tunc
3461 1674 3737 1745 fulgebunt

2145 1768 2278 1837 justi
2321 1768 2454 1821 sicut
2497 1766 2576 1821 sol
2618 1769 2672 1819 in
2719 1782 2876 1836 regno
2910 1764 3091 1821 Patris
3131 1784 3311 1822 eorum
3342 1767 3557 1839 (Matth.
3587 1764 3733 1837 xm).

461 1873 633 1917 mento
658 1860 829 1934 (Psal.
858 1863 998 1933 cm).
1028 1861 1234 1914 Lumen
1261 1859 1403 1911 enim
1432 1856 1729 1911 Ecclesiam
1756 1853 2040 1924 significat,

2152 1864 2283 1920 Nam
2316 1866 2482 1919 solem
2512 1863 2826 1933 sapientiam
2856 1862 3164 1934 signiﬁcare
3194 1872 3425 1923 testatur
3446 1860 3737 1918 Psalmista

459 1953 527 2008 de
568 1968 675 2023 qua
721 1952 979 2022 scriptum
1027 1959 1150 2005 est:
1200 1948 1331 2014 Qua:
1374 1958 1449 2003 est
1490 1949 1610 2011 ista,
1652 1963 1768 2017 qua:
1809 1945 2045 1999 ascendit

458 2044 743 2099 dealbata?
774 2042 950 2115 (Cant.
978 2042 1084 2114 ιιι.)
1144 2041 1401 2096 Dealbata
1446 2039 1591 2094 enim
1632 2038 1945 2108 intelligitur
1984 2036 2045 2090 il-

458 2133 744 2188 luminata.
809 2130 939 2198 Qum
984 2139 1131 2186 recte
1177 2130 1326 2184 velut
1368 2128 1534 2183 vestis
1590 2126 1891 2181 advertitur
1935 2125 2041 2180 Do-

455 2225 590 2280 mini
632 2223 947 2289 Salvatoris,
996 2238 1102 2277 non
1153 2222 1360 2275 habens
1403 2219 1668 2273 maculam
1713 2227 1801 2272 aut
1831 2233 2038 2286 rugam.

456 2314 578 2385 Ipsa
620 2324 705 2369 est
747 2313 889 2368 enim
933 2310 1180 2376 candida,
1208 2311 1310 2365 hoc
1351 2316 1454 2374 est,
1484 2307 1751 2375 dealbata,
1780 2309 1925 2362 omni
1951 2309 2043 2362 de-

456 2420 584 2462 core
612 2406 869 2459 virtutum
899 2404 1177 2458 adornata.
1216 2401 1298 2456 Ad
1339 2417 1501 2471 quam
1546 2401 1675 2456 dicit
1716 2400 2037 2470 Apostolus:

457 2494 669 2561 Omnes,
712 2495 801 2571 qui
840 2496 897 2550 in
935 2492 1140 2549 Christo
1180 2495 1431 2563 baptizati
1469 2494 1612 2557 estis,
1656 2490 1918 2546 Christum
1964 2492 2044 2544 in-

458 2586 648 2641 duistis
680 2584 822 2658 (Gul.
852 2585 976 2655 in):
1030 2586 1169 2639 hanc
1210 2584 1373 2638 etiam
1421 2583 1597 2636 tunica
1638 2582 1725 2635 illa
1767 2581 2040 2652 signiﬁca-

454 2682 552 2748 vit,
596 2695 715 2751 qua:
755 2694 862 2734 non
899 2679 1074 2750 potuit
1106 2677 1269 2732 dividi
1308 2686 1548 2746 tempore
1586 2675 1870 2744 passionis.
1919 2674 2042 2728 Hzec

457 2779 579 2836 est,
634 2775 699 2825 de
741 2783 847 2839 qua
900 2768 1133 2823 dicitur:
1180 2766 1415 2820 Amictus
1467 2766 1661 2820 lumine
1709 2767 1843 2819 sicut
1890 2763 2041 2819 vesti-

454 2871 628 2916 mento
659 2858 831 2935 (Psal.
860 2858 998 2930 cm).

1047 2943 1276 3001 CAPUT
1315 2943 1448 2998 VIII.

1000 3035 1075 3089 De
1123 3033 1489 3088 luminaribus.

524 3131 835 3188 Luminaria
864 3136 1043 3183 autem
1064 3168 1077 3193 ,
1107 3142 1227 3196 quae
1258 3127 1312 3180 in
1341 3125 1478 3180 ctelo
1508 3129 1631 3179 sunt
1659 3122 1836 3192 posita
1857 3162 1871 3188 ,
1901 3121 2044 3175 diem

453 3234 777 3293 noctemque
805 3222 1105 3277 illuminant
1135 3219 1431 3274 secundum
1454 3215 1728 3271 Creatoris
1754 3215 1837 3270 sui
1864 3215 2041 3284 dispo-
2069 3204 2114 3265 C

455 3316 729 3377 sitionem,
760 3321 816 3367 et
840 3326 1033 3367 cursus
1061 3310 1143 3363 sui
1174 3306 1333 3363 oﬁicii
1362 3313 1643 3377 peragunt,
1677 3306 1782 3360 hoc
1804 3313 1912 3369 est,
1941 3304 2038 3368 sol,

457 3405 586 3460 luna
621 3410 675 3458 et
707 3402 875 3456 stellze
920 3400 1072 3469 juxta
1098 3398 1417 3470 qualitatem
1445 3409 1599 3449 suam
1625 3392 2043 3464 signiﬁcationes

454 3497 774 3567 allegoricas
823 3495 1061 3557 habent,
1113 3507 1231 3561 quin
1264 3491 1330 3543 ad
1364 3488 1689 3543 laudandum
1720 3488 2039 3551 Dominum,

455 3597 745 3662 postquam
768 3585 1040 3657 angelieas
1060 3584 1286 3638 virtutes
1313 3582 1379 3636 ad
1406 3580 1617 3635 laudem
1641 3579 1735 3633 Dei
1756 3578 2041 3635 Psalmista

457 3678 729 3739 incitavit,
754 3676 1143 3745 subsequenter
1167 3682 1467 3741 provocans
1495 3669 1570 3721 ait
1594 3682 1608 3719 :
1636 3666 1874 3720 Laudate
1898 3683 2038 3731 eum,

456 3769 536 3825 sol
582 3779 629 3824 et
678 3767 824 3831 luna,
874 3765 1086 3819 laudate
1134 3780 1273 3829 eum,
1327 3778 1504 3816 omnes
1552 3759 1715 3813 stella:
1772 3769 1818 3811 et
1870 3758 2042 3811 lumen

457 3856 631 3930 (Psal.
660 3854 901 3925 cxnvm).

1067 3939 1292 3997 CAPUT
1345 3938 1435 3994 IX.

1133 4036 1209 4085 0e
1238 4030 1363 4084 sole.

531 4127 624 4183 Sol
651 4140 777 4197 ergo
822 4133 875 4179 et
900 4123 1027 4178 luna
1069 4136 1133 4176 ac
1171 4120 1336 4175 stellae
1364 4120 1445 4190 (ut
1474 4119 1690 4188 quidam
1720 4116 1922 4189 dicunt)
1961 4126 2040 4172 et-

454 4223 498 4279 si
547 4221 726 4290 aliquo
770 4216 990 4288 proprio
1032 4222 1313 4286 regantur,
1365 4223 1545 4267 tamen
1574 4212 1697 4280 quia
1734 4210 2040 4267 carnalibus

454 4311 627 4367 oculis
651 4314 953 4379 patescunt,
986 4304 1269 4359 inferiores
1298 4318 1417 4358 esse
1444 4302 1753 4371 virtutibus,
1784 4317 1903 4370 quae
1932 4317 2039 4356 non

456 4403 731 4464 videntur,
756 4415 863 4453 non
894 4395 1125 4451 absurda
1155 4394 1511 4449 aestimatione
1538 4391 1825 4461 colligitur,
1857 4406 2040 4459 quam-

458 4490 543 4545 vis
592 4489 713 4543 cceli
766 4488 998 4557 speciem
1038 4485 1233 4539 decoro
1269 4484 1472 4538 lumine
1506 4497 1701 4537 ornare
1730 4482 2031 4536 videantur.

2149 1950 2367 2011 dicens:
2404 1953 2578 2008 Solem
2610 1955 2661 2007 in
2690 1962 2993 2023 potestatem
3025 1952 3147 2019 diei,
3177 1953 3425 2023 quoniam
3455 1952 3513 2009 in
3540 1948 3738 2007 amula

2146 2045 2509 2100 misericordia
2537 2044 2648 2113 ejus
2674 2041 2846 2115 (Psal.
2874 2044 3092 2112 cxxxv).
3130 2042 3285 2110 Quod
3312 2040 3632 2113 spiritaliter
3659 2039 3738 2096 ita

2148 2134 2378 2205 intelligi
2404 2142 2610 2204 potest,
2646 2140 2704 2187 ut
2732 2131 2901 2187 solem
2932 2132 3210 2201 sapientia
3239 2131 3501 2189 Dominus
3531 2130 3737 2189 sanctis

2147 2226 2259 2279 suis
2289 2224 2593 2283 miseratus
2610 2222 2878 2288 infundat,
2916 2232 3182 2292 quatenus
3220 2222 3308 2276 illa
3344 2222 3582 2288 videant,
3616 2236 3740 2291 quae

2146 2317 2213 2371 ad
2241 2317 2411 2387 ipsius
2441 2324 2651 2372 certum
2680 2324 2765 2371 est
2793 2316 3068 2387 pertinere
3092 2314 3413 2385 jussionem.
3471 2314 3740 2375 Decorem

2147 2416 2330 2461 autem
2384 2407 2645 2469 virtutum
2705 2417 2760 2462 et
2809 2406 3075 2463 bonorum
3131 2422 3357 2478 operum
3426 2406 3596 2462 solem
3655 2405 3738 2479 si-

2147 2497 2406 2567 gniﬁcare
2455 2496 2545 2551 illa
2603 2497 2818 2557 Domini
2864 2497 3134 2555 sententia
3168 2488 3526 2553 'demonstrat
3554 2538 3570 2564 ,
3628 2512 3739 2570 qua

2148 2590 2215 2643 ad
2236 2588 2521 2657 Apostolos
2544 2587 2769 2658 loquens
2794 2590 2866 2643 ait
2891 2607 2902 2641 :
2930 2587 3021 2645 Sic
3045 2588 3215 2644 luceat
3240 2588 3335 2644 lux
3359 2599 3530 2645 vestra
3559 2607 3739 2645 eorum

2144 2680 2441 2735 hominibus
2471 2688 2527 2737 ut
2557 2680 2761 2737 videant
2793 2696 2948 2750 opera
2978 2690 3147 2739 vestra
3178 2682 3334 2747 bona,
3366 2689 3415 2736 et
3441 2682 3734 2755 gloriﬁcent

2147 2766 2362 2821 Patrem
2414 2777 2659 2838 oestrum,
2688 2770 2778 2839 qui
2827 2769 2883 2821 in
2931 2768 3070 2832 cmlis
3119 2779 3195 2827 est
3242 2769 3459 2841 (Matth.
3508 2772 3584 2842 v).
3642 2771 3737 2827 Sol

2148 2860 2416 2929 signiﬁcat
2442 2876 2666 2916 acumen
2698 2861 3000 2931 sapientiae,
3031 2862 3170 2919 sicut
3200 2862 3253 2915 in
3280 2860 3381 2917 Job
3411 2863 3740 2931 quibusdam

2147 2951 2497 3018 Sapientibus,
2523 2951 2614 3005 sed
2644 2950 2910 3020 reprobis,
2938 2966 3036 3023 pro
3065 2951 3281 3007 diabolo
3308 2952 3508 3007 dicitur
3532 2971 3544 3005 :
3581 2952 3743 3006 Radii

2146 3036 2271 3090 solis
2316 3038 2409 3091 sub
2456 3041 2566 3106 ipso
2612 3048 2761 3091 erunt
2790 3036 2912 3108 (Job
2941 3038 3073 3108 xu),
3125 3038 3444 3097 subauditur
3480 3039 3743 3095 Ecclesia)

2148 3126 2313 3192 ﬁdes,
2355 3129 2421 3183 de
2451 3141 2558 3197 quo
2587 3142 2684 3199 per
2711 3126 2826 3182 Joel
2854 3126 3182 3198 Prophetam
3213 3129 3410 3189 dicitur
3436 3148 3447 3183 :
3484 3129 3580 3185 Sol
3610 3146 3742 3185 con-

2148 3231 2372 3275 vertetur
2416 3221 2471 3273 in
2523 3219 2757 3273 tenebras
2790 3217 2949 3288 (Joel.
2979 3217 3082 3291 n);
3135 3219 3259 3287 quia
3311 3219 3445 3276 ﬁdes
3473 3220 3739 3277 Ecclesiae

2148 3311 2439 3366 novissima
2468 3310 2841 3379 persecutione
2877 3309 2931 3363 in
2964 3311 3317 3383 reproborum
3348 3312 3605 3370 cordibus
3634 3327 3741 3383 per

2150 3402 2517 3457 inﬁdelitatem
2566 3400 2965 3455 obscurabitur.
3024 3399 3116 3455 Sol
3160 3400 3448 3457 manifesta
3490 3402 3742 3475 operatio

2145 3501 2246 3557 est,
2276 3493 2416 3548 sicut
2441 3491 2493 3544 in
2519 3490 2787 3545 Psalterio
2812 3490 3011 3545 dicitur
3038 3503 3137 3559 pro
3161 3504 3389 3567 corpore
3416 3500 3694 3560 assumpto
3718 3510 3732 3545 :

2144 3581 2214 3636 In
2242 3580 2349 3634 sole
2377 3580 2546 3649 posuit
2578 3576 2975 3631 tabernaculum
3010 3593 3162 3633 suum
3194 3575 3365 3647 (Psal.
3396 3578 3575 3647 xvm).
3630 3579 3737 3634 De-

2144 3673 2309 3740 nique
2359 3671 2412 3723 in
2460 3668 2785 3723 contrariam
2838 3676 3047 3737 partem
3096 3668 3227 3722 solis
3276 3668 3733 3741 signiﬁcationem

2144 3762 2409 3835 prolatam
2455 3760 2687 3815 ostendit
2731 3758 2822 3814 illa
2861 3759 3183 3831 Evangelica
3227 3762 3517 3830 parabola,
3567 3778 3734 3831 quam

2144 3854 2211 3907 de
2256 3850 2509 3915 sementis
2553 3850 2864 3905 diversitate
2911 3850 3172 3906 Dominus
3224 3851 3447 3919 protulit
3496 3852 3727 3908 dicens:

2142 3942 2262 3995 Alia
2289 3950 2465 3994 autem
2493 3940 2789 3993 ceciderunt
2824 3942 2880 3993 in
2919 3950 3158 4009 petrosa,
3206 3940 3293 3992 ubi
3332 3957 3435 3994 non
3470 3942 3733 3997 habebant

2142 4042 2335 4086 terram
2378 4031 2620 4095 multam,
2675 4040 2720 4083 et
2769 4032 3012 4085 continuo
3041 4042 3221 4087 exorta
3258 4039 3409 4098 sunt,
3458 4032 3584 4103 quia
3628 4049 3734 4088 non

2142 4122 2395 4175 habebant
2423 4120 2751 4176 altitudinem
2776 4132 2928 4176 terra:
2951 4136 2969 4173 .'
2996 4122 3101 4176 sole
3133 4131 3306 4176 autem
3336 4133 3449 4177 orto
3476 4133 3733 4180 testuave-

2145 4223 2305 4266 runt:
2340 4223 2385 4266 et
2417 4214 2539 4284 quia
2570 4229 2673 4266 non
2706 4213 2960 4267 habebant
2998 4213 3249 4277 radicem,
3281 4223 3544 4270 aruerunt
3573 4213 3727 4287 (Luc.

2144 4304 2284 4377 vni).
2323 4304 2543 4363 Petrosa
2576 4318 2705 4359 vero
2732 4304 2850 4359 loca
2873 4345 2887 4369 ,
2920 4320 3039 4377 quae
3070 4304 3215 4357 tenui
3247 4306 3449 4376 cespite
3477 4314 3730 4362 contecta

2142 4403 2449 4465 susceptum
2490 4408 2673 4451 semen
2706 4393 2814 4447 cito
2850 4393 3151 4465 germinare
3190 4402 3429 4469 queunt,
3480 4396 3576 4452 sed
3616 4397 3729 4451 vim

2141 4483 2337 4538 radicis
2365 4483 2589 4555 ﬁgendas
2620 4499 2726 4539 non
2755 4484 2987 4548 habent,
3022 4483 3110 4539 illa
3141 4484 3396 4540 nimirum
3430 4495 3560 4545 sunt
3586 4502 3726 4559 prae-

458 4580 594 4635 Nam
625 4580 740 4644 illa,
766 4579 831 4632 ad
857 4592 975 4646 qua:
1002 4576 1248 4645 pervenit
1275 4582 1460 4629 noster
1488 4580 1755 4642 aspectus,
1780 4572 1904 4626 licet
1929 4573 2037 4626 sint
2063 4546 2117 4606 D
2144 4577 2360 4641 cordia,
2405 4546 2524 4646 quae
2554 4576 2712 4632 nullis
2742 4546 3037 4646 disciplina:
3071 4576 3263 4630 studiis
3292 4576 3504 4635 erudita
3545 4546 3723 4635 nullas

454 4670 633 4726 lucida
668 4678 831 4739 atque
872 4666 1109 4730 subtilia,
1167 4674 1347 4720 tamen
1378 4678 1604 4733 corpora
1648 4677 1764 4717 esse
1806 4662 2033 4715 manife-

456 4770 601 4818 stum
628 4770 709 4816 est
733 4778 748 4827 ;
781 4768 836 4815 et
862 4774 1081 4814 necesse
1110 4765 1193 4814 est
1244 4766 1301 4813 ut
1329 4756 1433 4811 illis
1468 4756 1677 4819 cedant,
1706 4770 1825 4825 quae
1854 4755 2038 4811 invisi-

458 4853 551 4909 bili
583 4853 782 4906 virtute
812 4851 1127 4905 subsistunt.
1180 4848 1520 4917 Quapropter
1546 4846 1713 4901 solem
1732 4887 1745 4913 ,
1774 4845 1955 4899 lunam
1984 4855 2039 4900 et

458 4943 640 5000 stellas
670 4942 784 4997 sive
812 4957 910 5012 per
940 4941 1212 5011 propriam
1254 4943 1549 5004 rationem,
1600 4939 1714 4993 sive
1761 4953 1859 5007 per
1904 4938 2035 4993 alias

457 5032 742 5089 sensibiles
764 5040 818 5087 et
838 5030 1158 5101 judicabiles
1180 5030 1506 5084 substantias
1524 5029 1791 5100 Propheta
1816 5027 2036 5084 laudare

453 5123 714 5197 praecepit
736 5121 1045 5185 Dominum,
1068 5120 1192 5191 quia
1220 5120 1496 5175 Creatoris
1520 5118 1779 5173 beneﬁcio
1805 5120 2035 5173 existere

456 5219 790 5269 meruerunt.
851 5210 1201 5265 Considerata
1250 5210 1392 5264 enim
1442 5217 1521 5264 tot
1554 5209 1756 5262 lumina
1793 5209 2037 5279 ingentes

455 5302 843 5358 admirationes
882 5312 1108 5371 possunt
1142 5316 1506 5366 commovere,
1550 5302 1764 5371 quando
1802 5308 1855 5354 et
1892 5314 2037 5353 mor-

453 5391 593 5447 tales
628 5390 814 5447 oculos
839 5390 1023 5444 videre
1060 5388 1282 5454 faciunt,
1322 5399 1376 5443 et
1409 5391 1523 5457 ipsa
1552 5391 1715 5445 vitam
1760 5388 2031 5460 splendida

456 5480 704 5537 claritate
742 5482 1093 5536 constituunt.
1130 5479 1295 5549 Igitur
1343 5479 1422 5539 sol
1458 5480 1511 5533 in
1554 5478 1834 5550 Scriptura
1877 5495 2030 5536 sacra

457 5572 745 5642 aliquando
806 5572 1071 5644 signiﬁcat
1130 5573 1415 5627 Dominum
1489 5570 1859 5638 Salvatorem,
1928 5572 2028 5626 ali-

457 5665 674 5737 quando
722 5674 1030 5721 sanctorum
1082 5681 1299 5720 suorum
1349 5666 1685 5731 claritatem,
1744 5664 2031 5734 aliquando

460 5756 735 5825 sapientia“:
781 5756 1063 5827 fulgorem,
1119 5758 1403 5828 aliquando
1441 5758 1687 5813 decorent
1736 5758 2027 5823 virtutum,

2145 4666 2499 4721 tentationum
2546 4665 2952 4736 probationibus
3001 4653 3257 4731 emollita,
3292 4665 3575 4724 dulcedine
3608 4676 3726 4724 tan-

2146 4766 2259 4811 tum
2301 4758 2465 4811 auditi
2510 4757 2814 4822 sermonis,
2872 4771 2935 4810 ac
2982 4755 3262 4826 promissis
3302 4756 3617 4815 ccelestibus
3651 4758 3720 4815 ad

2144 4851 2331 4905 horam
2362 4850 2717 4915 delectantur,
2751 4851 2843 4907 sed
2891 4852 2945 4907 in
2995 4859 3237 4919 tempore
3284 4852 3604 4907 tentationis
3637 4869 3723 4908 re-

2144 4944 2357 4997 cedunt.
2387 4942 2477 4995 qol
2500 4942 2828 5011 prosperitas
2847 4950 2947 5007 est,
2965 4950 3021 4997 et
3040 4942 3163 4995 luna
3185 4941 3484 4996 adversitas
3510 4943 3714 4998 mundi.

2136 5033 2205 5087 Ut
2231 5033 2285 5086 in
2310 5032 2576 5087 Psalterio
2600 5052 2611 5085 :
2650 5031 2754 5087 Per
2778 5035 2915 5090 diem
2942 5032 3020 5091 sol
3045 5050 3148 5091 non
3172 5041 3285 5089 uret
3310 5043 3378 5090 te.
3406 5051 3569 5105 neque
3592 5035 3718 5091 luna

2133 5141 2223 5193 per
2254 5134 2450 5179 noctem
2478 5121 2652 5195 (Psal.
2677 5123 2802 5194 cxx)

2760 5213 2985 5275 CAPUT
3024 5212 3090 5267 X.

2798 5304 2873 5359 De
2902 5304 3048 5364 luna.

2211 5395 2358 5451 Luna
2395 5406 2608 5463 autem,
2651 5411 2771 5465 quae
2816 5398 3107 5455 menstruis
3156 5396 3491 5466 temporibus
3523 5399 3722 5456 crescit

2138 5495 2195 5546 et
2218 5488 2501 5553 decrescit,
2532 5496 2587 5543 et
2617 5504 2723 5543 non
2752 5488 2969 5558 proprio
2996 5488 3199 5543 lumine
3227 5488 3400 5556 lucet,
3453 5490 3550 5547 sed
3590 5490 3721 5549 solis

2136 5588 2379 5636 mutuato
2428 5579 2706 5649 splendore
2759 5580 3077 5644 illustratur,
3132 5580 3421 5650 aliquando
3472 5582 3529 5638 in
3569 5582 3720 5639 Scri-

2136 5676 2306 5744 pturis
2332 5674 2594 5744 signiﬁcat
2632 5674 2769 5727 hanc
2808 5673 3090 5728 mortalem
3121 5673 3285 5726 vitam
3330 5683 3384 5728 et
3434 5676 3715 5740 miseram,

2140 5764 2424 5834 aliquando
2466 5775 2779 5833 praesentem
2818 5763 3130 5818 Ecclesium.
3184 5762 3339 5818 Unde
3383 5764 3440 5818 in
3485 5744 3720 5833 evange—
