3930 6380
217 317 326 375 269

1233 314 1322 371 DE
1361 311 1711 372 UNIVERSO
1748 311 1929 368 LIBRI
1967 310 2131 367 XXII.
2171 341 2242 354 —
2279 310 2407 368 LIB.
2446 311 2538 368 IX.

3394 312 3502 369 270

218 430 323 487 lica
372 433 645 503 parabola
699 433 899 504 legitur
946 431 1114 505 (Luc.
1162 432 1277 502 ι),
1335 433 1477 501 quod
1530 433 1693 486 homo
1752 432 1820 485 ab
1848 436 1899 497 Α
1923 432 2152 500 spiritali
2178 447 2354 501 perse
2381 432 2554 502 ipsum
2578 432 2798 488 veniens
2828 432 3100 489 illustrare
3126 434 3374 507 dignatus
3398 446 3500 493 est.

218 519 529 577 Jerusalem
560 522 899 579 descendens
943 524 996 577 in
1043 522 1261 578 Jericho
1313 520 1592 577 incidisset
1638 521 1693 574 in
1739 520 1821 574 la-

218 619 427 678 trones,
445 612 544 681 qui
566 612 733 667 etiam
751 612 1171 683 dispoliaverunt
1192 627 1333 676 eum,
1349 610 1519 681 plagis
1535 610 1822 681 impositis,

220 701 481 756 abierunt
535 704 800 758 semivivo
843 703 1055 758 relicto.
1114 701 1213 756 Hic
1260 718 1388 773 ergo
1439 703 1601 757 homo
1649 702 1823 759 Adam

220 791 551 861 intelligitur
584 808 711 848 cum
750 792 896 848 omni
954 806 1151 862 genere
1206 792 1464 865 humano.
1520 789 1821 848 Jerusalem

220 892 403 938 autem
434 884 637 940 civitas
668 885 758 939 illa
796 884 1035 940 ctelestis
1064 884 1345 959 accipitur,
1389 899 1421 938 a
1456 884 1610 953 cujus
1644 884 1821 939 beati-

220 974 407 1029 tudine
432 972 616 1029 Adam
652 975 835 1045 lapsus
861 990 961 1045 per
985 974 1375 1045 privationem,
1423 980 1479 1029 et
1519 972 1722 1042 eiectus
1766 974 1822 1029 in

216 1066 358 1121 hanc
387 1069 689 1123 mortalem
736 1069 905 1122 vitam
944 1076 999 1123 et
1046 1068 1331 1133 miseram,
1365 1082 1526 1137 quam
1558 1068 1696 1122 bene
1727 1065 1819 1122 Je-

216 1157 390 1224 richo,
416 1175 545 1229 quae
560 1160 690 1215 luna
715 1160 1120 1230 interpretatur,
1144 1159 1429 1230 significat,
1448 1158 1615 1212 variis
1636 1158 1822 1213 videli-

214 1259 301 1305 cet
324 1248 649 1306 defectuum
677 1251 950 1307 laboribus
973 1250 1241 1305 instabilis
1267 1264 1482 1318 semper
1509 1255 1566 1302 et
1592 1249 1817 1303 caduca.

212 1338 486 1399 Latrones
518 1352 708 1399 autem
737 1343 1007 1398 daemones
1038 1341 1342 1411 intelligere
1371 1354 1691 1409 possumus,
1727 1339 1821 1408 qui

214 1432 532 1489 seducendo
580 1434 757 1489 Adam
805 1433 1227 1503 dispoliaveruut
1274 1447 1398 1486 eum
1437 1432 1606 1504 gloria
1651 1432 1821 1486 beatae

213 1521 675 1589 immortalitatis,
691 1532 744 1579 et
766 1524 1090 1578 innocentiae
1112 1530 1260 1577 veste
1284 1522 1583 1592 privarunt.
1612 1522 1820 1576 Lunam

216 1625 397 1669 autem
431 1615 681 1686 ﬁgurare
706 1613 1003 1670 Ecclesiam
1032 1613 1269 1668 ostendit
1294 1612 1596 1667 ille'versus
1625 1630 1636 1665 :
1672 1612 1822 1667 Fecit

214 1705 398 1761 lunam
454 1707 514 1761 in
572 1715 817 1778 tempore
842 1747 857 1773 ,
907 1705 988 1761 sol
1032 1704 1287 1775 cognovit
1334 1720 1586 1759 occasum
1637 1719 1815 1758 suum.

1926 522 2030 578 Sed
2060 534 2115 579 et
2144 523 2260 593 ipsa
2289 530 2414 577 tunc
2436 524 2574 579 luna:
2601 525 2881 581 conversio
2905 525 3327 596 pulcherrimum
3353 529 3508 584 nobis

1924 613 2249 667 sacramenti
2299 612 2534 668 caelestis
2589 613 2953 683 spectaculum
2983 615 3206 685 praebet.
3262 616 3508 689 Namque

1922 703 2068 771 lmta,
2097 720 2217 774 quae
2249 704 2463 760 rotundi
2492 703 2631 760 facta
2661 707 2985 773 stemmatis,
3021 723 3053 761 a
3078 707 3191 763 sole
3218 690 3397 765 lumen
3424 708 3508 784 (ut

1923 809 2083 865 supra
2115 794 2369 867 diximus)
2416 795 2645 863 accipit,
2683 796 2912 866 ideoque
2941 812 3159 869 semper
3187 813 3252 853 ex
3285 799 3507 855 dimidio

1921 885 2088 952 orbe,
2131 901 2293 956 quem
2324 886 2390 940 ad
2422 885 2589 942 solem
2620 887 2815 953 habet,
2857 888 3033 944 lucida
3071 896 3193 954 est:
3233 906 3300 948 ex
3336 890 3509 948 altero

1922 984 2103 1031 autem
2132 976 2353 1032 dimidio
2381 992 2593 1048 semper
2619 979 2871 1033 obscura.
2923 979 2969 1034 Α
3009 982 3181 1048 prima
3224 997 3397 1052 usque
3440 983 3511 1039 ad

1922 1070 2166 1137 quintam
2197 1069 2465 1136 decimam
2507 1068 2642 1124 lucis
2673 1076 3008 1125 crementum
3040 1071 3107 1124 ad
3137 1078 3330 1137 terras,
3363 1071 3511 1128 defe-
3551 1099 3553 1101 ι

1922 1164 2068 1211 ctum
2095 1172 2223 1212 vero
2269 1157 2430 1212 habet
2474 1159 2542 1212 ad
2586 1158 2773 1225 C(BIOS,
2808 1174 2838 1212 a
2886 1159 3288 1228 quintadecima
3329 1169 3513 1216 autem

1923 1262 2096 1317 usque
2121 1249 2187 1303 ad
2214 1249 2563 1303 novissimam
2591 1258 2930 1306 crementum
2960 1251 3203 1321 ejusdem
3234 1267 3346 1307 suae
3375 1253 3514 1308 lucis

1924 1355 1956 1394 a
1985 1341 2212 1395 terrenis
2235 1356 2497 1439 (aversum
2546 1342 2803 1411 paulatim
2854 1344 2922 1397 ad
2968 1344 3210 1399 coelestia
3258 1348 3507 1402 revertit.

1924 1428 2053 1496 Quae
2090 1428 2346 1484 nimirum
2375 1430 2491 1499 ejus
2520 1433 2805 1487 conversio
2834 1433 2987 1487 'recte
3025 1434 3295 1503 paschalis
3330 1437 3514 1506 gaudii

1923 1520 2183 1593 mysteria
2212 1521 2420 1592 signat,
2454 1522 2650 1592 quibus
2679 1538 2893 1578 omnem
2933 1526 3131 1580 mentis
3160 1535 3358 1582 nostrae
3393 1528 3511 1599 glo-

1924 1612 2061 1666 riam
2102 1627 2133 1665 a
2170 1612 2473 1668 visibililms
2500 1622 2745 1668 avertere
2798 1614 3006 1669 deliciis
3055 1616 3384 1688 caducisque
3430 1618 3513 1673 fa-

1920 1703 2161 1765 voribus,
2189 1711 2354 1773 atque
2387 1704 2455 1759 ad
2490 1704 2657 1759 solam
2695 1704 2933 1761 caelestis
2966 1708 3151 1777 gratiae
3183 1708 3357 1764 lucem
3395 1726 3515 1768 sus-

214 1794 367 1852 Luna
396 1796 657 1854 Ecclesia
684 1805 795 1862 est,
832 1811 996 1868 quam
1035 1796 1090 1850 in
1122 1795 1454 1865 temporibus
1490 1793 1685 1849 factam
1717 1793 1818 1848 ali-
1847 1800 1896 1862 Β
1923 1796 2162 1867 pendere
2200 1795 2616 1867 contemplando
2657 1797 2931 1851 docemur.
2990 1798 3081 1853 Vel
3130 1800 3175 1854 si
3225 1809 3515 1874 utramque

214 1892 433 1961 quando
474 1892 655 1947 minui
694 1893 994 1963 contingit,
1045 1891 1334 1961 aliquando
1363 1905 1645 1955 crescere,
1696 1906 1816 1960 quae

216 1990 397 2039 tamen
430 1984 515 2039 sic
544 1984 831 2051 minuitur,
872 1991 931 2037 ut
968 1997 1183 2052 semper
1210 1980 1470 2037 redeunte
1508 1983 1818 2052 integritate

214 2084 527 2147 reparatur.
564 2074 749 2131 Solem
773 2087 905 2130 vero
930 2075 985 2129 in
1018 2076 1119 2129 hoc
1150 2074 1269 2129 loco
1297 2075 1491 2129 merito
1520 2076 1819 2145 accipimus

216 2165 513 2220 Dominum
544 2164 906 2220 Salvator-em.
965 2166 1069 2220 Iste
1113 2180 1243 2236 ergo
1284 2166 1538 2235 cognovit
1565 2181 1821 2222 occasum

218 2270 370 2312 suum
392 2298 407 2322 ,
442 2257 499 2311 id
536 2263 657 2323 est,
694 2256 920 2335 gloriam
951 2271 1061 2311 sua:
1090 2256 1359 2326 passionis
1387 2257 1642 2328 agnovit,
1696 2272 1821 2311 cum

219 2349 499 2419 discipulis
532 2349 651 2406 suis
680 2349 887 2404 diceret
913 2367 924 2402 :
958 2346 1109 2402 Venit
1138 2349 1266 2401 hora
1286 2389 1301 2414 ,
1339 2358 1385 2402 et
1418 2347 1562 2416 ﬁlius
1591 2348 1819 2402 hominis
1864 2412 1875 2421 τ

218 2442 457 2496 tradetur
501 2444 561 2495 in
612 2457 801 2495 manus
843 2448 1171 2509 peccatorum
1198 2438 1424 2509 (Matth.
1466 2439 1635 2510 xxvr).
1691 2440 1821 2494 Item

216 2531 339 2587 luna
372 2532 658 2605 signiﬁcat
703 2538 1006 2601 martyrum
1049 2529 1413 2600 passionem,
1443 2537 1503 2583 ut
1539 2544 1637 2600 per
1670 2529 1825 2587 Johel

218 2626 545 2695 prophetam
588 2624 827 2679 dicitur:
874 2620 943 2675 Et
984 2619 1110 2675 luna
1149 2629 1374 2675 vertetur
1414 2623 1471 2675 in
1514 2622 1825 2691 sanguinem

222 2715 378 2789 (Joel.
401 2716 487 2789 ιι),
519 2718 630 2773 hoc
654 2725 737 2772 est
754 2758 768 2783 ,
794 2724 1091 2786 martyrum
1119 2731 1339 2771 suorum
1364 2730 1556 2770 cruore
1580 2714 1818 2784 perfusa.

220 2806 349 2864 Item
383 2809 512 2863 luna
548 2824 792 2879 praesens
820 2808 1072 2863 saeculum
1100 2807 1389 2878 signiﬁcat,
1418 2820 1485 2861 eo
1512 2808 1654 2875 quod
1680 2823 1823 2862 sem-

223 2915 316 2971 per
344 2908 608 2955 mutetur.
667 2901 743 2955 De
780 2914 886 2969 quo
932 2900 985 2952 in
1025 2898 1348 2968 Apocalypsi
1394 2897 1593 2953 dicitur
1621 2898 1687 2953 de
1716 2899 1819 2953 Ec-

225 2992 383 3047 clesia
407 3011 418 3045 :
444 2992 516 3045 Et
542 2991 673 3045 luna
695 2990 788 3044 sub
809 2989 1024 3059 pedibus
1046 2990 1155 3044 suis
1173 2987 1354 3058 (Apoc.
1371 2987 1492 3059 xu).
1522 2988 1822 3058 Aliquando

226 3092 401 3139 autem
449 3083 585 3137 luna
630 3079 937 3136 instabilem
980 3078 1179 3133 mentis
1222 3078 1471 3133 humanae
1507 3078 1823 3148 qualitatem

1922 1885 2040 1955 ejus
2069 1887 2476 1942 conversionem
2528 1887 2584 1941 in
2632 1887 2829 1941 bonum
2860 1887 3092 1944 delectat
3124 1888 3472 1960 interpretari
3495 1932 3511 1958 ,

1922 1994 2215 2050 possumus
2264 1978 2565 2049 intelligere
2606 1980 2751 2050 quod
2789 1994 3042 2035 crescens
3081 1981 3149 2037 ad
3194 1983 3381 2045 oculos
3418 1985 3518 2040 lm-

1925 2086 2118 2127 manos
2150 2070 2331 2126 lumen
2362 2070 2503 2126 lunae
2531 2072 2793 2127 virtutum
2825 2074 3054 2141 gratiam
3075 2115 3091 2140 ,
3120 2076 3317 2145 quibus
3345 2093 3515 2147 appa-

1927 2180 2055 2221 rens
2088 2165 2145 2219 in
2172 2179 2339 2220 carne
2364 2166 2627 2221 Dominus
2663 2168 2865 2222 mundo
2902 2168 3108 2237 illuxit,
3145 2171 3411 2236 insinuet,
3450 2174 3519 2230 de

1925 2257 2120 2327 quibus
2150 2256 2351 2313 dicitur
2376 2275 2389 2309 :
2417 2256 2488 2310 Et
2510 2256 2666 2312 Iesus
2695 2258 2998 2329 proﬁciebat
3019 2261 3275 2331 sapientia
3296 2271 3343 2316 et
3365 2272 3519 2318 (etate

1924 2357 1974 2402 et
2002 2350 2177 2419 gratia
2202 2348 2346 2418 apud
2373 2348 2541 2403 Deum
2568 2358 2614 2403 et
2638 2349 2871 2406 homines
2898 2350 3048 2422 (Luc.
3075 2351 3167 2422 ιι);
3201 2367 3517 2410 recrescens

1926 2452 2057 2494 vero
2092 2440 2158 2493 ad
2191 2439 2358 2493 caelos
2402 2440 2814 2495 resurrectionis
2866 2442 3310 2512 ascensionisque
3368 2443 3511 2499 illius

1927 2527 2152 2599 gloriam
2184 2527 2461 2599 designet,
2502 2543 2620 2598 quae
2656 2529 2710 2583 in
2743 2543 2801 2584 se
2831 2529 3049 2599 quidem
3090 2532 3206 2601 ipsa
3234 2547 3361 2586 mox
3393 2547 3517 2603 per-

1928 2617 2068 2674 fecta
2098 2619 2383 2688 provenit,
2436 2619 2529 2674 sed
2572 2620 2625 2674 in
2662 2621 2846 2676 animo
2874 2621 3143 2690 ﬁdelium,
3189 2624 3515 2693 quibusdam

1927 2710 2067 2767 lucis
2108 2726 2220 2767 suae
2268 2709 2602 2782 profectibus
2647 2727 2818 2782 usque
2868 2714 2935 2768 ad
2972 2712 3133 2769 ﬁnem
3178 2714 3363 2769 saeculi
3402 2730 3521 2771 cre-

1927 2815 2081 2857 scere
2115 2817 2223 2857 non
2253 2800 2470 2856 desinit.
2518 2800 2827 2874 Resurgens
2851 2804 2995 2857 enim
3028 2803 3289 2859 Dominus
3315 2820 3345 2859 a
3374 2821 3523 2861 mor-

1929 2891 2051 2955 tuis,
2105 2890 2282 2961 primo
2330 2889 2557 2961 singulis
2605 2905 2667 2945 ac
2711 2892 2875 2957 binis,
2925 2907 2990 2946 ac
3027 2892 3221 2949 deinde
3250 2893 3519 2965 pluribus,

1926 2981 2085 3036 modo
2112 2987 2343 3051 septem,
2374 2982 2533 3037 modo
2558 2982 2831 3048 undecim,
2863 2990 2917 3038 et
2944 2984 3231 3055 plusquam
3259 2986 3521 3058 quingen-

1929 3072 1999 3128 tis
2030 3072 2291 3128 fratribus
2320 3074 2520 3140 simul,
2573 3077 2639 3131 ad
2679 3075 2925 3131 ultimum
2956 3078 3235 3148 discipulis
3265 3083 3519 3139 omnibus

225 3175 278 3230 in
324 3174 629 3243 scripturis
674 3170 1052 3241 reprehendit,
1099 3179 1159 3223 ut
1196 3178 1281 3225 est
1320 3170 1449 3225 illud
1492 3169 1782 3239 sapientiae
1806 3188 1820 3225 τ
1852 3152 1897 3215 C
1929 3164 2180 3234 apparuit
2208 3163 2261 3235 (Ι
2286 3163 2409 3218 Cor.
2440 3164 2553 3237 xv),
2605 3168 2798 3235 quibus
2841 3169 3146 3225 videntibus
3194 3187 3521 3231 ascensurus

226 3262 429 3321 Stultus
467 3275 527 3322 ut
565 3264 695 3318 luna
720 3272 979 3327 mutatur,
1019 3262 1145 3332 quia
1188 3263 1265 3315 vir
1292 3262 1491 3332 duplici
1529 3265 1705 3318 animo
1734 3264 1820 3317 in-

227 3366 468 3410 constans
498 3366 577 3409 est
616 3356 669 3408 in
700 3354 937 3407 omnibus
964 3352 1060 3405 viis
1087 3353 1195 3406 suis
1224 3350 1357 3408 (Sir.
1384 3353 1577 3423 xxvn).
1630 3352 1736 3407 Sed
1768 3363 1822 3408 et

228 3446 327 3503 hoc
354 3446 693 3511 notandum,
737 3445 879 3514 quod
922 3444 1049 3498 luna
1080 3452 1290 3513 tempus
1321 3445 1589 3513 paschalis
1620 3445 1824 3501 festivi-

230 3539 352 3592 tatis
379 3539 623 3591 maxima
655 3552 719 3590 ex
752 3545 904 3606 parte
931 3538 1167 3601 ordinat,
1200 3552 1319 3605 quae
1349 3537 1663 3592 solemnitas
1696 3547 1823 3594 tunc

229 3628 461 3687 maxime
494 3626 826 3692 celebratur,
864 3642 986 3681 cum
1018 3626 1146 3681 solis
1188 3626 1369 3682 lumen
1422 3627 1619 3681 animis
1658 3626 1823 3697 proﬁ-

229 3718 374 3773 ciens
422 3718 767 3773 incremento
809 3717 1042 3787 primam
1092 3718 1255 3772 sumit
1299 3718 1366 3774 de
1414 3719 1590 3773 noctis
1633 3720 1823 3774 umbra

229 3810 531 3865 victoriam.
590 3809 794 3864 Deinde
842 3825 1083 3865 mensem
1132 3810 1367 3879 primum
1415 3812 1582 3876 anni,
1635 3813 1727 3881 qui
1770 3820 1825 3867 et

230 3916 485 3955 novarum
521 3908 766 3965 vocatur,
798 3900 851 3953 in
885 3915 993 3970 quo
1022 3900 1231 3954 Pascha
1263 3900 1618 3966 celebremus,
1650 3910 1824 3956 atten-

233 3990 420 4045 dimus.
482 3991 609 4061 Ipse
646 3999 824 4045 autem
858 4000 940 4045 est
968 3993 1192 4058 mensis,
1225 3993 1279 4046 in
1311 4007 1416 4062 quo
1455 3994 1684 4047 mundus
1719 3994 1822 4049 iste

229 4080 508 4147 formatus,
541 4092 599 4137 et
628 4082 789 4137 homo
833 4090 915 4137 est
956 4084 1163 4152 primus
1211 4085 1263 4138 in
1309 4086 1543 4155 paradisi
1588 4086 1713 4141 sede
1746 4087 1820 4141 lo-

229 4180 375 4226 catus
401 4190 413 4224 :
446 4172 578 4242 quia
609 4187 705 4241 per
731 4171 888 4240 hujus
919 4174 1176 4243 mysteria
1204 4174 1562 4229 solemnitatis
1587 4177 1820 4246 primam

230 4277 324 4318 nos
349 4263 543 4317 stolam
574 4271 911 4332 recepturos,
938 4264 1171 4333 primum
1198 4280 1443 4335 superna:
1469 4268 1819 4324 beatitudinis

232 4367 471 4423 regnum,
497 4370 528 4408 a
558 4369 667 4421 quo
695 4355 747 4407 in
773 4355 1119 4424 longinquam
1146 4357 1421 4426 regionem
1448 4358 1815 4425 discessimus,

232 4460 322 4498 nos
352 4457 669 4514 recepturos
699 4460 817 4500 esse
846 4461 1147 4513 speramus.
1182 4447 1258 4501 De
1288 4447 1439 4516 cujus
1466 4448 1634 4519 gloria
1664 4450 1819 4521 regni

231 4533 413 4588 beatus
440 4535 739 4605 Apostolus
768 4535 989 4604 Petrus,
1019 4536 1171 4592 caelos
1207 4547 1378 4593 autem
1415 4556 1593 4607 novos,
1622 4542 1815 4612 inquit,

234 4637 276 4681 et
304 4637 493 4681 terram
525 4645 720 4681 novam
748 4639 795 4682 et
828 4628 1036 4701 [juxta]
1068 4632 1325 4700 promissa
1354 4633 1519 4702 ipsius
1549 4643 1785 4703 exspecta
1804 4664 1817 4674 -

232 4735 361 4786 mus,
398 4722 451 4775 in
479 4722 671 4792 quibus
695 4722 907 4790 justitia
943 4723 1142 4777 habitat
1175 4723 1261 4794 (II
1288 4724 1433 4778 Petr.
1462 4724 1565 4796 ιιι).
1622 4712 1728 4781 Sed
1766 4732 1821 4779 et

235 4809 459 4868 Joannes
500 4815 557 4868 in
589 4814 911 4885 Apocalypsi
954 4831 1051 4871 sua
1079 4835 1089 4869 :
1131 4815 1194 4869 Et
1226 4816 1380 4883 dixit,
1410 4820 1499 4889 qui
1530 4819 1737 4872 sedebat
1762 4819 1818 4872 in

237 4902 453 4958 throno:
485 4904 625 4958 Ecce
664 4905 802 4974 facio
838 4907 1014 4960 omnia
1052 4924 1182 4960 nova
1213 4906 1398 4977 (Apoc.
1429 4908 1562 4979 ut).
1616 4908 1818 4964 Deinde

237 4997 391 5053 etiam
418 5003 640 5055 tertiam
670 5002 868 5057 mensis
890 5003 1127 5073 ejusdem
1152 5004 1507 5073 septimanam
1534 5006 1589 5059 in
1615 5008 1814 5075 pascha

242 5091 609 5157 observamus,
659 5095 802 5163 quod
851 5096 1263 5151 resurrectionis
1294 5098 1581 5153 Dominicaz
1608 5100 1816 5169 gaudiis

243 5182 505 5249 aptissime
533 5187 784 5253 congruit
809 5204 821 5239 :
854 5188 983 5255 quia
1011 5198 1065 5242 et
1114 5188 1301 5243 eodem
1328 5201 1669 5245 sacrosancta
1700 5193 1815 5261 ejus

242 5276 556 5329 resurrectio
588 5275 746 5329 tertia
789 5276 874 5330 die
915 5276 1057 5332 facta
1095 5287 1214 5343 est,
1268 5290 1323 5333 et
1370 5280 1529 5335 tertio
1576 5290 1815 5350 tempore

241 5365 432 5431 muli,
455 5366 508 5420 id
536 5376 640 5430 est,
664 5383 783 5421 cum
816 5369 999 5437 gratiae
1029 5370 1268 5425 caelestis
1301 5372 1528 5425 adventu
1562 5381 1671 5426 tota
1699 5373 1814 5441 ejus

246 5450 297 5507 in
331 5469 489 5509 carne
531 5458 895 5528 dispensatio,
942 5474 1060 5527 qua)
1106 5473 1200 5527 per
1233 5463 1646 5516 resurrectionis
1683 5479 1813 5517 eon-

248 5553 499 5598 summata
529 5557 613 5601 est
644 5548 889 5617 gloriam,
924 5550 1121 5604 mundo
1154 5554 1419 5620 apparuit.
1456 5552 1634 5607 Prima
1666 5570 1817 5608 nam-

250 5647 343 5701 que
371 5637 546 5691 sreculi
585 5648 825 5707 tempora
856 5640 970 5711 lege
1002 5641 1230 5694 naturali
1272 5657 1367 5709 per
1401 5644 1608 5707 Patres,
1642 5645 1813 5698 media

250 5719 358 5793 lege
410 5727 624 5783 litterali
691 5743 787 5798 per
839 5730 1154 5798 PrOphetas,
1190 5739 1433 5788 extrema
1488 5733 1815 5790 charismate

1844 4502 1898 4561 D

1928 3255 1983 3309 in
2015 3254 2212 3311 cmlum
2241 3254 2381 3327 (Act.
2411 3255 2473 3326 ι),
2520 3259 2775 3327 praecepit
2814 3273 2908 3313 eos
2954 3274 3065 3314 suae
3099 3260 3523 3331 dispensationis

1927 3361 2047 3401 esse
2084 3355 2246 3401 testes
2284 3348 2337 3399 in
2374 3347 2706 3410 Jerusalem,
2750 3357 2806 3401 et
2845 3349 2901 3401 in
2937 3350 3085 3403 omni
3130 3349 3419 3419 Samaria,
3465 3362 3522 3410 et

1926 3449 2098 3505 usque
2127 3436 2195 3489 ad
2225 3435 2472 3490 ultimum
2502 3445 2680 3493 terrae.
2722 3437 2789 3491 Et
2822 3439 2958 3493 bene
2986 3439 3113 3495 luna
3140 3456 3265 3496 cum
3297 3456 3517 3502 nostros

1926 3526 2124 3601 crescit
2152 3526 2219 3581 ad
2249 3526 2454 3591 oculos,
2478 3527 2736 3596 paulatim
2764 3544 2795 3582 a
2819 3528 2932 3583 sole
2961 3530 3165 3585 recedit
3190 3548 3203 3584 :
3235 3547 3358 3586 cum
3386 3549 3518 3589 vero

1928 3618 1996 3671 ad
2024 3618 2221 3684 caelos,
2267 3620 2485 3689 paribus
2532 3620 2598 3673 ad
2649 3635 2772 3674 eum
2820 3620 3010 3691 spatiis
3051 3622 3211 3676 redit.
3274 3622 3387 3679 Hoc
3431 3632 3518 3679 est

1927 3708 2073 3761 enim
2117 3709 2255 3776 quod
2310 3709 2425 3779 ipse
2456 3710 2622 3764 dicit:
2677 3710 2833 3764 Exivi
2880 3729 2911 3763 a
2962 3710 3158 3779 Patre,
3211 3725 3257 3769 et
3311 3718 3425 3770 veni
3461 3718 3517 3772 in

1928 3800 2223 3856 mundum:
2257 3802 2443 3856 iterum
2477 3802 2710 3873 relinquo
2740 3803 3017 3871 mundum,
3061 3816 3107 3859 et
3147 3807 3280 3862 vado
3311 3809 3380 3862 ad
3408 3807 3519 3863 Pa-

1925 3901 2054 3945 trem
2088 3892 2270 3962 (Joan.
2302 3896 2439 3965 3m).
2496 3895 2562 3949 Et
2610 3896 2750 3965 quod
2790 3897 2855 3951 de
2900 3897 2990 3953 illo
3030 3898 3276 3955 Psalmus
3305 3901 3422 3955 ait:
3470 3903 3515 3955 A

1924 4001 2128 4038 summa
2160 3986 2285 4039 cwlo
2314 3990 2538 4057 egressio
2570 3989 2798 4057 ejus,-et
2829 4006 3075 4046 occursus
3106 3993 3221 4063 ejus
3250 4011 3411 4064 usque
3447 3996 3516 4049 ad

1924 4093 2190 4131 summum
2219 4079 2332 4148 ejus
2363 4078 2533 4151 (Psal.
2564 4080 2738 4151 xvm).
2793 4082 2927 4148 Quia
2962 4100 3091 4154 ergo
3131 4085 3254 4139 luna
3298 4102 3364 4142 eo
3406 4102 3516 4143 sum

1925 4170 2060 4225 lucis
2087 4172 2437 4236 incremento,
2457 4174 2599 4241 quod
2619 4173 2807 4229 exiens
2834 4188 2862 4228 a
2891 4174 3003 4230 sole
3028 4177 3096 4230 ad
3124 4186 3340 4233 nostros
3366 4181 3514 4235 evol-

1925 4261 2001 4314 vit
2051 4263 2290 4327 obtutus,
2333 4262 2544 4317 Domini
2576 4261 2875 4319 Salvatoris
2904 4263 2958 4317 in
2989 4280 3186 4331 carne,
3230 4283 3400 4337 usque
3443 4270 3513 4324 ad

1926 4362 2168 4424 tempora
2194 4355 2483 4424 passionis,
2512 4355 2814 4411 doctrinam
2839 4358 3174 4430 virtutesque
3202 4360 3509 4431 signiﬁcat:

1925 4460 1989 4498 eo
2022 4452 2199 4498 autem
2220 4485 2233 4509 ,
2276 4460 2386 4514 quo
2414 4446 2481 4499 ad
2513 4446 2682 4501 solem
2710 4447 2947 4512 rediens,
2976 4449 3237 4517 paulatim
3269 4452 3337 4505 ad
3368 4451 3510 4506 invi-

1924 4535 2133 4589 sibilem
2166 4536 2321 4591 nobis
2350 4536 2473 4592 caeli
2511 4536 2708 4593 faciem
2749 4539 3047 4610 recolligit,
3094 4544 3511 4600 resurrectionis

1924 4627 2067 4682 illius
2097 4643 2161 4683 ac
2205 4629 2522 4698 posterioris
2576 4629 2759 4701 gloria:
2815 4630 3074 4685 miracula
3126 4632 3505 4689 demonstrat:

1922 4721 2117 4774 merito
2144 4736 2174 4773 a
2203 4721 2388 4789 quinta
2437 4720 2643 4775 decima
2674 4722 2942 4791 paschalis
2989 4738 3094 4777 non
3138 4724 3350 4793 gaudiis
3378 4733 3506 4795 apta

1922 4808 2264 4879 praedicatur.
2304 4809 2400 4864 His
2450 4810 2671 4880 quidem
2696 4812 2968 4880 paschalis
3001 4814 3257 4883 temporis
3296 4830 3327 4868 a
3369 4814 3504 4886 legis

1922 4900 2300 4956 observatione
2331 4903 2559 4972 sumptis
2604 4904 2813 4959 indiciis
2856 4905 3100 4960 haeredes
3142 4904 3277 4960 Novi
3307 4906 3503 4962 Testa-

1920 4995 2088 5049 menti
2110 4996 2269 5049 etiam
2300 4996 2442 5051 diem
2473 4998 2826 5061 Dominicam,
2852 5013 3011 5066 quam
3041 4998 3317 5069 Scriptura
3339 5016 3500 5055 unam

1920 5087 2031 5141 sive
2061 5087 2291 5157 primam
2326 5086 2543 5143 Sabbati
2573 5089 2952 5158 cognominat,
2984 5090 3339 5146 annectimus.
3392 5090 3502 5148 Nec

1918 5179 2209 5243 immerito,
2242 5195 2360 5249 quae
2394 5189 2448 5234 et
2495 5180 2801 5235 conditione
2838 5181 3124 5250 primitivze
3158 5182 3292 5237 lueis
3327 5183 3503 5255 excel-

1919 5273 2053 5335 lens,
2085 5282 2137 5326 et
2168 5274 2442 5342 triumpho
2473 5273 2767 5329 Dominicm
2808 5276 3221 5330 resurrectionis
3252 5275 3497 5345 insignis,

1919 5374 1974 5419 et
2000 5373 2185 5418 nostra
2218 5378 2429 5434 quoque
2458 5365 2611 5419 nobis
2640 5366 3037 5419 resurreetione
3074 5374 3257 5421 manet
3287 5379 3503 5435 semper

1919 5456 2261 5526 emptabilis.
2320 5455 2535 5525 Septem
2577 5471 2788 5525 quoque
2827 5456 2943 5510 dies
2983 5457 3156 5521 lunae,
3205 5458 3258 5511 id
3304 5466 3419 5521 est,
3467 5473 3497 5512 a

1920 5550 2104 5618 quinta
2134 5549 2340 5604 decima
2362 5566 2531 5619 usque
2554 5550 2618 5603 ad
2642 5549 2951 5604 vicesimam
2974 5551 3223 5618 primam,
3244 5564 3341 5619 per
3362 5566 3498 5619 quos

1918 5654 1981 5691 ea
2000 5639 2273 5693 Dominica
2305 5639 2534 5693 naturali
2568 5640 2756 5694 ordine
2782 5639 3057 5705 discurrit,
3090 5640 3496 5694 universitatem

1918 5730 2192 5798 Ecclesiae,
2242 5747 2358 5799 quae
2396 5747 2491 5800 per
2532 5740 2701 5790 totum
2736 5734 2995 5789 mundum
3028 5734 3368 5804 paschalibus
3414 5745 3497 5789 est
