  <div class='ocr_page' id='page_1' title='image "/cluster/home/n/w/nwhite01/storage/ocr_20150623/111/uva.x000827067/143.png"; bbox 0 0 3930 6348; ppageno 0'>
   <div class='ocr_carea' id='block_1_1' title="bbox 367 273 470 330">
    <p class='ocr_par' dir='ltr' id='par_1_1' title="bbox 367 273 470 330">
     <span class='ocr_line' id='line_1_1' title="bbox 367 273 470 330; baseline 0.019 -2"><span class='ocrx_word' id='word_1_1' title='bbox 367 273 470 330; x_wconf 75' lang='lat'><strong>271</strong></span> 
     </span>
    </p>
   </div>
   <div class='ocr_carea' id='block_1_2' title="bbox 1013 272 2996 337">
    <p class='ocr_par' dir='ltr' id='par_1_2' title="bbox 1013 272 2996 337">
     <span class='ocr_line' id='line_1_2' title="bbox 1013 272 2996 337; baseline 0.003 -6"><span class='ocrx_word' id='word_1_2' title='bbox 1013 274 1074 331; x_wconf 89' lang='lat' dir='ltr'><strong>B.</strong></span> <span class='ocrx_word' id='word_1_3' title='bbox 1115 274 1372 331; x_wconf 79' lang='lat' dir='ltr'><strong>RABANI</strong></span> <span class='ocrx_word' id='word_1_4' title='bbox 1412 272 1633 331; x_wconf 78' lang='lat' dir='ltr'><strong>MAURI</strong></span> <span class='ocrx_word' id='word_1_5' title='bbox 1669 273 1992 332; x_wconf 81' lang='lat' dir='ltr'><strong>ARCHIEP.</strong></span> <span class='ocrx_word' id='word_1_6' title='bbox 2034 274 2346 334; x_wconf 83' lang='lat' dir='ltr'><strong>MOGUNT.</strong></span> <span class='ocrx_word' id='word_1_7' title='bbox 2383 275 2674 334; x_wconf 78' lang='lat' dir='ltr'><strong>OPERUM</strong></span> <span class='ocrx_word' id='word_1_8' title='bbox 2711 277 2894 337; x_wconf 83' lang='lat' dir='ltr'><strong>PARS</strong></span> <span class='ocrx_word' id='word_1_9' title='bbox 2930 278 2996 336; x_wconf 86' lang='lat' dir='ltr'><strong>ll.</strong></span> 
     </span>
    </p>
   </div>
   <div class='ocr_carea' id='block_1_3' title="bbox 3559 282 3670 340">
    <p class='ocr_par' dir='ltr' id='par_1_3' title="bbox 3559 282 3670 340">
     <span class='ocr_line' id='line_1_3' title="bbox 3559 282 3670 340; baseline 0 0"><span class='ocrx_word' id='word_1_10' title='bbox 3559 282 3670 340; x_wconf 66' lang='lat'><strong>273</strong></span> 
     </span>
    </p>
   </div>
   <div class='ocr_carea' id='block_1_4' title="bbox 370 390 3666 469">
    <p class='ocr_par' dir='ltr' id='par_1_4' title="bbox 370 390 3666 469">
     <span class='ocr_line' id='line_1_4' title="bbox 370 390 3666 469; baseline 0.002 -19"><span class='ocrx_word' id='word_1_11' title='bbox 370 394 652 466; x_wconf 78' lang='lat' dir='ltr'><strong>redempta</strong></span> <span class='ocrx_word' id='word_1_12' title='bbox 690 391 996 463; x_wconf 82' lang='lat' dir='ltr'><strong>mysteriis,</strong></span> <span class='ocrx_word' id='word_1_13' title='bbox 1051 407 1081 446; x_wconf 90' lang='lat' dir='ltr'><strong>a</strong></span> <span class='ocrx_word' id='word_1_14' title='bbox 1130 400 1284 461; x_wconf 89' lang='lat' dir='ltr'><strong>parte</strong></span> <span class='ocrx_word' id='word_1_15' title='bbox 1334 391 1673 446; x_wconf 89' lang='lat' dir='ltr'><strong>denuntiant.</strong></span> <span class='ocrx_word' id='word_1_16' title='bbox 1733 390 1868 444; x_wconf 77' lang='lat' dir='ltr'><strong>Nam</strong></span> <span class='ocrx_word' id='word_1_17' title='bbox 1915 395 2132 454; x_wconf 75' lang='lat' dir='ltr'><strong>etAet</strong></span> <span class='ocrx_word' id='word_1_18' title='bbox 2162 390 2309 446; x_wconf 86' lang='lat' dir='ltr'><strong>luna.</strong></span> <span class='ocrx_word' id='word_1_19' title='bbox 2347 390 2539 447; x_wconf 79' lang='lat' dir='ltr'><strong>Sidera</strong></span> <span class='ocrx_word' id='word_1_20' title='bbox 2587 409 2717 448; x_wconf 85' lang='lat' dir='ltr'><strong>vero</strong></span> <span class='ocrx_word' id='word_1_21' title='bbox 2747 395 3036 465; x_wconf 90' lang='lat' dir='ltr'><strong>aliquando</strong></span> <span class='ocrx_word' id='word_1_22' title='bbox 3079 396 3132 451; x_wconf 91' lang='lat' dir='ltr'><strong>in</strong></span> <span class='ocrx_word' id='word_1_23' title='bbox 3181 397 3380 453; x_wconf 85' lang='lat' dir='ltr'><strong>bonam</strong></span> <span class='ocrx_word' id='word_1_24' title='bbox 3431 409 3666 469; x_wconf 87' lang='lat' dir='ltr'><strong>partem,</strong></span> 
     </span>
    </p>
   </div>
   <div class='ocr_carea' id='block_1_5' title="bbox 369 484 1968 558">
    <p class='ocr_par' dir='ltr' id='par_1_5' title="bbox 369 484 1968 558">
     <span class='ocr_line' id='line_1_5' title="bbox 369 484 1968 558; baseline -0.003 -16"><span class='ocrx_word' id='word_1_25' title='bbox 369 487 680 558; x_wconf 89' lang='lat' dir='ltr'><strong>septenario</strong></span> <span class='ocrx_word' id='word_1_26' title='bbox 733 499 877 555; x_wconf 81' lang='lat' dir='ltr'><strong>sape</strong></span> <span class='ocrx_word' id='word_1_27' title='bbox 931 499 1159 540; x_wconf 88' lang='lat' dir='ltr'><strong>numero</strong></span> <span class='ocrx_word' id='word_1_28' title='bbox 1208 484 1620 540; x_wconf 74' lang='lat' dir='ltr'><strong>universitatem</strong></span> <span class='ocrx_word' id='word_1_29' title='bbox 1684 484 1968 555; x_wconf 86' lang='lat' dir='ltr'><strong>designare</strong></span> 
     </span>
    </p>
   </div>
   <div class='ocr_carea' id='block_1_6' title="bbox 370 572 1971 648">
    <p class='ocr_par' dir='ltr' id='par_1_6' title="bbox 370 572 1971 648">
     <span class='ocr_line' id='line_1_6' title="bbox 370 572 1971 648; baseline -0.003 -14"><span class='ocrx_word' id='word_1_30' title='bbox 370 579 652 648; x_wconf 70' lang='lat' dir='ltr'><strong>Scriptura</strong></span> <span class='ocrx_word' id='word_1_31' title='bbox 673 574 972 631; x_wconf 82' lang='lat' dir='ltr'><strong>consuevit.</strong></span> <span class='ocrx_word' id='word_1_32' title='bbox 994 573 1146 630; x_wconf 89' lang='lat' dir='ltr'><strong>Unde</strong></span> <span class='ocrx_word' id='word_1_33' title='bbox 1168 577 1312 643; x_wconf 87' lang='lat' dir='ltr'><strong>quod</strong></span> <span class='ocrx_word' id='word_1_34' title='bbox 1333 575 1408 629; x_wconf 91' lang='lat' dir='ltr'><strong>ait</strong></span> <span class='ocrx_word' id='word_1_35' title='bbox 1427 575 1698 644; x_wconf 84' lang='lat' dir='ltr'><strong>Propheta</strong></span> <span class='ocrx_word' id='word_1_36' title='bbox 1725 592 1738 628; x_wconf 91' lang='lat'><strong>:</strong></span> <span class='ocrx_word' id='word_1_37' title='bbox 1770 572 1971 644; x_wconf 75' lang='lat' dir='ltr'><strong>Septies</strong></span> 
     </span>
    </p>
   </div>
   <div class='ocr_carea' id='block_1_7' title="bbox 367 661 1968 736">
    <p class='ocr_par' dir='ltr' id='par_1_7' title="bbox 367 661 1968 736">
     <span class='ocr_line' id='line_1_7' title="bbox 367 661 1968 736; baseline -0.002 -15"><span class='ocrx_word' id='word_1_38' title='bbox 367 669 424 721; x_wconf 88' lang='lat' dir='ltr'><strong>in</strong></span> <span class='ocrx_word' id='word_1_39' title='bbox 455 667 541 721; x_wconf 89' lang='lat' dir='ltr'><strong>die</strong></span> <span class='ocrx_word' id='word_1_40' title='bbox 569 665 781 720; x_wconf 87' lang='lat' dir='ltr'><strong>laudem</strong></span> <span class='ocrx_word' id='word_1_41' title='bbox 810 664 922 718; x_wconf 69' lang='lat' dir='ltr'><strong>dixi</strong></span> <span class='ocrx_word' id='word_1_42' title='bbox 951 663 1043 718; x_wconf 90' lang='lat' dir='ltr'><strong>tibi</strong></span> <span class='ocrx_word' id='word_1_43' title='bbox 1073 661 1248 735; x_wconf 88' lang='lat' dir='ltr'><strong>(Psal.</strong></span> <span class='ocrx_word' id='word_1_44' title='bbox 1277 664 1470 736; x_wconf 82' lang='lat' dir='ltr'><strong>cxvnt)</strong></span> <span class='ocrx_word' id='word_1_45' title='bbox 1493 705 1506 731; x_wconf 97' lang='lat'><strong>,</strong></span> <span class='ocrx_word' id='word_1_46' title='bbox 1548 663 1623 720; x_wconf 90' lang='lat' dir='ltr'><strong>nil</strong></span> <span class='ocrx_word' id='word_1_47' title='bbox 1652 662 1846 720; x_wconf 87' lang='lat' dir='ltr'><strong>melius</strong></span> <span class='ocrx_word' id='word_1_48' title='bbox 1882 663 1968 718; x_wconf 91' lang='lat' dir='ltr'><strong>in-</strong></span> 
     </span>
    </p>
   </div>
   <div class='ocr_carea' id='block_1_8' title="bbox 369 753 1972 830">
    <p class='ocr_par' dir='ltr' id='par_1_8' title="bbox 369 753 1972 830">
     <span class='ocr_line' id='line_1_8' title="bbox 369 753 1972 830; baseline -0.003 -17"><span class='ocrx_word' id='word_1_49' title='bbox 369 757 651 830; x_wconf 82' lang='lat' dir='ltr'><strong>telligitur,</strong></span> <span class='ocrx_word' id='word_1_50' title='bbox 683 771 848 826; x_wconf 87' lang='lat' dir='ltr'><strong>quam</strong></span> <span class='ocrx_word' id='word_1_51' title='bbox 883 756 1026 826; x_wconf 91' lang='lat' dir='ltr'><strong>quod</strong></span> <span class='ocrx_word' id='word_1_52' title='bbox 1064 754 1193 810; x_wconf 85' lang='lat' dir='ltr'><strong>alibi</strong></span> <span class='ocrx_word' id='word_1_53' title='bbox 1231 755 1307 810; x_wconf 88' lang='lat' dir='ltr'><strong>ait</strong></span> <span class='ocrx_word' id='word_1_54' title='bbox 1333 773 1346 809; x_wconf 92' lang='lat'><strong>:</strong></span> <span class='ocrx_word' id='word_1_55' title='bbox 1368 753 1584 826; x_wconf 85' lang='lat' dir='ltr'><strong>Semper</strong></span> <span class='ocrx_word' id='word_1_56' title='bbox 1611 754 1731 810; x_wconf 88' lang='lat' dir='ltr'><strong>laus</strong></span> <span class='ocrx_word' id='word_1_57' title='bbox 1765 753 1880 825; x_wconf 86' lang='lat' dir='ltr'><strong>ejus</strong></span> <span class='ocrx_word' id='word_1_58' title='bbox 1913 755 1972 809; x_wconf 87' lang='lat' dir='ltr'><strong>in</strong></span> 
     </span>
    </p>
   </div>
   <div class='ocr_carea' id='block_1_9' title="bbox 367 845 1971 920">
    <p class='ocr_par' dir='ltr' id='par_1_9' title="bbox 367 845 1971 920">
     <span class='ocr_line' id='line_1_9' title="bbox 367 845 1971 920; baseline 0.001 -18"><span class='ocrx_word' id='word_1_59' title='bbox 367 866 457 904; x_wconf 89' lang='lat' dir='ltr'><strong>ore</strong></span> <span class='ocrx_word' id='word_1_60' title='bbox 480 863 592 904; x_wconf 89' lang='lat' dir='ltr'><strong>meo</strong></span> <span class='ocrx_word' id='word_1_61' title='bbox 619 845 792 919; x_wconf 84' lang='lat' dir='ltr'><strong>(Psal.</strong></span> <span class='ocrx_word' id='word_1_62' title='bbox 809 846 1024 920; x_wconf 88' lang='grc' dir='ltr'>χχχιιι).</span> <span class='ocrx_word' id='word_1_63' title='bbox 1059 846 1129 903; x_wconf 84' lang='grc' dir='ltr'><strong>Εῑ</strong></span> <span class='ocrx_word' id='word_1_64' title='bbox 1153 847 1463 917; x_wconf 82' lang='lat' dir='ltr'><strong>specialiter</strong></span> <span class='ocrx_word' id='word_1_65' title='bbox 1489 856 1660 903; x_wconf 89' lang='lat' dir='ltr'><strong>totam</strong></span> <span class='ocrx_word' id='word_1_66' title='bbox 1686 848 1971 904; x_wconf 86' lang='lat' dir='ltr'><strong>catholica</strong></span> 
     </span>
    </p>
   </div>
   <div class='ocr_carea' id='block_1_10' title="bbox 367 937 1967 1012">
    <p class='ocr_par' dir='ltr' id='par_1_10' title="bbox 367 937 1967 1012">
     <span class='ocr_line' id='line_1_10' title="bbox 367 937 1967 1012; baseline -0.002 -14"><span class='ocrx_word' id='word_1_67' title='bbox 367 941 624 998; x_wconf 87' lang='lat' dir='ltr'><strong>Ecclesia</strong></span> <span class='ocrx_word' id='word_1_68' title='bbox 653 939 1045 1011; x_wconf 79' lang='lat' dir='ltr'><strong>perfectionem</strong></span> <span class='ocrx_word' id='word_1_69' title='bbox 1081 953 1148 996; x_wconf 91' lang='lat' dir='ltr'><strong>eo</strong></span> <span class='ocrx_word' id='word_1_70' title='bbox 1186 939 1405 1012; x_wconf 89' lang='lat' dir='ltr'><strong>ﬁgurari</strong></span> <span class='ocrx_word' id='word_1_71' title='bbox 1435 937 1674 996; x_wconf 86' lang='lat' dir='ltr'><strong>Joannes</strong></span> <span class='ocrx_word' id='word_1_72' title='bbox 1713 947 1967 1004; x_wconf 86' lang='lat' dir='ltr'><strong>testatur,</strong></span> 
     </span>
    </p>
   </div>
   <div class='ocr_carea' id='block_1_11' title="bbox 368 1031 1971 1106">
    <p class='ocr_par' dir='ltr' id='par_1_11' title="bbox 368 1031 1971 1106">
     <span class='ocr_line' id='line_1_11' title="bbox 368 1031 1971 1106; baseline 0.001 -18"><span class='ocrx_word' id='word_1_73' title='bbox 368 1034 462 1106; x_wconf 90' lang='lat' dir='ltr'><strong>qui</strong></span> <span class='ocrx_word' id='word_1_74' title='bbox 505 1033 575 1089; x_wconf 90' lang='lat' dir='ltr'><strong>ad</strong></span> <span class='ocrx_word' id='word_1_75' title='bbox 613 1042 825 1103; x_wconf 88' lang='lat' dir='ltr'><strong>septem</strong></span> <span class='ocrx_word' id='word_1_76' title='bbox 864 1032 1007 1088; x_wconf 91' lang='lat' dir='ltr'><strong>Asia</strong></span> <span class='ocrx_word' id='word_1_77' title='bbox 1045 1032 1291 1088; x_wconf 90' lang='lat' dir='ltr'><strong>scribens</strong></span> <span class='ocrx_word' id='word_1_78' title='bbox 1321 1031 1607 1100; x_wconf 88' lang='lat' dir='ltr'><strong>ecclesias,</strong></span> <span class='ocrx_word' id='word_1_79' title='bbox 1641 1032 1971 1089; x_wconf 86' lang='lat' dir='ltr'><strong>universalis</strong></span> 
     </span>
    </p>
   </div>
   <div class='ocr_carea' id='block_1_12' title="bbox 368 1123 1972 1199">
    <p class='ocr_par' dir='ltr' id='par_1_12' title="bbox 368 1123 1972 1199">
     <span class='ocr_line' id='line_1_12' title="bbox 368 1123 1972 1199; baseline 0 -17"><span class='ocrx_word' id='word_1_80' title='bbox 368 1143 468 1199; x_wconf 89' lang='lat' dir='ltr'><strong>per</strong></span> <span class='ocrx_word' id='word_1_81' title='bbox 495 1127 688 1182; x_wconf 88' lang='lat' dir='ltr'><strong>orbem</strong></span> <span class='ocrx_word' id='word_1_82' title='bbox 712 1125 965 1182; x_wconf 85' lang='lat' dir='ltr'><strong>Ecclesia</strong></span> <span class='ocrx_word' id='word_1_83' title='bbox 993 1125 1255 1196; x_wconf 90' lang='lat' dir='ltr'><strong>mysteria</strong></span> <span class='ocrx_word' id='word_1_84' title='bbox 1290 1123 1573 1195; x_wconf 80' lang='lat' dir='ltr'><strong>patefacit.</strong></span> <span class='ocrx_word' id='word_1_85' title='bbox 1610 1123 1764 1181; x_wconf 89' lang='lat' dir='ltr'><strong>Unde</strong></span> <span class='ocrx_word' id='word_1_86' title='bbox 1791 1133 1848 1180; x_wconf 90' lang='lat' dir='ltr'><strong>et</strong></span> <span class='ocrx_word' id='word_1_87' title='bbox 1872 1140 1972 1196; x_wconf 86' lang='lat' dir='ltr'><strong>per</strong></span> 
     </span>
    </p>
   </div>
   <div class='ocr_carea' id='block_1_13' title="bbox 367 1215 1971 1288">
    <p class='ocr_par' dir='ltr' id='par_1_13' title="bbox 367 1215 1971 1288">
     <span class='ocr_line' id='line_1_13' title="bbox 367 1215 1971 1288; baseline -0.002 -13"><span class='ocrx_word' id='word_1_88' title='bbox 367 1220 592 1284; x_wconf 90' lang='lat' dir='ltr'><strong>omnia,</strong></span> <span class='ocrx_word' id='word_1_89' title='bbox 645 1233 767 1288; x_wconf 90' lang='lat' dir='ltr'><strong>qua</strong></span> <span class='ocrx_word' id='word_1_90' title='bbox 817 1215 1042 1288; x_wconf 81' lang='lat' dir='ltr'><strong>singulis</strong></span> <span class='ocrx_word' id='word_1_91' title='bbox 1085 1223 1294 1286; x_wconf 88' lang='lat' dir='ltr'><strong>septem</strong></span> <span class='ocrx_word' id='word_1_92' title='bbox 1337 1215 1570 1282; x_wconf 85' lang='lat' dir='ltr'><strong>scribit,</strong></span> <span class='ocrx_word' id='word_1_93' title='bbox 1624 1215 1971 1288; x_wconf 84' lang='lat' dir='ltr'><strong>hortamenta</strong></span> 
     </span>
    </p>
   </div>
   <div class='ocr_carea' id='block_1_14' title="bbox 368 1283 1971 1373">
    <p class='ocr_par' dir='ltr' id='par_1_14' title="bbox 368 1283 1971 1373">
     <span class='ocr_line' id='line_1_14' title="bbox 368 1283 1971 1373; baseline -0.002 -6"><span class='ocrx_word' id='word_1_94' title='bbox 368 1312 514 1367; x_wconf 90' lang='lat' dir='ltr'><strong>hunc</strong></span> <span class='ocrx_word' id='word_1_95' title='bbox 541 1308 871 1365; x_wconf 76' lang='lat' dir='ltr'><strong>versiculum</strong></span> <span class='ocrx_word' id='word_1_96' title='bbox 910 1307 1154 1363; x_wconf 81' lang='lat' dir='ltr'><strong>intexere</strong></span> <span class='ocrx_word' id='word_1_97' title='bbox 1188 1306 1438 1362; x_wconf 84' lang='lat' dir='ltr'><strong>curavit:</strong></span> <span class='ocrx_word' id='word_1_98' title='bbox 1477 1305 1582 1373; x_wconf 78' lang='lat' dir='ltr'><strong>Qui</strong></span> <span class='ocrx_word' id='word_1_99' title='bbox 1621 1283 1793 1363; x_wconf 71' lang='lat' dir='ltr'><strong>habet’</strong></span> <span class='ocrx_word' id='word_1_100' title='bbox 1814 1325 1971 1364; x_wconf 83' lang='lat' dir='ltr'><strong>aures</strong></span> 
     </span>
    </p>
   </div>
   <div class='ocr_carea' id='block_1_15' title="bbox 368 1398 1966 1472">
    <p class='ocr_par' dir='ltr' id='par_1_15' title="bbox 368 1398 1966 1472">
     <span class='ocr_line' id='line_1_15' title="bbox 368 1398 1966 1472; baseline -0.001 -14"><span class='ocrx_word' id='word_1_101' title='bbox 368 1403 648 1468; x_wconf 86' lang='lat' dir='ltr'><strong>audiendi,</strong></span> <span class='ocrx_word' id='word_1_102' title='bbox 676 1401 882 1464; x_wconf 84' lang='lat' dir='ltr'><strong>audiat,</strong></span> <span class='ocrx_word' id='word_1_103' title='bbox 914 1400 1040 1471; x_wconf 80' lang='lat' dir='ltr'><strong>quid</strong></span> <span class='ocrx_word' id='word_1_104' title='bbox 1074 1398 1304 1470; x_wconf 74' lang='lat' dir='ltr'><strong>Spiritus</strong></span> <span class='ocrx_word' id='word_1_105' title='bbox 1332 1399 1476 1454; x_wconf 81' lang='lat' dir='ltr'><strong>dicat</strong></span> <span class='ocrx_word' id='word_1_106' title='bbox 1508 1399 1760 1455; x_wconf 84' lang='lat' dir='ltr'><strong>Ecclesiis</strong></span> <span class='ocrx_word' id='word_1_107' title='bbox 1783 1402 1966 1472; x_wconf 84' lang='lat' dir='ltr'><strong>(Apoc.</strong></span> 
     </span>
    </p>
   </div>
   <div class='ocr_carea' id='block_1_16' title="bbox 369 1491 1971 1570">
    <p class='ocr_par' dir='ltr' id='par_1_16' title="bbox 369 1491 1971 1570">
     <span class='ocr_line' id='line_1_16' title="bbox 369 1491 1971 1570; baseline -0.001 -18"><span class='ocrx_word' id='word_1_108' title='bbox 369 1495 455 1570; x_wconf 91' lang='grc' dir='ltr'>ιι).</span> <span class='ocrx_word' id='word_1_109' title='bbox 485 1494 642 1563; x_wconf 87' lang='lat' dir='ltr'><strong>Quod</strong></span> <span class='ocrx_word' id='word_1_110' title='bbox 668 1491 984 1548; x_wconf 90' lang='lat' dir='ltr'><strong>unicuilibet</strong></span> <span class='ocrx_word' id='word_1_111' title='bbox 1009 1493 1244 1558; x_wconf 85' lang='lat' dir='ltr'><strong>dixerat,</strong></span> <span class='ocrx_word' id='word_1_112' title='bbox 1276 1492 1380 1549; x_wconf 89' lang='lat' dir='ltr'><strong>hoc</strong></span> <span class='ocrx_word' id='word_1_113' title='bbox 1405 1492 1661 1547; x_wconf 91' lang='lat' dir='ltr'><strong>omnibus</strong></span> <span class='ocrx_word' id='word_1_114' title='bbox 1686 1507 1745 1548; x_wconf 88' lang='lat' dir='ltr'><strong>se</strong></span> <span class='ocrx_word' id='word_1_115' title='bbox 1770 1493 1971 1550; x_wconf 78' lang='lat' dir='ltr'><strong>dixisse</strong></span> 
     </span>
    </p>
   </div>
   <div class='ocr_carea' id='block_1_17' title="bbox 367 1583 1972 1662">
    <p class='ocr_par' dir='ltr' id='par_1_17' title="bbox 367 1583 1972 1662">
     <span class='ocr_line' id='line_1_17' title="bbox 367 1583 1972 1662; baseline -0.004 -16"><span class='ocrx_word' id='word_1_116' title='bbox 367 1590 565 1662; x_wconf 86' lang='lat' dir='ltr'><strong>probat</strong></span> <span class='ocrx_word' id='word_1_117' title='bbox 597 1585 873 1643; x_wconf 88' lang='lat' dir='ltr'><strong>Ecclesiis.</strong></span> <span class='ocrx_word' id='word_1_118' title='bbox 920 1583 1035 1640; x_wconf 90' lang='lat' dir='ltr'><strong>Nec</strong></span> <span class='ocrx_word' id='word_1_119' title='bbox 1084 1585 1265 1639; x_wconf 90' lang='lat' dir='ltr'><strong>minus</strong></span> <span class='ocrx_word' id='word_1_120' title='bbox 1311 1585 1478 1640; x_wconf 90' lang='lat' dir='ltr'><strong>etiam</strong></span> <span class='ocrx_word' id='word_1_121' title='bbox 1514 1584 1782 1641; x_wconf 85' lang='lat' dir='ltr'><strong>moralem</strong></span> <span class='ocrx_word' id='word_1_122' title='bbox 1814 1585 1972 1640; x_wconf 90' lang='lat' dir='ltr'><strong>nobis</strong></span> 
     </span>
    </p>
   </div>
   <div class='ocr_carea' id='block_1_18' title="bbox 369 1675 1972 1748">
    <p class='ocr_par' dir='ltr' id='par_1_18' title="bbox 369 1675 1972 1748">
     <span class='ocr_line' id='line_1_18' title="bbox 369 1675 1972 1748; baseline -0.004 -10"><span class='ocrx_word' id='word_1_123' title='bbox 369 1679 756 1738; x_wconf 86' lang='lat' dir='ltr'><strong>commendant</strong></span> <span class='ocrx_word' id='word_1_124' title='bbox 784 1675 1064 1748; x_wconf 84' lang='lat' dir='ltr'><strong>paschalia</strong></span> <span class='ocrx_word' id='word_1_125' title='bbox 1101 1685 1344 1746; x_wconf 88' lang='lat' dir='ltr'><strong>tempora</strong></span> <span class='ocrx_word' id='word_1_126' title='bbox 1376 1687 1634 1730; x_wconf 88' lang='lat' dir='ltr'><strong>sensum:</strong></span> <span class='ocrx_word' id='word_1_127' title='bbox 1666 1676 1721 1730; x_wconf 91' lang='lat' dir='ltr'><strong>in</strong></span> <span class='ocrx_word' id='word_1_128' title='bbox 1748 1675 1972 1731; x_wconf 80' lang='lat' dir='ltr'><strong>nomine</strong></span> 
     </span>
    </p>
   </div>
   <div class='ocr_carea' id='block_1_19' title="bbox 2072 483 3669 564">
    <p class='ocr_par' dir='ltr' id='par_1_19' title="bbox 2072 483 3669 564">
     <span class='ocr_line' id='line_1_19' title="bbox 2072 483 3669 564; baseline 0.006 -25"><span class='ocrx_word' id='word_1_129' title='bbox 2072 483 2364 554; x_wconf 73' lang='lat' dir='ltr'><strong>aliquando</strong></span> <span class='ocrx_word' id='word_1_130' title='bbox 2399 483 2452 537; x_wconf 94' lang='lat' dir='ltr'><strong>in</strong></span> <span class='ocrx_word' id='word_1_131' title='bbox 2478 486 2808 539; x_wconf 87' lang='lat' dir='ltr'><strong>contrariam</strong></span> <span class='ocrx_word' id='word_1_132' title='bbox 2839 488 3199 558; x_wconf 88' lang='lat' dir='ltr'><strong>accipiuntur.</strong></span> <span class='ocrx_word' id='word_1_133' title='bbox 3229 489 3286 544; x_wconf 92' lang='lat' dir='ltr'><strong>In</strong></span> <span class='ocrx_word' id='word_1_134' title='bbox 3314 491 3515 546; x_wconf 90' lang='lat' dir='ltr'><strong>bonam</strong></span> <span class='ocrx_word' id='word_1_135' title='bbox 3538 506 3669 564; x_wconf 86' lang='lat' dir='ltr'><strong>ergo</strong></span> 
     </span>
    </p>
   </div>
   <div class='ocr_carea' id='block_1_20' title="bbox 2073 576 3669 649">
    <p class='ocr_par' dir='ltr' id='par_1_20' title="bbox 2073 576 3669 649">
     <span class='ocr_line' id='line_1_20' title="bbox 2073 576 3669 649; baseline 0.007 -19"><span class='ocrx_word' id='word_1_136' title='bbox 2073 585 2283 647; x_wconf 81' lang='lat' dir='ltr'><strong>partem</strong></span> <span class='ocrx_word' id='word_1_137' title='bbox 2339 576 2702 646; x_wconf 89' lang='lat' dir='ltr'><strong>accipiuntur,</strong></span> <span class='ocrx_word' id='word_1_138' title='bbox 2732 580 2950 649; x_wconf 85' lang='lat' dir='ltr'><strong>quando</strong></span> <span class='ocrx_word' id='word_1_139' title='bbox 2979 589 3195 638; x_wconf 89' lang='lat' dir='ltr'><strong>sanctos</strong></span> <span class='ocrx_word' id='word_1_140' title='bbox 3229 592 3285 638; x_wconf 89' lang='lat' dir='ltr'><strong>et</strong></span> <span class='ocrx_word' id='word_1_141' title='bbox 3337 583 3544 639; x_wconf 90' lang='lat' dir='ltr'><strong>electos</strong></span> <span class='ocrx_word' id='word_1_142' title='bbox 3572 584 3669 642; x_wconf 88' lang='lat' dir='ltr'><strong>Dei</strong></span> 
     </span>
    </p>
   </div>
   <div class='ocr_carea' id='block_1_21' title="bbox 2073 666 3669 740">
    <p class='ocr_par' dir='ltr' id='par_1_21' title="bbox 2073 666 3669 740">
     <span class='ocr_line' id='line_1_21' title="bbox 2073 666 3669 740; baseline 0.005 -17"><span class='ocrx_word' id='word_1_143' title='bbox 2073 666 2408 738; x_wconf 81' lang='lat' dir='ltr'><strong>signiﬁcant,</strong></span> <span class='ocrx_word' id='word_1_144' title='bbox 2455 666 2547 736; x_wconf 91' lang='lat' dir='ltr'><strong>qui</strong></span> <span class='ocrx_word' id='word_1_145' title='bbox 2599 677 2724 723; x_wconf 90' lang='lat' dir='ltr'><strong>sunt</strong></span> <span class='ocrx_word' id='word_1_146' title='bbox 2771 670 2826 725; x_wconf 91' lang='lat' dir='ltr'><strong>in</strong></span> <span class='ocrx_word' id='word_1_147' title='bbox 2862 669 3124 726; x_wconf 88' lang='lat' dir='ltr'><strong>Ecclesia.</strong></span> <span class='ocrx_word' id='word_1_148' title='bbox 3177 671 3330 728; x_wconf 87' lang='lat' dir='ltr'><strong>Unde</strong></span> <span class='ocrx_word' id='word_1_149' title='bbox 3381 683 3468 730; x_wconf 92' lang='lat' dir='ltr'><strong>est</strong></span> <span class='ocrx_word' id='word_1_150' title='bbox 3514 673 3669 740; x_wconf 88' lang='lat' dir='ltr'><strong>illud,</strong></span> 
     </span>
    </p>
   </div>
   <div class='ocr_carea' id='block_1_22' title="bbox 2074 761 3671 835">
    <p class='ocr_par' dir='ltr' id='par_1_22' title="bbox 2074 761 3671 835">
     <span class='ocr_line' id='line_1_22' title="bbox 2074 761 3671 835; baseline 0.004 -19"><span class='ocrx_word' id='word_1_151' title='bbox 2074 763 2220 832; x_wconf 92' lang='lat' dir='ltr'><strong>quod</strong></span> <span class='ocrx_word' id='word_1_152' title='bbox 2244 761 2309 817; x_wconf 90' lang='lat' dir='ltr'><strong>ad</strong></span> <span class='ocrx_word' id='word_1_153' title='bbox 2330 761 2607 817; x_wconf 84' lang='lat' dir='ltr'><strong>Abraham</strong></span> <span class='ocrx_word' id='word_1_154' title='bbox 2639 761 2900 818; x_wconf 89' lang='lat' dir='ltr'><strong>Dominus</strong></span> <span class='ocrx_word' id='word_1_155' title='bbox 2931 764 3008 818; x_wconf 90' lang='lat' dir='ltr'><strong>ait</strong></span> <span class='ocrx_word' id='word_1_156' title='bbox 3033 779 3048 818; x_wconf 92' lang='lat'><strong>:</strong></span> <span class='ocrx_word' id='word_1_157' title='bbox 3085 763 3457 835; x_wconf 82' lang='lat' dir='ltr'><strong>Multiplicabo</strong></span> <span class='ocrx_word' id='word_1_158' title='bbox 3495 782 3671 822; x_wconf 84' lang='lat' dir='ltr'><strong>semen</strong></span> 
     </span>
    </p>
   </div>
   <div class='ocr_carea' id='block_1_23' title="bbox 2074 850 3670 926">
    <p class='ocr_par' dir='ltr' id='par_1_23' title="bbox 2074 850 3670 926">
     <span class='ocr_line' id='line_1_23' title="bbox 2074 850 3670 926; baseline 0.004 -22"><span class='ocrx_word' id='word_1_159' title='bbox 2074 860 2223 905; x_wconf 90' lang='lat' dir='ltr'><strong>tuum</strong></span> <span class='ocrx_word' id='word_1_160' title='bbox 2263 851 2398 905; x_wconf 81' lang='lat' dir='ltr'><strong>sicut</strong></span> <span class='ocrx_word' id='word_1_161' title='bbox 2433 850 2614 905; x_wconf 84' lang='lat' dir='ltr'><strong>stellas</strong></span> <span class='ocrx_word' id='word_1_162' title='bbox 2654 851 2768 906; x_wconf 75' lang='lat' dir='ltr'><strong>caeli</strong></span> <span class='ocrx_word' id='word_1_163' title='bbox 2819 851 2972 924; x_wconf 85' lang='lat' dir='ltr'><strong>(Gen.</strong></span> <span class='ocrx_word' id='word_1_164' title='bbox 3024 853 3185 924; x_wconf 70' lang='grc' dir='ltr'>χχιι).</span> <span class='ocrx_word' id='word_1_165' title='bbox 3235 855 3302 910; x_wconf 85' lang='lat' dir='ltr'><strong>Et</strong></span> <span class='ocrx_word' id='word_1_166' title='bbox 3339 855 3670 926; x_wconf 87' lang='lat' dir='ltr'><strong>Apostolus:</strong></span> 
     </span>
    </p>
   </div>
   <div class='ocr_carea' id='block_1_24' title="bbox 2075 940 3674 1014">
    <p class='ocr_par' dir='ltr' id='par_1_24' title="bbox 2075 940 3674 1014">
     <span class='ocr_line' id='line_1_24' title="bbox 2075 940 3674 1014; baseline 0.002 -17"><span class='ocrx_word' id='word_1_167' title='bbox 2075 940 2268 1007; x_wconf 82' lang='lat' dir='ltr'><strong>Stella,</strong></span> <span class='ocrx_word' id='word_1_168' title='bbox 2308 941 2504 1011; x_wconf 86' lang='lat' dir='ltr'><strong>inquit,</strong></span> <span class='ocrx_word' id='word_1_169' title='bbox 2557 942 2623 996; x_wconf 93' lang='lat' dir='ltr'><strong>ab</strong></span> <span class='ocrx_word' id='word_1_170' title='bbox 2654 941 2808 996; x_wconf 88' lang='lat' dir='ltr'><strong>stella</strong></span> <span class='ocrx_word' id='word_1_171' title='bbox 2858 944 3036 1014; x_wconf 75' lang='lat' dir='ltr'><strong>differt</strong></span> <span class='ocrx_word' id='word_1_172' title='bbox 3065 945 3120 999; x_wconf 89' lang='lat' dir='ltr'><strong>in</strong></span> <span class='ocrx_word' id='word_1_173' title='bbox 3160 944 3441 1002; x_wconf 86' lang='lat' dir='ltr'><strong>claritate:</strong></span> <span class='ocrx_word' id='word_1_174' title='bbox 3471 947 3546 1001; x_wconf 86' lang='lat' dir='ltr'><strong>sic</strong></span> <span class='ocrx_word' id='word_1_175' title='bbox 3571 946 3674 1002; x_wconf 84' lang='lat' dir='ltr'><strong>erit</strong></span> 
     </span>
    </p>
   </div>
   <div class='ocr_carea' id='block_1_25' title="bbox 2073 1031 3676 1108">
    <p class='ocr_par' dir='ltr' id='par_1_25' title="bbox 2073 1031 3676 1108">
     <span class='ocr_line' id='line_1_25' title="bbox 2073 1031 3676 1108; baseline 0.004 -22"><span class='ocrx_word' id='word_1_176' title='bbox 2073 1040 2121 1086; x_wconf 90' lang='lat' dir='ltr'><strong>et</strong></span> <span class='ocrx_word' id='word_1_177' title='bbox 2157 1031 2472 1088; x_wconf 85' lang='lat' dir='ltr'><strong>resurrectio</strong></span> <span class='ocrx_word' id='word_1_178' title='bbox 2515 1041 2843 1088; x_wconf 85' lang='lat' dir='ltr'><strong>mortuorum</strong></span> <span class='ocrx_word' id='word_1_179' title='bbox 2883 1034 2936 1104; x_wconf 88' lang='grc' dir='ltr'><strong>(Ι</strong></span> <span class='ocrx_word' id='word_1_180' title='bbox 2972 1033 3096 1090; x_wconf 87' lang='lat' dir='ltr'><strong>Cor.</strong></span> <span class='ocrx_word' id='word_1_181' title='bbox 3133 1035 3246 1108; x_wconf 86' lang='lat' dir='ltr'><strong>xv).</strong></span> <span class='ocrx_word' id='word_1_182' title='bbox 3305 1035 3474 1091; x_wconf 91' lang='lat' dir='ltr'><strong>Stella</strong></span> <span class='ocrx_word' id='word_1_183' title='bbox 3511 1036 3676 1093; x_wconf 82' lang='lat' dir='ltr'><strong>Chri-</strong></span> 
     </span>
    </p>
   </div>
   <div class='ocr_carea' id='block_1_26' title="bbox 2074 1123 3676 1200">
    <p class='ocr_par' dir='ltr' id='par_1_26' title="bbox 2074 1123 3676 1200">
     <span class='ocr_line' id='line_1_26' title="bbox 2074 1123 3676 1200; baseline 0.004 -22"><span class='ocrx_word' id='word_1_184' title='bbox 2074 1130 2201 1180; x_wconf 83' lang='lat' dir='ltr'><strong>stus</strong></span> <span class='ocrx_word' id='word_1_185' title='bbox 2226 1133 2330 1190; x_wconf 91' lang='lat' dir='ltr'><strong>est,</strong></span> <span class='ocrx_word' id='word_1_186' title='bbox 2359 1132 2419 1179; x_wconf 92' lang='lat' dir='ltr'><strong>ut</strong></span> <span class='ocrx_word' id='word_1_187' title='bbox 2450 1125 2505 1179; x_wconf 87' lang='lat' dir='ltr'><strong>in</strong></span> <span class='ocrx_word' id='word_1_188' title='bbox 2526 1123 2854 1198; x_wconf 84' lang='lat' dir='ltr'><strong>Apocalypsi</strong></span> <span class='ocrx_word' id='word_1_189' title='bbox 2887 1145 2900 1180; x_wconf 96' lang='lat'><strong>:</strong></span> <span class='ocrx_word' id='word_1_190' title='bbox 2934 1127 3050 1198; x_wconf 86' lang='lat' dir='ltr'><strong>Ego</strong></span> <span class='ocrx_word' id='word_1_191' title='bbox 3071 1145 3189 1182; x_wconf 83' lang='lat' dir='ltr'><strong>sunt</strong></span> <span class='ocrx_word' id='word_1_192' title='bbox 3215 1129 3369 1184; x_wconf 86' lang='lat' dir='ltr'><strong>stella</strong></span> <span class='ocrx_word' id='word_1_193' title='bbox 3395 1129 3676 1200; x_wconf 81' lang='lat' dir='ltr'><strong>splendida</strong></span> 
     </span>
    </p>
   </div>
   <div class='ocr_carea' id='block_1_27' title="bbox 2074 1215 3675 1291">
    <p class='ocr_par' dir='ltr' id='par_1_27' title="bbox 2074 1215 3675 1291">
     <span class='ocr_line' id='line_1_27' title="bbox 2074 1215 3675 1291; baseline 0.002 -19"><span class='ocrx_word' id='word_1_194' title='bbox 2074 1225 2124 1272; x_wconf 87' lang='lat' dir='ltr'><strong>et</strong></span> <span class='ocrx_word' id='word_1_195' title='bbox 2149 1218 2410 1272; x_wconf 88' lang='lat' dir='ltr'><strong>matutina</strong></span> <span class='ocrx_word' id='word_1_196' title='bbox 2433 1215 2618 1291; x_wconf 85' lang='lat' dir='ltr'><strong>(Apoc.</strong></span> <span class='ocrx_word' id='word_1_197' title='bbox 2647 1219 2808 1289; x_wconf 80' lang='grc' dir='ltr'>χχιι).</span> <span class='ocrx_word' id='word_1_198' title='bbox 2858 1218 2928 1274; x_wconf 87' lang='lat' dir='ltr'><strong>Et</strong></span> <span class='ocrx_word' id='word_1_199' title='bbox 2954 1218 3085 1275; x_wconf 87' lang='lat' dir='ltr'><strong>alibi</strong></span> <span class='ocrx_word' id='word_1_200' title='bbox 3116 1237 3129 1274; x_wconf 92' lang='lat'><strong>:</strong></span> <span class='ocrx_word' id='word_1_201' title='bbox 3174 1220 3392 1275; x_wconf 85' lang='lat' dir='ltr'><strong>Orietur</strong></span> <span class='ocrx_word' id='word_1_202' title='bbox 3429 1221 3582 1276; x_wconf 88' lang='lat' dir='ltr'><strong>stella</strong></span> <span class='ocrx_word' id='word_1_203' title='bbox 3607 1237 3675 1276; x_wconf 74' lang='lat' dir='ltr'><strong>ex</strong></span> 
     </span>
    </p>
   </div>
   <div class='ocr_carea' id='block_1_28' title="bbox 2074 1311 3677 1387">
    <p class='ocr_par' dir='ltr' id='par_1_28' title="bbox 2074 1311 3677 1387">
     <span class='ocr_line' id='line_1_28' title="bbox 2074 1311 3677 1387; baseline 0.002 -21"><span class='ocrx_word' id='word_1_204' title='bbox 2074 1311 2240 1368; x_wconf 81' lang='lat' dir='ltr'><strong>Jacob</strong></span> <span class='ocrx_word' id='word_1_205' title='bbox 2279 1312 2469 1385; x_wconf 90' lang='lat' dir='ltr'><strong>(Num.</strong></span> <span class='ocrx_word' id='word_1_206' title='bbox 2508 1313 2684 1387; x_wconf 72' lang='lat' dir='ltr'><strong>xxxv).</strong></span> <span class='ocrx_word' id='word_1_207' title='bbox 2711 1315 2778 1369; x_wconf 88' lang='lat' dir='ltr'><strong>Et</strong></span> <span class='ocrx_word' id='word_1_208' title='bbox 2831 1314 2886 1369; x_wconf 92' lang='lat' dir='ltr'><strong>in</strong></span> <span class='ocrx_word' id='word_1_209' title='bbox 2916 1313 3243 1386; x_wconf 80' lang='lat' dir='ltr'><strong>Apocalypsi</strong></span> <span class='ocrx_word' id='word_1_210' title='bbox 3276 1333 3288 1370; x_wconf 94' lang='lat'><strong>:</strong></span> <span class='ocrx_word' id='word_1_211' title='bbox 3331 1316 3560 1385; x_wconf 78' lang='lat' dir='ltr'><strong>Septem,</strong></span> <span class='ocrx_word' id='word_1_212' title='bbox 3589 1315 3677 1370; x_wconf 80' lang='lat' dir='ltr'><strong>in-</strong></span> 
     </span>
    </p>
   </div>
   <div class='ocr_carea' id='block_1_29' title="bbox 2075 1403 3671 1477">
    <p class='ocr_par' dir='ltr' id='par_1_29' title="bbox 2075 1403 3671 1477">
     <span class='ocr_line' id='line_1_29' title="bbox 2075 1403 3671 1477; baseline 0.003 -21"><span class='ocrx_word' id='word_1_213' title='bbox 2075 1403 2216 1472; x_wconf 89' lang='lat' dir='ltr'><strong>quit,</strong></span> <span class='ocrx_word' id='word_1_214' title='bbox 2269 1403 2434 1458; x_wconf 73' lang='lat' dir='ltr'><strong>stella:</strong></span> <span class='ocrx_word' id='word_1_215' title='bbox 2478 1403 2654 1474; x_wconf 83' lang='lat' dir='ltr'><strong>angeli</strong></span> <span class='ocrx_word' id='word_1_216' title='bbox 2700 1413 2822 1458; x_wconf 87' lang='lat' dir='ltr'><strong>sunt</strong></span> <span class='ocrx_word' id='word_1_217' title='bbox 2874 1415 3068 1476; x_wconf 85' lang='lat' dir='ltr'><strong>septem</strong></span> <span class='ocrx_word' id='word_1_218' title='bbox 3111 1404 3452 1459; x_wconf 86' lang='lat' dir='ltr'><strong>ecclesiarum</strong></span> <span class='ocrx_word' id='word_1_219' title='bbox 3481 1403 3671 1477; x_wconf 83' lang='lat' dir='ltr'><strong>(Apoc.</strong></span> 
     </span>
    </p>
   </div>
   <div class='ocr_carea' id='block_1_30' title="bbox 2076 1492 3672 1565">
    <p class='ocr_par' dir='ltr' id='par_1_30' title="bbox 2076 1492 3672 1565">
     <span class='ocr_line' id='line_1_30' title="bbox 2076 1492 3672 1565; baseline 0.003 -19"><span class='ocrx_word' id='word_1_220' title='bbox 2076 1492 2139 1564; x_wconf 92' lang='grc' dir='ltr'><strong>ι).</strong></span> <span class='ocrx_word' id='word_1_221' title='bbox 2170 1492 2309 1548; x_wconf 83' lang='lat' dir='ltr'><strong>Nam</strong></span> <span class='ocrx_word' id='word_1_222' title='bbox 2336 1502 2392 1549; x_wconf 93' lang='lat' dir='ltr'><strong>et</strong></span> <span class='ocrx_word' id='word_1_223' title='bbox 2419 1493 2694 1565; x_wconf 88' lang='lat' dir='ltr'><strong>apostolus</strong></span> <span class='ocrx_word' id='word_1_224' title='bbox 2715 1493 2919 1550; x_wconf 89' lang='lat' dir='ltr'><strong>Paulus</strong></span> <span class='ocrx_word' id='word_1_225' title='bbox 2944 1503 3151 1565; x_wconf 89' lang='lat' dir='ltr'><strong>septem</strong></span> <span class='ocrx_word' id='word_1_226' title='bbox 3179 1495 3372 1550; x_wconf 89' lang='lat' dir='ltr'><strong>scribit</strong></span> <span class='ocrx_word' id='word_1_227' title='bbox 3399 1494 3672 1562; x_wconf 87' lang='lat' dir='ltr'><strong>ecclesiis,</strong></span> 
     </span>
    </p>
   </div>
   <div class='ocr_carea' id='block_1_31' title="bbox 2077 1583 3674 1656">
    <p class='ocr_par' dir='ltr' id='par_1_31' title="bbox 2077 1583 3674 1656">
     <span class='ocr_line' id='line_1_31' title="bbox 2077 1583 3674 1656; baseline 0.003 -19"><span class='ocrx_word' id='word_1_228' title='bbox 2077 1597 2186 1638; x_wconf 91' lang='lat' dir='ltr'><strong>non</strong></span> <span class='ocrx_word' id='word_1_229' title='bbox 2221 1591 2403 1639; x_wconf 90' lang='lat' dir='ltr'><strong>tamen</strong></span> <span class='ocrx_word' id='word_1_230' title='bbox 2430 1585 2661 1649; x_wconf 88' lang='lat' dir='ltr'><strong>hisdem,</strong></span> <span class='ocrx_word' id='word_1_231' title='bbox 2701 1585 2901 1656; x_wconf 87' lang='lat' dir='ltr'><strong>quibus</strong></span> <span class='ocrx_word' id='word_1_232' title='bbox 2929 1583 3189 1650; x_wconf 82' lang='lat' dir='ltr'><strong>Joannes,</strong></span> <span class='ocrx_word' id='word_1_233' title='bbox 3224 1594 3280 1639; x_wconf 89' lang='lat' dir='ltr'><strong>et</strong></span> <span class='ocrx_word' id='word_1_234' title='bbox 3307 1593 3514 1655; x_wconf 90' lang='lat' dir='ltr'><strong>septem</strong></span> <span class='ocrx_word' id='word_1_235' title='bbox 3548 1585 3674 1643; x_wconf 83' lang='lat' dir='ltr'><strong>loca</strong></span> 
     </span>
    </p>
   </div>
   <div class='ocr_carea' id='block_1_32' title="bbox 2078 1675 3673 1750">
    <p class='ocr_par' dir='ltr' id='par_1_32' title="bbox 2078 1675 3673 1750">
     <span class='ocr_line' id='line_1_32' title="bbox 2078 1675 3673 1750; baseline 0.003 -20"><span class='ocrx_word' id='word_1_236' title='bbox 2078 1675 2248 1748; x_wconf 87' lang='lat' dir='ltr'><strong>ﬁgura</strong></span> <span class='ocrx_word' id='word_1_237' title='bbox 2295 1686 2424 1734; x_wconf 91' lang='lat' dir='ltr'><strong>sunt</strong></span> <span class='ocrx_word' id='word_1_238' title='bbox 2459 1679 2624 1735; x_wconf 86' lang='lat' dir='ltr'><strong>totius</strong></span> <span class='ocrx_word' id='word_1_239' title='bbox 2669 1678 2946 1744; x_wconf 86' lang='lat' dir='ltr'><strong>Ecclesia,</strong></span> <span class='ocrx_word' id='word_1_240' title='bbox 2979 1695 3102 1749; x_wconf 85' lang='lat' dir='ltr'><strong>qua</strong></span> <span class='ocrx_word' id='word_1_241' title='bbox 3127 1679 3462 1750; x_wconf 89' lang='lat' dir='ltr'><strong>septiformis</strong></span> <span class='ocrx_word' id='word_1_242' title='bbox 3492 1679 3673 1748; x_wconf 89' lang='lat' dir='ltr'><strong>Spiri-</strong></span> 
     </span>
    </p>
   </div>
   <div class='ocr_carea' id='block_1_33' title="bbox 371 1763 3674 1844">
    <p class='ocr_par' dir='ltr' id='par_1_33' title="bbox 371 1763 3674 1844">
     <span class='ocr_line' id='line_1_33' title="bbox 371 1763 3674 1844; baseline -0 -15"><span class='ocrx_word' id='word_1_243' title='bbox 371 1774 593 1844; x_wconf 89' lang='lat' dir='ltr'><strong>quidem</strong></span> <span class='ocrx_word' id='word_1_244' title='bbox 615 1769 852 1842; x_wconf 89' lang='lat' dir='ltr'><strong>pascha,</strong></span> <span class='ocrx_word' id='word_1_245' title='bbox 870 1777 930 1823; x_wconf 93' lang='lat' dir='ltr'><strong>ut</strong></span> <span class='ocrx_word' id='word_1_246' title='bbox 948 1769 1013 1824; x_wconf 90' lang='lat' dir='ltr'><strong>de</strong></span> <span class='ocrx_word' id='word_1_247' title='bbox 1035 1769 1162 1823; x_wconf 91' lang='lat' dir='ltr'><strong>vitis</strong></span> <span class='ocrx_word' id='word_1_248' title='bbox 1183 1769 1252 1823; x_wconf 91' lang='lat' dir='ltr'><strong>ad</strong></span> <span class='ocrx_word' id='word_1_249' title='bbox 1273 1769 1505 1825; x_wconf 90' lang='lat' dir='ltr'><strong>virtutes</strong></span> <span class='ocrx_word' id='word_1_250' title='bbox 1528 1769 1822 1824; x_wconf 88' lang='lat' dir='ltr'><strong>transitum</strong></span> <span class='ocrx_word' id='word_1_251' title='bbox 1839 1785 1973 1841; x_wconf 88' lang='lat' dir='ltr'><strong>quo-</strong></span> <span class='ocrx_word' id='word_1_252' title='bbox 2000 1763 2051 1826; x_wconf 87' lang='lat' dir='ltr'><strong>B</strong></span> <span class='ocrx_word' id='word_1_253' title='bbox 2077 1779 2164 1826; x_wconf 89' lang='lat' dir='ltr'><strong>tus</strong></span> <span class='ocrx_word' id='word_1_254' title='bbox 2192 1771 2365 1827; x_wconf 89' lang='lat' dir='ltr'><strong>sancti</strong></span> <span class='ocrx_word' id='word_1_255' title='bbox 2387 1772 2620 1842; x_wconf 82' lang='lat' dir='ltr'><strong>gratiam</strong></span> <span class='ocrx_word' id='word_1_256' title='bbox 2646 1771 2829 1828; x_wconf 90' lang='lat' dir='ltr'><strong>habet.</strong></span> <span class='ocrx_word' id='word_1_257' title='bbox 2854 1770 2993 1826; x_wconf 83' lang='lat' dir='ltr'><strong>Hinc</strong></span> <span class='ocrx_word' id='word_1_258' title='bbox 3020 1780 3077 1828; x_wconf 92' lang='lat' dir='ltr'><strong>et</strong></span> <span class='ocrx_word' id='word_1_259' title='bbox 3102 1772 3392 1828; x_wconf 88' lang='lat' dir='ltr'><strong>Psalmista</strong></span> <span class='ocrx_word' id='word_1_260' title='bbox 3420 1772 3488 1828; x_wconf 90' lang='lat' dir='ltr'><strong>de</strong></span> <span class='ocrx_word' id='word_1_261' title='bbox 3506 1769 3674 1828; x_wconf 81' lang='lat' dir='ltr'><strong>Crea-</strong></span> 
     </span>
    </p>
   </div>
   <div class='ocr_carea' id='block_1_34' title="bbox 369 1860 1965 1933">
    <p class='ocr_par' dir='ltr' id='par_1_34' title="bbox 369 1860 1965 1933">
     <span class='ocr_line' id='line_1_34' title="bbox 369 1860 1965 1933; baseline -0.002 -12"><span class='ocrx_word' id='word_1_262' title='bbox 369 1866 504 1922; x_wconf 91' lang='lat' dir='ltr'><strong>tidie</strong></span> <span class='ocrx_word' id='word_1_263' title='bbox 530 1863 794 1920; x_wconf 86' lang='lat' dir='ltr'><strong>faciamus</strong></span> <span class='ocrx_word' id='word_1_264' title='bbox 820 1860 1143 1933; x_wconf 88' lang='lat' dir='ltr'><strong>spiritalem.</strong></span> <span class='ocrx_word' id='word_1_265' title='bbox 1179 1861 1237 1916; x_wconf 91' lang='lat' dir='ltr'><strong>ln</strong></span> <span class='ocrx_word' id='word_1_266' title='bbox 1262 1876 1451 1918; x_wconf 89' lang='lat' dir='ltr'><strong>mense</strong></span> <span class='ocrx_word' id='word_1_267' title='bbox 1473 1870 1656 1918; x_wconf 89' lang='lat' dir='ltr'><strong>autem</strong></span> <span class='ocrx_word' id='word_1_268' title='bbox 1680 1877 1965 1930; x_wconf 89' lang='lat' dir='ltr'><strong>novarum,</strong></span> 
     </span>
    </p>
   </div>
   <div class='ocr_carea' id='block_1_35' title="bbox 371 1953 1968 2029">
    <p class='ocr_par' dir='ltr' id='par_1_35' title="bbox 371 1953 1968 2029">
     <span class='ocr_line' id='line_1_35' title="bbox 371 1953 1968 2029; baseline -0.002 -15"><span class='ocrx_word' id='word_1_269' title='bbox 371 1959 427 2014; x_wconf 90' lang='lat' dir='ltr'><strong>in</strong></span> <span class='ocrx_word' id='word_1_270' title='bbox 457 1972 567 2029; x_wconf 90' lang='lat' dir='ltr'><strong>quo</strong></span> <span class='ocrx_word' id='word_1_271' title='bbox 597 1955 766 2011; x_wconf 90' lang='lat' dir='ltr'><strong>adulti</strong></span> <span class='ocrx_word' id='word_1_272' title='bbox 795 1953 1008 2010; x_wconf 82' lang='lat' dir='ltr'><strong>fructus</strong></span> <span class='ocrx_word' id='word_1_273' title='bbox 1034 1955 1272 2010; x_wconf 89' lang='lat' dir='ltr'><strong>adventu</strong></span> <span class='ocrx_word' id='word_1_274' title='bbox 1306 1970 1405 2011; x_wconf 89' lang='lat' dir='ltr'><strong>suo</strong></span> <span class='ocrx_word' id='word_1_275' title='bbox 1435 1955 1790 2025; x_wconf 83' lang='lat' dir='ltr'><strong>pronuntiant</strong></span> <span class='ocrx_word' id='word_1_276' title='bbox 1818 1963 1968 2011; x_wconf 86' lang='lat' dir='ltr'><strong>vete-</strong></span> 
     </span>
    </p>
   </div>
   <div class='ocr_carea' id='block_1_36' title="bbox 373 2046 1970 2113">
    <p class='ocr_par' dir='ltr' id='par_1_36' title="bbox 373 2046 1970 2113">
     <span class='ocr_line' id='line_1_36' title="bbox 373 2046 1970 2113; baseline -0.003 -8"><span class='ocrx_word' id='word_1_277' title='bbox 373 2065 494 2105; x_wconf 85' lang='lat' dir='ltr'><strong>rum</strong></span> <span class='ocrx_word' id='word_1_278' title='bbox 543 2046 908 2104; x_wconf 87' lang='lat' dir='ltr'><strong>cessationem</strong></span> <span class='ocrx_word' id='word_1_279' title='bbox 934 2087 949 2113; x_wconf 90' lang='lat'><strong>,</strong></span> <span class='ocrx_word' id='word_1_280' title='bbox 998 2054 1058 2100; x_wconf 91' lang='lat' dir='ltr'><strong>ut</strong></span> <span class='ocrx_word' id='word_1_281' title='bbox 1105 2056 1367 2101; x_wconf 84' lang='lat' dir='ltr'><strong>exuentes</strong></span> <span class='ocrx_word' id='word_1_282' title='bbox 1409 2054 1649 2102; x_wconf 89' lang='lat' dir='ltr'><strong>veterem</strong></span> <span class='ocrx_word' id='word_1_283' title='bbox 1693 2046 1970 2101; x_wconf 90' lang='lat' dir='ltr'><strong>hominem</strong></span> 
     </span>
    </p>
   </div>
   <div class='ocr_carea' id='block_1_37' title="bbox 371 2135 1968 2208">
    <p class='ocr_par' dir='ltr' id='par_1_37' title="bbox 371 2135 1968 2208">
     <span class='ocr_line' id='line_1_37' title="bbox 371 2135 1968 2208; baseline -0.002 -13"><span class='ocrx_word' id='word_1_284' title='bbox 371 2155 494 2195; x_wconf 91' lang='lat' dir='ltr'><strong>cum</strong></span> <span class='ocrx_word' id='word_1_285' title='bbox 525 2138 738 2194; x_wconf 89' lang='lat' dir='ltr'><strong>actibus</strong></span> <span class='ocrx_word' id='word_1_286' title='bbox 765 2137 907 2208; x_wconf 86' lang='lat' dir='ltr'><strong>ejus,</strong></span> <span class='ocrx_word' id='word_1_287' title='bbox 939 2151 1264 2192; x_wconf 89' lang='lat' dir='ltr'><strong>renovemur</strong></span> <span class='ocrx_word' id='word_1_288' title='bbox 1292 2135 1486 2207; x_wconf 90' lang='lat' dir='ltr'><strong>spiritu</strong></span> <span class='ocrx_word' id='word_1_289' title='bbox 1515 2136 1716 2192; x_wconf 90' lang='lat' dir='ltr'><strong>mentis</strong></span> <span class='ocrx_word' id='word_1_290' title='bbox 1743 2144 1968 2203; x_wconf 88' lang='lat' dir='ltr'><strong>nostra,</strong></span> 
     </span>
    </p>
   </div>
   <div class='ocr_carea' id='block_1_38' title="bbox 370 2226 1972 2296">
    <p class='ocr_par' dir='ltr' id='par_1_38' title="bbox 370 2226 1972 2296">
     <span class='ocr_line' id='line_1_38' title="bbox 370 2226 1972 2296; baseline -0.004 -8"><span class='ocrx_word' id='word_1_291' title='bbox 370 2239 429 2288; x_wconf 86' lang='lat' dir='ltr'><strong>et</strong></span> <span class='ocrx_word' id='word_1_292' title='bbox 457 2230 746 2286; x_wconf 88' lang='lat' dir='ltr'><strong>induamus</strong></span> <span class='ocrx_word' id='word_1_293' title='bbox 776 2243 978 2283; x_wconf 88' lang='lat' dir='ltr'><strong>novum</strong></span> <span class='ocrx_word' id='word_1_294' title='bbox 1008 2228 1308 2294; x_wconf 87' lang='lat' dir='ltr'><strong>hominem,</strong></span> <span class='ocrx_word' id='word_1_295' title='bbox 1337 2226 1430 2296; x_wconf 91' lang='lat' dir='ltr'><strong>qui</strong></span> <span class='ocrx_word' id='word_1_296' title='bbox 1461 2227 1760 2283; x_wconf 90' lang='lat' dir='ltr'><strong>secundum</strong></span> <span class='ocrx_word' id='word_1_297' title='bbox 1787 2227 1972 2282; x_wconf 84' lang='lat' dir='ltr'><strong>Domi-</strong></span> 
     </span>
    </p>
   </div>
   <div class='ocr_carea' id='block_1_39' title="bbox 373 2319 1972 2391">
    <p class='ocr_par' dir='ltr' id='par_1_39' title="bbox 373 2319 1972 2391">
     <span class='ocr_line' id='line_1_39' title="bbox 373 2319 1972 2391; baseline -0.003 -10"><span class='ocrx_word' id='word_1_298' title='bbox 373 2339 504 2382; x_wconf 89' lang='lat' dir='ltr'><strong>num</strong></span> <span class='ocrx_word' id='word_1_299' title='bbox 532 2329 750 2379; x_wconf 91' lang='lat' dir='ltr'><strong>creatus</strong></span> <span class='ocrx_word' id='word_1_300' title='bbox 785 2329 870 2376; x_wconf 90' lang='lat' dir='ltr'><strong>est</strong></span> <span class='ocrx_word' id='word_1_301' title='bbox 909 2320 962 2374; x_wconf 89' lang='lat' dir='ltr'><strong>in</strong></span> <span class='ocrx_word' id='word_1_302' title='bbox 987 2319 1200 2391; x_wconf 83' lang='lat' dir='ltr'><strong>justitia</strong></span> <span class='ocrx_word' id='word_1_303' title='bbox 1245 2328 1302 2373; x_wconf 87' lang='lat' dir='ltr'><strong>et</strong></span> <span class='ocrx_word' id='word_1_304' title='bbox 1341 2320 1628 2375; x_wconf 89' lang='lat' dir='ltr'><strong>sanctitate</strong></span> <span class='ocrx_word' id='word_1_305' title='bbox 1658 2330 1714 2375; x_wconf 89' lang='lat' dir='ltr'><strong>et</strong></span> <span class='ocrx_word' id='word_1_306' title='bbox 1741 2321 1972 2377; x_wconf 89' lang='lat' dir='ltr'><strong>veritate</strong></span> 
     </span>
    </p>
   </div>
   <div class='ocr_carea' id='block_1_40' title="bbox 371 2398 1972 2489">
    <p class='ocr_par' dir='ltr' id='par_1_40' title="bbox 371 2398 1972 2489">
     <span class='ocr_line' id='line_1_40' title="bbox 371 2398 1972 2489; baseline -0.001 -20"><span class='ocrx_word' id='word_1_307' title='bbox 371 2398 591 2489; x_wconf 79' lang='lat' dir='ltr'><strong>(Ephes.</strong></span> <span class='ocrx_word' id='word_1_308' title='bbox 641 2412 756 2486; x_wconf 84' lang='lat' dir='ltr'><strong>IV):</strong></span> <span class='ocrx_word' id='word_1_309' title='bbox 811 2419 867 2468; x_wconf 90' lang='lat' dir='ltr'><strong>et</strong></span> <span class='ocrx_word' id='word_1_310' title='bbox 916 2418 978 2466; x_wconf 91' lang='lat' dir='ltr'><strong>ut</strong></span> <span class='ocrx_word' id='word_1_311' title='bbox 1029 2410 1265 2482; x_wconf 85' lang='lat' dir='ltr'><strong>vegetati</strong></span> <span class='ocrx_word' id='word_1_312' title='bbox 1318 2410 1659 2466; x_wconf 87' lang='lat' dir='ltr'><strong>diversarum</strong></span> <span class='ocrx_word' id='word_1_313' title='bbox 1705 2412 1972 2468; x_wconf 85' lang='lat' dir='ltr'><strong>varietate</strong></span> 
     </span>
    </p>
   </div>
   <div class='ocr_carea' id='block_1_41' title="bbox 369 2505 1974 2576">
    <p class='ocr_par' dir='ltr' id='par_1_41' title="bbox 369 2505 1974 2576">
     <span class='ocr_line' id='line_1_41' title="bbox 369 2505 1974 2576; baseline -0.001 -12"><span class='ocrx_word' id='word_1_314' title='bbox 369 2509 668 2575; x_wconf 83' lang='lat' dir='ltr'><strong>virtutum,</strong></span> <span class='ocrx_word' id='word_1_315' title='bbox 699 2519 997 2576; x_wconf 88' lang='lat' dir='ltr'><strong>earumque</strong></span> <span class='ocrx_word' id='word_1_316' title='bbox 1046 2505 1219 2570; x_wconf 87' lang='lat' dir='ltr'><strong>foliis,</strong></span> <span class='ocrx_word' id='word_1_317' title='bbox 1269 2505 1436 2560; x_wconf 89' lang='lat' dir='ltr'><strong>veluti</strong></span> <span class='ocrx_word' id='word_1_318' title='bbox 1486 2521 1713 2562; x_wconf 77' lang='lat' dir='ltr'><strong>amoma</strong></span> <span class='ocrx_word' id='word_1_319' title='bbox 1760 2507 1974 2563; x_wconf 89' lang='lat' dir='ltr'><strong>arboris</strong></span> 
     </span>
    </p>
   </div>
   <div class='ocr_carea' id='block_1_42' title="bbox 371 2585 1970 2669">
    <p class='ocr_par' dir='ltr' id='par_1_42' title="bbox 371 2585 1970 2669">
     <span class='ocr_line' id='line_1_42' title="bbox 371 2585 1970 2669; baseline -0.003 -13"><span class='ocrx_word' id='word_1_320' title='bbox 371 2599 820 2665; x_wconf 86' lang='lat' dir='ltr'><strong>adnmbratione,</strong></span> <span class='ocrx_word' id='word_1_321' title='bbox 872 2596 1073 2662; x_wconf 90' lang='lat' dir='ltr'><strong>velati,</strong></span> <span class='ocrx_word' id='word_1_322' title='bbox 1128 2585 1386 2667; x_wconf 81' lang='lat' dir='ltr'><strong>tanquam</strong></span> <span class='ocrx_word' id='word_1_323' title='bbox 1418 2595 1556 2653; x_wconf 70' lang='lat' dir='ltr'><strong>lata</strong></span> <span class='ocrx_word' id='word_1_324' title='bbox 1585 2607 1748 2669; x_wconf 89' lang='lat' dir='ltr'><strong>atque</strong></span> <span class='ocrx_word' id='word_1_325' title='bbox 1777 2597 1970 2653; x_wconf 87' lang='lat' dir='ltr'><strong>fructi-</strong></span> 
     </span>
    </p>
   </div>
   <div class='ocr_carea' id='block_1_43' title="bbox 369 2687 1972 2763">
    <p class='ocr_par' dir='ltr' id='par_1_43' title="bbox 369 2687 1972 2763">
     <span class='ocr_line' id='line_1_43' title="bbox 369 2687 1972 2763; baseline -0.002 -15"><span class='ocrx_word' id='word_1_326' title='bbox 369 2693 502 2750; x_wconf 81' lang='lat' dir='ltr'><strong>fera</strong></span> <span class='ocrx_word' id='word_1_327' title='bbox 532 2699 746 2763; x_wconf 82' lang='lat' dir='ltr'><strong>segetes</strong></span> <span class='ocrx_word' id='word_1_328' title='bbox 773 2689 1104 2762; x_wconf 90' lang='lat' dir='ltr'><strong>pullulemus</strong></span> <span class='ocrx_word' id='word_1_329' title='bbox 1134 2688 1187 2742; x_wconf 91' lang='lat' dir='ltr'><strong>in</strong></span> <span class='ocrx_word' id='word_1_330' title='bbox 1218 2687 1537 2758; x_wconf 91' lang='lat' dir='ltr'><strong>plenilunio,</strong></span> <span class='ocrx_word' id='word_1_331' title='bbox 1578 2698 1639 2744; x_wconf 93' lang='lat' dir='ltr'><strong>ut</strong></span> <span class='ocrx_word' id='word_1_332' title='bbox 1670 2689 1972 2760; x_wconf 87' lang='lat' dir='ltr'><strong>perfectum</strong></span> 
     </span>
    </p>
   </div>
   <div class='ocr_carea' id='block_1_44' title="bbox 370 2782 1974 2858">
    <p class='ocr_par' dir='ltr' id='par_1_44' title="bbox 370 2782 1974 2858">
     <span class='ocr_line' id='line_1_44' title="bbox 370 2782 1974 2858; baseline -0.002 -15"><span class='ocrx_word' id='word_1_333' title='bbox 370 2786 717 2858; x_wconf 86' lang='lat' dir='ltr'><strong>splendorem</strong></span> <span class='ocrx_word' id='word_1_334' title='bbox 746 2782 870 2850; x_wconf 84' lang='lat' dir='ltr'><strong>ﬁdei</strong></span> <span class='ocrx_word' id='word_1_335' title='bbox 900 2790 955 2838; x_wconf 90' lang='lat' dir='ltr'><strong>et</strong></span> <span class='ocrx_word' id='word_1_336' title='bbox 990 2797 1186 2838; x_wconf 90' lang='lat' dir='ltr'><strong>sensus</strong></span> <span class='ocrx_word' id='word_1_337' title='bbox 1215 2791 1490 2853; x_wconf 83' lang='lat' dir='ltr'><strong>gerentes,</strong></span> <span class='ocrx_word' id='word_1_338' title='bbox 1523 2798 1553 2837; x_wconf 92' lang='lat' dir='ltr'><strong>a</strong></span> <span class='ocrx_word' id='word_1_339' title='bbox 1581 2785 1791 2854; x_wconf 90' lang='lat' dir='ltr'><strong>peccati</strong></span> <span class='ocrx_word' id='word_1_340' title='bbox 1825 2793 1974 2840; x_wconf 86' lang='lat' dir='ltr'><strong>tene-</strong></span> 
     </span>
    </p>
   </div>
   <div class='ocr_carea' id='block_1_45' title="bbox 369 2875 1973 2947">
    <p class='ocr_par' dir='ltr' id='par_1_45' title="bbox 369 2875 1973 2947">
     <span class='ocr_line' id='line_1_45' title="bbox 369 2875 1973 2947; baseline -0.002 -13"><span class='ocrx_word' id='word_1_341' title='bbox 369 2879 486 2934; x_wconf 89' lang='lat' dir='ltr'><strong>bris</strong></span> <span class='ocrx_word' id='word_1_342' title='bbox 530 2890 918 2947; x_wconf 88' lang='lat' dir='ltr'><strong>segregemur:</strong></span> <span class='ocrx_word' id='word_1_343' title='bbox 957 2875 1012 2927; x_wconf 91' lang='lat' dir='ltr'><strong>in</strong></span> <span class='ocrx_word' id='word_1_344' title='bbox 1056 2889 1274 2929; x_wconf 89' lang='lat' dir='ltr'><strong>reversa</strong></span> <span class='ocrx_word' id='word_1_345' title='bbox 1316 2875 1506 2930; x_wconf 84' lang='lat' dir='ltr'><strong>eadem</strong></span> <span class='ocrx_word' id='word_1_346' title='bbox 1539 2875 1658 2931; x_wconf 93' lang='lat' dir='ltr'><strong>luce</strong></span> <span class='ocrx_word' id='word_1_347' title='bbox 1694 2876 1870 2930; x_wconf 90' lang='lat' dir='ltr'><strong>lunari</strong></span> <span class='ocrx_word' id='word_1_348' title='bbox 1904 2875 1973 2932; x_wconf 92' lang='lat' dir='ltr'><strong>ad</strong></span> 
     </span>
    </p>
   </div>
   <div class='ocr_carea' id='block_1_46' title="bbox 372 2962 1973 3036">
    <p class='ocr_par' dir='ltr' id='par_1_46' title="bbox 372 2962 1973 3036">
     <span class='ocr_line' id='line_1_46' title="bbox 372 2962 1973 3036; baseline -0.002 -13"><span class='ocrx_word' id='word_1_349' title='bbox 372 2965 542 3023; x_wconf 78' lang='lat' dir='ltr'><strong>calos</strong></span> <span class='ocrx_word' id='word_1_350' title='bbox 576 2966 719 3034; x_wconf 87' lang='lat' dir='ltr'><strong>quod</strong></span> <span class='ocrx_word' id='word_1_351' title='bbox 764 2978 796 3018; x_wconf 89' lang='lat' dir='ltr'><strong>a</strong></span> <span class='ocrx_word' id='word_1_352' title='bbox 841 2962 1031 3033; x_wconf 91' lang='lat' dir='ltr'><strong>quinta</strong></span> <span class='ocrx_word' id='word_1_353' title='bbox 1065 2964 1275 3018; x_wconf 88' lang='lat' dir='ltr'><strong>decima</strong></span> <span class='ocrx_word' id='word_1_354' title='bbox 1322 2963 1449 3017; x_wconf 91' lang='lat' dir='ltr'><strong>luna</strong></span> <span class='ocrx_word' id='word_1_355' title='bbox 1480 2963 1598 3019; x_wconf 88' lang='lat' dir='ltr'><strong>ﬁeri</strong></span> <span class='ocrx_word' id='word_1_356' title='bbox 1636 2965 1860 3036; x_wconf 89' lang='lat' dir='ltr'><strong>incipit,</strong></span> <span class='ocrx_word' id='word_1_357' title='bbox 1912 2974 1973 3021; x_wconf 93' lang='lat' dir='ltr'><strong>ut</strong></span> 
     </span>
    </p>
   </div>
   <div class='ocr_carea' id='block_1_47' title="bbox 371 3055 1969 3131">
    <p class='ocr_par' dir='ltr' id='par_1_47' title="bbox 371 3055 1969 3131">
     <span class='ocr_line' id='line_1_47' title="bbox 371 3055 1969 3131; baseline -0.004 -15"><span class='ocrx_word' id='word_1_358' title='bbox 371 3069 576 3131; x_wconf 83' lang='lat' dir='ltr'><strong>quanto</strong></span> <span class='ocrx_word' id='word_1_359' title='bbox 607 3057 786 3128; x_wconf 83' lang='lat' dir='ltr'><strong>magni</strong></span> <span class='ocrx_word' id='word_1_360' title='bbox 828 3070 1048 3121; x_wconf 86' lang='lat' dir='ltr'><strong>sumus,</strong></span> <span class='ocrx_word' id='word_1_361' title='bbox 1086 3055 1439 3110; x_wconf 87' lang='lat' dir='ltr'><strong>lmmiliemur</strong></span> <span class='ocrx_word' id='word_1_362' title='bbox 1466 3056 1522 3110; x_wconf 91' lang='lat' dir='ltr'><strong>in</strong></span> <span class='ocrx_word' id='word_1_363' title='bbox 1551 3058 1832 3121; x_wconf 91' lang='lat' dir='ltr'><strong>omnibus,</strong></span> <span class='ocrx_word' id='word_1_364' title='bbox 1883 3056 1969 3112; x_wconf 91' lang='lat' dir='ltr'><strong>di-</strong></span> 
     </span>
    </p>
   </div>
   <div class='ocr_carea' id='block_1_48' title="bbox 371 3142 1971 3217">
    <p class='ocr_par' dir='ltr' id='par_1_48' title="bbox 371 3142 1971 3217">
     <span class='ocr_line' id='line_1_48' title="bbox 371 3142 1971 3217; baseline -0.005 -9"><span class='ocrx_word' id='word_1_365' title='bbox 371 3161 557 3208; x_wconf 86' lang='lat' dir='ltr'><strong>centes</strong></span> <span class='ocrx_word' id='word_1_366' title='bbox 585 3163 709 3205; x_wconf 92' lang='lat' dir='ltr'><strong>cum</strong></span> <span class='ocrx_word' id='word_1_367' title='bbox 737 3146 998 3217; x_wconf 87' lang='lat' dir='ltr'><strong>Apostolo</strong></span> <span class='ocrx_word' id='word_1_368' title='bbox 1027 3144 1260 3212; x_wconf 81' lang='lat' dir='ltr'><strong>singuli:</strong></span> <span class='ocrx_word' id='word_1_369' title='bbox 1296 3142 1484 3199; x_wconf 84' lang='lat' dir='ltr'><strong>Gratia</strong></span> <span class='ocrx_word' id='word_1_370' title='bbox 1511 3153 1686 3199; x_wconf 90' lang='lat' dir='ltr'><strong>autem</strong></span> <span class='ocrx_word' id='word_1_371' title='bbox 1712 3143 1812 3200; x_wconf 87' lang='lat' dir='ltr'><strong>Dei</strong></span> <span class='ocrx_word' id='word_1_372' title='bbox 1853 3162 1971 3200; x_wconf 87' lang='lat' dir='ltr'><strong>sum</strong></span> 
     </span>
    </p>
   </div>
   <div class='ocr_carea' id='block_1_49' title="bbox 371 3233 1972 3314">
    <p class='ocr_par' dir='ltr' id='par_1_49' title="bbox 371 3233 1972 3314">
     <span class='ocr_line' id='line_1_49' title="bbox 371 3233 1972 3314; baseline -0.006 -17"><span class='ocrx_word' id='word_1_373' title='bbox 371 3245 426 3297; x_wconf 89' lang='lat' dir='ltr'><strong>id</strong></span> <span class='ocrx_word' id='word_1_374' title='bbox 457 3243 596 3314; x_wconf 86' lang='lat' dir='ltr'><strong>quod</strong></span> <span class='ocrx_word' id='word_1_375' title='bbox 631 3256 746 3294; x_wconf 86' lang='lat' dir='ltr'><strong>sum</strong></span> <span class='ocrx_word' id='word_1_376' title='bbox 780 3237 829 3307; x_wconf 88' lang='grc' dir='ltr'><strong>(ι</strong></span> <span class='ocrx_word' id='word_1_377' title='bbox 861 3236 986 3292; x_wconf 90' lang='lat' dir='ltr'><strong>Cor.</strong></span> <span class='ocrx_word' id='word_1_378' title='bbox 1018 3236 1131 3308; x_wconf 86' lang='lat' dir='ltr'><strong>xv).</strong></span> <span class='ocrx_word' id='word_1_379' title='bbox 1182 3234 1314 3302; x_wconf 82' lang='lat' dir='ltr'><strong>Qua</strong></span> <span class='ocrx_word' id='word_1_380' title='bbox 1351 3233 1596 3304; x_wconf 84' lang='lat' dir='ltr'><strong>profecto</strong></span> <span class='ocrx_word' id='word_1_381' title='bbox 1632 3236 1807 3306; x_wconf 84' lang='lat' dir='ltr'><strong>gratia</strong></span> <span class='ocrx_word' id='word_1_382' title='bbox 1852 3248 1972 3289; x_wconf 92' lang='lat' dir='ltr'><strong>mu-</strong></span> 
     </span>
    </p>
   </div>
   <div class='ocr_carea' id='block_1_50' title="bbox 370 3327 1970 3404">
    <p class='ocr_par' dir='ltr' id='par_1_50' title="bbox 370 3327 1970 3404">
     <span class='ocr_line' id='line_1_50' title="bbox 370 3327 1970 3404; baseline -0.005 -12"><span class='ocrx_word' id='word_1_383' title='bbox 370 3338 518 3393; x_wconf 86' lang='lat' dir='ltr'><strong>neris</strong></span> <span class='ocrx_word' id='word_1_384' title='bbox 548 3333 787 3404; x_wconf 89' lang='lat' dir='ltr'><strong>superni,</strong></span> <span class='ocrx_word' id='word_1_385' title='bbox 812 3331 938 3401; x_wconf 89' lang='lat' dir='ltr'><strong>quia</strong></span> <span class='ocrx_word' id='word_1_386' title='bbox 970 3330 1130 3384; x_wconf 91' lang='lat' dir='ltr'><strong>tertio</strong></span> <span class='ocrx_word' id='word_1_387' title='bbox 1156 3338 1400 3397; x_wconf 90' lang='lat' dir='ltr'><strong>tempore</strong></span> <span class='ocrx_word' id='word_1_388' title='bbox 1425 3328 1606 3382; x_wconf 87' lang='lat' dir='ltr'><strong>saculi</strong></span> <span class='ocrx_word' id='word_1_389' title='bbox 1630 3327 1970 3384; x_wconf 79' lang='lat' dir='ltr'><strong>manifestius</strong></span> 
     </span>
    </p>
   </div>
   <div class='ocr_carea' id='block_1_51' title="bbox 369 3418 1972 3494">
    <p class='ocr_par' dir='ltr' id='par_1_51' title="bbox 369 3418 1972 3494">
     <span class='ocr_line' id='line_1_51' title="bbox 369 3418 1972 3494; baseline -0.006 -11"><span class='ocrx_word' id='word_1_390' title='bbox 369 3427 541 3483; x_wconf 76' lang='lat' dir='ltr'><strong>effusa</strong></span> <span class='ocrx_word' id='word_1_391' title='bbox 567 3433 648 3480; x_wconf 88' lang='lat' dir='ltr'><strong>est</strong></span> <span class='ocrx_word' id='word_1_392' title='bbox 674 3442 686 3478; x_wconf 94' lang='lat'><strong>:</strong></span> <span class='ocrx_word' id='word_1_393' title='bbox 722 3422 1088 3494; x_wconf 90' lang='lat' dir='ltr'><strong>pulcherrima</strong></span> <span class='ocrx_word' id='word_1_394' title='bbox 1117 3418 1414 3490; x_wconf 81' lang='lat' dir='ltr'><strong>figurarum</strong></span> <span class='ocrx_word' id='word_1_395' title='bbox 1443 3420 1832 3488; x_wconf 89' lang='lat' dir='ltr'><strong>consequentia</strong></span> <span class='ocrx_word' id='word_1_396' title='bbox 1864 3429 1972 3474; x_wconf 82' lang='lat' dir='ltr'><strong>ter-</strong></span> 
     </span>
    </p>
   </div>
   <div class='ocr_carea' id='block_1_52' title="bbox 371 3509 1968 3579">
    <p class='ocr_par' dir='ltr' id='par_1_52' title="bbox 371 3509 1968 3579">
     <span class='ocr_line' id='line_1_52' title="bbox 371 3509 1968 3579; baseline -0.004 -7"><span class='ocrx_word' id='word_1_397' title='bbox 371 3520 445 3572; x_wconf 87' lang='lat' dir='ltr'><strong>tia</strong></span> <span class='ocrx_word' id='word_1_398' title='bbox 475 3519 614 3571; x_wconf 81' lang='lat' dir='ltr'><strong>luna</strong></span> <span class='ocrx_word' id='word_1_399' title='bbox 640 3511 979 3569; x_wconf 86' lang='lat' dir='ltr'><strong>hebdomade</strong></span> <span class='ocrx_word' id='word_1_400' title='bbox 1011 3511 1193 3564; x_wconf 91' lang='lat' dir='ltr'><strong>lumen</strong></span> <span class='ocrx_word' id='word_1_401' title='bbox 1227 3509 1418 3579; x_wconf 88' lang='lat' dir='ltr'><strong>ipsius,</strong></span> <span class='ocrx_word' id='word_1_402' title='bbox 1468 3510 1611 3578; x_wconf 93' lang='lat' dir='ltr'><strong>quod</strong></span> <span class='ocrx_word' id='word_1_403' title='bbox 1640 3520 1864 3566; x_wconf 87' lang='lat' dir='ltr'><strong>eatenus</strong></span> <span class='ocrx_word' id='word_1_404' title='bbox 1900 3512 1968 3566; x_wconf 89' lang='lat' dir='ltr'><strong>ad</strong></span> 
     </span>
    </p>
   </div>
   <div class='ocr_carea' id='block_1_53' title="bbox 372 3596 1965 3666">
    <p class='ocr_par' dir='ltr' id='par_1_53' title="bbox 372 3596 1965 3666">
     <span class='ocr_line' id='line_1_53' title="bbox 372 3596 1965 3666; baseline -0.003 -5"><span class='ocrx_word' id='word_1_405' title='bbox 372 3618 547 3662; x_wconf 85' lang='lat' dir='ltr'><strong>terras</strong></span> <span class='ocrx_word' id='word_1_406' title='bbox 577 3609 864 3666; x_wconf 87' lang='lat' dir='ltr'><strong>creverat,</strong></span> <span class='ocrx_word' id='word_1_407' title='bbox 917 3600 985 3654; x_wconf 84' lang='lat' dir='ltr'><strong>ad</strong></span> <span class='ocrx_word' id='word_1_408' title='bbox 1011 3597 1252 3654; x_wconf 88' lang='lat' dir='ltr'><strong>coelestia</strong></span> <span class='ocrx_word' id='word_1_409' title='bbox 1277 3596 1392 3666; x_wconf 88' lang='lat' dir='ltr'><strong>jam</strong></span> <span class='ocrx_word' id='word_1_410' title='bbox 1425 3614 1672 3661; x_wconf 85' lang='lat' dir='ltr'><strong>crescere</strong></span> <span class='ocrx_word' id='word_1_411' title='bbox 1706 3600 1923 3656; x_wconf 90' lang='lat' dir='ltr'><strong>inchoat</strong></span> <span class='ocrx_word' id='word_1_412' title='bbox 1951 3617 1965 3656; x_wconf 90' lang='lat'><strong>:</strong></span> 
     </span>
    </p>
   </div>
   <div class='ocr_carea' id='block_1_54' title="bbox 370 3689 1968 3768">
    <p class='ocr_par' dir='ltr' id='par_1_54' title="bbox 370 3689 1968 3768">
     <span class='ocr_line' id='line_1_54' title="bbox 370 3689 1968 3768; baseline -0.004 -18"><span class='ocrx_word' id='word_1_413' title='bbox 370 3696 592 3768; x_wconf 88' lang='lat' dir='ltr'><strong>pulchre</strong></span> <span class='ocrx_word' id='word_1_414' title='bbox 625 3695 766 3749; x_wconf 88' lang='lat' dir='ltr'><strong>hanc</strong></span> <span class='ocrx_word' id='word_1_415' title='bbox 805 3692 861 3747; x_wconf 89' lang='lat' dir='ltr'><strong>in</strong></span> <span class='ocrx_word' id='word_1_416' title='bbox 904 3689 1106 3762; x_wconf 88' lang='lat' dir='ltr'><strong>pascha</strong></span> <span class='ocrx_word' id='word_1_417' title='bbox 1140 3689 1435 3743; x_wconf 88' lang='lat' dir='ltr'><strong>observare</strong></span> <span class='ocrx_word' id='word_1_418' title='bbox 1474 3690 1864 3759; x_wconf 78' lang='lat' dir='ltr'><strong>praecipimur:</strong></span> <span class='ocrx_word' id='word_1_419' title='bbox 1910 3702 1968 3744; x_wconf 90' lang='lat' dir='ltr'><strong>ut</strong></span> 
     </span>
    </p>
   </div>
   <div class='ocr_carea' id='block_1_55' title="bbox 369 3781 1966 3863">
    <p class='ocr_par' dir='ltr' id='par_1_55' title="bbox 369 3781 1966 3863">
     <span class='ocr_line' id='line_1_55' title="bbox 369 3781 1966 3863; baseline -0.006 -17"><span class='ocrx_word' id='word_1_420' title='bbox 369 3793 557 3863; x_wconf 84' lang='lat' dir='ltr'><strong>gratia</strong></span> <span class='ocrx_word' id='word_1_421' title='bbox 577 3805 742 3861; x_wconf 89' lang='lat' dir='ltr'><strong>quam</strong></span> <span class='ocrx_word' id='word_1_422' title='bbox 767 3787 1064 3857; x_wconf 87' lang='lat' dir='ltr'><strong>accipimus</strong></span> <span class='ocrx_word' id='word_1_423' title='bbox 1097 3800 1370 3854; x_wconf 88' lang='lat' dir='ltr'><strong>nunquam</strong></span> <span class='ocrx_word' id='word_1_424' title='bbox 1396 3783 1569 3848; x_wconf 90' lang='lat' dir='ltr'><strong>obliti,</strong></span> <span class='ocrx_word' id='word_1_425' title='bbox 1605 3798 1702 3852; x_wconf 91' lang='lat' dir='ltr'><strong>per</strong></span> <span class='ocrx_word' id='word_1_426' title='bbox 1725 3781 1966 3852; x_wconf 86' lang='lat' dir='ltr'><strong>singulos</strong></span> 
     </span>
    </p>
   </div>
   <div class='ocr_carea' id='block_1_56' title="bbox 369 3873 1968 3956">
    <p class='ocr_par' dir='ltr' id='par_1_56' title="bbox 369 3873 1968 3956">
     <span class='ocr_line' id='line_1_56' title="bbox 369 3873 1968 3956; baseline -0.007 -19"><span class='ocrx_word' id='word_1_427' title='bbox 369 3883 568 3956; x_wconf 87' lang='lat' dir='ltr'><strong>gradus</strong></span> <span class='ocrx_word' id='word_1_428' title='bbox 599 3879 860 3950; x_wconf 86' lang='lat' dir='ltr'><strong>spiritalis</strong></span> <span class='ocrx_word' id='word_1_429' title='bbox 891 3876 1154 3931; x_wconf 90' lang='lat' dir='ltr'><strong>transitus</strong></span> <span class='ocrx_word' id='word_1_430' title='bbox 1205 3874 1450 3946; x_wconf 83' lang='lat' dir='ltr'><strong>largitori</strong></span> <span class='ocrx_word' id='word_1_431' title='bbox 1481 3874 1630 3929; x_wconf 91' lang='lat' dir='ltr'><strong>illius</strong></span> <span class='ocrx_word' id='word_1_432' title='bbox 1664 3873 1968 3928; x_wconf 89' lang='lat' dir='ltr'><strong>obediendo</strong></span> 
     </span>
    </p>
   </div>
   <div class='ocr_carea' id='block_1_57' title="bbox 369 3965 1968 4042">
    <p class='ocr_par' dir='ltr' id='par_1_57' title="bbox 369 3965 1968 4042">
     <span class='ocr_line' id='line_1_57' title="bbox 369 3965 1968 4042; baseline -0.007 -13"><span class='ocrx_word' id='word_1_433' title='bbox 369 3975 546 4030; x_wconf 88' lang='lat' dir='ltr'><strong>vicem</strong></span> <span class='ocrx_word' id='word_1_434' title='bbox 579 3971 879 4042; x_wconf 87' lang='lat' dir='ltr'><strong>rependere</strong></span> <span class='ocrx_word' id='word_1_435' title='bbox 919 3966 1350 4022; x_wconf 87' lang='lat' dir='ltr'><strong>meminerimus.</strong></span> <span class='ocrx_word' id='word_1_436' title='bbox 1400 3965 1498 4020; x_wconf 81' lang='lat' dir='ltr'><strong>Vel</strong></span> <span class='ocrx_word' id='word_1_437' title='bbox 1549 3973 1696 4020; x_wconf 89' lang='lat' dir='ltr'><strong>certe</strong></span> <span class='ocrx_word' id='word_1_438' title='bbox 1745 3965 1799 4018; x_wconf 92' lang='lat' dir='ltr'><strong>in</strong></span> <span class='ocrx_word' id='word_1_439' title='bbox 1847 3979 1968 4018; x_wconf 86' lang='lat' dir='ltr'><strong>cre-</strong></span> 
     </span>
    </p>
   </div>
   <div class='ocr_carea' id='block_1_58' title="bbox 369 4056 1966 4124">
    <p class='ocr_par' dir='ltr' id='par_1_58' title="bbox 369 4056 1966 4124">
     <span class='ocr_line' id='line_1_58' title="bbox 369 4056 1966 4124; baseline -0.009 0"><span class='ocrx_word' id='word_1_440' title='bbox 369 4075 557 4124; x_wconf 89' lang='lat' dir='ltr'><strong>scente</strong></span> <span class='ocrx_word' id='word_1_441' title='bbox 589 4065 656 4120; x_wconf 89' lang='lat' dir='ltr'><strong>ad</strong></span> <span class='ocrx_word' id='word_1_442' title='bbox 673 4062 921 4118; x_wconf 88' lang='lat' dir='ltr'><strong>homines</strong></span> <span class='ocrx_word' id='word_1_443' title='bbox 943 4059 1069 4113; x_wconf 90' lang='lat' dir='ltr'><strong>luna</strong></span> <span class='ocrx_word' id='word_1_444' title='bbox 1093 4057 1216 4112; x_wconf 85' lang='lat' dir='ltr'><strong>vita</strong></span> <span class='ocrx_word' id='word_1_445' title='bbox 1245 4057 1402 4112; x_wconf 88' lang='lat' dir='ltr'><strong>nobis</strong></span> <span class='ocrx_word' id='word_1_446' title='bbox 1423 4056 1632 4120; x_wconf 86' lang='lat' dir='ltr'><strong>activa,</strong></span> <span class='ocrx_word' id='word_1_447' title='bbox 1661 4057 1714 4110; x_wconf 92' lang='lat' dir='ltr'><strong>in</strong></span> <span class='ocrx_word' id='word_1_448' title='bbox 1743 4071 1966 4111; x_wconf 89' lang='lat' dir='ltr'><strong>reversa</strong></span> 
     </span>
    </p>
   </div>
   <div class='ocr_carea' id='block_1_59' title="bbox 367 4148 1967 4225">
    <p class='ocr_par' dir='ltr' id='par_1_59' title="bbox 367 4148 1967 4225">
     <span class='ocr_line' id='line_1_59' title="bbox 367 4148 1967 4225; baseline -0.008 -9"><span class='ocrx_word' id='word_1_449' title='bbox 367 4177 500 4216; x_wconf 88' lang='lat' dir='ltr'><strong>vero</strong></span> <span class='ocrx_word' id='word_1_450' title='bbox 539 4161 605 4214; x_wconf 87' lang='lat' dir='ltr'><strong>ad</strong></span> <span class='ocrx_word' id='word_1_451' title='bbox 639 4157 806 4212; x_wconf 59' lang='lat' dir='ltr'><strong>caelos</strong></span> <span class='ocrx_word' id='word_1_452' title='bbox 835 4151 1182 4225; x_wconf 83' lang='lat' dir='ltr'><strong>speculativa</strong></span> <span class='ocrx_word' id='word_1_453' title='bbox 1218 4159 1378 4222; x_wconf 90' lang='lat' dir='ltr'><strong>typus</strong></span> <span class='ocrx_word' id='word_1_454' title='bbox 1414 4149 1743 4205; x_wconf 87' lang='lat' dir='ltr'><strong>ostenditur.</strong></span> <span class='ocrx_word' id='word_1_455' title='bbox 1780 4148 1877 4204; x_wconf 84' lang='lat' dir='ltr'><strong>Vel</strong></span> <span class='ocrx_word' id='word_1_456' title='bbox 1910 4149 1967 4204; x_wconf 90' lang='lat' dir='ltr'><strong>in</strong></span> 
     </span>
    </p>
   </div>
   <div class='ocr_carea' id='block_1_60' title="bbox 369 4241 1966 4313">
    <p class='ocr_par' dir='ltr' id='par_1_60' title="bbox 369 4241 1966 4313">
     <span class='ocr_line' id='line_1_60' title="bbox 369 4241 1966 4313; baseline -0.008 -4"><span class='ocrx_word' id='word_1_457' title='bbox 369 4255 474 4309; x_wconf 89' lang='lat' dir='ltr'><strong>hac</strong></span> <span class='ocrx_word' id='word_1_458' title='bbox 499 4251 656 4307; x_wconf 88' lang='lat' dir='ltr'><strong>nobis</strong></span> <span class='ocrx_word' id='word_1_459' title='bbox 685 4249 1040 4306; x_wconf 87' lang='lat' dir='ltr'><strong>conversione</strong></span> <span class='ocrx_word' id='word_1_460' title='bbox 1063 4245 1281 4300; x_wconf 89' lang='lat' dir='ltr'><strong>dilectio</strong></span> <span class='ocrx_word' id='word_1_461' title='bbox 1302 4243 1559 4313; x_wconf 84' lang='lat' dir='ltr'><strong>proximi,</strong></span> <span class='ocrx_word' id='word_1_462' title='bbox 1591 4243 1644 4296; x_wconf 93' lang='lat' dir='ltr'><strong>in</strong></span> <span class='ocrx_word' id='word_1_463' title='bbox 1673 4241 1764 4296; x_wconf 88' lang='lat' dir='ltr'><strong>illa</strong></span> <span class='ocrx_word' id='word_1_464' title='bbox 1794 4241 1966 4296; x_wconf 90' lang='lat' dir='ltr'><strong>nostri</strong></span> 
     </span>
    </p>
   </div>
   <div class='ocr_carea' id='block_1_61' title="bbox 371 4331 1964 4414">
    <p class='ocr_par' dir='ltr' id='par_1_61' title="bbox 371 4331 1964 4414">
     <span class='ocr_line' id='line_1_61' title="bbox 371 4331 1964 4414; baseline -0.008 -16"><span class='ocrx_word' id='word_1_465' title='bbox 371 4345 616 4414; x_wconf 83' lang='lat' dir='ltr'><strong>signatur</strong></span> <span class='ocrx_word' id='word_1_466' title='bbox 641 4339 880 4395; x_wconf 89' lang='lat' dir='ltr'><strong>auctoris</strong></span> <span class='ocrx_word' id='word_1_467' title='bbox 905 4355 918 4390; x_wconf 94' lang='lat'><strong>:</strong></span> <span class='ocrx_word' id='word_1_468' title='bbox 957 4345 1053 4390; x_wconf 86' lang='lat' dir='ltr'><strong>aut</strong></span> <span class='ocrx_word' id='word_1_469' title='bbox 1077 4336 1185 4390; x_wconf 90' lang='lat' dir='ltr'><strong>huc</strong></span> <span class='ocrx_word' id='word_1_470' title='bbox 1209 4348 1504 4388; x_wconf 89' lang='lat' dir='ltr'><strong>conversus</strong></span> <span class='ocrx_word' id='word_1_471' title='bbox 1533 4331 1668 4386; x_wconf 87' lang='lat' dir='ltr'><strong>lucis</strong></span> <span class='ocrx_word' id='word_1_472' title='bbox 1698 4331 1815 4400; x_wconf 86' lang='lat' dir='ltr'><strong>ejus</strong></span> <span class='ocrx_word' id='word_1_473' title='bbox 1842 4346 1964 4401; x_wconf 90' lang='lat' dir='ltr'><strong>pro-</strong></span> 
     </span>
    </p>
   </div>
   <div class='ocr_carea' id='block_1_62' title="bbox 368 4423 1966 4498">
    <p class='ocr_par' dir='ltr' id='par_1_62' title="bbox 368 4423 1966 4498">
     <span class='ocr_line' id='line_1_62' title="bbox 368 4423 1966 4498; baseline -0.007 -10"><span class='ocrx_word' id='word_1_474' title='bbox 368 4433 576 4498; x_wconf 84' lang='lat' dir='ltr'><strong>fectus,</strong></span> <span class='ocrx_word' id='word_1_475' title='bbox 631 4438 694 4485; x_wconf 89' lang='lat' dir='ltr'><strong>ut</strong></span> <span class='ocrx_word' id='word_1_476' title='bbox 737 4429 880 4484; x_wconf 91' lang='lat' dir='ltr'><strong>bona</strong></span> <span class='ocrx_word' id='word_1_477' title='bbox 922 4425 1069 4482; x_wconf 76' lang='lat' dir='ltr'><strong>foras</strong></span> <span class='ocrx_word' id='word_1_478' title='bbox 1112 4438 1425 4494; x_wconf 90' lang='lat' dir='ltr'><strong>operemur,</strong></span> <span class='ocrx_word' id='word_1_479' title='bbox 1469 4423 1762 4477; x_wconf 88' lang='lat' dir='ltr'><strong>admonet:</strong></span> <span class='ocrx_word' id='word_1_480' title='bbox 1801 4436 1966 4492; x_wconf 90' lang='lat' dir='ltr'><strong>porro</strong></span> 
     </span>
    </p>
   </div>
   <div class='ocr_carea' id='block_1_63' title="bbox 2074 1861 3674 1935">
    <p class='ocr_par' dir='ltr' id='par_1_63' title="bbox 2074 1861 3674 1935">
     <span class='ocr_line' id='line_1_63' title="bbox 2074 1861 3674 1935; baseline 0.003 -19"><span class='ocrx_word' id='word_1_481' title='bbox 2074 1861 2210 1916; x_wconf 90' lang='lat' dir='ltr'><strong>toris</strong></span> <span class='ocrx_word' id='word_1_482' title='bbox 2237 1875 2404 1932; x_wconf 88' lang='lat' dir='ltr'><strong>opere</strong></span> <span class='ocrx_word' id='word_1_483' title='bbox 2438 1863 2551 1916; x_wconf 93' lang='lat' dir='ltr'><strong>ait:</strong></span> <span class='ocrx_word' id='word_1_484' title='bbox 2583 1861 2792 1918; x_wconf 88' lang='lat' dir='ltr'><strong>Lunam</strong></span> <span class='ocrx_word' id='word_1_485' title='bbox 2831 1873 2880 1918; x_wconf 86' lang='lat' dir='ltr'><strong>et</strong></span> <span class='ocrx_word' id='word_1_486' title='bbox 2931 1863 3112 1919; x_wconf 87' lang='lat' dir='ltr'><strong>stellas</strong></span> <span class='ocrx_word' id='word_1_487' title='bbox 3152 1866 3207 1920; x_wconf 88' lang='lat' dir='ltr'><strong>in</strong></span> <span class='ocrx_word' id='word_1_488' title='bbox 3235 1874 3541 1935; x_wconf 79' lang='lat' dir='ltr'><strong>potestatem</strong></span> <span class='ocrx_word' id='word_1_489' title='bbox 3573 1882 3674 1921; x_wconf 77' lang='lat' dir='ltr'><strong>uo-</strong></span> 
     </span>
    </p>
   </div>
   <div class='ocr_carea' id='block_1_64' title="bbox 2075 1951 3672 2026">
    <p class='ocr_par' dir='ltr' id='par_1_64' title="bbox 2075 1951 3672 2026">
     <span class='ocr_line' id='line_1_64' title="bbox 2075 1951 3672 2026; baseline 0.003 -22"><span class='ocrx_word' id='word_1_490' title='bbox 2075 1951 2192 2016; x_wconf 85' lang='lat' dir='ltr'><strong>ctis,</strong></span> <span class='ocrx_word' id='word_1_491' title='bbox 2247 1951 2500 2022; x_wconf 87' lang='lat' dir='ltr'><strong>quoniam</strong></span> <span class='ocrx_word' id='word_1_492' title='bbox 2550 1953 2605 2006; x_wconf 88' lang='lat' dir='ltr'><strong>in</strong></span> <span class='ocrx_word' id='word_1_493' title='bbox 2651 1952 2906 2008; x_wconf 76' lang='lat' dir='ltr'><strong>saculum</strong></span> <span class='ocrx_word' id='word_1_494' title='bbox 2953 1954 3317 2009; x_wconf 82' lang='lat' dir='ltr'><strong>misericordia</strong></span> <span class='ocrx_word' id='word_1_495' title='bbox 3348 1954 3462 2025; x_wconf 87' lang='lat' dir='ltr'><strong>ejus</strong></span> <span class='ocrx_word' id='word_1_496' title='bbox 3493 1953 3672 2026; x_wconf 82' lang='lat' dir='ltr'><strong>(Psal.</strong></span> 
     </span>
    </p>
   </div>
   <div class='ocr_carea' id='block_1_65' title="bbox 2074 2043 3678 2116">
    <p class='ocr_par' dir='ltr' id='par_1_65' title="bbox 2074 2043 3678 2116">
     <span class='ocr_line' id='line_1_65' title="bbox 2074 2043 3678 2116; baseline 0.002 -17"><span class='ocrx_word' id='word_1_497' title='bbox 2074 2043 2296 2116; x_wconf 84' lang='lat' dir='ltr'><strong>cxxxv).</strong></span> <span class='ocrx_word' id='word_1_498' title='bbox 2327 2043 2536 2098; x_wconf 90' lang='lat' dir='ltr'><strong>Lunam</strong></span> <span class='ocrx_word' id='word_1_499' title='bbox 2568 2043 2779 2114; x_wconf 89' lang='lat' dir='ltr'><strong>(utjam</strong></span> <span class='ocrx_word' id='word_1_500' title='bbox 2803 2043 3060 2116; x_wconf 87' lang='lat' dir='ltr'><strong>diximus)</strong></span> <span class='ocrx_word' id='word_1_501' title='bbox 3082 2045 3386 2102; x_wconf 88' lang='lat' dir='ltr'><strong>Ecclesiam</strong></span> <span class='ocrx_word' id='word_1_502' title='bbox 3414 2047 3678 2104; x_wconf 70' lang='lat' dir='ltr'><strong>debemus</strong></span> 
     </span>
    </p>
   </div>
   <div class='ocr_carea' id='block_1_66' title="bbox 2076 2134 3677 2205">
    <p class='ocr_par' dir='ltr' id='par_1_66' title="bbox 2076 2134 3677 2205">
     <span class='ocr_line' id='line_1_66' title="bbox 2076 2134 3677 2205; baseline 0.004 -17"><span class='ocrx_word' id='word_1_503' title='bbox 2076 2135 2366 2203; x_wconf 87' lang='lat' dir='ltr'><strong>accipere;</strong></span> <span class='ocrx_word' id='word_1_504' title='bbox 2405 2134 2604 2199; x_wconf 88' lang='lat' dir='ltr'><strong>stellas,</strong></span> <span class='ocrx_word' id='word_1_505' title='bbox 2653 2135 2899 2192; x_wconf 89' lang='lat' dir='ltr'><strong>diversos</strong></span> <span class='ocrx_word' id='word_1_506' title='bbox 2950 2137 3069 2205; x_wconf 89' lang='lat' dir='ltr'><strong>ejus</strong></span> <span class='ocrx_word' id='word_1_507' title='bbox 3115 2137 3338 2193; x_wconf 87' lang='lat' dir='ltr'><strong>ordines</strong></span> <span class='ocrx_word' id='word_1_508' title='bbox 3385 2138 3677 2195; x_wconf 83' lang='lat' dir='ltr'><strong>sanctitate</strong></span> 
     </span>
    </p>
   </div>
   <div class='ocr_carea' id='block_1_67' title="bbox 2073 2226 3676 2301">
    <p class='ocr_par' dir='ltr' id='par_1_67' title="bbox 2073 2226 3676 2301">
     <span class='ocr_line' id='line_1_67' title="bbox 2073 2226 3676 2301; baseline 0.002 -19"><span class='ocrx_word' id='word_1_509' title='bbox 2073 2226 2361 2296; x_wconf 87' lang='lat' dir='ltr'><strong>pollentes,</strong></span> <span class='ocrx_word' id='word_1_510' title='bbox 2397 2234 2456 2280; x_wconf 90' lang='lat' dir='ltr'><strong>ut</strong></span> <span class='ocrx_word' id='word_1_511' title='bbox 2507 2235 2635 2282; x_wconf 89' lang='lat' dir='ltr'><strong>sunt</strong></span> <span class='ocrx_word' id='word_1_512' title='bbox 2669 2228 2936 2299; x_wconf 88' lang='lat' dir='ltr'><strong>episcopi,</strong></span> <span class='ocrx_word' id='word_1_513' title='bbox 2991 2228 3320 2301; x_wconf 87' lang='lat' dir='ltr'><strong>presbyteri,</strong></span> <span class='ocrx_word' id='word_1_514' title='bbox 3352 2229 3593 2296; x_wconf 89' lang='lat' dir='ltr'><strong>diaconi,</strong></span> <span class='ocrx_word' id='word_1_515' title='bbox 3618 2238 3676 2286; x_wconf 86' lang='lat' dir='ltr'><strong>et</strong></span> 
     </span>
    </p>
   </div>
   <div class='ocr_carea' id='block_1_68' title="bbox 2075 2316 3672 2388">
    <p class='ocr_par' dir='ltr' id='par_1_68' title="bbox 2075 2316 3672 2388">
     <span class='ocr_line' id='line_1_68' title="bbox 2075 2316 3672 2388; baseline 0.003 -17"><span class='ocrx_word' id='word_1_516' title='bbox 2075 2316 2282 2382; x_wconf 85' lang='lat' dir='ltr'><strong>cateri,</strong></span> <span class='ocrx_word' id='word_1_517' title='bbox 2310 2316 2423 2388; x_wconf 90' lang='lat' dir='ltr'><strong>qui,</strong></span> <span class='ocrx_word' id='word_1_518' title='bbox 2449 2316 2598 2372; x_wconf 89' lang='lat' dir='ltr'><strong>velut</strong></span> <span class='ocrx_word' id='word_1_519' title='bbox 2629 2317 2820 2385; x_wconf 81' lang='lat' dir='ltr'><strong>stella,</strong></span> <span class='ocrx_word' id='word_1_520' title='bbox 2855 2318 3065 2374; x_wconf 71' lang='lat' dir='ltr'><strong>caelesti</strong></span> <span class='ocrx_word' id='word_1_521' title='bbox 3113 2329 3415 2376; x_wconf 89' lang='lat' dir='ltr'><strong>noscuntur</strong></span> <span class='ocrx_word' id='word_1_522' title='bbox 3438 2335 3672 2376; x_wconf 83' lang='lat' dir='ltr'><strong>conver—</strong></span> 
     </span>
    </p>
   </div>
   <div class='ocr_carea' id='block_1_69' title="bbox 2077 2407 3676 2480">
    <p class='ocr_par' dir='ltr' id='par_1_69' title="bbox 2077 2407 3676 2480">
     <span class='ocr_line' id='line_1_69' title="bbox 2077 2407 3676 2480; baseline 0.004 -19"><span class='ocrx_word' id='word_1_523' title='bbox 2077 2407 2288 2463; x_wconf 89' lang='lat' dir='ltr'><strong>satione</strong></span> <span class='ocrx_word' id='word_1_524' title='bbox 2313 2407 2549 2464; x_wconf 88' lang='lat' dir='ltr'><strong>radiare.</strong></span> <span class='ocrx_word' id='word_1_525' title='bbox 2590 2407 2719 2464; x_wconf 83' lang='lat' dir='ltr'><strong>Hac</strong></span> <span class='ocrx_word' id='word_1_526' title='bbox 2745 2411 2929 2464; x_wconf 87' lang='lat' dir='ltr'><strong>omnia</strong></span> <span class='ocrx_word' id='word_1_527' title='bbox 2958 2411 3014 2466; x_wconf 90' lang='lat' dir='ltr'><strong>in</strong></span> <span class='ocrx_word' id='word_1_528' title='bbox 3065 2419 3338 2480; x_wconf 88' lang='lat' dir='ltr'><strong>potestate</strong></span> <span class='ocrx_word' id='word_1_529' title='bbox 3386 2412 3583 2478; x_wconf 88' lang='lat' dir='ltr'><strong>noctis,</strong></span> <span class='ocrx_word' id='word_1_530' title='bbox 3620 2412 3676 2467; x_wconf 92' lang='lat' dir='ltr'><strong>id</strong></span> 
     </span>
    </p>
   </div>
   <div class='ocr_carea' id='block_1_70' title="bbox 2077 2500 3675 2572">
    <p class='ocr_par' dir='ltr' id='par_1_70' title="bbox 2077 2500 3675 2572">
     <span class='ocr_line' id='line_1_70' title="bbox 2077 2500 3675 2572; baseline 0.003 -18"><span class='ocrx_word' id='word_1_531' title='bbox 2077 2509 2180 2566; x_wconf 90' lang='lat' dir='ltr'><strong>est,</strong></span> <span class='ocrx_word' id='word_1_532' title='bbox 2213 2501 2268 2555; x_wconf 90' lang='lat' dir='ltr'><strong>in</strong></span> <span class='ocrx_word' id='word_1_533' title='bbox 2299 2500 2481 2555; x_wconf 86' lang='lat' dir='ltr'><strong>saculi</strong></span> <span class='ocrx_word' id='word_1_534' title='bbox 2535 2501 2692 2556; x_wconf 89' lang='lat' dir='ltr'><strong>istius</strong></span> <span class='ocrx_word' id='word_1_535' title='bbox 2730 2501 2971 2556; x_wconf 90' lang='lat' dir='ltr'><strong>tenebris</strong></span> <span class='ocrx_word' id='word_1_536' title='bbox 3000 2501 3126 2556; x_wconf 89' lang='lat' dir='ltr'><strong>data</strong></span> <span class='ocrx_word' id='word_1_537' title='bbox 3155 2510 3300 2568; x_wconf 89' lang='lat' dir='ltr'><strong>sunt,</strong></span> <span class='ocrx_word' id='word_1_538' title='bbox 3343 2510 3402 2556; x_wconf 92' lang='lat' dir='ltr'><strong>ut</strong></span> <span class='ocrx_word' id='word_1_539' title='bbox 3435 2519 3534 2572; x_wconf 90' lang='lat' dir='ltr'><strong>per</strong></span> <span class='ocrx_word' id='word_1_540' title='bbox 3581 2517 3675 2559; x_wconf 89' lang='lat' dir='ltr'><strong>eos</strong></span> 
     </span>
    </p>
   </div>
   <div class='ocr_carea' id='block_1_71' title="bbox 2079 2589 3676 2659">
    <p class='ocr_par' dir='ltr' id='par_1_71' title="bbox 2079 2589 3676 2659">
     <span class='ocr_line' id='line_1_71' title="bbox 2079 2589 3676 2659; baseline 0.004 -17"><span class='ocrx_word' id='word_1_541' title='bbox 2079 2590 2375 2659; x_wconf 62' lang='lat' dir='ltr'><strong>(uliginosa</strong></span> <span class='ocrx_word' id='word_1_542' title='bbox 2424 2589 2704 2645; x_wconf 90' lang='lat' dir='ltr'><strong>reluceant</strong></span> <span class='ocrx_word' id='word_1_543' title='bbox 2756 2591 2922 2646; x_wconf 88' lang='lat' dir='ltr'><strong>corda</strong></span> <span class='ocrx_word' id='word_1_544' title='bbox 2976 2590 3308 2646; x_wconf 89' lang='lat' dir='ltr'><strong>mortalium.</strong></span> <span class='ocrx_word' id='word_1_545' title='bbox 3341 2590 3476 2647; x_wconf 90' lang='lat' dir='ltr'><strong>ltem</strong></span> <span class='ocrx_word' id='word_1_546' title='bbox 3505 2591 3676 2648; x_wconf 87' lang='lat' dir='ltr'><strong>stella</strong></span> 
     </span>
    </p>
   </div>
   <div class='ocr_carea' id='block_1_72' title="bbox 2076 2684 3676 2758">
    <p class='ocr_par' dir='ltr' id='par_1_72' title="bbox 2076 2684 3676 2758">
     <span class='ocr_line' id='line_1_72' title="bbox 2076 2684 3676 2758; baseline 0.002 -19"><span class='ocrx_word' id='word_1_547' title='bbox 2076 2694 2204 2739; x_wconf 89' lang='lat' dir='ltr'><strong>sunt</strong></span> <span class='ocrx_word' id='word_1_548' title='bbox 2227 2684 2404 2740; x_wconf 88' lang='lat' dir='ltr'><strong>sancti</strong></span> <span class='ocrx_word' id='word_1_549' title='bbox 2435 2685 2548 2739; x_wconf 90' lang='lat' dir='ltr'><strong>sive</strong></span> <span class='ocrx_word' id='word_1_550' title='bbox 2568 2685 2713 2739; x_wconf 90' lang='lat' dir='ltr'><strong>docti</strong></span> <span class='ocrx_word' id='word_1_551' title='bbox 2747 2700 2836 2752; x_wconf 92' lang='lat' dir='ltr'><strong>eo,</strong></span> <span class='ocrx_word' id='word_1_552' title='bbox 2872 2685 3017 2754; x_wconf 93' lang='lat' dir='ltr'><strong>quod</strong></span> <span class='ocrx_word' id='word_1_553' title='bbox 3046 2685 3309 2740; x_wconf 87' lang='lat' dir='ltr'><strong>virtutum</strong></span> <span class='ocrx_word' id='word_1_554' title='bbox 3335 2686 3592 2758; x_wconf 90' lang='lat' dir='ltr'><strong>operibus</strong></span> <span class='ocrx_word' id='word_1_555' title='bbox 3618 2686 3676 2742; x_wconf 88' lang='lat' dir='ltr'><strong>in</strong></span> 
     </span>
    </p>
   </div>
   <div class='ocr_carea' id='block_1_73' title="bbox 2077 2773 3672 2844">
    <p class='ocr_par' dir='ltr' id='par_1_73' title="bbox 2077 2773 3672 2844">
     <span class='ocr_line' id='line_1_73' title="bbox 2077 2773 3672 2844; baseline 0.002 -15"><span class='ocrx_word' id='word_1_556' title='bbox 2077 2776 2177 2830; x_wconf 86' lang='lat' dir='ltr'><strong>hoc</strong></span> <span class='ocrx_word' id='word_1_557' title='bbox 2200 2776 2401 2830; x_wconf 83' lang='lat' dir='ltr'><strong>mundo</strong></span> <span class='ocrx_word' id='word_1_558' title='bbox 2433 2773 2803 2844; x_wconf 89' lang='lat' dir='ltr'><strong>resplendent,</strong></span> <span class='ocrx_word' id='word_1_559' title='bbox 2836 2784 2897 2829; x_wconf 91' lang='lat' dir='ltr'><strong>ut</strong></span> <span class='ocrx_word' id='word_1_560' title='bbox 2931 2775 2987 2830; x_wconf 88' lang='lat' dir='ltr'><strong>in</strong></span> <span class='ocrx_word' id='word_1_561' title='bbox 3014 2774 3280 2832; x_wconf 89' lang='lat' dir='ltr'><strong>Psalterio</strong></span> <span class='ocrx_word' id='word_1_562' title='bbox 3309 2794 3323 2830; x_wconf 89' lang='lat'><strong>:</strong></span> <span class='ocrx_word' id='word_1_563' title='bbox 3355 2776 3460 2843; x_wconf 84' lang='lat' dir='ltr'><strong>Qui</strong></span> <span class='ocrx_word' id='word_1_564' title='bbox 3488 2793 3672 2832; x_wconf 85' lang='lat' dir='ltr'><strong>nume-</strong></span> 
     </span>
    </p>
   </div>
   <div class='ocr_carea' id='block_1_74' title="bbox 2077 2863 3675 2931">
    <p class='ocr_par' dir='ltr' id='par_1_74' title="bbox 2077 2863 3675 2931">
     <span class='ocr_line' id='line_1_74' title="bbox 2077 2863 3675 2931; baseline 0.003 -13"><span class='ocrx_word' id='word_1_565' title='bbox 2077 2875 2157 2918; x_wconf 87' lang='lat' dir='ltr'><strong>rat</strong></span> <span class='ocrx_word' id='word_1_566' title='bbox 2182 2864 2571 2918; x_wconf 87' lang='lat' dir='ltr'><strong>multitudinem</strong></span> <span class='ocrx_word' id='word_1_567' title='bbox 2611 2863 2907 2931; x_wconf 87' lang='lat' dir='ltr'><strong>stellarum,</strong></span> <span class='ocrx_word' id='word_1_568' title='bbox 2951 2875 2999 2919; x_wconf 89' lang='lat' dir='ltr'><strong>et</strong></span> <span class='ocrx_word' id='word_1_569' title='bbox 3053 2865 3292 2921; x_wconf 83' lang='lat' dir='ltr'><strong>omnibus</strong></span> <span class='ocrx_word' id='word_1_570' title='bbox 3337 2867 3413 2921; x_wconf 84' lang='lat' dir='ltr'><strong>eis</strong></span> <span class='ocrx_word' id='word_1_571' title='bbox 3460 2867 3675 2922; x_wconf 84' lang='lat' dir='ltr'><strong>nomina</strong></span> 
     </span>
    </p>
   </div>
   <div class='ocr_carea' id='block_1_75' title="bbox 2076 2952 3674 3027">
    <p class='ocr_par' dir='ltr' id='par_1_75' title="bbox 2076 2952 3674 3027">
     <span class='ocr_line' id='line_1_75' title="bbox 2076 2952 3674 3027; baseline 0.003 -18"><span class='ocrx_word' id='word_1_572' title='bbox 2076 2965 2220 3010; x_wconf 79' lang='lat' dir='ltr'><strong>tocat</strong></span> <span class='ocrx_word' id='word_1_573' title='bbox 2249 2952 2422 3027; x_wconf 88' lang='lat' dir='ltr'><strong>(Psal.</strong></span> <span class='ocrx_word' id='word_1_574' title='bbox 2449 2955 2652 3024; x_wconf 81' lang='lat' dir='ltr'><strong>chvt).</strong></span> <span class='ocrx_word' id='word_1_575' title='bbox 2705 2955 2869 3008; x_wconf 86' lang='lat' dir='ltr'><strong>Astra</strong></span> <span class='ocrx_word' id='word_1_576' title='bbox 2917 2965 3045 3010; x_wconf 92' lang='lat' dir='ltr'><strong>sunt</strong></span> <span class='ocrx_word' id='word_1_577' title='bbox 3074 2956 3248 3011; x_wconf 89' lang='lat' dir='ltr'><strong>sancti</strong></span> <span class='ocrx_word' id='word_1_578' title='bbox 3303 2955 3502 3027; x_wconf 84' lang='lat' dir='ltr'><strong>angeli,</strong></span> <span class='ocrx_word' id='word_1_579' title='bbox 3530 2966 3591 3011; x_wconf 87' lang='lat' dir='ltr'><strong>ut</strong></span> <span class='ocrx_word' id='word_1_580' title='bbox 3617 2957 3674 3014; x_wconf 86' lang='lat' dir='ltr'><strong>in</strong></span> 
     </span>
    </p>
   </div>
   <div class='ocr_carea' id='block_1_76' title="bbox 2075 3045 3669 3123">
    <p class='ocr_par' dir='ltr' id='par_1_76' title="bbox 2075 3045 3669 3123">
     <span class='ocr_line' id='line_1_76' title="bbox 2075 3045 3669 3123; baseline 0.002 -22"><span class='ocrx_word' id='word_1_581' title='bbox 2075 3047 2176 3102; x_wconf 85' lang='lat' dir='ltr'><strong>Job</strong></span> <span class='ocrx_word' id='word_1_582' title='bbox 2201 3065 2213 3099; x_wconf 94' lang='lat'><strong>:</strong></span> <span class='ocrx_word' id='word_1_583' title='bbox 2243 3045 2374 3101; x_wconf 81' lang='lat' dir='ltr'><strong>Cum</strong></span> <span class='ocrx_word' id='word_1_584' title='bbox 2398 3064 2479 3101; x_wconf 89' lang='lat' dir='ltr'><strong>me</strong></span> <span class='ocrx_word' id='word_1_585' title='bbox 2503 3046 2779 3100; x_wconf 86' lang='lat' dir='ltr'><strong>laudarent</strong></span> <span class='ocrx_word' id='word_1_586' title='bbox 2806 3057 2950 3101; x_wconf 88' lang='lat' dir='ltr'><strong>astra</strong></span> <span class='ocrx_word' id='word_1_587' title='bbox 2967 3049 3229 3102; x_wconf 89' lang='lat' dir='ltr'><strong>matutina</strong></span> <span class='ocrx_word' id='word_1_588' title='bbox 3247 3048 3390 3120; x_wconf 84' lang='lat' dir='ltr'><strong>(Job.</strong></span> <span class='ocrx_word' id='word_1_589' title='bbox 3414 3050 3669 3123; x_wconf 76' lang='lat' dir='ltr'><strong>xxxvut).</strong></span> 
     </span>
    </p>
   </div>
   <div class='ocr_carea' id='block_1_77' title="bbox 2000 3118 3670 3208">
    <p class='ocr_par' dir='ltr' id='par_1_77' title="bbox 2000 3118 3670 3208">
     <span class='ocr_line' id='line_1_77' title="bbox 2000 3118 3670 3208; baseline 0.003 -17"><span class='ocrx_word' id='word_1_590' title='bbox 2000 3118 2046 3181; x_wconf 70' lang='grc' dir='ltr'>Ο</span> <span class='ocrx_word' id='word_1_591' title='bbox 2077 3136 2135 3192; x_wconf 92' lang='lat' dir='ltr'><strong>In</strong></span> <span class='ocrx_word' id='word_1_592' title='bbox 2157 3137 2488 3193; x_wconf 90' lang='lat' dir='ltr'><strong>contrariam</strong></span> <span class='ocrx_word' id='word_1_593' title='bbox 2518 3152 2648 3207; x_wconf 84' lang='lat' dir='ltr'><strong>ergo</strong></span> <span class='ocrx_word' id='word_1_594' title='bbox 2673 3137 3125 3208; x_wconf 85' lang='lat' dir='ltr'><strong>signiﬁcationem</strong></span> <span class='ocrx_word' id='word_1_595' title='bbox 3166 3150 3444 3208; x_wconf 89' lang='lat' dir='ltr'><strong>ponuntur</strong></span> <span class='ocrx_word' id='word_1_596' title='bbox 3468 3141 3670 3208; x_wconf 88' lang='lat' dir='ltr'><strong>sidera,</strong></span> 
     </span>
    </p>
   </div>
   <div class='ocr_carea' id='block_1_78' title="bbox 2078 3230 3670 3304">
    <p class='ocr_par' dir='ltr' id='par_1_78' title="bbox 2078 3230 3670 3304">
     <span class='ocr_line' id='line_1_78' title="bbox 2078 3230 3670 3304; baseline 0.003 -19"><span class='ocrx_word' id='word_1_597' title='bbox 2078 3231 2294 3300; x_wconf 88' lang='lat' dir='ltr'><strong>quando</strong></span> <span class='ocrx_word' id='word_1_598' title='bbox 2333 3238 2427 3284; x_wconf 91' lang='lat' dir='ltr'><strong>aut</strong></span> <span class='ocrx_word' id='word_1_599' title='bbox 2482 3245 2768 3300; x_wconf 87' lang='lat' dir='ltr'><strong>perversos</strong></span> <span class='ocrx_word' id='word_1_600' title='bbox 2805 3230 3023 3300; x_wconf 83' lang='lat' dir='ltr'><strong>angelos</strong></span> <span class='ocrx_word' id='word_1_601' title='bbox 3076 3231 3406 3304; x_wconf 86' lang='lat' dir='ltr'><strong>signiﬁcant,</strong></span> <span class='ocrx_word' id='word_1_602' title='bbox 3437 3243 3533 3288; x_wconf 87' lang='lat' dir='ltr'><strong>aut</strong></span> <span class='ocrx_word' id='word_1_603' title='bbox 3562 3235 3670 3291; x_wconf 84' lang='lat' dir='ltr'><strong>ha-</strong></span> 
     </span>
    </p>
   </div>
   <div class='ocr_carea' id='block_1_79' title="bbox 2078 3319 3673 3396">
    <p class='ocr_par' dir='ltr' id='par_1_79' title="bbox 2078 3319 3673 3396">
     <span class='ocr_line' id='line_1_79' title="bbox 2078 3319 3673 3396; baseline 0.005 -22"><span class='ocrx_word' id='word_1_604' title='bbox 2078 3321 2299 3386; x_wconf 89' lang='lat' dir='ltr'><strong>reticos,</strong></span> <span class='ocrx_word' id='word_1_605' title='bbox 2343 3321 2457 3375; x_wconf 90' lang='lat' dir='ltr'><strong>sive</strong></span> <span class='ocrx_word' id='word_1_606' title='bbox 2505 3321 2838 3392; x_wconf 89' lang='lat' dir='ltr'><strong>hypocritas.</strong></span> <span class='ocrx_word' id='word_1_607' title='bbox 2867 3319 3162 3378; x_wconf 85' lang='lat' dir='ltr'><strong>Perversos</strong></span> <span class='ocrx_word' id='word_1_608' title='bbox 3187 3338 3318 3394; x_wconf 87' lang='lat' dir='ltr'><strong>ergo</strong></span> <span class='ocrx_word' id='word_1_609' title='bbox 3349 3325 3572 3396; x_wconf 85' lang='lat' dir='ltr'><strong>angelos</strong></span> <span class='ocrx_word' id='word_1_610' title='bbox 3606 3326 3673 3383; x_wconf 88' lang='lat' dir='ltr'><strong>de</strong></span> 
     </span>
    </p>
   </div>
   <div class='ocr_carea' id='block_1_80' title="bbox 2076 3413 3672 3484">
    <p class='ocr_par' dir='ltr' id='par_1_80' title="bbox 2076 3413 3672 3484">
     <span class='ocr_line' id='line_1_80' title="bbox 2076 3413 3672 3484; baseline 0.004 -16"><span class='ocrx_word' id='word_1_611' title='bbox 2076 3413 2214 3468; x_wconf 89' lang='lat' dir='ltr'><strong>coelo</strong></span> <span class='ocrx_word' id='word_1_612' title='bbox 2244 3413 2506 3468; x_wconf 82' lang='lat' dir='ltr'><strong>cecidisse</strong></span> <span class='ocrx_word' id='word_1_613' title='bbox 2535 3420 2766 3467; x_wconf 73' lang='lat' dir='ltr'><strong>testatur</strong></span> <span class='ocrx_word' id='word_1_614' title='bbox 2794 3414 3172 3484; x_wconf 88' lang='lat' dir='ltr'><strong>Apocalypsis,</strong></span> <span class='ocrx_word' id='word_1_615' title='bbox 3228 3415 3356 3470; x_wconf 92' lang='lat' dir='ltr'><strong>dum</strong></span> <span class='ocrx_word' id='word_1_616' title='bbox 3383 3416 3517 3474; x_wconf 87' lang='lat' dir='ltr'><strong>dicit</strong></span> <span class='ocrx_word' id='word_1_617' title='bbox 3547 3418 3672 3474; x_wconf 85' lang='lat' dir='ltr'><strong>dra-</strong></span> 
     </span>
    </p>
   </div>
   <div class='ocr_carea' id='block_1_81' title="bbox 2075 3505 3671 3574">
    <p class='ocr_par' dir='ltr' id='par_1_81' title="bbox 2075 3505 3671 3574">
     <span class='ocr_line' id='line_1_81' title="bbox 2075 3505 3671 3574; baseline 0.004 -16"><span class='ocrx_word' id='word_1_618' title='bbox 2075 3519 2266 3560; x_wconf 89' lang='lat' dir='ltr'><strong>conem</strong></span> <span class='ocrx_word' id='word_1_619' title='bbox 2319 3506 2535 3558; x_wconf 89' lang='lat' dir='ltr'><strong>tertiam</strong></span> <span class='ocrx_word' id='word_1_620' title='bbox 2590 3511 2802 3574; x_wconf 90' lang='lat' dir='ltr'><strong>partem</strong></span> <span class='ocrx_word' id='word_1_621' title='bbox 2861 3505 3103 3560; x_wconf 89' lang='lat' dir='ltr'><strong>siderum</strong></span> <span class='ocrx_word' id='word_1_622' title='bbox 3131 3520 3317 3561; x_wconf 90' lang='lat' dir='ltr'><strong>secum</strong></span> <span class='ocrx_word' id='word_1_623' title='bbox 3346 3508 3577 3563; x_wconf 81' lang='lat' dir='ltr'><strong>traxisse</strong></span> <span class='ocrx_word' id='word_1_624' title='bbox 3615 3509 3671 3565; x_wconf 89' lang='lat' dir='ltr'><strong>in</strong></span> 
     </span>
    </p>
   </div>
   <div class='ocr_carea' id='block_1_82' title="bbox 2076 3597 3670 3658">
    <p class='ocr_par' dir='ltr' id='par_1_82' title="bbox 2076 3597 3670 3658">
     <span class='ocr_line' id='line_1_82' title="bbox 2076 3597 3670 3658; baseline 0.004 -7"><span class='ocrx_word' id='word_1_625' title='bbox 2076 3607 2298 3652; x_wconf 89' lang='lat' dir='ltr'><strong>terram.</strong></span> <span class='ocrx_word' id='word_1_626' title='bbox 2330 3597 2625 3653; x_wconf 88' lang='lat' dir='ltr'><strong>llareticos</strong></span> <span class='ocrx_word' id='word_1_627' title='bbox 2649 3607 2831 3652; x_wconf 88' lang='lat' dir='ltr'><strong>autem</strong></span> <span class='ocrx_word' id='word_1_628' title='bbox 2864 3598 2966 3653; x_wconf 87' lang='lat' dir='ltr'><strong>sub</strong></span> <span class='ocrx_word' id='word_1_629' title='bbox 2985 3599 3226 3653; x_wconf 86' lang='lat' dir='ltr'><strong>siderum</strong></span> <span class='ocrx_word' id='word_1_630' title='bbox 3256 3600 3477 3657; x_wconf 89' lang='lat' dir='ltr'><strong>nomine</strong></span> <span class='ocrx_word' id='word_1_631' title='bbox 3502 3601 3670 3658; x_wconf 84' lang='lat' dir='ltr'><strong>deno-</strong></span> 
     </span>
    </p>
   </div>
   <div class='ocr_carea' id='block_1_83' title="bbox 2077 3689 3671 3762">
    <p class='ocr_par' dir='ltr' id='par_1_83' title="bbox 2077 3689 3671 3762">
     <span class='ocr_line' id='line_1_83' title="bbox 2077 3689 3671 3762; baseline 0.004 -18"><span class='ocrx_word' id='word_1_632' title='bbox 2077 3699 2154 3744; x_wconf 86' lang='lat' dir='ltr'><strong>tat</strong></span> <span class='ocrx_word' id='word_1_633' title='bbox 2175 3689 2341 3746; x_wconf 89' lang='lat' dir='ltr'><strong>Judas</strong></span> <span class='ocrx_word' id='word_1_634' title='bbox 2365 3691 2644 3760; x_wconf 88' lang='lat' dir='ltr'><strong>apostolus</strong></span> <span class='ocrx_word' id='word_1_635' title='bbox 2670 3691 2728 3745; x_wconf 87' lang='lat' dir='ltr'><strong>in</strong></span> <span class='ocrx_word' id='word_1_636' title='bbox 2770 3691 3015 3762; x_wconf 88' lang='lat' dir='ltr'><strong>Epistola</strong></span> <span class='ocrx_word' id='word_1_637' title='bbox 3045 3708 3164 3759; x_wconf 88' lang='lat' dir='ltr'><strong>sua,</strong></span> <span class='ocrx_word' id='word_1_638' title='bbox 3211 3693 3399 3750; x_wconf 90' lang='lat' dir='ltr'><strong>dicens</strong></span> <span class='ocrx_word' id='word_1_639' title='bbox 3431 3712 3444 3747; x_wconf 94' lang='lat'><strong>:</strong></span> <span class='ocrx_word' id='word_1_640' title='bbox 3475 3694 3671 3751; x_wconf 84' lang='lat' dir='ltr'><strong>Sidera</strong></span> 
     </span>
    </p>
   </div>
   <div class='ocr_carea' id='block_1_84' title="bbox 2071 3781 3669 3853">
    <p class='ocr_par' dir='ltr' id='par_1_84' title="bbox 2071 3781 3669 3853">
     <span class='ocr_line' id='line_1_84' title="bbox 2071 3781 3669 3853; baseline 0.004 -19"><span class='ocrx_word' id='word_1_641' title='bbox 2071 3783 2328 3847; x_wconf 80' lang='lat' dir='ltr'><strong>errantia,</strong></span> <span class='ocrx_word' id='word_1_642' title='bbox 2387 3782 2574 3853; x_wconf 84' lang='lat' dir='ltr'><strong>quibus</strong></span> <span class='ocrx_word' id='word_1_643' title='bbox 2645 3781 2876 3852; x_wconf 84' lang='lat' dir='ltr'><strong>procella</strong></span> <span class='ocrx_word' id='word_1_644' title='bbox 2932 3783 3264 3838; x_wconf 81' lang='lat' dir='ltr'><strong>tenebrarum</strong></span> <span class='ocrx_word' id='word_1_645' title='bbox 3316 3785 3372 3838; x_wconf 92' lang='lat' dir='ltr'><strong>in</strong></span> <span class='ocrx_word' id='word_1_646' title='bbox 3415 3796 3669 3840; x_wconf 73' lang='lat' dir='ltr'><strong>wtemum</strong></span> 
     </span>
    </p>
   </div>
   <div class='ocr_carea' id='block_1_85' title="bbox 2071 3871 3669 3946">
    <p class='ocr_par' dir='ltr' id='par_1_85' title="bbox 2071 3871 3669 3946">
     <span class='ocr_line' id='line_1_85' title="bbox 2071 3871 3669 3946; baseline 0.005 -22"><span class='ocrx_word' id='word_1_647' title='bbox 2071 3881 2276 3925; x_wconf 84' lang='lat' dir='ltr'><strong>servata</strong></span> <span class='ocrx_word' id='word_1_648' title='bbox 2316 3881 2411 3926; x_wconf 89' lang='lat' dir='ltr'><strong>est.</strong></span> <span class='ocrx_word' id='word_1_649' title='bbox 2444 3871 2752 3942; x_wconf 86' lang='lat' dir='ltr'><strong>Hypocrita</strong></span> <span class='ocrx_word' id='word_1_650' title='bbox 2801 3880 3002 3939; x_wconf 90' lang='lat' dir='ltr'><strong>autem,</strong></span> <span class='ocrx_word' id='word_1_651' title='bbox 3031 3875 3120 3944; x_wconf 92' lang='lat' dir='ltr'><strong>qui</strong></span> <span class='ocrx_word' id='word_1_652' title='bbox 3153 3888 3251 3945; x_wconf 87' lang='lat' dir='ltr'><strong>per</strong></span> <span class='ocrx_word' id='word_1_653' title='bbox 3272 3875 3430 3931; x_wconf 81' lang='lat' dir='ltr'><strong>ﬁctas</strong></span> <span class='ocrx_word' id='word_1_654' title='bbox 3461 3877 3669 3946; x_wconf 87' lang='lat' dir='ltr'><strong>species</strong></span> 
     </span>
    </p>
   </div>
   <div class='ocr_carea' id='block_1_86' title="bbox 2071 3964 3670 4037">
    <p class='ocr_par' dir='ltr' id='par_1_86' title="bbox 2071 3964 3670 4037">
     <span class='ocr_line' id='line_1_86' title="bbox 2071 3964 3670 4037; baseline 0.005 -21"><span class='ocrx_word' id='word_1_655' title='bbox 2071 3964 2334 4018; x_wconf 87' lang='lat' dir='ltr'><strong>virtutum</strong></span> <span class='ocrx_word' id='word_1_656' title='bbox 2391 3972 2610 4019; x_wconf 86' lang='lat' dir='ltr'><strong>sanctos</strong></span> <span class='ocrx_word' id='word_1_657' title='bbox 2641 3965 2841 4020; x_wconf 88' lang='lat' dir='ltr'><strong>imitari</strong></span> <span class='ocrx_word' id='word_1_658' title='bbox 2869 3967 3139 4033; x_wconf 88' lang='lat' dir='ltr'><strong>videntur,</strong></span> <span class='ocrx_word' id='word_1_659' title='bbox 3170 3976 3351 4022; x_wconf 89' lang='lat' dir='ltr'><strong>tamen</strong></span> <span class='ocrx_word' id='word_1_660' title='bbox 3390 3967 3494 4037; x_wconf 87' lang='lat' dir='ltr'><strong>ipsi</strong></span> <span class='ocrx_word' id='word_1_661' title='bbox 3522 3967 3670 4024; x_wconf 80' lang='lat' dir='ltr'><strong>velut</strong></span> 
     </span>
    </p>
   </div>
   <div class='ocr_carea' id='block_1_87' title="bbox 2070 4054 3666 4125">
    <p class='ocr_par' dir='ltr' id='par_1_87' title="bbox 2070 4054 3666 4125">
     <span class='ocr_line' id='line_1_87' title="bbox 2070 4054 3666 4125; baseline 0.004 -15"><span class='ocrx_word' id='word_1_662' title='bbox 2070 4054 2241 4110; x_wconf 84' lang='lat' dir='ltr'><strong>stella</strong></span> <span class='ocrx_word' id='word_1_663' title='bbox 2267 4056 2332 4109; x_wconf 87' lang='lat' dir='ltr'><strong>de</strong></span> <span class='ocrx_word' id='word_1_664' title='bbox 2357 4054 2494 4110; x_wconf 77' lang='lat' dir='ltr'><strong>calo</strong></span> <span class='ocrx_word' id='word_1_665' title='bbox 2550 4055 2604 4109; x_wconf 90' lang='lat' dir='ltr'><strong>in</strong></span> <span class='ocrx_word' id='word_1_666' title='bbox 2637 4064 2839 4111; x_wconf 89' lang='lat' dir='ltr'><strong>terram</strong></span> <span class='ocrx_word' id='word_1_667' title='bbox 2873 4058 3096 4125; x_wconf 87' lang='lat' dir='ltr'><strong>cadunt,</strong></span> <span class='ocrx_word' id='word_1_668' title='bbox 3129 4059 3256 4113; x_wconf 88' lang='lat' dir='ltr'><strong>dum</strong></span> <span class='ocrx_word' id='word_1_669' title='bbox 3287 4074 3318 4112; x_wconf 91' lang='lat' dir='ltr'><strong>a</strong></span> <span class='ocrx_word' id='word_1_670' title='bbox 3353 4068 3666 4117; x_wconf 90' lang='lat' dir='ltr'><strong>sanctorum</strong></span> 
     </span>
    </p>
   </div>
   <div class='ocr_carea' id='block_1_88' title="bbox 2071 4146 3663 4219">
    <p class='ocr_par' dir='ltr' id='par_1_88' title="bbox 2071 4146 3663 4219">
     <span class='ocr_line' id='line_1_88' title="bbox 2071 4146 3663 4219; baseline 0.005 -19"><span class='ocrx_word' id='word_1_671' title='bbox 2071 4146 2351 4200; x_wconf 88' lang='lat' dir='ltr'><strong>consortio</strong></span> <span class='ocrx_word' id='word_1_672' title='bbox 2380 4147 2705 4216; x_wconf 75' lang='lat' dir='ltr'><strong>sequestrati</strong></span> <span class='ocrx_word' id='word_1_673' title='bbox 2746 4149 2891 4204; x_wconf 90' lang='lat' dir='ltr'><strong>inter</strong></span> <span class='ocrx_word' id='word_1_674' title='bbox 2948 4159 3266 4219; x_wconf 86' lang='lat' dir='ltr'><strong>peccatores</strong></span> <span class='ocrx_word' id='word_1_675' title='bbox 3295 4152 3663 4208; x_wconf 86' lang='lat' dir='ltr'><strong>ascribuntur.</strong></span> 
     </span>
    </p>
   </div>
   <div class='ocr_carea' id='block_1_89' title="bbox 2678 4260 3057 4316">
    <p class='ocr_par' dir='ltr' id='par_1_89' title="bbox 2678 4260 3057 4316">
     <span class='ocr_line' id='line_1_89' title="bbox 2678 4260 3057 4316; baseline 0.005 -2"><span class='ocrx_word' id='word_1_676' title='bbox 2678 4260 2906 4316; x_wconf 84' lang='lat' dir='ltr'><strong>CAPUT</strong></span> <span class='ocrx_word' id='word_1_677' title='bbox 2946 4261 3057 4316; x_wconf 77' lang='lat' dir='ltr'><strong>Xll.</strong></span> 
     </span>
    </p>
   </div>
   <div class='ocr_carea' id='block_1_90' title="bbox 2643 4329 3084 4388">
    <p class='ocr_par' dir='ltr' id='par_1_90' title="bbox 2643 4329 3084 4388">
     <span class='ocr_line' id='line_1_90' title="bbox 2643 4329 3084 4388; baseline 0.005 -4"><span class='ocrx_word' id='word_1_678' title='bbox 2643 4329 2721 4384; x_wconf 89' lang='lat' dir='ltr'><strong>De</strong></span> <span class='ocrx_word' id='word_1_679' title='bbox 2749 4329 3084 4388; x_wconf 86' lang='lat' dir='ltr'><strong>Pleiadibus.</strong></span> 
     </span>
    </p>
   </div>
   <div class='ocr_carea' id='block_1_91' title="bbox 2141 4419 3665 4497">
    <p class='ocr_par' dir='ltr' id='par_1_91' title="bbox 2141 4419 3665 4497">
     <span class='ocr_line' id='line_1_91' title="bbox 2141 4419 3665 4497; baseline 0.007 -23"><span class='ocrx_word' id='word_1_680' title='bbox 2141 4419 2386 4478; x_wconf 87' lang='lat' dir='ltr'><strong>Pleiades</strong></span> <span class='ocrx_word' id='word_1_681' title='bbox 2435 4429 2617 4477; x_wconf 87' lang='lat' dir='ltr'><strong>autem</strong></span> <span class='ocrx_word' id='word_1_682' title='bbox 2666 4430 2723 4478; x_wconf 91' lang='lat' dir='ltr'><strong>et</strong></span> <span class='ocrx_word' id='word_1_683' title='bbox 2769 4422 3034 4478; x_wconf 88' lang='lat' dir='ltr'><strong>Arcturus</strong></span> <span class='ocrx_word' id='word_1_684' title='bbox 3086 4424 3217 4494; x_wconf 91' lang='lat' dir='ltr'><strong>quid</strong></span> <span class='ocrx_word' id='word_1_685' title='bbox 3247 4425 3577 4497; x_wconf 82' lang='lat' dir='ltr'><strong>signiﬁcent,</strong></span> <span class='ocrx_word' id='word_1_686' title='bbox 3609 4429 3665 4485; x_wconf 85' lang='lat' dir='ltr'><strong>in</strong></span> 
     </span>
    </p>
   </div>
   <div class='ocr_carea' id='block_1_92' title="bbox 372 4485 3663 4592">
    <p class='ocr_par' dir='ltr' id='par_1_92' title="bbox 372 4485 3663 4592">
     <span class='ocr_line' id='line_1_92' title="bbox 372 4485 3663 4592; baseline -0.003 -10"><span class='ocrx_word' id='word_1_687' title='bbox 563 4485 636 4580; x_wconf 44' lang='grc' dir='ltr'><strong>ἰιι</strong></span> <span class='ocrx_word' id='word_1_688' title='bbox 677 4523 866 4580; x_wconf 91' lang='lat' dir='ltr'><strong>eadem</strong></span> <span class='ocrx_word' id='word_1_689' title='bbox 894 4521 1038 4576; x_wconf 87' lang='lat' dir='ltr'><strong>bona</strong></span> <span class='ocrx_word' id='word_1_690' title='bbox 1069 4485 1234 4590; x_wconf 79' lang='lat' dir='ltr'><strong>opera</strong></span> <span class='ocrx_word' id='word_1_691' title='bbox 1274 4517 1388 4572; x_wconf 91' lang='lat' dir='ltr'><strong>solo</strong></span> <span class='ocrx_word' id='word_1_692' title='bbox 1411 4485 1672 4586; x_wconf 78' lang='lat' dir='ltr'><strong>superna</strong></span> <span class='ocrx_word' id='word_1_693' title='bbox 1700 4516 1967 4572; x_wconf 90' lang='lat' dir='ltr'><strong>mercedis</strong></span> <span class='ocrx_word' id='word_1_694' title='bbox 1991 4485 2044 4546; x_wconf 82' lang='lat' dir='ltr'><strong>D</strong></span> <span class='ocrx_word' id='word_1_695' title='bbox 2073 4511 2343 4566; x_wconf 91' lang='lat' dir='ltr'><strong>sententia</strong></span> <span class='ocrx_word' id='word_1_696' title='bbox 2397 4527 2506 4580; x_wconf 89' lang='lat' dir='ltr'><strong>qua</strong></span> <span class='ocrx_word' id='word_1_697' title='bbox 2537 4511 2798 4566; x_wconf 90' lang='lat' dir='ltr'><strong>Dominus</strong></span> <span class='ocrx_word' id='word_1_698' title='bbox 2828 4513 2896 4567; x_wconf 88' lang='lat' dir='ltr'><strong>ad</strong></span> <span class='ocrx_word' id='word_1_699' title='bbox 2929 4513 3147 4568; x_wconf 87' lang='lat' dir='ltr'><strong>beatum</strong></span> <span class='ocrx_word' id='word_1_700' title='bbox 3173 4511 3274 4569; x_wconf 93' lang='lat' dir='ltr'><strong>Job</strong></span> <span class='ocrx_word' id='word_1_701' title='bbox 3317 4514 3531 4571; x_wconf 90' lang='lat' dir='ltr'><strong>locutus</strong></span> <span class='ocrx_word' id='word_1_702' title='bbox 3561 4527 3663 4584; x_wconf 89' lang='lat' dir='ltr'><strong>est,</strong></span> 
     </span>
    </p>
   </div>
   <div class='ocr_carea' id='block_1_93' title="bbox 370 4609 1969 4689">
    <p class='ocr_par' dir='ltr' id='par_1_93' title="bbox 370 4609 1969 4689">
     <span class='ocr_line' id='line_1_93' title="bbox 370 4609 1969 4689; baseline -0.006 -16"><span class='ocrx_word' id='word_1_703' title='bbox 370 4620 569 4673; x_wconf 89' lang='lat' dir='ltr'><strong>intuitu</strong></span> <span class='ocrx_word' id='word_1_704' title='bbox 591 4630 877 4689; x_wconf 90' lang='lat' dir='ltr'><strong>geramus:</strong></span> <span class='ocrx_word' id='word_1_705' title='bbox 900 4614 1028 4680; x_wconf 88' lang='lat' dir='ltr'><strong>huc,</strong></span> <span class='ocrx_word' id='word_1_706' title='bbox 1047 4620 1109 4667; x_wconf 92' lang='lat' dir='ltr'><strong>ut</strong></span> <span class='ocrx_word' id='word_1_707' title='bbox 1128 4611 1306 4666; x_wconf 89' lang='lat' dir='ltr'><strong>luceat</strong></span> <span class='ocrx_word' id='word_1_708' title='bbox 1331 4609 1419 4664; x_wconf 86' lang='lat' dir='ltr'><strong>lux</strong></span> <span class='ocrx_word' id='word_1_709' title='bbox 1450 4616 1635 4663; x_wconf 88' lang='lat' dir='ltr'><strong>nostra</strong></span> <span class='ocrx_word' id='word_1_710' title='bbox 1662 4623 1844 4663; x_wconf 91' lang='lat' dir='ltr'><strong>coram</strong></span> <span class='ocrx_word' id='word_1_711' title='bbox 1872 4609 1969 4664; x_wconf 82' lang='lat' dir='ltr'><strong>ho-</strong></span> 
     </span>
    </p>
   </div>
   <div class='ocr_carea' id='block_1_94' title="bbox 373 4702 1970 4776">
    <p class='ocr_par' dir='ltr' id='par_1_94' title="bbox 373 4702 1970 4776">
     <span class='ocr_line' id='line_1_94' title="bbox 373 4702 1970 4776; baseline -0.006 -10"><span class='ocrx_word' id='word_1_712' title='bbox 373 4711 633 4776; x_wconf 89' lang='lat' dir='ltr'><strong>minibus,</strong></span> <span class='ocrx_word' id='word_1_713' title='bbox 657 4717 717 4764; x_wconf 90' lang='lat' dir='ltr'><strong>ut</strong></span> <span class='ocrx_word' id='word_1_714' title='bbox 738 4707 959 4763; x_wconf 85' lang='lat' dir='ltr'><strong>videant</strong></span> <span class='ocrx_word' id='word_1_715' title='bbox 979 4707 1122 4762; x_wconf 89' lang='lat' dir='ltr'><strong>bona</strong></span> <span class='ocrx_word' id='word_1_716' title='bbox 1150 4713 1333 4760; x_wconf 90' lang='lat' dir='ltr'><strong>nostra</strong></span> <span class='ocrx_word' id='word_1_717' title='bbox 1357 4718 1520 4773; x_wconf 89' lang='lat' dir='ltr'><strong>opera</strong></span> <span class='ocrx_word' id='word_1_718' title='bbox 1552 4721 1562 4756; x_wconf 90' lang='lat'><strong>:</strong></span> <span class='ocrx_word' id='word_1_719' title='bbox 1599 4703 1745 4766; x_wconf 90' lang='lat' dir='ltr'><strong>illuc,</strong></span> <span class='ocrx_word' id='word_1_720' title='bbox 1769 4710 1826 4755; x_wconf 91' lang='lat' dir='ltr'><strong>ut</strong></span> <span class='ocrx_word' id='word_1_721' title='bbox 1855 4702 1970 4772; x_wconf 87' lang='lat' dir='ltr'><strong>glo-</strong></span> 
     </span>
    </p>
   </div>
   <div class='ocr_carea' id='block_1_95' title="bbox 371 4791 1962 4867">
    <p class='ocr_par' dir='ltr' id='par_1_95' title="bbox 371 4791 1962 4867">
     <span class='ocr_line' id='line_1_95' title="bbox 371 4791 1962 4867; baseline -0.008 -8"><span class='ocrx_word' id='word_1_722' title='bbox 371 4803 584 4860; x_wconf 88' lang='lat' dir='ltr'><strong>riﬁcent</strong></span> <span class='ocrx_word' id='word_1_723' title='bbox 611 4801 827 4857; x_wconf 89' lang='lat' dir='ltr'><strong>Patrem</strong></span> <span class='ocrx_word' id='word_1_724' title='bbox 852 4807 1100 4855; x_wconf 83' lang='lat' dir='ltr'><strong>nostrum</strong></span> <span class='ocrx_word' id='word_1_725' title='bbox 1119 4839 1132 4864; x_wconf 90' lang='lat'><strong>,</strong></span> <span class='ocrx_word' id='word_1_726' title='bbox 1157 4797 1249 4867; x_wconf 88' lang='lat' dir='ltr'><strong>qui</strong></span> <span class='ocrx_word' id='word_1_727' title='bbox 1281 4796 1334 4850; x_wconf 92' lang='lat' dir='ltr'><strong>in</strong></span> <span class='ocrx_word' id='word_1_728' title='bbox 1360 4794 1512 4850; x_wconf 71' lang='lat' dir='ltr'><strong>calls</strong></span> <span class='ocrx_word' id='word_1_729' title='bbox 1533 4802 1619 4849; x_wconf 87' lang='lat' dir='ltr'><strong>est</strong></span> <span class='ocrx_word' id='word_1_730' title='bbox 1643 4791 1859 4864; x_wconf 76' lang='lat' dir='ltr'><strong>(Matth.</strong></span> <span class='ocrx_word' id='word_1_731' title='bbox 1888 4792 1962 4865; x_wconf 85' lang='lat' dir='ltr'><strong>v).</strong></span> 
     </span>
    </p>
   </div>
   <div class='ocr_carea' id='block_1_96' title="bbox 989 4907 1348 4966">
    <p class='ocr_par' dir='ltr' id='par_1_96' title="bbox 989 4907 1348 4966">
     <span class='ocr_line' id='line_1_96' title="bbox 989 4907 1348 4966; baseline -0.014 0"><span class='ocrx_word' id='word_1_732' title='bbox 989 4909 1216 4966; x_wconf 80' lang='lat' dir='ltr'><strong>CAPUT</strong></span> <span class='ocrx_word' id='word_1_733' title='bbox 1258 4907 1348 4962; x_wconf 74' lang='lat' dir='ltr'><strong>XI.</strong></span> 
     </span>
    </p>
   </div>
   <div class='ocr_carea' id='block_1_97' title="bbox 971 4981 1372 5036">
    <p class='ocr_par' dir='ltr' id='par_1_97' title="bbox 971 4981 1372 5036">
     <span class='ocr_line' id='line_1_97' title="bbox 971 4981 1372 5036; baseline -0.01 0"><span class='ocrx_word' id='word_1_734' title='bbox 971 4983 1046 5035; x_wconf 86' lang='lat' dir='ltr'><strong>De</strong></span> <span class='ocrx_word' id='word_1_735' title='bbox 1093 4981 1372 5036; x_wconf 83' lang='lat' dir='ltr'><strong>sideribus.</strong></span> 
     </span>
    </p>
   </div>
   <div class='ocr_carea' id='block_1_98' title="bbox 446 5069 1961 5139">
    <p class='ocr_par' dir='ltr' id='par_1_98' title="bbox 446 5069 1961 5139">
     <span class='ocr_line' id='line_1_98' title="bbox 446 5069 1961 5139; baseline -0.011 0"><span class='ocrx_word' id='word_1_736' title='bbox 446 5082 699 5139; x_wconf 87' lang='lat' dir='ltr'><strong>Siderum</strong></span> <span class='ocrx_word' id='word_1_737' title='bbox 749 5086 804 5134; x_wconf 88' lang='lat' dir='ltr'><strong>ct</strong></span> <span class='ocrx_word' id='word_1_738' title='bbox 855 5084 1126 5131; x_wconf 87' lang='lat' dir='ltr'><strong>astrorum</strong></span> <span class='ocrx_word' id='word_1_739' title='bbox 1179 5075 1294 5127; x_wconf 79' lang='lat' dir='ltr'><strong>[nec</strong></span> <span class='ocrx_word' id='word_1_740' title='bbox 1339 5070 1594 5125; x_wconf 86' lang='lat' dir='ltr'><strong>distantia</strong></span> <span class='ocrx_word' id='word_1_741' title='bbox 1642 5079 1745 5124; x_wconf 89' lang='lat' dir='ltr'><strong>est.</strong></span> <span class='ocrx_word' id='word_1_742' title='bbox 1782 5069 1961 5124; x_wconf 85' lang='lat' dir='ltr'><strong>Stella</strong></span> 
     </span>
    </p>
   </div>
   <div class='ocr_carea' id='block_1_99' title="bbox 373 5158 1958 5243">
    <p class='ocr_par' dir='ltr' id='par_1_99' title="bbox 373 5158 1958 5243">
     <span class='ocr_line' id='line_1_99' title="bbox 373 5158 1958 5243; baseline -0.011 -14"><span class='ocrx_word' id='word_1_743' title='bbox 373 5188 502 5243; x_wconf 85' lang='lat' dir='ltr'><strong>ergo</strong></span> <span class='ocrx_word' id='word_1_744' title='bbox 523 5180 579 5228; x_wconf 91' lang='lat' dir='ltr'><strong>et</strong></span> <span class='ocrx_word' id='word_1_745' title='bbox 607 5171 784 5226; x_wconf 86' lang='lat' dir='ltr'><strong>sidera</strong></span> <span class='ocrx_word' id='word_1_746' title='bbox 835 5175 891 5222; x_wconf 89' lang='lat' dir='ltr'><strong>et</strong></span> <span class='ocrx_word' id='word_1_747' title='bbox 920 5174 1070 5222; x_wconf 88' lang='lat' dir='ltr'><strong>astra</strong></span> <span class='ocrx_word' id='word_1_748' title='bbox 1097 5165 1172 5217; x_wconf 90' lang='lat' dir='ltr'><strong>ita</strong></span> <span class='ocrx_word' id='word_1_749' title='bbox 1212 5163 1352 5217; x_wconf 89' lang='lat' dir='ltr'><strong>inter</strong></span> <span class='ocrx_word' id='word_1_750' title='bbox 1401 5177 1459 5216; x_wconf 86' lang='lat' dir='ltr'><strong>se</strong></span> <span class='ocrx_word' id='word_1_751' title='bbox 1515 5158 1787 5214; x_wconf 77' lang='lat' dir='ltr'><strong>differunt.</strong></span> <span class='ocrx_word' id='word_1_752' title='bbox 1825 5160 1958 5213; x_wconf 80' lang='lat' dir='ltr'><strong>Nam</strong></span> 
     </span>
    </p>
   </div>
   <div class='ocr_carea' id='block_1_100' title="bbox 374 5251 1962 5332">
    <p class='ocr_par' dir='ltr' id='par_1_100' title="bbox 374 5251 1962 5332">
     <span class='ocr_line' id='line_1_100' title="bbox 374 5251 1962 5332; baseline -0.01 -12"><span class='ocrx_word' id='word_1_753' title='bbox 374 5265 529 5321; x_wconf 88' lang='lat' dir='ltr'><strong>stella</strong></span> <span class='ocrx_word' id='word_1_754' title='bbox 568 5270 653 5318; x_wconf 89' lang='lat' dir='ltr'><strong>est</strong></span> <span class='ocrx_word' id='word_1_755' title='bbox 677 5259 931 5332; x_wconf 78' lang='lat' dir='ltr'><strong>qualibet</strong></span> <span class='ocrx_word' id='word_1_756' title='bbox 959 5254 1247 5327; x_wconf 84' lang='lat' dir='ltr'><strong>singularis</strong></span> <span class='ocrx_word' id='word_1_757' title='bbox 1278 5271 1290 5306; x_wconf 94' lang='lat'><strong>:</strong></span> <span class='ocrx_word' id='word_1_758' title='bbox 1326 5253 1501 5307; x_wconf 89' lang='lat' dir='ltr'><strong>sidera</strong></span> <span class='ocrx_word' id='word_1_759' title='bbox 1530 5267 1658 5306; x_wconf 93' lang='lat' dir='ltr'><strong>vero</strong></span> <span class='ocrx_word' id='word_1_760' title='bbox 1689 5260 1815 5305; x_wconf 91' lang='lat' dir='ltr'><strong>sunt</strong></span> <span class='ocrx_word' id='word_1_761' title='bbox 1836 5251 1962 5305; x_wconf 88' lang='lat' dir='ltr'><strong>stel-</strong></span> 
     </span>
    </p>
   </div>
   <div class='ocr_carea' id='block_1_101' title="bbox 376 5345 1959 5427">
    <p class='ocr_par' dir='ltr' id='par_1_101' title="bbox 376 5345 1959 5427">
     <span class='ocr_line' id='line_1_101' title="bbox 376 5345 1959 5427; baseline -0.008 -17"><span class='ocrx_word' id='word_1_762' title='bbox 376 5358 440 5412; x_wconf 92' lang='lat' dir='ltr'><strong>lis</strong></span> <span class='ocrx_word' id='word_1_763' title='bbox 465 5353 713 5427; x_wconf 89' lang='lat' dir='ltr'><strong>plurimis</strong></span> <span class='ocrx_word' id='word_1_764' title='bbox 739 5352 905 5417; x_wconf 82' lang='lat' dir='ltr'><strong>facta,</strong></span> <span class='ocrx_word' id='word_1_765' title='bbox 940 5357 1002 5403; x_wconf 89' lang='lat' dir='ltr'><strong>ut</strong></span> <span class='ocrx_word' id='word_1_766' title='bbox 1029 5347 1262 5418; x_wconf 87' lang='lat' dir='ltr'><strong>Hyades,</strong></span> <span class='ocrx_word' id='word_1_767' title='bbox 1299 5345 1577 5411; x_wconf 88' lang='lat' dir='ltr'><strong>Pleiades;</strong></span> <span class='ocrx_word' id='word_1_768' title='bbox 1609 5353 1756 5399; x_wconf 90' lang='lat' dir='ltr'><strong>astra</strong></span> <span class='ocrx_word' id='word_1_769' title='bbox 1778 5354 1959 5399; x_wconf 90' lang='lat' dir='ltr'><strong>autem</strong></span> 
     </span>
    </p>
   </div>
   <div class='ocr_carea' id='block_1_102' title="bbox 377 5437 1961 5518">
    <p class='ocr_par' dir='ltr' id='par_1_102' title="bbox 377 5437 1961 5518">
     <span class='ocr_line' id='line_1_102' title="bbox 377 5437 1961 5518; baseline -0.008 -14"><span class='ocrx_word' id='word_1_770' title='bbox 377 5450 543 5505; x_wconf 82' lang='lat' dir='ltr'><strong>stella</strong></span> <span class='ocrx_word' id='word_1_771' title='bbox 566 5445 819 5518; x_wconf 88' lang='lat' dir='ltr'><strong>grandes,</strong></span> <span class='ocrx_word' id='word_1_772' title='bbox 869 5453 928 5496; x_wconf 88' lang='lat' dir='ltr'><strong>ut</strong></span> <span class='ocrx_word' id='word_1_773' title='bbox 967 5440 1153 5506; x_wconf 90' lang='lat' dir='ltr'><strong>Orion,</strong></span> <span class='ocrx_word' id='word_1_774' title='bbox 1186 5439 1402 5495; x_wconf 84' lang='lat' dir='ltr'><strong>Bootes.</strong></span> <span class='ocrx_word' id='word_1_775' title='bbox 1441 5437 1546 5512; x_wconf 80' lang='lat' dir='ltr'><strong>Sed</strong></span> <span class='ocrx_word' id='word_1_776' title='bbox 1574 5439 1690 5493; x_wconf 85' lang='lat' dir='ltr'><strong>hac</strong></span> <span class='ocrx_word' id='word_1_777' title='bbox 1743 5439 1961 5492; x_wconf 89' lang='lat' dir='ltr'><strong>nomina</strong></span> 
     </span>
    </p>
   </div>
   <div class='ocr_carea' id='block_1_103' title="bbox 380 5531 1958 5611">
    <p class='ocr_par' dir='ltr' id='par_1_103' title="bbox 380 5531 1958 5611">
     <span class='ocr_line' id='line_1_103' title="bbox 380 5531 1958 5611; baseline -0.008 -14"><span class='ocrx_word' id='word_1_778' title='bbox 380 5543 668 5611; x_wconf 73' lang='lat' dir='ltr'><strong>scriptores</strong></span> <span class='ocrx_word' id='word_1_779' title='bbox 700 5539 1055 5597; x_wconf 77' lang='lat' dir='ltr'><strong>confundunt,</strong></span> <span class='ocrx_word' id='word_1_780' title='bbox 1109 5546 1162 5589; x_wconf 82' lang='lat' dir='ltr'><strong>ct</strong></span> <span class='ocrx_word' id='word_1_781' title='bbox 1197 5545 1342 5590; x_wconf 87' lang='lat' dir='ltr'><strong>astra</strong></span> <span class='ocrx_word' id='word_1_782' title='bbox 1376 5551 1474 5602; x_wconf 81' lang='lat' dir='ltr'><strong>pro</strong></span> <span class='ocrx_word' id='word_1_783' title='bbox 1511 5533 1699 5597; x_wconf 76' lang='lat' dir='ltr'><strong>stellis,</strong></span> <span class='ocrx_word' id='word_1_784' title='bbox 1733 5543 1787 5586; x_wconf 85' lang='lat' dir='ltr'><strong>et</strong></span> <span class='ocrx_word' id='word_1_785' title='bbox 1827 5531 1958 5587; x_wconf 87' lang='lat' dir='ltr'><strong>stel-</strong></span> 
     </span>
    </p>
   </div>
   <div class='ocr_carea' id='block_1_104' title="bbox 379 5627 1954 5706">
    <p class='ocr_par' dir='ltr' id='par_1_104' title="bbox 379 5627 1954 5706">
     <span class='ocr_line' id='line_1_104' title="bbox 379 5627 1954 5706; baseline -0.01 -15"><span class='ocrx_word' id='word_1_786' title='bbox 379 5637 458 5691; x_wconf 87' lang='lat' dir='ltr'><strong>las</strong></span> <span class='ocrx_word' id='word_1_787' title='bbox 491 5651 588 5706; x_wconf 92' lang='lat' dir='ltr'><strong>pro</strong></span> <span class='ocrx_word' id='word_1_788' title='bbox 617 5633 884 5687; x_wconf 87' lang='lat' dir='ltr'><strong>sideribus</strong></span> <span class='ocrx_word' id='word_1_789' title='bbox 923 5641 1146 5700; x_wconf 87' lang='lat' dir='ltr'><strong>ponunt.</strong></span> <span class='ocrx_word' id='word_1_790' title='bbox 1187 5629 1251 5681; x_wconf 70' lang='lat' dir='ltr'><strong>Et</strong></span> <span class='ocrx_word' id='word_1_791' title='bbox 1276 5627 1441 5681; x_wconf 77' lang='lat' dir='ltr'><strong>stella:</strong></span> <span class='ocrx_word' id='word_1_792' title='bbox 1468 5643 1573 5681; x_wconf 90' lang='lat' dir='ltr'><strong>non</strong></span> <span class='ocrx_word' id='word_1_793' title='bbox 1604 5627 1802 5680; x_wconf 84' lang='lat' dir='ltr'><strong>habere</strong></span> <span class='ocrx_word' id='word_1_794' title='bbox 1825 5640 1954 5694; x_wconf 88' lang='lat' dir='ltr'><strong>pro-</strong></span> 
     </span>
    </p>
   </div>
   <div class='ocr_carea' id='block_1_105' title="bbox 378 5716 1961 5800">
    <p class='ocr_par' dir='ltr' id='par_1_105' title="bbox 378 5716 1961 5800">
     <span class='ocr_line' id='line_1_105' title="bbox 378 5716 1961 5800; baseline -0.008 -18"><span class='ocrx_word' id='word_1_795' title='bbox 378 5729 560 5800; x_wconf 85' lang='lat' dir='ltr'><strong>prium</strong></span> <span class='ocrx_word' id='word_1_796' title='bbox 599 5727 800 5792; x_wconf 86' lang='lat' dir='ltr'><strong>lumen,</strong></span> <span class='ocrx_word' id='word_1_797' title='bbox 836 5723 931 5780; x_wconf 78' lang='lat' dir='ltr'><strong>sed</strong></span> <span class='ocrx_word' id='word_1_798' title='bbox 961 5739 991 5775; x_wconf 87' lang='lat' dir='ltr'><strong>a</strong></span> <span class='ocrx_word' id='word_1_799' title='bbox 1024 5720 1137 5776; x_wconf 84' lang='lat' dir='ltr'><strong>sole</strong></span> <span class='ocrx_word' id='word_1_800' title='bbox 1187 5719 1475 5774; x_wconf 87' lang='lat' dir='ltr'><strong>illuminari</strong></span> <span class='ocrx_word' id='word_1_801' title='bbox 1507 5718 1781 5783; x_wconf 89' lang='lat' dir='ltr'><strong>dicuntur,</strong></span> <span class='ocrx_word' id='word_1_802' title='bbox 1821 5716 1961 5770; x_wconf 81' lang='lat' dir='ltr'><strong>sicut</strong></span> 
     </span>
    </p>
   </div>
   <div class='ocr_carea' id='block_1_106' title="bbox 2072 4600 3668 4676">
    <p class='ocr_par' dir='ltr' id='par_1_106' title="bbox 2072 4600 3668 4676">
     <span class='ocr_line' id='line_1_106' title="bbox 2072 4600 3668 4676; baseline 0.003 -20"><span class='ocrx_word' id='word_1_803' title='bbox 2072 4601 2430 4656; x_wconf 87' lang='lat' dir='ltr'><strong>animadverti</strong></span> <span class='ocrx_word' id='word_1_804' title='bbox 2459 4608 2659 4670; x_wconf 89' lang='lat' dir='ltr'><strong>potest.</strong></span> <span class='ocrx_word' id='word_1_805' title='bbox 2711 4600 2800 4655; x_wconf 85' lang='lat' dir='ltr'><strong>Ait</strong></span> <span class='ocrx_word' id='word_1_806' title='bbox 2827 4601 2973 4655; x_wconf 90' lang='lat' dir='ltr'><strong>enim</strong></span> <span class='ocrx_word' id='word_1_807' title='bbox 3007 4620 3020 4655; x_wconf 91' lang='lat'><strong>:</strong></span> <span class='ocrx_word' id='word_1_808' title='bbox 3054 4601 3309 4674; x_wconf 86' lang='lat' dir='ltr'><strong>Nunquid</strong></span> <span class='ocrx_word' id='word_1_809' title='bbox 3328 4606 3555 4676; x_wconf 85' lang='lat' dir='ltr'><strong>jungere</strong></span> <span class='ocrx_word' id='word_1_810' title='bbox 3578 4625 3668 4661; x_wconf 83' lang='lat' dir='ltr'><strong>va-</strong></span> 
     </span>
    </p>
   </div>
   <div class='ocr_carea' id='block_1_107' title="bbox 2071 4689 3666 4764">
    <p class='ocr_par' dir='ltr' id='par_1_107' title="bbox 2071 4689 3666 4764">
     <span class='ocr_line' id='line_1_107' title="bbox 2071 4689 3666 4764; baseline 0.004 -19"><span class='ocrx_word' id='word_1_811' title='bbox 2071 4691 2198 4748; x_wconf 88' lang='lat' dir='ltr'><strong>lebis</strong></span> <span class='ocrx_word' id='word_1_812' title='bbox 2247 4693 2497 4746; x_wconf 86' lang='lat' dir='ltr'><strong>micantes</strong></span> <span class='ocrx_word' id='word_1_813' title='bbox 2543 4689 2723 4746; x_wconf 83' lang='lat' dir='ltr'><strong>stellas</strong></span> <span class='ocrx_word' id='word_1_814' title='bbox 2765 4691 3044 4761; x_wconf 86' lang='lat' dir='ltr'><strong>pleiades?</strong></span> <span class='ocrx_word' id='word_1_815' title='bbox 3091 4703 3182 4747; x_wconf 89' lang='lat' dir='ltr'><strong>aut</strong></span> <span class='ocrx_word' id='word_1_816' title='bbox 3237 4710 3426 4764; x_wconf 80' lang='lat' dir='ltr'><strong>gyrum</strong></span> <span class='ocrx_word' id='word_1_817' title='bbox 3467 4698 3666 4752; x_wconf 81' lang='lat' dir='ltr'><strong>arcturi</strong></span> 
     </span>
    </p>
   </div>
   <div class='ocr_carea' id='block_1_108' title="bbox 2069 4784 3668 4862">
    <p class='ocr_par' dir='ltr' id='par_1_108' title="bbox 2069 4784 3668 4862">
     <span class='ocr_line' id='line_1_108' title="bbox 2069 4784 3668 4862; baseline 0.002 -21"><span class='ocrx_word' id='word_1_818' title='bbox 2069 4787 2264 4856; x_wconf 80' lang='lat' dir='ltr'><strong>poteris</strong></span> <span class='ocrx_word' id='word_1_819' title='bbox 2289 4785 2549 4854; x_wconf 84' lang='lat' dir='ltr'><strong>dissipare</strong></span> <span class='ocrx_word' id='word_1_820' title='bbox 2577 4784 2768 4853; x_wconf 85' lang='lat' dir='ltr'><strong>?(Job.</strong></span> <span class='ocrx_word' id='word_1_821' title='bbox 2797 4784 3048 4855; x_wconf 82' lang='lat' dir='ltr'><strong>xxxvin).</strong></span> <span class='ocrx_word' id='word_1_822' title='bbox 3092 4785 3336 4842; x_wconf 88' lang='lat' dir='ltr'><strong>Pleiades</strong></span> <span class='ocrx_word' id='word_1_823' title='bbox 3367 4789 3540 4844; x_wconf 86' lang='lat' dir='ltr'><strong>stella</strong></span> <span class='ocrx_word' id='word_1_824' title='bbox 3564 4805 3668 4862; x_wconf 91' lang='lat' dir='ltr'><strong>apo</strong></span> 
     </span>
    </p>
   </div>
   <div class='ocr_carea' id='block_1_109' title="bbox 2073 4877 3667 4949">
    <p class='ocr_par' dir='ltr' id='par_1_109' title="bbox 2073 4877 3667 4949">
     <span class='ocr_line' id='line_1_109' title="bbox 2073 4877 3667 4949; baseline 0.004 -17"><span class='ocrx_word' id='word_1_825' title='bbox 2073 4888 2162 4933; x_wconf 90' lang='lat' dir='ltr'><strong>tou</strong></span> <span class='ocrx_word' id='word_1_826' title='bbox 2183 4878 2460 4949; x_wconf 89' lang='lat' dir='ltr'><strong>pleioteta,</strong></span> <span class='ocrx_word' id='word_1_827' title='bbox 2478 4878 2529 4930; x_wconf 89' lang='lat' dir='ltr'><strong>id</strong></span> <span class='ocrx_word' id='word_1_828' title='bbox 2547 4885 2649 4943; x_wconf 90' lang='lat' dir='ltr'><strong>est,</strong></span> <span class='ocrx_word' id='word_1_829' title='bbox 2669 4893 2697 4930; x_wconf 89' lang='lat' dir='ltr'><strong>a</strong></span> <span class='ocrx_word' id='word_1_830' title='bbox 2729 4877 3040 4948; x_wconf 87' lang='lat' dir='ltr'><strong>pluralitate</strong></span> <span class='ocrx_word' id='word_1_831' title='bbox 3052 4889 3256 4934; x_wconf 81' lang='lat' dir='ltr'><strong>vocata</strong></span> <span class='ocrx_word' id='word_1_832' title='bbox 3275 4890 3403 4935; x_wconf 91' lang='lat' dir='ltr'><strong>sunt</strong></span> <span class='ocrx_word' id='word_1_833' title='bbox 3430 4900 3441 4934; x_wconf 84' lang='lat'><strong>:</strong></span> <span class='ocrx_word' id='word_1_834' title='bbox 3474 4883 3549 4937; x_wconf 90' lang='lat' dir='ltr'><strong>ita</strong></span> <span class='ocrx_word' id='word_1_835' title='bbox 3571 4899 3667 4938; x_wconf 84' lang='lat' dir='ltr'><strong>au-</strong></span> 
     </span>
    </p>
   </div>
   <div class='ocr_carea' id='block_1_110' title="bbox 2075 4967 3667 5035">
    <p class='ocr_par' dir='ltr' id='par_1_110' title="bbox 2075 4967 3667 5035">
     <span class='ocr_line' id='line_1_110' title="bbox 2075 4967 3667 5035; baseline 0.004 -12"><span class='ocrx_word' id='word_1_836' title='bbox 2075 4976 2182 5023; x_wconf 89' lang='lat' dir='ltr'><strong>tem</strong></span> <span class='ocrx_word' id='word_1_837' title='bbox 2213 4968 2404 5023; x_wconf 85' lang='lat' dir='ltr'><strong>vicina</strong></span> <span class='ocrx_word' id='word_1_838' title='bbox 2427 4967 2528 5022; x_wconf 89' lang='lat' dir='ltr'><strong>sibi</strong></span> <span class='ocrx_word' id='word_1_839' title='bbox 2557 4976 2612 5023; x_wconf 90' lang='lat' dir='ltr'><strong>et</strong></span> <span class='ocrx_word' id='word_1_840' title='bbox 2661 4967 2847 5024; x_wconf 83' lang='lat' dir='ltr'><strong>divisae</strong></span> <span class='ocrx_word' id='word_1_841' title='bbox 2893 4979 3021 5023; x_wconf 89' lang='lat' dir='ltr'><strong>sunt</strong></span> <span class='ocrx_word' id='word_1_842' title='bbox 3062 4970 3310 5035; x_wconf 81' lang='lat' dir='ltr'><strong>condita,</strong></span> <span class='ocrx_word' id='word_1_843' title='bbox 3342 4979 3402 5025; x_wconf 90' lang='lat' dir='ltr'><strong>ut</strong></span> <span class='ocrx_word' id='word_1_844' title='bbox 3425 4980 3482 5027; x_wconf 87' lang='lat' dir='ltr'><strong>et</strong></span> <span class='ocrx_word' id='word_1_845' title='bbox 3503 4972 3667 5029; x_wconf 86' lang='lat' dir='ltr'><strong>simul</strong></span> 
     </span>
    </p>
   </div>
   <div class='ocr_carea' id='block_1_111' title="bbox 2071 5059 3666 5134">
    <p class='ocr_par' dir='ltr' id='par_1_111' title="bbox 2071 5059 3666 5134">
     <span class='ocr_line' id='line_1_111' title="bbox 2071 5059 3666 5134; baseline 0.004 -20"><span class='ocrx_word' id='word_1_846' title='bbox 2071 5061 2198 5124; x_wconf 86' lang='lat' dir='ltr'><strong>sint,</strong></span> <span class='ocrx_word' id='word_1_847' title='bbox 2240 5069 2293 5114; x_wconf 90' lang='lat' dir='ltr'><strong>ct</strong></span> <span class='ocrx_word' id='word_1_848' title='bbox 2319 5060 2499 5114; x_wconf 82' lang='lat' dir='ltr'><strong>tamen</strong></span> <span class='ocrx_word' id='word_1_849' title='bbox 2531 5059 2786 5130; x_wconf 88' lang='lat' dir='ltr'><strong>conjungi</strong></span> <span class='ocrx_word' id='word_1_850' title='bbox 2815 5075 3158 5130; x_wconf 88' lang='lat' dir='ltr'><strong>nequaquam</strong></span> <span class='ocrx_word' id='word_1_851' title='bbox 3211 5063 3442 5132; x_wconf 78' lang='lat' dir='ltr'><strong>possint,</strong></span> <span class='ocrx_word' id='word_1_852' title='bbox 3475 5075 3666 5134; x_wconf 84' lang='lat' dir='ltr'><strong>quate-</strong></span> 
     </span>
    </p>
   </div>
   <div class='ocr_carea' id='block_1_112' title="bbox 2073 5149 3664 5223">
    <p class='ocr_par' dir='ltr' id='par_1_112' title="bbox 2073 5149 3664 5223">
     <span class='ocr_line' id='line_1_112' title="bbox 2073 5149 3664 5223; baseline 0.004 -18"><span class='ocrx_word' id='word_1_853' title='bbox 2073 5167 2172 5207; x_wconf 91' lang='lat' dir='ltr'><strong>nus</strong></span> <span class='ocrx_word' id='word_1_854' title='bbox 2202 5153 2256 5206; x_wconf 88' lang='lat' dir='ltr'><strong>in</strong></span> <span class='ocrx_word' id='word_1_855' title='bbox 2284 5152 2502 5207; x_wconf 90' lang='lat' dir='ltr'><strong>civitate</strong></span> <span class='ocrx_word' id='word_1_856' title='bbox 2525 5151 2745 5223; x_wconf 87' lang='lat' dir='ltr'><strong>quidem</strong></span> <span class='ocrx_word' id='word_1_857' title='bbox 2771 5149 3076 5219; x_wconf 83' lang='lat' dir='ltr'><strong>conjuncta</strong></span> <span class='ocrx_word' id='word_1_858' title='bbox 3107 5153 3235 5220; x_wconf 90' lang='lat' dir='ltr'><strong>sint,</strong></span> <span class='ocrx_word' id='word_1_859' title='bbox 3261 5154 3355 5210; x_wconf 90' lang='lat' dir='ltr'><strong>sed</strong></span> <span class='ocrx_word' id='word_1_860' title='bbox 3382 5164 3530 5212; x_wconf 86' lang='lat' dir='ltr'><strong>tactu</strong></span> <span class='ocrx_word' id='word_1_861' title='bbox 3556 5156 3664 5212; x_wconf 77' lang='lat' dir='ltr'><strong>dis—</strong></span> 
     </span>
    </p>
   </div>
   <div class='ocr_carea' id='block_1_113' title="bbox 2063 5244 2284 5313">
    <p class='ocr_par' dir='ltr' id='par_1_113' title="bbox 2063 5244 2284 5313">
     <span class='ocr_line' id='line_1_113' title="bbox 2063 5244 2284 5313; baseline -0.005 -13"><span class='ocrx_word' id='word_1_862' title='bbox 2063 5244 2284 5313; x_wconf 83' lang='lat' dir='ltr'><strong>juncta.</strong></span> 
     </span>
    </p>
   </div>
   <div class='ocr_carea' id='block_1_114' title="bbox 2629 5337 3068 5394">
    <p class='ocr_par' dir='ltr' id='par_1_114' title="bbox 2629 5337 3068 5394">
     <span class='ocr_line' id='line_1_114' title="bbox 2629 5337 3068 5394; baseline 0 -1"><span class='ocrx_word' id='word_1_863' title='bbox 2629 5337 2887 5394; x_wconf 84' lang='lat' dir='ltr'><strong>‘CAPUT</strong></span> <span class='ocrx_word' id='word_1_864' title='bbox 2933 5337 3068 5394; x_wconf 80' lang='lat' dir='ltr'><strong>XII].</strong></span> 
     </span>
    </p>
   </div>
   <div class='ocr_carea' id='block_1_115' title="bbox 2693 5431 3043 5487">
    <p class='ocr_par' dir='ltr' id='par_1_115' title="bbox 2693 5431 3043 5487">
     <span class='ocr_line' id='line_1_115' title="bbox 2693 5431 3043 5487; baseline 0.003 -3"><span class='ocrx_word' id='word_1_865' title='bbox 2693 5431 2770 5485; x_wconf 91' lang='lat' dir='ltr'><strong>De</strong></span> <span class='ocrx_word' id='word_1_866' title='bbox 2797 5432 3043 5487; x_wconf 87' lang='lat' dir='ltr'><strong>Arcturo.</strong></span> 
     </span>
    </p>
   </div>
   <div class='ocr_carea' id='block_1_116' title="bbox 2136 5526 3666 5596">
    <p class='ocr_par' dir='ltr' id='par_1_116' title="bbox 2136 5526 3666 5596">
     <span class='ocr_line' id='line_1_116' title="bbox 2136 5526 3666 5596; baseline 0.001 -13"><span class='ocrx_word' id='word_1_867' title='bbox 2136 5531 2398 5584; x_wconf 85' lang='lat' dir='ltr'><strong>Arcturus</strong></span> <span class='ocrx_word' id='word_1_868' title='bbox 2430 5541 2556 5581; x_wconf 86' lang='lat' dir='ltr'><strong>vero</strong></span> <span class='ocrx_word' id='word_1_869' title='bbox 2588 5526 2658 5579; x_wconf 91' lang='lat' dir='ltr'><strong>ita</strong></span> <span class='ocrx_word' id='word_1_870' title='bbox 2687 5535 2948 5580; x_wconf 91' lang='lat' dir='ltr'><strong>nocturna</strong></span> <span class='ocrx_word' id='word_1_871' title='bbox 2976 5535 3216 5596; x_wconf 88' lang='lat' dir='ltr'><strong>tempora</strong></span> <span class='ocrx_word' id='word_1_872' title='bbox 3243 5526 3496 5593; x_wconf 66' lang='lat' dir='ltr'><strong>illustrat,</strong></span> <span class='ocrx_word' id='word_1_873' title='bbox 3525 5537 3582 5581; x_wconf 90' lang='lat' dir='ltr'><strong>ut</strong></span> <span class='ocrx_word' id='word_1_874' title='bbox 3609 5529 3666 5585; x_wconf 90' lang='lat' dir='ltr'><strong>in</strong></span> 
     </span>
    </p>
   </div>
   <div class='ocr_carea' id='block_1_117' title="bbox 2066 5620 3670 5690">
    <p class='ocr_par' dir='ltr' id='par_1_117' title="bbox 2066 5620 3670 5690">
     <span class='ocr_line' id='line_1_117' title="bbox 2066 5620 3670 5690; baseline -0.001 -12"><span class='ocrx_word' id='word_1_875' title='bbox 2066 5623 2186 5678; x_wconf 80' lang='lat' dir='ltr'><strong>coeli</strong></span> <span class='ocrx_word' id='word_1_876' title='bbox 2218 5638 2318 5676; x_wconf 81' lang='lat' dir='ltr'><strong>axe</strong></span> <span class='ocrx_word' id='word_1_877' title='bbox 2345 5620 2552 5690; x_wconf 90' lang='lat' dir='ltr'><strong>positus</strong></span> <span class='ocrx_word' id='word_1_878' title='bbox 2578 5637 2673 5689; x_wconf 89' lang='lat' dir='ltr'><strong>per</strong></span> <span class='ocrx_word' id='word_1_879' title='bbox 2700 5622 2910 5677; x_wconf 88' lang='lat' dir='ltr'><strong>diversa</strong></span> <span class='ocrx_word' id='word_1_880' title='bbox 2939 5635 2998 5676; x_wconf 89' lang='lat' dir='ltr'><strong>se</strong></span> <span class='ocrx_word' id='word_1_881' title='bbox 3019 5629 3213 5686; x_wconf 86' lang='lat' dir='ltr'><strong>vertat,</strong></span> <span class='ocrx_word' id='word_1_882' title='bbox 3245 5638 3343 5676; x_wconf 89' lang='lat' dir='ltr'><strong>nec</strong></span> <span class='ocrx_word' id='word_1_883' title='bbox 3372 5630 3553 5675; x_wconf 88' lang='lat' dir='ltr'><strong>tamen</strong></span> <span class='ocrx_word' id='word_1_884' title='bbox 3581 5637 3670 5676; x_wconf 83' lang='lat' dir='ltr'><strong>oe-</strong></span> 
     </span>
    </p>
   </div>
   <div class='ocr_carea' id='block_1_118' title="bbox 2067 5712 3664 5782">
    <p class='ocr_par' dir='ltr' id='par_1_118' title="bbox 2067 5712 3664 5782">
     <span class='ocr_line' id='line_1_118' title="bbox 2067 5712 3664 5782; baseline 0.001 -15"><span class='ocrx_word' id='word_1_885' title='bbox 2067 5715 2227 5769; x_wconf 72' lang='lat' dir='ltr'><strong>t-idat.</strong></span> <span class='ocrx_word' id='word_1_886' title='bbox 2288 5712 2469 5782; x_wconf 76' lang='lat' dir='ltr'><strong>Neque</strong></span> <span class='ocrx_word' id='word_1_887' title='bbox 2513 5713 2654 5768; x_wconf 87' lang='lat' dir='ltr'><strong>enim</strong></span> <span class='ocrx_word' id='word_1_888' title='bbox 2696 5721 2849 5767; x_wconf 78' lang='lat' dir='ltr'><strong>extra</strong></span> <span class='ocrx_word' id='word_1_889' title='bbox 2888 5727 3114 5770; x_wconf 84' lang='lat' dir='ltr'><strong>currens</strong></span> <span class='ocrx_word' id='word_1_890' title='bbox 3153 5713 3406 5780; x_wconf 87' lang='lat' dir='ltr'><strong>volvitur,</strong></span> <span class='ocrx_word' id='word_1_891' title='bbox 3461 5713 3556 5769; x_wconf 86' lang='lat' dir='ltr'><strong>sed</strong></span> <span class='ocrx_word' id='word_1_892' title='bbox 3608 5712 3664 5770; x_wconf 88' lang='lat' dir='ltr'><strong>iu</strong></span> 
     </span>
    </p>
   </div>
  </div>
