3930 6354
199 475 295 532 2⁵15

1170 465 1258 524 DE
1301 465 1654 525 UNIVERSO
1693 465 1869 522 LIBRI
1912 464 2079 521 XXII.
2118 493 2190 508 ι·-
2223 467 2356 524 LIB.
2396 467 2489 522 IX.

3347 467 3450 522 9.76

192 587 297 643 loco
318 586 444 641 situs
492 597 525 635 n
553 581 764 636 cunctis
791 581 977 635 mundi
1022 581 1265 650 partibus
1295 594 1637 650 nequaquam
1666 593 1755 632 ca-
1782 587 1832 640 Α
1859 575 1926 629 ad
1953 576 2076 630 εωιὶ
2108 575 2299 630 faciem
2343 577 2628 643 prodeunt,
2661 584 2714 629 et
2742 588 2866 630 cum
2906 574 2982 628 sol
3003 573 3113 642 jam
3144 576 3342 632 caloris
3371 578 3454 630 sui

193 693 334 736 turus
357 673 654 730 inclinatur.
684 671 823 740 Quid
845 674 989 727 enim
1013 671 1276 727 micantes
1299 671 1544 726 Pleiades
1567 685 1685 740 quae
1701 677 1759 725 et

192 776 375 838 septem
416 761 555 816 aliud
585 777 748 831 quam
779 769 996 818 sanctos
1046 775 1235 817 omnes
1282 760 1634 824 denuntiant,
1663 760 1756 830 qui

192 859 316 914 inter
352 854 630 924 praesentis
675 854 803 908 vitae
853 853 1106 908 tenebras
1150 853 1385 924 Spiritus
1425 851 1758 923 septiformis

189 945 355 1020 gratia:
377 959 472 999 nos
494 944 698 999 lumine
718 943 1031 998 illustrant?
1052 943 1178 1013 quia
1208 944 1277 999 ab
1296 943 1415 1014 ipsa
1436 942 1623 998 mundi
1650 941 1759 996 ori-

189 1038 295 1110 gine
314 1050 476 1106 usque
501 1035 571 1090 ad
597 1035 714 1105 ejus
744 1035 1040 1091 terminum
1078 1034 1308 1090 diversis
1333 1035 1662 1105 temporibus
1690 1034 1759 1089 ad

187 1128 592 1201 prophetandum
637 1127 834 1194 missi,
877 1128 1033 1200 juxta
1080 1127 1284 1198 aliquid
1334 1129 1435 1184 sibi
1483 1128 1759 1197 conjuncti

186 1228 313 1284 sunt,
345 1225 397 1274 et
419 1217 573 1287 juxta
623 1218 826 1289 aliquid
879 1234 987 1274 non
1039 1218 1338 1289 conjuncti.
1390 1217 1570 1274 Stellae
1614 1219 1757 1274 enim

183 1312 406 1369 Pleiades
435 1314 599 1384 (sicut
619 1328 785 1382 supra
814 1313 1016 1368 dictum
1039 1311 1144 1385 est)
1177 1313 1230 1367 in
1256 1313 1478 1368 civitate
1498 1312 1603 1367 sibi
1625 1327 1756 1367 eon-

179 1402 360 1473 junctae
406 1413 569 1468 sunt,
612 1411 758 1458 tactu
809 1403 1131 1473 disjunctae:
1189 1403 1346 1458 simul
1397 1401 1612 1471 quidem
1644 1402 1761 1456 siue

183 1504 315 1561 sunt,
330 1503 396 1550 'et
430 1503 610 1548 tamen
645 1495 779 1550 lucis
804 1510 916 1550 suae
951 1495 1242 1549 vicinitatis
1265 1491 1553 1566 [vicissim]
1578 1492 1759 1548 radios

182 1588 410 1644 fundunt.
426 1587 500 1642 Ita
517 1588 693 1642 sancti
708 1603 897 1644 omnes
922 1588 1043 1642 aliis
1066 1597 1228 1658 atque
1244 1587 1366 1642 aliis
1379 1586 1447 1641 ad
1467 1585 1762 1656 praedican-

183 1677 298 1732 dum
319 1678 650 1746 temporibus
679 1684 1005 1746 apparentes
1029 1695 1042 1730 :
1067 1686 1120 1731 et
1145 1675 1397 1744 disjuncti
1424 1685 1548 1731 sunt
1573 1688 1669 1745 per
1682 1672 1762 1728 vi-

181 1768 372 1824 sionem
397 1781 505 1821 sum
539 1782 770 1837 magnus
801 1766 1062 1840 [manus],
1082 1775 1138 1822 et
1160 1766 1437 1836 conjuncti
1461 1782 1556 1837 per
1583 1766 1759 1820 inten-

182 1857 365 1912 tionem
385 1857 605 1912 mentis.
635 1856 807 1912 Simul
835 1859 1059 1922 micant,
1088 1858 1214 1929 quia
1232 1874 1399 1913 unum
1427 1857 1754 1930 praedicant:

177 1947 263 2002 sed
283 1958 383 2002 non
409 1947 731 2017 semetipsos
754 1955 998 2016 tangunt,
1033 1949 1159 2018 quia
1180 1949 1407 2004 diversis
1429 1948 1759 2019 temporibus
1787 1931 1834 1991 Β

178 2037 456 2105 patiuntur.
504 2036 683 2103 Quam
724 2037 955 2092 diversis
991 2038 1326 2108 temporibus
1359 2038 1513 2105 Abel,
1568 2039 1752 2103 Isaias,

177 2133 224 2180 et
284 2125 512 2181 Joannes
589 2128 990 2196 apparuerunt!
1041 2127 1211 2182 Divisi
1258 2129 1473 2196 quidem
1515 2136 1760 2196 tempore

177 2213 392 2281 fuerunt,
435 2215 530 2272 sed
587 2230 696 2270 non
735 2217 1135 2287 praedicatione.
1186 2217 1244 2272 In
1284 2217 1517 2273 Arcturo
1553 2227 1756 2283 autem,

179 2307 259 2376 qui
284 2322 375 2378 per
401 2323 597 2379 gyrum
630 2323 786 2363 suum
819 2317 1082 2364 nocturna
1114 2308 1290 2378 spatia
1329 2324 1435 2364 non
1466 2324 1761 2369 occasurus

178 2397 413 2463 illustrat,
445 2413 794 2469 nequaquam
819 2398 1187 2468 particulatim
1219 2399 1362 2454 edita
1387 2399 1500 2454 vita
1539 2407 1758 2455 sancto-

178 2504 305 2551 rum,
331 2489 424 2544 sed
452 2498 572 2544 tota
600 2489 760 2543 simul
786 2490 1028 2545 Ecclesia
1058 2491 1392 2560 designatur,
1427 2507 1546 2561 quae
1572 2492 1762 2562 fatiga-

176 2581 339 2636 tiones
380 2581 606 2651 quidem
632 2580 856 2650 patitur,
889 2595 991 2634 nee
1032 2588 1211 2634 tamen
1243 2581 1310 2635 ad
1335 2581 1602 2636 defectum
1641 2598 1758 2652 pro-

177 2672 272 2742 prii
311 2680 482 2726 status
513 2671 831 2728 inclinatur.
881 2670 1086 2742 Gyrum
1126 2671 1375 2728 laborum
1406 2672 1621 2738 tolerat,
1669 2672 1767 2728 sed

179 2764 239 2818 ad
282 2778 534 2819 occasum
565 2779 691 2819 cum
746 2764 1076 2834 temporibus
1132 2780 1241 2819 non
1275 2762 1518 2819 festinat.
1579 2765 1768 2837 Neque

179 2853 309 2908 enim
347 2855 413 2908 ad
441 2856 552 2908 ima
580 2854 691 2925 poli
729 2853 996 2909 Arcturus
1042 2870 1166 2909 cum
1210 2861 1479 2911 nocturno
1526 2863 1768 2926 tempore

180 2944 378 2999 ducitur
405 2985 419 3011 ,
470 2944 570 3001 sed
601 2945 729 2999 dum
781 2944 898 3015 ipse
928 2944 1181 3009 volvitur,
1221 2959 1329 3000 nox
1368 2943 1589 3000 finitur:
1641 2945 1768 3016 quia

180 3033 421 3089 nimirum
468 3036 602 3090 dum
634 3044 820 3090 sancta
850 3035 1092 3090 Ecclesia
1121 3034 1423 3090 innumeris
1468 3035 1771 3091 tribulatio-

177 3125 322 3181 nibus
349 3127 599 3197 quatitur
623 3167 638 3192 ,
698 3126 983 3197 prtesentis
1009 3125 1134 3182 vitae
1177 3125 1372 3180 umbra
1422 3125 1769 3194 terminatur,

180 3227 336 3284 eaque
366 3225 544 3272 stante
595 3231 702 3271 nox
728 3217 1006 3286 praeterit;
1045 3216 1194 3286 quia,
1226 3215 1318 3271 illa
1342 3215 1396 3271 in
1426 3231 1522 3271 sua
1562 3216 1769 3272 incolu-

178 3306 352 3363 mitate
372 3310 726 3378 perdurante,
782 3309 1084 3365 mortalitas
1127 3310 1290 3380 hujus
1327 3310 1450 3365 vitae
1476 3311 1766 3381 percurrit.

179 3396 350 3455 Potest
387 3416 522 3472 ergo
548 3417 651 3472 per
673 3400 984 3469 Arcturum,
1024 3401 1177 3471 quia
1218 3401 1393 3472 plagis
1434 3401 1649 3474 frigoris
1674 3418 1771 3458 na-

179 3493 356 3560 scitur,
397 3494 516 3558 lex;
547 3509 650 3565 per
675 3494 918 3550 Pleiades
962 3510 1112 3561 vero,
1146 3511 1264 3565 quae
1300 3497 1370 3552 ab
1403 3495 1623 3554 Oriente
1653 3514 1774 3554 sur-

179 3592 318 3652 gunt,
356 3583 673 3639 testamenti
722 3584 848 3641 novi
875 3584 1051 3654 gratia
1095 3585 1387 3658 designari.
1421 3585 1586 3654 Quasi
1625 3588 1771 3645 enim

180 3673 244 3728 ab
264 3673 533 3744 Aquilone
562 3674 651 3728 lex
677 3683 924 3741 venerat,
959 3690 1079 3746 quae
1113 3683 1263 3730 tanta
1308 3677 1554 3734 subditos
1581 3676 1772 3749 rigidi-

180 3765 299 3819 tatis
327 3765 630 3835 asperitate
658 3765 918 3831 terrebat,
951 3765 1078 3820 dum
1122 3782 1221 3836 pro
1251 3766 1425 3837 culpis
1477 3767 1590 3823 suis
1637 3767 1774 3824 alios

179 3855 488 3933 praeciperet
535 3855 809 3925 lapidibus
847 3856 1025 3922 obrui,
1063 3857 1198 3913 alios
1229 3857 1389 3928 gladii
1417 3869 1593 3916 morte
1628 3861 1773 3915 mul-

182 3945 276 3999 tari
302 3964 313 3998 :
343 3945 602 4001 Pleiades
627 3961 781 4014 vero,
804 3962 924 4018 qua:
942 3947 1072 4017 ipsa:
1094 3963 1308 4017 quoque
1333 3947 1498 4020 (sicut
1527 3951 1775 4019 superius

182 4035 427 4109 diximus)
456 4045 670 4108 septem
693 4047 840 4098 sunt.
871 4039 1184 4094 testamenti
1215 4039 1339 4094 novi
1368 4040 1598 4109 gratiam
1622 4048 1774 4095 tanto

183 4129 415 4198 apertius
464 4129 734 4194 indicant,
767 4137 970 4197 quanto
997 4130 1178 4184 cuncti
1229 4128 1432 4198 liquido
1477 4128 1772 4196 cernimus,

185 4217 317 4289 quod
345 4232 445 4288 per
475 4217 612 4272 illud
650 4216 836 4272 ﬁdeles
862 4233 989 4273 suos
1011 4227 1233 4274 sanctus
1261 4217 1497 4288 Spiritus
1523 4217 1776 4289 septifor—

184 4313 279 4366 mis
344 4311 596 4366 muneris
667 4309 871 4364 lumine
937 4310 1192 4365 illustrat.
1251 4309 1479 4382 Quaqua
1540 4325 1672 4382 ergo
1718 4327 1778 4367 se

184 4402 442 4458 Arcturus
476 4401 668 4468 vertit,
696 4400 944 4455 Pleiades
966 4401 1201 4456 ostendit
1231 4419 1244 4469 ;
1278 4404 1402 4473 quia
1449 4418 1548 4474 per
1594 4418 1774 4470 omne,

187 4493 321 4561 quod
349 4491 766 4547 Testamentum
799 4490 966 4544 Vetus
995 4491 1254 4560 loquitur,
1279 4491 1610 4547 Testamenti
1641 4493 1776 4549 Novi

188 4597 345 4654 opera
365 4583 730 4639 nuntiantur:
755 4581 854 4636 sub
875 4589 1026 4636 textu
1050 4582 1192 4636 enim
1215 4581 1408 4640 litterae
1431 4583 1632 4656 tegitur
1653 4599 1775 4655 my-

185 4674 404 4731 sterium
429 4673 775 4746 prophetiae.-

783 4763 1012 4820 CAPUT
1048 4765 1188 4821 XIV.

631 4857 708 4911 De
735 4855 928 4912 Orione
957 4869 1002 4912 et
1040 4858 1335 4928 Hyadibus.

255 4953 330 5009 De
357 4951 570 5009 Orione
600 4959 783 5005 autem
810 4958 864 5004 et
891 4949 1168 5022 Hyadibus
1191 4951 1444 5007 similiter
1462 4952 1655 5008 beatus
1683 4951 1782 5009 Job

189 5045 647 5116 signiﬁcationem
667 5041 950 5112 mysticam
971 5043 1258 5112 expressit,
1287 5044 1470 5098 dicens
1496 5061 1508 5096 :
1537 5041 1642 5108 Qui
1662 5043 1783 5112 fecit

193 5138 473 5190 Arcturum
495 5144 544 5188 et
570 5133 798 5187 Orionas
812 5141 859 5185 et
875 5131 1087 5201 Hyades
1112 5141 1158 5185 et
1190 5133 1441 5186 interiora
1458 5130 1638 5186 Austri
1658 5131 1778 5203 (Job

193 5228 287 5296 Ix).
340 5226 580 5283 Oriones
627 5223 823 5293 quippe
872 5224 923 5276 in
961 5223 1077 5292 ipso
1113 5222 1350 5292 pondere
1376 5222 1632 5291 temporis
1661 5221 1778 5278 hie-

193 5319 344 5373 malis
392 5317 670 5376 oriuntur,
705 5328 909 5383 suoque
939 5321 1060 5368 ortu
1090 5319 1437 5382 tempestates
1459 5312 1698 5365 excitant
1727 5319 1782 5366 et

194 5410 361 5463 maria
412 5419 703 5475 terrasque
745 5404 1081 5474 perturbant.
1115 5403 1253 5470 Quid
1279 5418 1408 5474 ergo
1443 5412 1565 5472 post
1589 5402 1782 5458 Arctu—

194 5515 313 5552 rum
332 5514 432 5569 per
444 5497 681 5553 Orionas
707 5495 809 5549 nisi
844 5503 1109 5565 martyres
1129 5496 1480 5566 designantur
1502 5513 1516 5562 ;
1543 5495 1632 5564 qui
1655 5495 1780 5549 dum

195 5600 381 5647 sancta
424 5591 671 5646 Ecclesia
720 5589 788 5644 ad
840 5596 1040 5643 statum
1097 5586 1494 5657 praedicationis
1538 5585 1779 5656 erigitur,

193 5682 403 5753 pondus
452 5681 893 5751 persequentium
921 5720 935 5746 ,
999 5678 1382 5747 molestiasque
1439 5677 1646 5746 passuri
1717 5675 1784 5730 ad

198 5775 321 5831 cali
369 5773 570 5828 faciem
603 5773 760 5842 quasi
797 5772 851 5826 in
883 5771 1061 5826 hieme
1098 5778 1382 5823 venerunt.
1420 5766 1566 5821 Bene
1604 5775 1783 5820 autem

201 5865 438 5922 subdidit
478 5863 726 5934 protinus
751 5860 982 5932 Hyades,
1030 5875 1150 5931 quae
1191 5857 1576 5930 juveneseente
1619 5871 1784 5912 verno

1857 670 1999 723 vires
2021 667 2218 732 exerit,
2243 667 2627 722 extenduntur.
2653 665 2798 721 lllius
2809 666 3005 736 quippe
3022 666 3320 736 signivitiis
3341 669 3454 739 [ve-

1857 758 2053 830 stigiis]
2073 757 2356 823 inhaerent,
2375 758 2516 827 quod
2533 757 2802 827 sapientes
2812 754 2996 812 saeculi
3011 764 3224 812 taurum
3234 766 3457 823 vocant,

1858 867 1925 908 ex
1953 868 2061 924 quo
2103 851 2288 922 augeri
2334 850 2413 907 sol
2447 851 2656 922 incipit,
2689 862 2854 922 atque
2884 850 2952 905 ad
2977 849 3318 906 extendenda
3350 848 3457 905 diei

1859 947 2032 1015 spatia
2075 945 2374 1002 ferventior
2419 947 2680 1013 exsurgit.
2736 945 2837 1011 Qui
2886 945 3071 1015 itaque
3124 951 3249 1014 post
3290 943 3459 999 Orion

1859 1034 2105 1106 Hyadum
2146 1036 2388 1104 nomine,
2424 1035 2530 1090 nisi
2559 1036 2806 1090 doctores
2844 1044 3044 1092 sanctae
3080 1033 3335 1092 Ecclesia:
3365 1032 3462 1087 de-

1859 1126 2179 1199 signantur?
2207 1128 2298 1198 qui
2325 1128 2604 1184 subductis
2632 1129 2964 1201 martyribus
2992 1144 3058 1184 eo
3075 1127 3188 1196 jam
3219 1139 3463 1198 tempore

1861 1218 1927 1271 ad
1953 1217 2139 1274 mundi
2163 1220 2414 1275 notitiam
2442 1230 2729 1286 venerunt,
2759 1236 2865 1290 quo
2901 1220 3036 1276 ﬁdes
3058 1219 3258 1275 clarius
3287 1220 3465 1274 elucet

1860 1316 1934 1371 et,
1962 1325 2210 1379 repressa
2244 1311 2793 1376 inﬁdelitatisbiemc,
2819 1311 2980 1367 altius
3002 1311 3299 1381 praecordia
3330 1310 3466 1366 ﬁde-

1861 1398 1991 1451 lium
2041 1400 2122 1454 sol
2168 1402 2412 1456 veritatis
2440 1403 2582 1456 calet
2613 1400 2934 1474 [calefacit],
2969 1403 3061 1471 qui
3093 1409 3301 1456 remota
3327 1409 3465 1455 tem-

1860 1499 2073 1562 pestate
2102 1495 2512 1560 persecutionis,
2545 1495 2773 1564 expletis
2801 1495 2975 1565 longis
3001 1494 3251 1549 noctibus
3281 1491 3464 1548 infide-

1861 1581 2050 1641 litatis.
2084 1591 2211 1638 tunc
2255 1594 2455 1639 sanctae
2480 1586 2734 1640 Ecclesiae
2763 1588 2868 1640 orti
2898 1595 3046 1651 sunt,
3097 1602 3220 1640 cum
3268 1584 3316 1639 ei
3350 1586 3463 1656 jam

1861 1691 1958 1745 per
1987 1675 2326 1731 credulitatis
2377 1692 2604 1732 vernum
2660 1679 2888 1732 lucidior
2918 1693 3090 1733 annus
3134 1679 3460 1748 aperiretur.

1864 1765 1973 1820 Nec
1999 1766 2270 1821 immerito
2299 1767 2471 1822 sancti
2508 1767 2758 1822 doctores
2781 1767 3022 1837 llyadum
3063 1770 3465 1838 nuncupatione

1867 1857 2165 1927 signantur.
2213 1856 2400 1912 Grzeco
2433 1858 2630 1926 quippe
2667 1858 2880 1926 eloquio
2921 1857 3133 1929 Hyadas
3163 1858 3342 1928 pluvia
3373 1874 3468 1913 vo-

1862 1961 2046 2017 catur,
2072 1963 2126 2005 ct
2157 1949 2372 2020 Hyades
2421 1967 2620 2004 neuneu
2647 1966 2676 2002 a
2704 1950 2898 2019 pluviis
2941 1959 3284 2020 acceperunt,
3337 1949 3466 2019 quia

1861 2050 1994 2098 orta:
2013 2039 2380 2109 proculdubio
2405 2040 2605 2093 imbres
2633 2039 2833 2093 ferunt.
2880 2040 3022 2094 Bene
3046 2055 3176 2111 ergo
3217 2041 3464 2111 Hyadum

1862 2129 2222 2201 appellatione
2247 2129 2489 2198 expressi
2515 2139 2662 2192 sunt,
2697 2129 2823 2198 quia
2853 2131 2920 2182 ad
2946 2138 3145 2184 statum
3182 2131 3466 2185 universa-

1860 2222 1928 2286 lis
1951 2221 2207 2276 Ecclesia:
2226 2220 2381 2289 quasi
2405 2221 2458 2274 in
2492 2220 2614 2274 εαξη
2640 2219 2837 2274 faciem
2862 2220 3097 2286 deducti,
3122 2236 3286 2290 super
3315 2236 3468 2276 aren-

1861 2320 1972 2366 tem
2013 2319 2214 2366 terram
2261 2311 2484 2365 humani
2517 2311 2757 2381 pectoris
2805 2318 3010 2366 sancta-
3063 2312 3466 2380 praedicationis

1862 2402 2066 2459 imbres
2092 2401 2368 2457 fuderunt.
2422 2399 2559 2456 Cum
2587 2403 2732 2456 enim
2773 2401 3035 2456 dixisset:
3069 2402 3172 2468 Qui
3205 2403 3325 2471 fecit
3359 2404 3467 2457 Ar-

1863 2503 2069 2548 cturum
2108 2501 2155 2546 et
2183 2491 2384 2546 Oriona
2427 2500 2474 2545 et
2503 2490 2716 2561 Hyades
2745 2531 2760 2556 ,
2811 2493 3059 2560 protinus
3094 2493 3302 2547 addidit
3342 2507 3357 2547 :
3418 2501 3469 2548 et

1863 2585 2117 2638 interiora
2139 2582 2340 2636 Austri.
2367 2581 2510 2648 Quid
2532 2597 2765 2650 namque
2789 2585 2895 2640 hoc
2921 2586 2976 2640 in
3008 2584 3127 2640 loco
3146 2585 3331 2640 Austri
3365 2599 3466 2641 no—

1865 2675 2035 2739 mine,
2065 2673 2170 2728 nisi
2206 2671 2389 2729 fervor
2432 2674 2606 2728 sancti
2648 2673 2904 2744 Spiritus,
2951 2675 3303 2746 designatur?
3353 2673 3471 2742 Quo

1867 2765 1995 2819 dum
2025 2763 2262 2834 repletus
2287 2763 2518 2834 quisque
2558 2762 2742 2831 fuerit,
2775 2765 2843 2820 ad
2871 2781 3112 2821 amorem
3139 2766 3331 2835 patria:
3355 2765 3471 2835 spi-

1867 2853 2043 2910 ritalis
2072 2854 2323 2925 ignescit.
2356 2853 2619 2909 Interiora
2644 2869 2771 2926 ergo
2796 2855 2983 2909 Austri
3014 2865 3140 2910 sunt
3167 2856 3367 2911 occulti
3390 2854 3470 2910 illi

1869 2945 2184 3017 angelorum
2237 2945 2478 3008 ordines,
2519 2955 2574 3000 et
2610 2948 2967 3000 sacratissimi
3009 2947 3201 3018 patriae
3228 2946 3472 3004 caelestis

1870 3035 2040 3101 sinus,
2069 3051 2206 3105 quos
2235 3035 2424 3105 implet
2444 3035 2594 3090 calor
2625 3035 2861 3105 Spiritus
2887 3037 3080 3092 sancti.
3114 3037 3244 3092 Illuc
3270 3037 3473 3108 quippe

1871 3136 2188 3184 sanctorum
2217 3127 2412 3183 animae
2455 3137 2510 3182 et
2541 3144 2684 3184 nunc
2706 3130 3024 3200 corporibus
3057 3139 3232 3184 exutm
3267 3139 3321 3185 et
3349 3137 3473 3201 post

1873 3218 2192 3288 corporibus
2234 3219 2501 3274 restitutae
2529 3221 2884 3290 perveniunt,
2919 3231 2974 3277 et
3010 3222 3167 3294 quasi
3193 3223 3249 3278 in
3284 3221 3473 3278 Austri

1875 3309 2073 3366 abditis
2099 3309 2462 3368 occultantur.

2480 3401 2710 3459 CAPUT
2742 3402 2856 3460 XV.

2479 3493 2556 3547 De
2595 3492 2724 3548 Luci
2729 3495 2861 3564 fero.

1943 3582 2162 3639 Lucifer
2184 3596 2314 3656 ergo
2348 3581 2636 3654 aliquando
2660 3584 2715 3638 in
2741 3585 2940 3638 bonam
2972 3591 3183 3654 partem
3203 3584 3475 3656 signiﬁca-

1875 3677 2078 3732 tionem
2116 3677 2306 3741 trahit,
2335 3676 2625 3746 aliquando
2653 3676 2708 3730 in
2739 3677 3092 3731 contrariam.
3135 3675 3288 3732 Tunc
3325 3677 3474 3733 enim

1875 3765 1932 3821 in
1958 3768 2155 3822 bonam
2182 3775 2394 3836 partem
2419 3766 2660 3836 ponitur,
2691 3767 2907 3836 quando
2933 3775 3026 3820 aut
3045 3767 3332 3824 Dominum
3363 3767 3479 3824 Sal-

1875 3865 2117 3912 vatorem
2148 3865 2241 3911 aut
2282 3856 2468 3912 lumen
2505 3857 2782 3927 sapientiae
2803 3858 3091 3927 signiﬁcat.
3131 3857 3270 3913 Nam
3290 3858 3477 3914 Domi-

1874 3966 2006 4004 num
2030 3949 2365 4005 Salvatorem
2397 3949 2486 4004 illa
2521 3949 2792 4004 sententia
2822 3949 2945 4004 libri
2979 3947 3081 4003 Job
3104 3950 3345 4014 denotat,
3367 3965 3474 4020 qua

1877 4041 2075 4097 dicitur
2111 4060 2124 4094 :
2158 4040 2414 4108 Nunquid
2439 4041 2684 4094 producis
2718 4039 2998 4108 luciferum
3031 4041 3086 4093 in
3125 4051 3352 4111 tempore
3377 4058 3474 4097 suo

1879 4130 2024 4204 (Job.
2051 4130 2320 4198 xxxviii)?
2346 4130 2656 4195 Luciferum
2682 4146 2812 4201 ergo
2835 4147 2894 4186 se
2924 4130 3172 4186 Christus
3209 4132 3468 4198 innotuit,

1878 4221 2003 4292 quia
2032 4220 2267 4277 diluculo
2291 4236 2322 4274 a
2355 4228 2532 4275 morte
2577 4223 2896 4288 resurrexit,
2938 4229 2993 4276 et
3032 4221 3238 4292 fulgore
3282 4225 3363 4278 sui
3393 4223 3476 4279 lu-

1879 4313 2041 4368 minis
2090 4311 2433 4366 mortalitatis
2493 4319 2694 4367 nostm:
2751 4311 3036 4381 caliginem
3093 4313 3312 4382 pressit.
3375 4313 3478 4387 Cui
3545 4355 3548 4358 .

1878 4403 2017 4458 bene
2051 4418 2149 4473 per
2180 4401 2445 4456 Joannem
2475 4402 2673 4456 dicitur
2705 4415 2721 4455 :
2753 4399 2919 4456 Stella
2963 4402 3238 4471 splendida
3286 4413 3334 4458 ct
3363 4420 3477 4457 ma-

1881 4497 2050 4549 tutina
2095 4495 2276 4565 (Apoc.
2320 4494 2482 4566 χχιι).
2543 4493 2709 4550 Vivus
2759 4497 2956 4566 quippe
3001 4498 3308 4567 apparendo
3354 4506 3479 4566 post

1801 4613 1856 4674 Β
1886 4595 2116 4642 mortem
2145 4587 2410 4641 matutina
2439 4587 2598 4643 nobis
2629 4587 2781 4643 stella
2807 4587 2983 4645 factus
3011 4600 3095 4645 est
3123 4606 3139 4655 ;
3182 4591 3310 4660 quia
3343 4592 3473 4646 dum

1884 4677 1941 4731 in
1979 4676 2270 4746 semetipso
2317 4675 2624 4747 exemplum
2663 4677 2822 4734 nobis
2869 4678 3288 4736 resurrectionis
3329 4695 3475 4751 prae-

1883 4765 2021 4831 buit,
2066 4780 2185 4836 quae
2230 4764 2322 4820 lux
2357 4773 2616 4835 sequatur
2651 4765 2928 4821 iudicavit.
2976 4766 3183 4824 Lucem
3231 4783 3360 4841 ergo
3388 4784 3478 4825 sa-

1883 4855 2099 4926 pientiae
2127 4863 2183 4910 et
2217 4855 2348 4910 boni
2373 4854 2681 4910 intellectus
2712 4854 2800 4910 illa
2830 4857 3098 4912 sententia
3142 4857 3286 4914 beati
3324 4859 3475 4917 Petri

1884 4943 2142 5012 ostendit,
2191 4958 2297 5014 qua
2320 4944 2440 4998 ait:
2483 4941 2752 4998 Habemus
2802 4944 3088 5013 ﬁrmiorem
3117 4948 3476 5016 propheticum

1887 5053 2201 5102 sermonem,
2245 5036 2330 5090 cui
2378 5035 2504 5090 bene
2538 5036 2713 5105 facitis
2757 5036 3110 5103 attendentes,
3145 5040 3312 5093 donec
3363 5041 3474 5097 dies

1890 5130 2112 5183 lucescat
2139 5135 2186 5180 et
2213 5125 2428 5195 Lucifer
2448 5127 2651 5180 oriatur
2670 5127 2723 5180 in
2751 5127 2992 5181 cordibus
3013 5130 3194 5184 vestris
3213 5129 3296 5200 (II
3325 5130 3470 5186 Petr.

1889 5218 1950 5290 1).
1979 5214 2194 5271 Lucifer
2222 5216 2337 5286 ipse
2363 5215 2542 5270 clarus
2561 5217 2864 5273 intellectus
2887 5228 3074 5274 noster
3099 5227 3199 5285 est,
3236 5221 3329 5289 qui
3355 5221 3475 5275 illu-

1890 5311 2150 5366 strabitur
2173 5309 2376 5365 lumine
2401 5325 2542 5364 verae
2569 5311 2847 5380 sapientia:
2888 5310 3143 5380 perfectae
3169 5312 3471 5368 charitatis.

1889 5403 1946 5456 In
1968 5401 2296 5457 coritrariam
2321 5416 2450 5457 vero
2495 5403 2714 5472 ponitur
2746 5400 2980 5467 Lucifer,
3007 5402 3095 5458 ubi
3137 5417 3235 5472 per
3277 5400 3472 5458 Isaiam

1889 5493 2213 5561 Prophetam
2240 5492 2293 5547 in
2315 5507 2480 5547 onere
2528 5491 2816 5562 Babylonis
2845 5493 2944 5547 sub
2974 5500 3100 5564 typo
3127 5491 3271 5560 regis
3293 5490 3474 5563 Baby-

1890 5582 2046 5637 lonia:
2076 5580 2143 5634 ad
2166 5589 2466 5650 apostatam
2502 5581 2747 5650 angelum
2794 5581 3016 5636 dicitur:
3048 5580 3319 5646 Quomodo
3343 5583 3473 5634 ceci-

1892 5672 2013 5725 disti
2041 5672 2104 5724 de
2127 5670 2274 5732 caelo,
2300 5669 2532 5740 Lucifer,
2572 5673 2660 5742 qui
2687 5689 2838 5725 mane
2878 5672 3131 5726 oriebaris
3149 5674 3173 5726 2’
3193 5681 3298 5727 etc.
3332 5672 3468 5743 (Isa.

1892 5764 2024 5834 xxv).
2056 5761 2191 5817 Nam
2225 5763 2296 5817 ibi
2344 5763 2500 5817 ruina
2546 5765 2662 5833 ejus
2704 5766 2768 5818 dc
2796 5762 3044 5819 claritate
3083 5773 3280 5818 aeterna
3313 5764 3364 5818 in
3395 5763 3474 5821 in-

1891 5855 2123 5913 fer-nales
2151 5855 2404 5911 tenebras
2427 5855 2745 5911 ostenditur.
