3930 6360
460 397 569 455 275

1042 513 1268 570 CAPUT
1318 512 1454 568 XVI.

1074 602 1154 656 De
1189 617 1413 672 vespere.

552 689 801 761 Vespere
827 705 957 749 vero
985 701 1079 749 aut
1126 693 1287 749 ﬁnem
1315 691 1503 747 mundi
1536 699 1592 749 et
1616 690 1904 747 adventum
1927 691 2037 744 An-

459 780 690 840 tichristi
739 782 1030 854 signiﬁcat.
1094 792 1190 840 aut
1238 784 1548 840 accubitum
1583 782 1777 838 mortis
1806 780 2039 836 Redem-

459 870 633 941 ptoris
660 866 828 927 nostri
852 890 866 939 ;
905 873 1192 928 adventum
1213 873 1537 929 Antichristi
1560 887 1753 942 vesper
1773 870 2041 942 signiﬁcat

460 962 518 1017 in
545 962 636 1018 illa
679 963 956 1032 superiore
982 962 1248 1020 sententia
1293 960 1415 1028 Job,
1456 977 1561 1033 qua
1585 971 1707 1032 post
1729 958 2042 1030 productio-

459 1068 584 1108 nem
618 1042 827 1109 luciferi
858 1055 1250 1124 subsequenter
1280 1054 1477 1124 legitur
1506 1071 1520 1107 :
1571 1051 1639 1106 Et
1663 1067 1929 1121 vesperum
1956 1067 2042 1106 su-

456 1158 552 1212 per
578 1141 720 1212 filios
746 1153 899 1199 terra:
923 1160 1233 1214 consurgere
1260 1143 1393 1213 facis
1424 1142 1544 1214 (Job
1566 1142 1819 1213 xxxviii).
1846 1141 2042 1212 Vespe-

457 1246 581 1286 rum
608 1247 737 1287 vero
758 1247 920 1303 super
962 1240 1121 1288 terra:
1149 1231 1288 1289 ﬁlios
1322 1232 1585 1288 Dominus
1607 1246 1937 1301 consurgere
1962 1231 2041 1285 fa-

456 1321 552 1387 cit,
603 1321 729 1391 quia
779 1321 1087 1377 inﬁdelibus
1130 1320 1441 1377 Iudaeorum
1491 1322 1745 1377 cordibus
1774 1320 2043 1376 dominari

434 1411 872 1479 ~Antichristum,
897 1427 1083 1467 eorum
1108 1412 1300 1468 merito
1320 1412 1587 1484 exigente,
1615 1412 1898 1482 permittit.
1937 1410 2040 1477 Qui

456 1501 659 1559 idcirco
685 1518 715 1557 a
745 1503 972 1558 Domino
1004 1504 1126 1559 huic
1148 1504 1361 1574 vesperi
1387 1504 1534 1577 juste
1564 1504 1888 1569 subduntur,
1916 1503 2043 1573 quia

457 1591 560 1660 ipsi
618 1600 807 1662 sponte
850 1607 946 1646 sua
979 1591 1073 1647 ﬁlii
1107 1600 1267 1649 terra:
1304 1608 1427 1650 esse
1450 1594 1757 1649 voluerunt.
1806 1593 2041 1647 Terrena

456 1681 653 1753 quippe
693 1690 747 1737 et
773 1696 880 1739 non
910 1684 1157 1739 caelestia
1187 1684 1546 1755 requirentes,
1597 1701 1628 1739 a
1667 1683 2043 1754 perspiciendo

455 1774 694 1831 Luciferi
722 1776 893 1831 nostri
929 1776 1233 1833 claritatem
1259 1778 1443 1833 emeati
1468 1784 1592 1832 sunt
1620 1791 1634 1831 :
1675 1783 1731 1833 et
1754 1776 1882 1831 dum
1906 1790 2045 1846 prae.

1099 402 1160 456 B.
1198 399 1449 455 RABANI
1487 398 1707 457 MAURI
1742 396 2060 457 ARCHIEP.
2103 396 2409 455 MOGUNT.
2449 397 2735 456 OPERUM
2771 399 2951 455 PARS
2989 400 3055 455 II.

2061 512 2117 573 Α

3598 397 3706 454 276

2704 511 2929 567 CAPUT
2956 511 3137 567 XVIII.

2745 646 2823 701 De
2845 646 3085 703 nubibus.

2212 777 2392 835 Nubes
2438 777 2593 833 dictae
2631 778 2700 833 ab
2728 778 2996 842 nubendo,
3046 775 3101 831 id
3128 784 3232 842 est,
3282 778 3578 847 operienda
3604 786 3720 834 οω-

2139 866 2251 924 lum
2280 888 2293 924 :
2327 869 2469 924 unde
2495 876 2550 923 et
2578 877 2778 938 nuptae,
2808 869 2952 938 quod
2984 867 3164 922 vultus
3203 880 3329 923 suos
3356 867 3539 923 velent
3566 886 3581 935 ;
3613 885 3719 924 un-

2142 960 2208 1015 de
2234 969 2289 1016 et
2316 962 2612 1030 Neptunus,
2640 959 2786 1029 quod
2814 960 3005 1025 nubat,
3035 958 3089 1013 Id
3116 965 3218 1023 est,
3247 970 3399 1013 mare
3430 966 3488 1012 et
3512 967 3717 1014 terram

2142 1059 2309 1123 tegat.
2336 1052 2515 1108 Nubes
2544 1058 2727 1107 autem
2767 1050 2909 1105 aeris
2936 1050 3175 1105 densitas
3202 1049 3351 1105 facit.
3382 1049 3543 1103 Venti
3573 1050 3721 1103 enim

2142 1157 2326 1199 aerem
2354 1142 2694 1210 conglobant,
2733 1140 3012 1208 nubesque
3063 1137 3304 1204 faciunt;
3360 1139 3503 1192 unde
3531 1144 3615 1191 est
3649 1135 3721 1190 il-

2142 1236 2233 1291 lud
2262 1252 2277 1290 :
2306 1236 2469 1306 Atque
2490 1234 2548 1289 in
2575 1234 2761 1288 nubem
2782 1233 2986 1301 cogitur
3024 1246 3133 1284 aer.
3183 1229 3365 1284 Nubes
3390 1236 3573 1283 autem
3602 1241 3721 1295 my-

2143 1327 2281 1382 stice
2304 1325 2590 1396 aliquando
2646 1322 3074 1378 incarnationem
3131 1318 3334 1375 Christi
3389 1319 3719 1391 signiﬁcant,

2144 1416 2291 1471 nullo
2317 1415 2525 1486 peccati
2566 1414 2802 1485 pondere
2831 1423 3128 1483 gravatam,
3161 1411 3274 1465 sive
3311 1410 3574 1481 virginem
3608 1408 3724 1461 Ma-

2147 1508 2308 1572 riam,
2366 1504 2653 1576 aliquando
2685 1502 3075 1573 protectionem
3134 1499 3371 1569 Spiritus
3399 1500 3596 1564 sancti,
3622 1497 3723 1551 ali-

2146 1581 2392 1665 quando.
2414 1593 2706 1664 prophetas
2760 1598 2816 1645 et
2862 1590 3241 1659 prmdicatores
3295 1596 3530 1643 sanctos.
3588 1585 3723 1641 Nam

2148 1686 2582 1742 incarnationem
2619 1682 2824 1739 Christi
2866 1681 3134 1753 signiﬁcat
3187 1681 3316 1735 illud
3363 1681 3557 1735 Isaiae:
3593 1680 3729 1735 Ecce

2151 1776 2406 1831 Dominus
2423 1774 2665 1830 ascendet
2685 1789 2840 1843 super
2867 1771 3053 1826 nubem
3099 1770 3277 1835 levem,
3302 1780 3350 1824 et
3375 1770 3648 1824 descendet
3672 1770 3729 1823 in

456 1879 578 1921 esse
598 1866 699 1921 sibi
725 1882 1007 1935 vesperum
1030 1874 1304 1937 expetunt,
1324 1866 1716 1941 subsequentes
1743 1867 2047 1924 damnatio—
2072 1869 2122 1937 ῃ
2149 1864 2439 1937 Δῖοῃριαηι
2499 1862 2632 1936 (lca.
2682 1861 2821 1932 χιχ).
2848 1861 2917 1916 Et
2945 1860 3076 1915 illud
3106 1861 3159 1914 in
3187 1860 3371 1914 Exodo
3401 1873 3418 1911 :
3447 1858 3724 1922 Dominus,

455 1957 543 2015 nis
573 1972 738 2031 ptena
769 1970 1107 2031 merguntur.

1022 2053 1250 2113 CAPUT
1289 2054 1452 2111 XVII.

1134 2144 1214 2199 De
1242 2162 1381 2207 aere.

526 2233 635 2289 Aer
668 2243 753 2290 est
796 2226 1027 2289 inanitas
1066 2234 1248 2291 lumen
1294 2236 1588 2307 plurimum
1610 2237 1815 2294 habens
1838 2237 2045 2294 admis-

457 2331 573 2378 tum
600 2325 839 2381 raritatis
875 2340 1039 2395 quam
1083 2337 1277 2381 caetera
1325 2327 1615 2384 elementa.
1659 2328 1737 2382 De
1775 2344 1884 2399 quo
1919 2330 2047 2384 Vir-

458 2415 657 2487 gilius:
686 2415 921 2486 Longum
949 2433 1042 2486 per
1067 2418 1224 2471 inane
1255 2427 1482 2473 secutus.
1529 2419 1640 2474 Aer
1666 2419 1841 2474 dictus
1886 2420 1955 2474 ab
1980 2434 2046 2474 eo

458 2507 603 2577 quod
619 2504 761 2561 ferat
776 2516 1000 2574 terram,
1031 2506 1117 2563 vel
1143 2508 1286 2578 quod
1306 2510 1374 2565 ab
1393 2524 1459 2565 ea
1479 2509 1707 2566 feratur.
1726 2509 1840 2566 Hic
1864 2519 2043 2565 autem

457 2594 658 2665 partim
692 2595 758 2650 ad
800 2603 1095 2662 terrenam,
1131 2598 1332 2667 partim
1367 2599 1435 2654 ad
1461 2599 1739 2655 cmlestem
1760 2584 2045 2655 materiam

458 2686 715 2757 pertinet.
766 2682 902 2740 Nam
948 2686 1039 2742 ille
1079 2687 1325 2754 subtilis,
1374 2690 1468 2746 ubi
1498 2691 1706 2746 ventosi
1749 2706 1813 2746 ac
1841 2692 2050 2760 procel-

459 2774 563 2831 losi
589 2782 768 2831 motus
808 2790 913 2830 non
961 2786 1189 2848 possunt
1221 2780 1473 2845 existere,
1504 2782 1573 2835 ad
1618 2781 1895 2837 caelestem
1924 2798 2044 2852 per-

463 2864 598 2920 tinet
640 2872 888 2936 partem:
923 2867 1027 2922 iste
1054 2882 1183 2925 vero
1209 2870 1570 2927 turbulentior
1594 2910 1610 2938 ,
1641 2872 1733 2941 qui
1763 2872 2047 2927 exaltatio-

458 2952 623 3009 nibus
665 2954 887 3011 humilis
946 2954 1405 3028 [exhalationibus
1470 2960 1784 3033 humorum]
1855 2976 2048 3032 corpo—

460 3040 664 3109 rescit,
726 3052 886 3101 terra
946 3044 1272 3116 deputatur,
1344 3049 1543 3119 quique
1602 3063 1671 3105 ex
1729 3064 1788 3106 se
1844 3051 2045 3107 multas

460 3132 670 3200 Species
711 3132 905 3189 reddit.
952 3134 1088 3189 Nam
1133 3146 1436 3194 commotus
1485 3147 1676 3195 ventos
1724 3139 1895 3207 facit,
1957 3156 2040 3193 ve.-

2149 1955 2346 2025 inquit,
2370 1953 2690 2025 praecedebat
2712 1968 2798 2006 eos
2826 1951 2895 2005 ad
2922 1949 3293 2006 ostendendam
3318 1949 3455 2004 uiam
3478 1954 3572 2019 per
3591 1948 3728 2002 diem

2147 2052 2206 2105 in
2232 2049 2477 2103 columna
2506 2048 2681 2111 nubis,
2731 2054 2778 2099 et
2837 2061 2930 2113 per
2970 2052 3170 2098 noctem
3214 2044 3269 2097 in
3316 2041 3559 2095 columna
3594 2041 3729 2110 ignis

2152 2142 2353 2214 (Exod.
2402 2140 2546 2212 xm).
2576 2138 2758 2193 Nubes
2789 2136 2935 2193 enim
2960 2136 3065 2191 ista
3095 2134 3409 2207 praecedens
3460 2132 3728 2197 Christus,

2150 2232 2291 2287 idem
2342 2232 2506 2286 etiam
2554 2229 2824 2292 columna,
2857 2228 2983 2299 quia
3015 2232 3197 2280 rectus
3239 2232 3293 2277 et
3320 2223 3508 2277 ﬁrmus
3546 2228 3601 2275 et
3629 2220 3732 2275 ful-

2150 2322 2302 2378 ciens
2336 2320 2707 2375 inﬁrmitatem
2734 2322 2975 2372 nostram
3005 2333 3017 2369 :
3044 2329 3142 2386 per
3166 2321 3382 2369 noctem
3406 2312 3611 2377 lucens,
3637 2326 3733 2381 per

2150 2414 2292 2469 diem
2330 2427 2438 2467 non
2464 2411 2667 2475 lucens,
2700 2418 2761 2465 ut
2806 2410 2899 2479 qui
2938 2423 3046 2463 non
3076 2408 3262 2463 vident
3286 2408 3526 2470 videant,
3566 2412 3620 2458 et
3638 2404 3734 2474 qui

2152 2505 2388 2569 vident,
2446 2503 2574 2558 caeci
2625 2501 2775 2557 ﬁant.
2831 2501 3018 2556 Potest
3061 2507 3116 2555 et
3157 2499 3236 2555 sic
3284 2514 3391 2553 non
3439 2499 3736 2568 incongrue

2153 2592 2345 2663 accipi,
2375 2592 2518 2661 quod
2546 2591 2745 2647 Christi
2776 2600 3201 2654 sacramentum,
3252 2597 3508 2657 tanquam
3536 2587 3591 2639 in
3620 2586 3732 2651 die,

2150 2682 2495 2738 manifestum
2533 2688 2619 2737 est
2655 2683 2711 2735 in
2740 2695 2921 2745 carne,
2951 2681 3096 2736 velut
3126 2681 3181 2735 in
3218 2681 3361 2735 nube
3395 2696 3409 2745 ;
3440 2680 3497 2733 In
3525 2677 3733 2748 judicio

2149 2788 2300 2838 vero,
2331 2782 2587 2842 tanquam
2621 2773 2675 2827 in
2722 2780 2930 2827 terrore
2965 2781 3258 2838 nocturno,
3310 2772 3435 2842 quia
3470 2779 3600 2827 tunc
3626 2770 3735 2826 erit

2148 2880 2343 2935 magna
2373 2864 2652 2920 tribulatio
2700 2862 2903 2930 saeculi,
2944 2873 3201 2934 tanquam
3258 2864 3419 2934 ignis,
3446 2870 3503 2918 et
3530 2862 3734 2918 lucebit

2144 2953 2328 3023 iustis,
2380 2963 2434 3009 et
2483 2955 2694 3010 ardebit
2743 2953 2977 3024 iniustis.
3040 2955 3174 3011 Illud
3229 2963 3431 3020 autem,
3497 2954 3732 3024 quodin

2150 3043 2441 3114 Evangelio
2484 3044 2700 3115 legitur,
2726 3045 2818 3099 ubi
2871 3046 3130 3115 Dominus
3156 3060 3341 3100 coram
3370 3044 3545 3100 tribus
3565 3043 3731 3101 disci-

2149 3133 2295 3204 pulis
2346 3133 2759 3204 transﬁguratus
2782 3142 2864 3190 est
2903 3135 2959 3188 in
2985 3143 3189 3200 monte,
3222 3133 3293 3187 Et
3317 3150 3431 3187 ecce
3459 3134 3618 3187 nube:
3646 3133 3733 3187 lu-

460 3222 770 3279 heme'ntius
829 3224 1131 3282 concitatus
1187 3227 1341 3297 ignes
1396 3235 1451 3284 et
1500 3229 1777 3301 tonitrua,
1829 3213 2119 3287 contra-C
2151 3225 2270 3280 cida
2320 3226 2643 3280 obumbravit
2690 3242 2775 3281 eos
2807 3224 3022 3296 (Matth.
3081 3225 3250 3295 xvu);
3282 3225 3411 3295 quia
3447 3225 3734 3283 materiale

460 3320 584 3369 ctus
627 3315 811 3370 nubila
834 3356 848 3380 ,
920 3333 1044 3373 cum
1097 3319 1362 3389 spissatus
1412 3320 1648 3391 pluviam
1680 3362 1696 3388 ,
1754 3322 2047 3393 congelan-

462 3403 609 3463 tibus
661 3407 899 3463 nebulis
932 3408 1136 3463 nivem.
1203 3410 1569 3469 Turhulentus
1638 3413 2045 3485 congelantibus

458 3494 806 3552 densioribus
856 3497 1091 3554 nubibus
1118 3501 1434 3569 grandinem
1464 3520 1477 3556 :
1509 3502 1771 3567 distemus
1817 3502 2046 3577 [disten-

460 3582 572 3656 tus]
597 3592 847 3640 serenum
872 3584 1053 3641 edicit.
1084 3587 1220 3643 Nam
1247 3604 1429 3646 aerem
1452 3586 1675 3648 densum
1698 3594 1897 3649 nubem
1923 3609 2044 3651 esse

460 3680 700 3742 constat,
730 3675 927 3732 nubem
963 3674 1283 3734 rarefactam
1326 3689 1381 3736 et
1425 3680 1661 3738 solutum
1699 3687 1903 3740 aerem.
1934 3684 2044 3740 Aer

461 3771 643 3820 autem
665 3762 932 3837 signiﬁcat
954 3768 1270 3824 inanitatem
1289 3769 1575 3839 cuiuslibet
1595 3772 1695 3825 rei.
1721 3768 1877 3827 Unde
1895 3772 2044 3843 Apo-

458 3853 628 3910 stolus
651 3856 762 3910 ait:
793 3854 883 3911 Sic
924 3874 1120 3927 pugno,
1148 3875 1251 3912 non
1298 3860 1450 3930 quasi
1474 3877 1647 3915 aerem
1685 3862 1960 3916 verberans
1989 3861 2043 3934 (Ι

458 3944 582 4001 Cor.
609 3945 711 4017 rx),
745 3946 799 4002 id
820 3956 925 4012 est,
952 3964 1059 4003 non
1088 3950 1267 4005 inania
1302 3959 1644 4008 consectans.
1672 3952 1806 4008 Item
1845 3968 1940 4008 aer
1968 3954 2041 4008 si-

460 4037 685 4106 gniﬁcat
707 4038 1023 4095 tenuitatem
1048 4041 1310 4096 mentium
1332 4042 1692 4108 saecularium,
1718 4052 1778 4096 ut
1805 4054 1889 4099 est
1910 4044 2040 4100 illud

460 4128 519 4183 in
548 4126 649 4183 Job
680 4141 695 4181 :
727 4126 912 4182 Subito
941 4145 1033 4183 aer
1059 4138 1270 4200 cogetur
1290 4131 1347 4185 in
1378 4131 1558 4198 nubes,
1584 4140 1632 4185 et
1664 4142 1845 4187 uentus
1866 4142 2041 4189 trans-

460 4218 573 4272 iens
598 4216 802 4287 fugabit
840 4234 927 4273 eas
952 4216 1075 4290 (Job
1105 4220 1335 4288 xxxvn).
1360 4220 1515 4288 Quid
1548 4236 1677 4294 ergo
1701 4238 1797 4292 per
1835 4237 2038 4293 aerem,

458 4306 566 4363 nisi
595 4313 806 4363 mentes
857 4308 1198 4365 saecularium
1224 4313 1593 4384 designantur,
1634 4330 1756 4386 quae
1794 4317 2040 4374 innume-

462 4398 542 4453 ris
582 4396 743 4466 hujus
767 4399 894 4454 vitae
917 4401 1201 4458 desideriis
1227 4404 1439 4471 deditae,
1491 4406 1596 4463 huc
1621 4408 1855 4478 illucque
1888 4425 2037 4466 more

462 4487 606 4542 aeris
636 4486 798 4543 ﬁuide
825 4488 1223 4562 disperguntur.
1252 4492 1360 4549 Sed
1389 4511 1481 4550 aer
1508 4498 1564 4551 in
1599 4498 1770 4554 nubes
1798 4501 2031 4571 cogitur,

459 4593 584 4633 cum
608 4575 797 4634 ﬁexuse
826 4588 1033 4636 mentes
1083 4597 1180 4651 per
1227 4584 1445 4653 superni
1499 4594 1717 4656 spectus
1763 4587 2032 4663 [spiritus]

458 4668 689 4739 gratiam
741 4667 957 4725 virtutis
983 4671 1253 4729 soliditate
1287 4676 1612 4731 roborantur
1640 4695 1653 4731 :
1688 4687 1881 4733 ventus
1909 4694 2037 4751 ergo

456 4759 733 4819 transiens
790 4762 963 4816 nubes
1010 4760 1181 4833 fugat,
1232 4766 1359 4835 quia
1402 4768 1645 4824 mortalis
1683 4770 1790 4823 vita
1815 4785 2038 4841 percur-

454 4861 585 4903 rens
612 4848 996 4918 praedicatores
1026 4862 1245 4909 sanctos
1268 4870 1298 4908 a
1332 4857 1535 4911 nostris
1573 4857 1745 4913 oculis
1780 4874 2035 4929 corpora-

454 4937 583 4994 liter
609 4939 863 4995 occultat.
910 4940 1213 5012 Aliquando
1250 4953 1429 5000 autem
1456 4937 1839 5017 praedicatores
1866 4950 2031 5005 divini

455 5036 608 5090 verbi
646 5051 739 5092 aer
775 5036 1064 5107 signiﬁcat,
1112 5049 1173 5093 ut
1216 5047 1301 5095 est
1329 5040 1459 5095 illud
1487 5041 1788 5102 Psalmistae
1820 5063 1832 5097 :
1875 5042 2037 5099 Tene-

457 5123 613 5179 brosa
636 5141 775 5194 aqua
794 5125 850 5179 in
871 5126 1091 5180 nubibus
1117 5130 1251 5182 aeris
1270 5127 1443 5199 (Psal.
1473 5131 1630 5199 xvu).
1662 5132 1805 5188 Idem
1832 5134 1884 5187 in
1909 5148 2038 5203 pro-

452 5217 636 5288 phetis
660 5217 1105 5286 praedicatoribus
1135 5219 1307 5285 verbi,
1336 5220 1463 5289 quia
1488 5222 1733 5291 quamvis
1754 5239 1813 5279 se
1840 5224 2035 5295 aliquis

455 5315 606 5381 putet
644 5309 785 5364 dicta
815 5324 1001 5365 eorum
1029 5309 1348 5381 intelligere,
1398 5311 1467 5367 ad
1491 5311 1686 5382 ipsam,
1736 5314 1895 5369 sicuti
1925 5325 2028 5383 est,

455 5398 711 5455 virtutem
749 5400 1015 5457 dictorum
1058 5402 1112 5457 in
1152 5411 1323 5459 totum
1363 5404 1455 5459 vix
1503 5406 1784 5475 pervenire
1835 5415 2031 5477 potest,

456 5490 617 5547 sicuti
644 5490 771 5546 dicit
797 5493 1127 5565 Apostolus:
1166 5493 1415 5551 Videmus
1440 5512 1578 5549 nunc
1628 5512 1722 5563 per
1768 5498 2034 5567 speculum

457 5584 513 5637 in
563 5582 857 5652 wnigmate,
908 5594 1031 5640 tunc
1085 5596 1259 5641 autem
1310 5587 1449 5657 [acie
1496 5585 1566 5640 ad
1612 5585 1799 5654 faciem
1828 5587 1879 5659 (Ι
1906 5586 2030 5644 Cor.

460 5672 619 5742 xm);
663 5675 878 5743 quando
917 5676 1090 5745 ipsum
1146 5677 1311 5744 videt,
1365 5678 1509 5749 quod
1559 5678 1825 5737 credidit:
1858 5682 2031 5752 ipsum

462 5766 804 5834 cognoscitur
836 5768 1125 5838 respicere,
1148 5769 1291 5841 quod
1318 5767 1573 5840 speravit.

2150 3317 2557 3373 tabernaculum
2578 3317 2773 3371 Petrus
2801 3317 3069 3387 quaesivit,
3102 3317 3262 3373 nubis
3289 3318 3487 3387 accipit
3511 3317 3735 3373 umbra-

2149 3409 2354 3475 culum,
2388 3416 2447 3463 ut
2468 3409 2662 3474 discat,
2693 3409 2748 3463 in
2780 3408 3179 3463 resurrectione
3228 3406 3337 3463 non
3367 3411 3607 3480 tegmine
3628 3404 3734 3465 do-

2146 3513 2379 3565 morum,
2412 3499 2507 3553 sed
2538 3497 2774 3567 Spiritus
2809 3497 2979 3552 sancti
3010 3496 3180 3569 gloria
3212 3504 3429 3553 sanctos
3454 3513 3575 3553 esse
3603 3513 3736 3568 pro.

2146 3589 2426 3659 tegendos.
2450 3588 2517 3641 Et
2552 3588 2850 3642 notandum
2880 3588 3022 3656 quod
3066 3588 3209 3642 sicut
3252 3574 3481 3641 Domino
3518 3586 3574 3641 in
3601 3582 3731 3642 Jor-

2147 3685 2286 3738 dane
2318 3681 2612 3751 baptizato,
2663 3681 2741 3737 sic
2770 3688 2824 3736 et
2877 3681 2931 3735 in
2958 3688 3143 3737 monte
3188 3680 3505 3746 clariﬁcato,
3564 3680 3734 3737 totius

2147 3780 2350 3827 sanctae
2403 3770 2685 3826 Trinitatis
2738 3772 3060 3842 mysterium
3108 3771 3432 3828 declaratur.
3486 3769 3622 3826 Nam
3654 3771 3730 3828 ibi

2143 3860 2304 3917 Pater
2330 3862 2385 3915 in
2414 3875 2568 3927 voce,
2602 3861 2772 3917 Filius
2799 3862 2854 3916 in
2880 3862 3225 3932 baptismate,
3252 3871 3307 3918 et
3342 3854 3580 3933 Spiritus
3609 3877 3734 3918 san-

2144 3960 2264 4009 ctus
2304 3953 2359 4006 in
2406 3952 2659 4006 columba
2709 3958 2960 4006 ostensus
3004 3959 3129 4007 est:
3162 3952 3253 4006 hic
3298 3962 3431 4007 vero
3461 3950 3626 4007 Pater
3672 3952 3731 4007 in

2142 4062 2299 4112 voce,
2345 4045 2514 4101 Filius
2566 4045 2619 4099 in
2670 4029 3078 4112 clariﬁoatione,
3136 4045 3371 4116 Spiritus
3419 4052 3640 4103 sanctus
3672 4046 3729 4102 in

2143 4136 2286 4191 nube
2315 4136 2715 4190 demonstratus
2740 4143 2823 4189 est
2852 4152 2865 4185 :
2892 4135 3019 4204 quia
3044 4135 3299 4195 nimirum
3327 4133 3555 4208 gldriam
3586 4138 3727 4210 ejus,

2143 4239 2305 4294 quam
2334 4225 2387 4278 in
2410 4224 2677 4293 baptismo
2703 4224 2989 4280 credentes
3022 4224 3363 4293 conﬁtemur,
3392 4228 3447 4283 in
3472 4240 3727 4285 resurre-

2143 4314 2322 4368 ctione
2345 4313 2591 4369 videntes
2620 4329 2742 4368 eum
2770 4314 3129 4370 laudabimus.
3164 4315 3317 4383 Quod
3346 4322 3529 4372 autem
3553 4320 3731 4377 nubes

2140 4402 2436 4473 prophetas
2490 4403 2605 4458 sive
2642 4404 3029 4473 prmdieatores
3070 4406 3236 4461 divini
3283 4406 3483 4477 eloquii
3515 4408 3730 4480 signiti-

2143 4498 2289 4559 cent,
2333 4492 2571 4548 ostendit
2623 4492 2755 4549 illud
2803 4495 2858 4548 in
2896 4495 3151 4550 Pssimo:
3186 4494 3475 4552 Multitudo
3524 4500 3731 4555 sonitu

2143 4600 2419 4653 aquarum,
2448 4602 2624 4639 vocem
2650 4586 2904 4639 dederunt
2931 4586 3090 4640 nubes
3115 4601 3132 4638 :
3158 4588 3311 4657 quasi
3335 4603 3483 4642 mare
3512 4591 3730 4660 confra-

2142 4691 2323 4743 gosum
2374 4672 2545 4746 (Paul.
2576 4675 2759 4745 uxvr)
2785 4692 2799 4740 ;
2828 4676 2903 4729 ita
2929 4676 2991 4729 in
3038 4678 3238 4731 sanctis
3286 4677 3546 4734 Ecclesiis
3577 4695 3731 4736 reso-

2142 4772 2276 4817 nant
2307 4763 2517 4819 diversa
2546 4773 2671 4820 vota
2710 4765 3050 4834 populorum.
3086 4764 3195 4821 Sed
3224 4780 3392 4835 quare
3422 4769 3495 4821 sit
3515 4771 3733 4826 sonitus

2142 4851 2318 4908 factus
2348 4854 2708 4910 multitudinis
2738 4868 3022 4926 aquarum,
3069 4855 3293 4925 pulchre
3329 4857 3571 4928 subiicit,
3598 4861 3730 4929 quia

2140 4958 2329 4999 vocem
2359 4945 2624 5000 dederunt
2651 4946 2841 5001 nubes.
2886 4945 3068 5001 Nubes
3096 4946 3484 5015 pradicatores
3513 4948 3726 5019 signiﬁ-

2144 5037 2279 5104 cari,
2305 5050 2447 5105 saepe
2478 5036 2588 5107 jam
2630 5037 2884 5103 diximus,
2915 5037 2983 5092 de
3034 5038 3233 5105 quibus
3276 5040 3541 5109 scriptum
3590 5050 3723 5097 est:

2144 5127 2408 5182 Mandabo
2436 5129 2656 5183 nubibus
2680 5146 2743 5183 ne
2786 5127 2971 5198 pluunt
2997 5143 3153 5199 super
3179 5144 3295 5184 eam
3342 5132 3560 5185 imbrem
3585 5132 3724 5201 (Isa.

2142 5215 2218 5289 v).
2252 5217 2351 5285 Qui
2381 5234 2567 5275 vocem
2622 5235 2775 5275 suam
2815 5208 3066 5290 magnam
3114 5222 3399 5287 dederunt,
3433 5236 3556 5279 cum
3586 5238 3729 5293 prat-

2140 5316 2293 5380 cepta
2345 5308 2555 5364 Domini
2581 5310 2942 5381 vulgaverant
2990 5310 3044 5367 in
3098 5320 3211 5369 toto
3240 5316 3373 5369 orbe
3423 5301 3726 5383 terrarum,

2142 5400 2282 5456 sicut
2316 5409 2371 5456 et
2416 5402 2554 5457 alius
2580 5402 2815 5471 psalmus
2858 5413 2986 5461 ante
3010 5406 3366 5477 praedicavit:
3401 5405 3470 5461 In
3514 5417 3727 5464 omnem

2141 5499 2332 5547 terram
2373 5494 2527 5547 exivit
2577 5509 2733 5549 sonus
2784 5511 2984 5565 eorum,
3037 5506 3087 5554 et
3133 5499 3188 5553 in
3225 5498 3530 5566 βαδιεῖ-ηε
3568 5501 3729 5555 verba

2139 5600 2317 5638 eorum
2383 5583 2553 5654 (Psal.
2605 5585 2781 5655 xvm).
2832 5587 3013 5645 Nubes
3069 5598 3151 5644 est
3199 5590 3465 5659 protentio
3514 5590 3725 5657 divina,

2142 5673 2277 5727 sicut
2310 5674 2579 5729 intExodo
2611 5674 2805 5746 legitur
2853 5679 3263 5736 tabernaculum
3294 5681 3518 5739 faederis
3544 5681 3727 5741 nubes

2141 5764 2512 5822 obumbrasse.
2538 5765 2719 5826 Nubes
2740 5770 3044 5829 obscuritas
3066 5781 3151 5831 est
3192 5771 3624 5847 Scripturarum,
3657 5783 3726 5836 ut
