3930 6374
229 339 334 394 277

1240 343 1327 398 DE
1368 339 1715 399 UNlVERSO
1750 338 2126 395 LlBRl'XXll.
2167 368 2236 377 —-
2272 337 2400 393 LIB.
2442 337 2535 392 1X.

3395 317 3499 396 s78

229 453 284 507 in
331 453 610 509 Psalterio
671 472 683 507 :
741 454 845 520 Qui
907 456 1069 525 operit
1122 453 1306 509 caelum
1363 454 1583 508 nubibus
1641 450 1815 523 (Psal.
1849 455 1899 517 Α
1924 465 2047 505 reus
2072 447 2297 521 [arcus].
2337 449 2436 503 Iris
2465 449 2589 504 huic
2621 461 2815 503 nomen
2847 450 3121 519 proprium
3160 451 3503 514 est,.etdici-

230 542 435 615 chvt).

830 635 1058 693 CAPUT
1081 635 1222 690 XIX.

396 721 478 779 De
514 727 740 793 tonitru,
767 736 815 781 et
848 727 1073 797 fulgore,
1100 728 1159 781 ’et
1181 727 1648 782 coruscationibus.

293 814 625 872 Tonitruum
654 819 881 885 dictum,
904 818 1047 887 quod
1081 834 1245 874 sonus
1291 821 1408 887 ejus
1433 828 1651 873 terreat.
1684 817 1820 873 Nam

228 914 386 963 tonus
409 921 603 976 sonus,
624 910 719 980 qui
748 911 869 965 ideo
889 910 1161 965 interdum
1190 918 1299 965 tam
1325 910 1563 981 graviter
1586 910 1822 965 concutit

227 1000 428 1064 omnia,
482 1001 562 1055 ita
591 1011 650 1057 ut
676 1002 872 1057 omium
910 1001 1189 1058 discidisse
1233 998 1497 1068 videatur,
1526 1004 1653 1074 quia
1697 1018 1821 1058 cum

226 1093 477 1165 prowllae
508 1096 975 1153 vehementissimi
995 1099 1141 1153 venti
1165 1098 1398 1153 nubibus
1418 1114 1481 1154 se
1494 1104 1714 1169 repente
1739 1100 1824 1154 in.

224 1183 499 1251 miserint,
531 1188 755 1244 turbine
806 1188 1187 1257 invalescente,
1217 1191 1529 1261 exitumque
1549 1199 1823 1262 quaarente

222 1274 420 1330 nubem
450 1291 625 1347 quam
655 1279 955 1345 excavavit,
1000 1279 1205 1350 impetu
1244 1296 1441 1353 magno
1468 1282 1727 1351 rescindit
1757 1297 1822 1336 ac

223 1363 300 1419 sic
325 1379 452 1419 cum
480 1366 758 1425 horrendo
784 1368 968 1424 labore
991 1368 1248 1441 [fragore]
1278 1370 1522 1427 defertur
1552 1371 1619 1426 ad
1640 1385 1817 1427 aures.

222 1452 551 1512 Tonitruum
579 1458 869 1529 aliquando
907 1462 963 1515 in
998 1458 1295 1531 Scripturis
1344 1463 1586 1519 divinam
1631 1478 1820 1518 vocem

220 1542 514 1613 signiﬁcat,
540 1556 608 1602 ut
627 1556 712 1602 est
744 1548 875 1604 illud
906 1566 919 1601 :
952 1547 1191 1604 Intonuit
1219 1550 1283 1605 de
1321 1551 1447 1605 calo
1472 1551 1749 1619 Dominus,
1770 1561 1820 1607 et

217 1633 525 1691 Abtissimus
551 1639 699 1694 dedit
722 1657 896 1695 uocem
920 1658 1071 1696 suam
1094 1641 1267 1712 (Psal.
1298 1644 1432 1716 xvii)
1451 1685 1466 1709 ,
1507 1645 1707 1715 quippe
1724 1646 1816 1715 qui

218 1731 334 1780 erat
372 1724 621 1796 ingentia
674 1741 1013 1786 sacramenta
1069 1732 1391 1799 locuturus;
1440 1734 1514 1788 ait
1560 1735 1705 1791 enim
1758 1734 1815 1789 in

1925 550 2012 597 tur
2046 543 2161 608 iris,
2186 541 2342 611 quasi
2366 540 2530 607 aeris,
2555 541 2605 595 id
2635 551 2734 606 est,
2767 543 2911 611 quod
2957 556 3052 612 per
3093 557 3271 598 aerem
3301 543 3367 598 ad
3396 553 3503 600 ter-

1922 648 2039 688 ram
2062 632 2371 688 descendat.
2424 631 2523 687 Hic
2558 641 2739 688 autem
2784 648 2815 687 a
2866 630 2978 688 sole
3026 634 3346 703 resplendet,
3376 636 3502 689 dum

1922 738 2067 779 cavae
2112 724 2285 778 nubes
2346 737 2412 776 ex
2468 722 2692 779 adverso
2725 723 2937 778 radium
2966 722 3094 778 solis
3119 725 3409 793 accipiunt,
3452 732 3507 781 et

1922 830 2083 870 arcus
2114 814 2350 884 speciem
2389 814 2611 885 ﬁngunt.
2658 814 2757 870 Cui
2800 816 2982 871 varius
3029 816 3177 871 color
3223 825 3307 872 est
3338 817 3505 886 :quia

1922 924 2061 980 aqua
2091 910 2287 976 tenuis,
2326 924 2420 964 aer
2460 909 2687 976 lucidus,
2712 918 2766 965 et
2808 913 2978 966 nubes
3025 911 3322 981 caligantes
3372 913 3507 966 irra-

1922 1000 2171 1055 diat‘aeilli
2196 1000 2377 1057 varios
2397 1010 2582 1056 creant
2604 1002 2832 1056 colores.
2858 1002 3031 1058 Arcus
3058 1013 3238 1058 autem
3266 1002 3509 1059 caelestis

1922 1099 2005 1147 est
2031 1093 2242 1162 signum
2276 1092 2603 1158 testamenti,
2630 1092 2771 1162 quod
2794 1094 2973 1163 posuit
2996 1094 3140 1147 Deus
3186 1095 3325 1148 inter
3366 1108 3425 1149 se
3452 1104 3508 1147 et

1921 1183 2168 1238 homines
2202 1191 2363 1253 atque
2407 1198 2620 1239 omnem
2670 1184 2908 1239 animam
2948 1184 3145 1250 vivam,
3198 1199 3265 1240 ne
3317 1186 3508 1255 perdat

1922 1290 2042 1330 eam
2071 1276 2290 1331 diluvio.
2344 1275 2479 1331 Nam
2526 1278 2668 1347 quod
2718 1278 2806 1331 ille
2838 1287 3062 1349 apparet
3090 1279 3145 1333 in
3169 1280 3423 1346 nubibus,
3452 1288 3510 1335 et

1920 1382 2196 1436 nunquam
2221 1368 2325 1422 nisi
2350 1369 2417 1423 de
2462 1368 2572 1423 sole
2601 1368 2929 1438 resplendet,
2963 1369 3251 1439 signiﬁcat,
3280 1370 3407 1439 quia
3432 1368 3509 1423 illi

1920 1473 2031 1513 non
2084 1467 2312 1528 pereunt
2357 1459 2577 1524 diluvio,
2609 1460 2702 1529 qui
2743 1460 2795 1513 in
2826 1459 3103 1529 prophetis
3154 1468 3211 1515 et
3260 1460 3515 1515 omnibus

1922 1546 2216 1619 Scripturis
2254 1549 2470 1613 divinis,
2526 1558 2780 1618 tanquam
2827 1548 2921 1604 Dei
2970 1550 3222 1615 nubibus,
3253 1550 3511 1603 virtutem

1919 1648 2222 1710 agnoscunt
2268 1638 2489 1695 Christi.
2538 1637 2673 1692 Nam
2704 1638 2844 1707 quod
2872 1640 2924 1692 in
2970 1639 3158 1695 eodem
3206 1655 3333 1693 arcu
3365 1638 3510 1693 color

1924 1744 2077 1798 aquae
2096 1737 2154 1783 et
2181 1730 2321 1799 ignis
2364 1728 2521 1796 simul
2551 1730 2874 1795 ostenditur,
2900 1730 3027 1800 quia
3056 1745 3121 1783 ex
3151 1738 3301 1799 parte
3339 1743 3511 1783 caeru-

218 1812 513 1886 Evangelio
539 1834 647 1874 vox
677 1822 1018 1891 omnipotens
1045 1822 1225 1878 Patris
1256 1842 1268 1877 :
1304 1823 1385 1877 Et
1428 1824 1735 1894 ctariﬁcavi,
1771 1835 1819 1880 et
1847 1816 1896 1876 Β
1924 1818 2040 1875 lens
2084 1828 2169 1875 est
2206 1829 2265 1874 et
2317 1835 2383 1873 ex
2432 1831 2586 1889 parte
2641 1820 2971 1875 rubicundus
2998 1861 3012 1885 ,
3063 1829 3303 1891 apparet,
3367 1818 3512 1889 quod

217 1900 407 1963 iterum
430 1908 745 1980 ctariﬁcabo
795 1912 978 1983 (Joan.
1024 1915 1160 1985 xu);
1200 1916 1347 1971 unde
1372 1916 1525 1972 multi
1556 1914 1720 1988 (sicut
1751 1919 1823 1974 ibi

217 1994 435 2071 legitur)
466 2003 774 2057 tonitruum
800 2003 967 2081 fuisse
992 2004 1356 2060 crediderunt.
1396 2006 1706 2063 Altissimus
1730 2023 1827 2062 au-

217 2098 325 2150 tem
351 2095 503 2151 dedit
528 2110 724 2153 vocem
757 2112 932 2165 suam,
962 2100 1178 2169 quando
1207 2100 1411 2157 dictum
1461 2110 1546 2158 est
1574 2120 1587 2157 :
1620 2101 1724 2158 Hic
1748 2110 1824 2159 est

216 2179 387 2241 Filius
446 2200 601 2241 naeus
644 2187 883 2253 dilectus,
917 2188 971 2243 in
1020 2208 1124 2260 quo
1176 2192 1305 2245 mihi
1360 2194 1486 2249 bene
1529 2194 1825 2267 συνωριαοαὶ

218 2269 432 2344 (lauit.
483 2290 577 2341 ιιι,
640 2276 796 2349 xvu).
842 2276 1146 2349 Aliquando
1202 2295 1344 2363 vero.
1381 2284 1821 2352 praedicationem

218 2363 467 2435 designat
498 2367 807 2439 Evangelii,
828 2378 890 2423 ut
917 2378 1000 2427 est
1026 2370 1155 2427 illud
1182 2391 1195 2426 :
1240 2371 1349 2427 Vox
1375 2377 1592 2429 tonitrui
1625 2376 1681 2430 in
1704 2386 1821 2432 rota

220 2451 390 2527 (Paul.
418 2458 634 2529 Lxxvt).
665 2456 723 2511 In
757 2466 876 2513 rota
914 2472 1064 2530 ergo,
1092 2461 1147 2515 id
1175 2471 1278 2527 est,
1312 2465 1512 2519 mundo
1540 2481 1644 2519 vox
1676 2470 1819 2521 toni-

219 2546 327 2600 trui
366 2545 487 2614 ejus
543 2534 767 2619 egressa
801 2558 905 2609 est.
952 2550 1167 2619 quando
1206 2551 1589 2621 pmdicatores
1615 2553 1820 2629 Christi

220 2637 476 2693 circulum
504 2639 679 2695 totius
704 2640 855 2695 orbis
872 2640 1053 2696 verbis
1081 2643 1394 2698 tonantibus
1435 2644 1815 2715 impleverunt.

220 2726 350 2784 Cum
379 2729 628 2785 tonitruo
653 2723 835 2787 autem
865 2732 1025 2787 simul
1048 2744 1102 2788 et
1131 2732 1311 2804 fulgur
1337 2736 1679 2805 exprimitur,
1720 2739 1816 2794 sed

220 2815 347 2873 illud
370 2819 611 2877 celerius
636 2823 870 2888 videtur,
897 2824 1025 2892 quia
1064 2824 1270 2879 clarum
1308 2834 1391 2880 est
1426 2845 1439 2879 :
1479 2828 1580 2882 hoc
1607 2836 1810 2895 autem,

222 2905 274 2963 id
301 2918 407 2976 est,
431 2912 736 2967 tonitruum
764 2914 831 2968 ad
860 2928 1019 2969 aures
1066 2915 1274 2971 tardius
1310 2918 1576 2986 pervenit.
1611 2918 1814 2990 Fulgur

222 3006 277 3052 et
290 2996 494 3055 fulmen
515 3002 660 3057 ictus
686 3001 921 3059 caelestis
934 3001 1103 3070 iaculi
1127 3019 1157 3057 a
1179 3004 1421 3062 feriendo
1441 3004 1589 3073 dicti,
1609 3007 1814 3079 fulgere

224 3089 362 3145 enim
406 3091 577 3148 ferire
623 3103 706 3149 est
748 3102 911 3163 atque
958 3105 1283 3165 percutere,
1346 3097 1571 3154 fulmina
1628 3109 1811 3156 autem

1928 1908 2212 1979 utriusque
2235 1908 2422 1976 judicii
2456 1910 2607 1965 testis
2645 1911 2715 1964 sit
2741 1928 2753 1962 ι
2779 1909 2937 1964 unius
2963 1910 3213 1965 videlicet
3255 1910 3511 1977 faciendi,

1929 2007 1986 2055 et
2030 2000 2257 2055 alterius
2292 2000 2440 2066 facti,
2473 2001 2527 2055 id
2576 2010 2678 2067 est,
2711 2002 2837 2070 quia
2882 2002 3112 2055 mundus
3154 2001 3346 2069 judicii
3391 2001 3513 2069 igne

1928 2090 2279 2156 cremabitur,
2305 2106 2411 2146 non
2436 2106 2575 2162 aqua
2599 2092 2785 2147 diluvii
2813 2092 2955 2147 ultra
3000 2092 3283 2147 delebimr.
3312 2092 3432 2159 lris,
3457 2090 3512 2147 id

1926 2190 2028 2249 est,
2062 2198 2239 2249 arcus,
2268 2182 2497 2239 duorum
2526 2184 2865 2255 'judiciorum
2895 2186 2992 2240 Dei
3034 2184 3263 2256 ﬁguram
3312 2185 3513 2242 habere

1926 2274 2124 2330 dicitur
2148 2294 2161 2329 :
2186 2276 2290 2331 hoc
2311 2285 2414 2341 est,
2440 2277 2624 2346 primi,
2654 2277 2798 2347 quod
2827 2292 2922 2348 per
2944 2277 3236 2344 diluvium;
3263 2279 3510 2346 secundi,

1923 2366 2068 2434 quod
2096 2381 2193 2435 per
2221 2367 2420 2437 ignem,
2452 2375 2511 2421 ut
2539 2376 2623 2424 est
2660 2369 2792 2424 illud
2840 2371 2895 2424 in
2935 2370 3297 2441 Apocalypsi:
3327 2370 3395 2430 Et
3414 2371 3511 2428 iris

1922 2455 1978 2507 in
2002 2455 2225 2507 circuitu
2257 2457 2394 2528 ejus,
2419 2456 2601 2525 (Apoc.
2637 2456 2735 2527 1v).
2766 2457 3044 2514 Serenitas
3072 2460 3511 2529 estindulgentia

1924 2536 2241 2601 delictorum
2261 2560 2357 2615 per
2385 2547 2700 2617 sanguinem
2728 2546 2856 2603 Jesu
2884 2546 3083 2603 Christi
3107 2558 3229 2619 post
3259 2551 3512 2606 tenebras

1920 2646 2267 2710 peccatorum
2294 2640 2438 2704 data,
2470 2646 2528 2692 ut
2553 2648 2635 2694 est
2681 2639 2811 2694 illud
2867 2640 2920 2695 in
2974 2641 3264 2712 Evangelio
3293 2659 3307 2695 :
3337 2638 3511 2696 Facta

1918 2741 2122 2798 uespere
2161 2728 2333 2783 dicitis
2360 2744 2380 2783 .'
2411 2726 2661 2783 Serenum
2706 2730 2822 2795 erit,
2862 2729 3210 2785 rubicundum
3252 2739 3326 2787 est
3369 2730 3511 2785 enim

1916 2818 2101 2877 calum
2124 2818 2338 2891 (Matth.
2373 2820 2507 2890 xvr).
2906 2874 2908 2876 ,

2510 2910 2736 2967 CAPUT
2812 2911 2954 2967 XXI.

2596 3005 2676 3059 De
2698 3006 2833 3076 igne.

1984 3092 2129 3165 Ignis
2156 3108 2307 3166 ergo,
2364 3096 2457 3167 qui
2488 3104 2741 3167 quartum
2786 3098 2971 3153 mundi
3024 3107 3107 3154 est
3158 3098 3505 3164 elementum,

225 3180 403 3235 collisa
454 3182 645 3238 nubila
696 3183 920 3239 faciunt.
956 3185 1089 3241 Nam
1126 3189 1367 3243 omnium
1394 3204 1575 3245 rerum
1604 3192 1814 3247 collisio
1841 3169 1890 3233 α
1920 3186 2207 3257 aliquando
2258 3188 2515 3259 exprimit
2544 3188 2716 3243 zelum
2759 3189 2878 3256 Dei,
2905 3189 3192 3263 aliquando
3242 3187 3505 3259 Spiritum

226 3269 397 3341 ignem
443 3282 623 3339 creat,
654 3282 715 3329 ut
744 3276 799 3329 in
835 3276 1101 3347 lapidibus
1154 3279 1445 3343 cernimus,
1495 3281 1581 3336 vel
1622 3283 1811 3337 attritu

226 3372 485 3428 rotarum,
508 3364 678 3419 simili
707 3366 867 3421 modo
892 3368 947 3421 in
968 3368 1202 3424 nubibus
1235 3369 1393 3439 ignis,
1423 3371 1566 3426 unde
1590 3380 1645 3425 et
1661 3374 1815 3442 prius

229 3455 403 3511 nubila
432 3464 585 3523 sunt,
620 3457 813 3513 deinde
860 3459 1013 3529 ignes
1044 3477 1058 3525 ;
1103 3476 1167 3515 ex
1204 3470 1366 3515 vento
1396 3472 1575 3517 autem
1608 3472 1663 3519 et
1688 3465 1812 3535 igne

230 3545 446 3601 fulmina
474 3548 709 3619 (certum
740 3550 843 3621 est)
866 3552 919 3605 in
945 3552 1178 3607 nubibus
1203 3552 1322 3607 fieri
1342 3562 1398 3607 et
1424 3555 1657 3624 impulsu
1684 3571 1813 3609 ven-

229 3643 401 3694 torum
424 3640 637 3705 emitti;
664 3641 783 3710 ideo
816 3650 997 3697 autem
1052 3642 1291 3697 fulminis
1340 3645 1517 3712 ignem
1559 3646 1667 3699 vim
1713 3646 1811 3699 ha—

228 3728 352 3786 bere
375 3731 665 3800 majorem,
682 3733 807 3802 quia
832 3732 1201 3788 subtilioribus
1223 3735 1504 3790 elementis
1534 3736 1710 3792 factus
1734 3745 1817 3792 est

232 3834 386 3891 quam
409 3831 619 3888 noster,
652 3823 707 3878 id
740 3833 847 3889 est,
871 3822 962 3893 qui
1009 3826 1240 3880 nobisin
1270 3842 1368 3882 usu
1398 3836 1499 3883 est.
1537 3828 1658 3882 Tria
1687 3839 1813 3884 sunt

232 3919 403 3966 autem
426 3911 544 3980 ejus
582 3914 798 3967 nomina
829 3932 841 3967 :
875 3912 1055 3986 fulgur
1078 3916 1202 3985 quia
1251 3918 1450 3986 tangit;
1488 3917 1660 3988 fulgor
1688 3919 1812 3988 quia

232 3999 470 4057 incendit
517 4012 578 4058 et
622 4004 773 4069 urit;
817 4005 1030 4061 fulmen
1060 4009 1185 4076 quia
1212 4008 1369 4063 ﬁndit
1401 4026 1413 4062 :
1442 4009 1562 4063 ideo
1598 4017 1653 4063 et
1688 4024 1811 4064 cum

230 4094 390 4149 ternis
420 4096 593 4151 radiis
620 4096 874 4167 pingitur.

296 4183 530 4256 Fulgura
559 4194 741 4242 autem
771 4188 885 4243 sive
914 4190 1313 4245 coruscationes
1355 4191 1582 4263 mystice
1604 4192 1815 4248 divinos

235 4273 286 4329 in
318 4272 620 4345 Scripturis
658 4278 971 4347 exprimunt
1020 4288 1280 4346 terrores,
1316 4282 1409 4351 qui
1454 4282 1507 4335 in
1549 4282 1813 4339 miraculo

234 4369 638 4424 ooruscantibus
658 4369 824 4425 ﬁunt:
850 4372 935 4425 vel
958 4373 1470 4430 communicationes
1493 4370 1812 4446 [commina-

237 4457 445 4530 tiones],
476 4474 601 4529 quae
626 4461 841 4529 scripta:
864 4470 989 4516 sunt
1010 4463 1064 4516 in
1094 4464 1209 4533 lege
1233 4464 1433 4529 divina,
1457 4472 1515 4519 ut
1536 4474 1617 4519 est
1638 4464 1765 4519 illud
1794 4483 1806 4518 :

237 4549 525 4608 [ﬂuxerunt
550 4557 936 4610 conuentione:
962 4567 1064 4611 tum
1084 4557 1195 4611 orbi
1223 4568 1376 4611 terrm
1400 4574 1417 4611 :
1446 4558 1570 4613 vidit
1592 4568 1639 4613 et
1663 4574 1807 4612 com-

238 4656 367 4700 mota
392 4656 464 4701 est
490 4657 634 4700 terra
685 4641 854 4717 (Psat.
908 4648 1109 4720 ωειενι).
1169 4647 1581 4705 Coruscationes
1630 4650 1809 4705 divina

237 4730 492 4806 praecepta
514 4738 649 4793 dicit
679 4738 920 4793 veritatis
956 4740 1155 4795 lumine
1191 4741 1479 4807 radiantia,
1511 4756 1630 4811 quae
1671 4749 1816 4796 tene-

241 4826 358 4882 bras
385 4828 662 4883 hominum
689 4844 785 4899 per
809 4837 977 4884 totum
1003 4829 1261 4883 mundum
1292 4832 1515 4890 salutari
1545 4832 1815 4887 illumina-

241 4917 377 4971 tione
404 4921 744 4989 fugaverunt.
768 4920 831 4974 Et
860 4919 1057 4975 alibuta
1087 4919 1232 4992 [alibi
1265 4922 1361 4994 ita]
1393 4922 1589 4976 dicitur
1618 4941 1629 4975 :
1681 4922 1815 4977 Ful-

188 5076 189 5079 η
245 5024 362 5078 gara
382 5010 764 5079 multiplicauit,
791 5020 841 5067 et
882 5012 1201 5067 conturbavit
1230 5029 1316 5067 eos
1355 5012 1526 5083 (Psal.
1563 5014 1729 5084 xvn);
1759 5014 1813 5069 id

246 5108 338 5166 cst,
369 5102 626 5157 miracula
672 5104 835 5158 multa
893 5104 1040 5171 fecit,
1090 5120 1208 5177 qua:
1266 5106 1343 5159 sic
1393 5105 1557 5160 corda
1602 5107 1815 5161 intuen-

247 5194 371 5248 tium
421 5205 838 5265 permoverunt,
891 5198 1337 5267 quemadmodum
1393 5199 1583 5251 crebra
1642 5198 1817 5254 solent

250 5281 444 5353 fulgura
476 5289 591 5341 visa
640 5295 860 5342 terrere.
905 5288 1245 5344 Conturbavit
1274 5305 1365 5345 eos
1402 5308 1412 5343 :
1444 5291 1508 5344 dc
1549 5290 1633 5344 his
1662 5292 1813 5356 dicit,

250 5376 333 5444 qui
358 5385 479 5433 tunc
508 5378 816 5434 conturbati
840 5386 985 5445 sunt,
1014 5382 1229 5449 quando
1279 5398 1402 5437 eum
1457 5383 1815 5438 resurrrxisse

253 5466 532 5526 manifestis
554 5470 957 5539 probationibus
979 5485 1329 5541 agnoverunt.

836 5583 1058 5639 CAPUT
1093 5582 1185 5637 XX
1200 5624 1212 5635 .

765 5653 843 5707 De
890 5672 1015 5708 arcu
1065 5654 1271 5708 caelesti.

323 5736 484 5800 Arcus
519 5742 761 5802 ocelestis
804 5745 978 5803 dictus
1006 5761 1036 5802 a
1066 5744 1415 5803 similitudine
1457 5750 1667 5808 curvati
1715 5767 1811 5806 au-

1838 4512 1887 4570 Ι)

1917 3286 2184 3345 sanctum,
2214 3279 2503 3349 aliquando
2525 3280 2870 3347 Charitatem,
2916 3281 3205 3351 aliquando
3240 3279 3507 3350 cupidita-

1918 3382 2053 3439 tem,
2114 3372 2403 3443 aliquando
2455 3371 2751 3439 malitiam,
2816 3372 3102 3441 aliquando
3150 3370 3505 3438 intellectum,

1918 3462 2207 3531 aliquando
2229 3463 2653 3529 tribulationem,
2689 3462 2978 3533 aliquando
3006 3463 3159 3525 iram,
3212 3460 3504 3530 aliquando

1917 3553 2264 3624 voluptatem.
2315 3554 2500 3608 Zelum
2550 3554 2694 3608 enim
2753 3553 2848 3609 Dei
2896 3552 3161 3608 sententia
3191 3560 3364 3618 notat,
3397 3567 3503 3622 qua

1920 3646 2119 3700 dicitur
2144 3665 2155 3698 :
2179 3646 2321 3701 Deus
2359 3655 2533 3701 noster
2557 3648 2693 3717 ignis
2732 3662 3039 3701 consumens
3083 3655 3157 3699 est
3195 3644 3373 3715 (Deut.
3400 3645 3497 3714 tv).

1920 3736 2056 3791 Nam
2086 3735 2347 3805 Spiritum
2380 3746 2623 3792 sanctum
2653 3738 3007 3802 demonstrat,
3037 3736 3125 3806 qui
3160 3736 3211 3793 in
3243 3736 3329 3791 die
3364 3734 3501 3813 Pen—

1920 3837 2156 3883 tecostes
2196 3828 2248 3882 in
2282 3828 2480 3897 linguis
2532 3829 2705 3899 igneis
2736 3844 2898 3899 super
2933 3827 3203 3899 aposteios
3230 3828 3499 3898 apparuit,

1919 3922 2011 3975 ubi
2040 3935 2134 3976 eos
2174 3921 2292 3975 luce
2340 3921 2619 3990 sapientiae
2660 3921 2981 3975 illuminavit
3005 3929 3059 3975 et
3115 3922 3232 3976 zelo
3274 3918 3499 3988 iustitiae

1920 4012 2083 4067 corda
2113 4024 2302 4066 eorum
2332 4009 2596 4065 accendit.
2640 4010 2970 4066 Charitatem
3004 4020 3184 4084 autem
3212 4010 3499 4083 significat,

1920 4101 2011 4156 ubi
2062 4099 2330 4156 fervorem
2374 4100 2677 4155 dilectionis
2729 4102 3000 4171 exprimit,
3035 4113 3100 4158 .ut
3130 4112 3214 4158 est
3266 4103 3394 4158 illud
3446 4103 3498 4156 in

1919 4191 2211 4262 Evangelia
2244 4206 2257 4244 :
2292 4189 2475 4261 Ignem
2499 4192 2611 4244 veni
2636 4191 2837 4245 mittere
2858 4193 2913 4246 in
2942 4202 3082 4246 terra
3106 4210 3126 4247 :
3148 4194 3345 4264 etquid
3362 4192 3496 4257 uolo,

1920 4285 2098 4338 nisiut
2126 4284 2307 4337 ardeat
2331 4282 2356 4335 Ρ
2379 4281 2529 4354 (Luc.
2554 4281 2673 4352 xu.)
2702 4282 3061 4353 Cupiditatem
3093 4292 3267 4339 autem
3294 4285 3499 4356 signiﬁ-

1920 4382 2029 4437 cat,
2060 4371 2277 4442 quando
2302 4371 2647 4425 ambitionem
2676 4373 2898 4426 nimiam
2949 4383 3283 4429 terrenarum
3318 4390 3494 4429 rerum

1918 4464 2159 4519 denotat.
2189 4463 2338 4519 Unde
2368 4465 2421 4519 in
2450 4464 2633 4519 Exodo
2659 4466 2917 4520 Dominus
2944 4466 3187 4535 praecipit
3222 4468 3285 4521 de
3310 4468 3498 4521 obser-

1916 4557 2135 4611 vatione
2176 4555 2435 4611 Sabbati:
2471 4555 2593 4611 Non
2632 4558 2973 4624 succendetis,
3014 4560 3205 4627 inquit,
3242 4561 3411 4629 ignem
3445 4562 3499 4615 in

1919 4648 2156 4702 omnibus
2187 4648 2498 4702 habitaculis
2535 4650 2717 4702 vestris
2741 4665 2833 4719 per
2869 4650 3003 4703 diem
3035 4648 3252 4704 Sabbati
3300 4650 3495 4721 (Exod.

1918 4738 2106 4809 xxxv).
2138 4738 2320 4809 Ignem
2346 4739 2655 4809 cupiditatis
2677 4747 2788 4794 tam
2812 4739 2866 4794 in
2891 4741 3205 4810 corporibus
3226 4741 3495 4808 humanis,

1921 4842 2083 4898 quam
2106 4828 2269 4881 etiam
2305 4829 2358 4882 in
2389 4829 2777 4883 conventiculis
2807 4830 3071 4885 unlversis
3120 4838 3263 4884 vetat
3315 4831 3497 4885 incen-

1924 4918 2070 4974 dere.
2119 4918 2374 4973 Malitiam
2418 4928 2593 4974 autem
2639 4920 2906 4990 significat
2950 4920 3108 4991 ignis,
3142 4921 3356 4991 quando
3404 4935 3499 4976 cor

1922 5010 2122 5065 malum
2144 5011 2210 5065 ad
2246 5009 2501 5065 inferiora
2526 5026 2737 5081 semper
2776 5012 3114 5067 incurvatum
3142 5012 3492 5066 demonstrat.

1920 5100 1998 5156 De
2021 5116 2127 5170 quo
2148 5100 2267 5171 igne
2291 5102 2489 5157 dicitur
2516 5122 2527 5157 :
2561 5102 2714 5157 Hunc
2743 5104 2882 5173 ignis
2907 5103 3273 5157 adversarium
3296 5116 3493 5156 consu-

1920 5201 2048 5258 met,
2082 5195 2207 5263 quia
2237 5197 2530 5265 pessimum
2576 5211 2673 5251 cor
2719 5211 2785 5251 ex
2843 5211 2937 5250 sua
2984 5194 3187 5249 malitia
3240 5194 3489 5248 tabescit.

1922 5286 2071 5342 Sicut
2116 5296 2297 5343 autem
2328 5288 2465 5359 ignis
2494 5289 2695 5343 amoris
2725 5296 2960 5342 mentem
3002 5286 3178 5356 erigit,
3234 5287 3304 5338 ita
3354 5285 3494 5354 ignis

1919 5379 2137 5434 malitiae
2180 5381 2417 5435 involvit.
2451 5380 2877 5436 Tribulatiouem
2911 5387 3087 5433 autem
3122 5378 3259 5447 ignis
3282 5375 3489 5443 signiﬁ-

1919 5480 2215 5536 cat,utest
2261 5472 2387 5526 illud
2440 5472 2492 5526 in
2543 5471 2750 5541 psalmo
2796 5490 2809 5524 :
2851 5470 2980 5541 Igne
3020 5486 3111 5522 nos
3156 5468 3493 5531 exuminasti,

1918 5570 2048 5620 sicut
2092 5568 2207 5634 igne
2258 5566 2589 5619 nominatur
2614 5574 2883 5633 argentum
2912 5562 3082 5633 (Psal.
3142 5559 3289 5631 va).
3345 5558 3495 5612 Tunc

1920 5667 2096 5711 autem
2144 5658 2279 5709 iram
2328 5655 2614 5725 significat,
2643 5654 2858 5723 quando
2898 5654 3189 5708 vindictam
3219 5650 3495 5705 ccelestem

1919 5750 2171 5817 θδιριιιιὶι,
2204 5760 2261 5807 ut
2291 5759 2373 5807 est
2399 5748 2529 5804 illud
2561 5767 2571 5802 :
2608 5745 2921 5803 Consumam
2962 5760 3047 5803 eos
3078 5747 3195 5817 igne
3232 5744 3327 5799 ira:
3352 5756 3479 5796 mea:
