3930 6346
432 345 541 405 279

429 464 503 518 ait
534 463 788 517 Dominus
823 457 993 533 (Psal.
1019 460 1183 534 Lvn);
1234 468 1288 515 et
1327 461 1453 516 alibi
1488 479 1501 516 :
1530 460 1667 527 Quia
1712 462 1870 531 ignis,
1920 460 2001 513 in-
2027 457 2084 517 Α

429 552 568 623 quit,
604 553 799 607 exarsit
824 550 887 605 ab
927 552 1008 604 ira
1058 568 1173 605 mea
1198 561 1248 606 et
1289 550 1489 606 ardebit
1518 568 1675 622 usque
1716 551 1784 605 ad
1806 550 2000 621 inferos

432 648 674 701 deorsum
697 641 869 717 (Psal.
908 644 1062 713 xvu).
1097 644 1248 700 Tunc
1273 652 1453 700 autem
1494 644 1823 714 voluptatem
1859 641 1999 713 ignis

433 736 721 806 signiﬁcat,
752 736 965 806 quando
1000 735 1235 790 libidinis
1263 734 1513 790 ardorem
1548 734 1799 799 ostendit,
1830 742 1891 789 ut
1918 741 2001 789 est

427 826 560 880 illud
596 844 609 880 :
645 825 834 880 Omnes
869 824 1219 879 adulterantes
1265 826 1401 879 sicut
1430 824 1583 879 carbo
1626 826 1760 895 ignis
1810 825 1999 880 ardens

429 914 590 969 corda
612 931 789 969 eorum
812 914 955 986 (Ose.
984 915 1105 985 vn).
1135 913 1339 980 Quibus
1364 913 1468 969 nisi
1497 914 1805 969 subvenerit
1827 915 1997 984 pteni‘

426 1007 607 1063 tentias
641 1008 959 1073 remedium,
992 1008 1152 1078 lignis
1184 1022 1357 1077 paenae
1398 1016 1671 1077 perpetuae
1706 1007 2001 1078 subseque-

421 1105 529 1163 tur,
582 1096 673 1151 ubi
703 1097 808 1151 erit
850 1096 1003 1153 ﬂetus
1053 1105 1105 1153 et
1134 1097 1333 1152 stridor
1354 1097 1612 1165 dentium,
1643 1105 1697 1153 et
1724 1098 1997 1154 cruciatus

422 1188 799 1257 sempiternus.
820 1188 896 1242 De
920 1203 1026 1257 quo
1056 1188 1111 1241 in
1138 1188 1275 1242 Isaia
1302 1187 1561 1258 scriptum
1581 1196 1664 1243 est
1692 1202 1707 1241 :
1731 1187 1867 1242 Ecce
1890 1204 1997 1242 om-

420 1296 507 1333 nes
550 1296 635 1333 vos
682 1282 885 1333 accensi
912 1280 1048 1349 igne,
1100 1280 1321 1333 accincti
1361 1280 1610 1350 ﬂammis,
1657 1277 1919 1333 ambulate
1943 1278 1997 1332 in

417 1367 613 1420 lumine
660 1368 796 1437 ignis
849 1368 1023 1422 vestri.
1068 1367 1278 1422 Habent
1323 1368 1464 1421 enim
1513 1374 1828 1437 peccatores
1855 1367 1908 1420 in
1938 1380 1996 1421 se

414 1454 632 1521 fenum,
686 1456 868 1527 ligna,
928 1456 1210 1526 stipulam,
1260 1455 1443 1526 spinas
1496 1463 1550 1515 et
1601 1456 1865 1520 tribulos,
1917 1456 1995 1509 fo-

412 1544 668 1614 liumque,
707 1560 826 1614 quae
856 1552 1057 1599 aeterno
1087 1544 1376 1599 traduntur
1422 1545 1687 1600 incendio.
1720 1544 1786 1598 Hi
1816 1552 1993 1598 tamen

409 1645 774 1705 provocamur
826 1637 891 1691 ad
949 1636 1203 1702 salutem,
1233 1637 1536 1707 diciturque
1564 1638 1645 1692 eis
1677 1654 1689 1691 :
1720 1636 1993 1690 Ambulate

408 1725 465 1778 in
512 1725 706 1780 lumine
735 1727 871 1796 ignis
917 1727 1070 1780 vestri
1097 1714 1427 1795 et‘ﬂammis,
1458 1735 1515 1781 et
1548 1726 1793 1795 reliqua;
1850 1735 1910 1780 ut
1938 1726 1991 1780 in

408 1818 584 1885 pmnis
613 1826 667 1872 et
701 1818 977 1887 suppliciis
999 1818 1201 1872 distant
1227 1816 1526 1890 [effugiant]
1551 1817 1646 1873 Dei
1666 1819 1981 1888 potentiam,

406 1917 461 1963 et
482 1911 701 1964 redeant
726 1910 793 1963 ad
818 1909 1064 1964 salutem.
1088 1909 1222 1965 Item
1251 1910 1391 1981 ignis
1412 1911 1715 1967 intellectus
1736 1911 1789 1965 in
1817 1912 1987 1967 sacris

406 1998 634 2069 eloquiis
656 1998 919 2069 accipitu’r
948 2002 1120 2054 bonus
1158 1999 1243 2054 vel
1265 2000 1460 2066 malus,
1487 2000 1631 2056 sicut
1660 2001 1715 2054 in
1742 1999 1987 2056 Levitico

406 2090 472 2144 de
504 2089 628 2145 ﬁliis
674 2090 854 2145 Aaron
884 2091 1098 2153 dicitur,
1127 2091 1219 2160 qui
1259 2091 1441 2162 ignem
1488 2091 1723 2147 alienum
1776 2091 1830 2145 in
1858 2105 1988 2146 con-

403 2188 589 2249 spectu
636 2179 848 2235 Domini
890 2180 1221 2245 obtulerunt,
1273 2191 1329 2234 et
1378 2182 1452 2236 ibi
1503 2182 1808 2252 consumpti
1838 2188 1983 2236 sunt.

402 2269 608 2326 Fumus
636 2278 813 2326 autem
828 2270 1117 2341 aliquando
1140 2271 1195 2325 in
1214 2270 1413 2325 bonam
1432 2280 1665 2341 partem,
1697 2272 1985 2341 aliquando

402 2363 457 2416 in
488 2363 819 2417 contrariam
852 2363 1094 2432 ponitur.
1140 2362 1276 2416 Nam
1306 2364 1449 2432 quod
1489 2362 1621 2419 dicit
1647 2362 1935 2432 Psalmista
1965 2378 1979 2417 :

400 2450 645 2504 Ascendit
679 2450 855 2519 fumus
898 2452 953 2503 in
996 2451 1078 2502 ira
1102 2450 1234 2517 ejus,
1258 2460 1305 2504 et
1330 2452 1466 2521 ignis
1488 2470 1521 2505 α
1543 2451 1677 2518 facie
1698 2451 1812 2520 ejus
1832 2467 1987 2505 exar-

401 2540 560 2593 descit
588 2538 761 2609 (Psal.
802 2539 959 2611 xvn),
991 2539 1172 2595 fumus
1224 2541 1314 2596 hic
1364 2539 1418 2594 in
1456 2541 1599 2596 bono
1622 2539 1831 2612 positus
1878 2547 1984 2607 est,

400 2632 525 2699 quia
554 2632 692 2686 sicut
714 2632 817 2687 iste
839 2640 1087 2687 terrenus
1116 2632 1335 2688 inutiles
1360 2632 1631 2705 lacrymas
1658 2639 1860 2697 movet,
1907 2633 1986 2687 ita

400 2733 455 2779 et
478 2724 566 2778 ille
586 2724 916 2795 poenitentiae
949 2723 1129 2778 calore
1150 2739 1444 2779 succensus
1468 2723 1744 2779 fructuose
1759 2723 1985 2794 profun-

400 2816 477 2870 dit
497 2814 715 2870 ﬂuentia
741 2815 1104 2886 lacrymarum
1129 2816 1185 2870 in
1209 2816 1292 2871 ira
1312 2814 1447 2884 ejus,
1466 2815 1569 2871 hoc
1589 2822 1693 2881 est,
1714 2823 1978 2885 tempore,

399 2920 507 2975 quo
531 2905 625 2960 hic
644 2916 951 2976 peccatores
996 2905 1161 2960 futuri
1198 2905 1386 2976 iudicii
1431 2906 1627 2960 timore
1669 2903 1979 2971 conturbat,

398 3006 457 3051 ut
483 3012 578 3052 eos
607 2997 673 3051 ad
700 2997 997 3052 remedium
1021 2996 1391 3068 conversionis
1421 2995 1671 3050 adducat.
1712 2994 1855 3065 ignis
1887 3008 1984 3048 au-

396 3098 507 3144 tem
535 3096 619 3143 est
645 3087 885 3144 charitas
908 3090 1025 3154 Dei,
1071 3089 1331 3144 virtutum
1371 3086 1838 3158 progressionibus
1864 3100 1983 3141 cre-

1070 347 1132 403 B.
1174 348 1427 405 RABANI
1463 344 1681 405 MAURI
1720 344 2038 402 ARCHIEP.
2082 342 2384 403 MOGUNT.
2426 344 2709 404 OPERUM
2746 347 2925 404 PARS
2964 348 3027 403 Il.

3567 344 3669 402 280

2642 456 2867 514 CAPUT
2942 457 3124 512 XXIII.

2676 554 2754 608 De
2774 553 3101 609 carbonibus.

2171 645 2445 703 Carbones
2484 652 2665 699 autem
2714 644 3016 714 signiﬁcant
3060 642 3395 714 nigredinem
3422 648 3674 714 peccato-

2101 751 2242 791 rum.
2282 734 2435 791 Unde
2472 742 2573 799 est
2600 732 2729 789 illud
2764 752 2777 788 :
2810 731 3075 788 Carbones
3102 733 3337 787 succensi
3359 742 3481 787 sunt
3517 732 3582 786 ab
3613 748 3676 788 eo

2100 827 2189 900 (II
2212 825 2341 897 Reg.
2389 823 2549 895 xxxi).
2578 824 2852 880 Carbones
2870 838 3000 879 vero
3027 837 3331 887 succensos,
3362 830 3677 893 peccatores

2099 919 2251 986 dicit,
2307 917 2397 989 qui
2428 916 2574 971 velut
2623 916 2886 973 carbones
2928 918 3123 971 mortui
3171 916 3227 971 in
3280 916 3469 971 mundi
3520 917 3680 972 istius

2099 1008 2342 1064 caecitate
2369 1006 2733 1071 tenebrantur,
2775 1006 2873 1061 sed
2905 1006 3099 1060 iterum
3125 1005 3441 1076 pcenitentia
3472 1003 3682 1060 inﬂam-

2098 1106 2281 1152 mante
2329 1096 2678 1163 reviviscunt,
2709 1105 2764 1151 et
2810 1110 2874 1150 ex
2917 1097 3147 1151 mortuis
3171 1095 3361 1167 prunis
3394 1094 3503 1149 vivi
3536 1094 3678 1151 inci-

2095 1186 2252 1255 piunt
2271 1201 2392 1242 esse
2419 1186 2703 1241 carbones.
2736 1183 2997 1240 Similiter
3017 1194 3074 1240 et
3097 1186 3246 1252 illud,
3274 1186 3417 1255 quod
3446 1186 3501 1240 in
3527 1184 3681 1241 Psal-

2096 1290 2186 1330 mo
2212 1275 2408 1347 legitur
2438 1293 2451 1329 :
2485 1274 2709 1345 Sagitta:
2754 1276 2973 1344 potentis
3004 1282 3173 1329 acutae
3218 1291 3334 1329 cum
3364 1275 3678 1330 carbonibus

2098 1362 2271 1435 (Psal.
2296 1365 2462 1437 exnx).
2507 1364 2781 1421 Carbones
2823 1374 3005 1422 autem
3033 1365 3387 1423 desolatorios
3433 1366 3678 1433 nonnulli

2095 1464 2407 1527 peccatores
2430 1456 2741 1513 teterrimos
2762 1464 2925 1527 atque
2954 1457 3112 1512 malis
3140 1458 3352 1513 actibus
3379 1459 3679 1514 exstinctos

2098 1547 2397 1618 intelligere
2421 1546 2731 1615 voluerunt,
2770 1562 3002 1617 quorum
3036 1546 3267 1604 formido
3285 1555 3342 1603 et
3370 1548 3679 1605 recordatio

2096 1648 2283 1695 nostra
2303 1638 2435 1692 vitia
2459 1637 2705 1693 desolare
2729 1646 3053 1703 noscuntur,
3081 1638 3207 1694 dum
3238 1638 3529 1694 metuimus
3550 1638 3677 1694 talia

2096 1726 2454 1792 committere,
2486 1742 2606 1796 quae
2626 1726 2746 1783 illos
2766 1727 3115 1796 cognovimus
3139 1727 3447 1797 pertulisse.
3493 1726 3681 1783 Potest

2014 1808 2067 1872 Β
2091 1828 2269 1874 autem
2298 1827 2354 1873 et
2375 1818 2507 1874 illud
2530 1818 2774 1889 intelligi,
2805 1826 2865 1871 ut
2886 1820 3150 1875 carbones
3169 1818 3525 1875 desolatorios
3548 1832 3675 1874 ora-

2091 1910 2269 1965 tiohes
2301 1910 2630 1980 accipiamus
2652 1908 2936 1966 charitatis
2958 1910 3079 1980 igne
3100 1925 3407 1976 succensas,
3436 1926 3557 1981 qua:
3576 1926 3677 1968 nos

2088 2003 2239 2058 vitiis
2268 2003 2343 2057 ita
2373 2002 2637 2057 mundant
2658 2010 2820 2070 atque
2840 2002 3153 2074 puriﬁgcant,
3182 2011 3243 2057 ut
3270 2003 3413 2073 quod
3443 2004 3499 2058 in
3518 2004 3677 2059 nobis

2091 2091 2342 2149 diabolus
2386 2091 2810 2157 constrinxerat,
2869 2091 3173 2147 desolatum
3211 2101 3372 2162 atque
3426 2108 3675 2149 eversum

2089 2181 2273 2236 divino
2303 2181 2565 2236 beneﬁcio
2586 2181 2868 2235 sentiatur.
2895 2181 3021 2235 Sive
3045 2181 3218 2252 magis
3248 2182 3376 2237 illud
3404 2192 3508 2247 est,
3530 2184 3677 2252 quod

2086 2270 2255 2327 Isaias
2284 2270 2401 2325 ait:
2434 2270 2503 2324 Et
2538 2270 2726 2325 volavit
2748 2270 2818 2324 ad
2847 2287 2930 2326 me
2954 2287 3090 2327 unus
3135 2271 3200 2326 de
3243 2272 3507 2343 seraphin,
3547 2282 3597 2327 et
3618 2272 3677 2329 in

2088 2378 2249 2416 manu
2272 2361 2495 2416 habebat
2524 2346 2801 2416 carbonem
2846 2362 2983 2433 ignis
3017 2379 3170 2434 quem
3189 2362 3385 2433 forcipe
3406 2374 3678 2433 acceperat

2087 2451 2152 2504 de
2180 2450 2361 2517 altari,
2389 2460 2436 2505 et
2459 2452 2623 2521 tetigit
2650 2469 2705 2505 os
2732 2467 2903 2505 meum
2933 2460 2983 2506 et
3014 2452 3148 2506 dixit
3181 2465 3199 2504 :
3224 2451 3359 2507 Ecce
3383 2453 3546 2523 tetigit
3576 2454 3676 2509 hoe

2088 2537 2230 2593 labia
2252 2548 2365 2606 tua,
2389 2548 2438 2594 et
2470 2541 2544 2594 ait
2575 2553 2593 2592 :
2616 2540 2753 2596 Ecce
2787 2540 2982 2596 abstuli
2998 2541 3297 2612 iniquitates
3318 2552 3456 2608 tuas,
3485 2552 3532 2597 et
3554 2559 3676 2613 pec-

2087 2637 2208 2682 cata
2237 2636 2331 2683 tua
2359 2628 2777 2709 circumplurgavi
2812 2629 2946 2702 (Isa.
2974 2630 3072 2700 vi).
3102 2629 3254 2697 Quod
3277 2645 3421 2686 nunc
3462 2630 3675 2687 beneﬂ-

2087 2717 2174 2773 cio
2202 2727 2402 2773 sanctae
2425 2719 2603 2773 erucis
2627 2718 2878 2785 edicitur,
2910 2719 3127 2791 quando
3155 2718 3299 2774 labia
3343 2727 3533 2776 nostra
3561 2719 3674 2776 Do-

2084 2809 2221 2863 mini
2242 2809 2618 2865 recordatione
2646 2810 2944 2881 signamus.
2976 2810 3090 2866 Nec
3125 2812 3396 2868 immerito
3442 2811 3676 2868 forsitan

2085 2895 2299 2970 signu'm
2328 2902 2507 2957 crucis
2534 2900 2923 2958 desolatorium
2950 2903 3180 2958 dicimus
3208 2917 3330 2959 esse
3358 2902 3672 2971 carbonem,

2085 2992 2301 3065 quando
2334 2991 2485 3064 fugat
2504 3000 2729 3064 peccata
2760 2994 3117 3061 credentium,
3151 2982 3273 3070 cum
3303 3003 3483 3050 tamen
3505 2994 3674 3064 perﬁ-

2087 3083 2172 3137 dis
2194 3081 2443 3138 videatur
2461 3085 2809 3140 exstinctum.
2837 3084 2969 3139 Item
2993 3085 3124 3140 illud
3154 3085 3247 3141 ubi
3274 3088 3538 3157 scriptum
3557 3096 3672 3144 est:

396 3196 575 3247 secus,
606 3197 724 3252 quae
747 3189 947 3250 quanto
970 3181 1145 3251 magis
1168 3157 1585 3250 concupiscitur,
1619 3186 1768 3233 tanto
1795 3176 1977 3233 eﬁica-
2005 3157 2054 3223 ο
2086 3172 2237 3230 Sicut
2269 3184 2473 3228 acetum
2499 3175 2758 3240 dentibus,
2806 3184 2854 3229 et
2881 3158 3057 3244 fumus
3088 3175 3275 3242 oculis,
3311 3178 3387 3230 ita
3405 3177 3553 3248 piger
3590 3178 3676 3234 Itis

395 3272 516 3327 eius
532 3272 835 3342 ampliatur.
861 3273 1005 3327 Bene
1033 3281 1214 3328 autem
1241 3273 1378 3327 dixit
1406 3290 1419 3325 :
1444 3273 1488 3326 A
1510 3271 1645 3341 facie
1668 3272 1805 3341 ejus,
1850 3285 1979 3341 quo-

334 3386 349 3405 ο
395 3362 543 3417 niam
574 3361 742 3432 ipsius
787 3360 1176 3417 illuminatione
1227 3361 1464 3415 cbaritas
1516 3360 1834 3416 conceditur
1874 3360 1975 3426 eis,

392 3452 487 3524 qui
532 3462 753 3522 peccata
790 3452 1120 3523 relinquunt.
1170 3451 1322 3518 Quod
1361 3458 1542 3506 autem
1598 3450 1724 3505 alibi
1767 3450 1832 3505 de
1855 3465 1978 3520 pec-

395 3545 671 3601 catoribus
721 3543 921 3599 dicitur
972 3561 985 3597 :
1045 3542 1192 3598 Sicut
1238 3542 1423 3612 defecit
1475 3541 1650 3611 fumus
1675 3580 1691 3606 ,
1737 3541 1978 3610 deﬁcient

392 3632 569 3706 (Psal.
624 3633 827 3705 van),
874 3633 987 3687 hic'
1017 3640 1362 3703 peccatorum
1418 3645 1581 3702 ptena
1643 3630 1975 3701 praedicitur.

392 3725 595 3781 Fumus
614 3726 757 3781 enim
778 3732 861 3781 est
886 3739 952 3779 ex
974 3723 1189 3780 ﬂamma
1231 3724 1335 3778 ista
1388 3721 1723 3791 corruptibili
1751 3736 1979 3793 surgens

391 3817 677 3872 tenebrosa
703 3815 1068 3887 conglobatio,
1093 3830 1213 3884 quae
1242 3821 1507 3884 quantum
1529 3812 1650 3881 plus
1676 3812 1975 3877 extollitur,

393 3912 603 3959 tantum
624 3920 720 3974 per
750 3904 931 3959 inania
963 3912 1234 3959 tenuatur.
1280 3902 1417 3957 Huic
1440 3908 1754 3971 peccatores
1780 3903 1974 3957 merito

392 4000 795 4063 comparantur,
850 3993 1104 4062 quoniam
1159 4007 1226 4048 ex
1281 3992 1497 4045 ﬂamma
1554 3991 1807 4060 nequitiae
1861 4006 1973 4045 suae

389 4087 696 4157 producunt
719 4084 999 4140 fumiferas
1030 4084 1286 4149 actiones,
1314 4097 1433 4153 qua:
1484 4082 1612 4138 licet
1654 4083 1722 4137 ad
1763 4083 1974 4150 altiora,

391 4176 644 4246 superbia
691 4174 940 4241 faciente,
964 4182 1309 4246 consurgant,
1360 4187 1582 4229 necesse
1630 4180 1736 4241 est,
1774 4180 1835 4227 ut
1879 4186 1975 4228 sua

394 4268 591 4340 magis,
627 4267 775 4323 velut
807 4269 1011 4333 fumus,
1041 4266 1275 4321 elatione
1303 4264 1572 4320 deﬁciant.

967 4380 1197 4437 CAPUT
1230 4380 1396 4437 XXIL.

1019 4451 1098 4505 De
1126 4453 1329 4523 prunis.

460 4541 654 4597 Prunae
680 4548 859 4597 autem
890 4539 1196 4611 signiﬁcant
1243 4540 1459 4596 illicitas
1507 4541 1970 4613 concupiscentias

392 4634 606 4697 animae,
636 4645 756 4699 quae
782 4629 1025 4699 polluunt
1049 4644 1264 4699 gressus
1314 4644 1539 4700 operum
1585 4630 1965 4686 humanorum.

391 4721 545 4778 Unde
571 4728 654 4775 est
684 4719 812 4774 illud
838 4737 849 4772 :
887 4718 1029 4772 Dum
1052 4718 1283 4773 ambulat
1312 4737 1468 4790 super
1514 4736 1734 4790 prunas,
1775 4720 1969 4792 plantat

387 4809 503 4879 ejus
524 4825 643 4889 nont
663 4808 1029 4863 comburentur
1056 4805 1239 4877 (Prov.
1262 4808 1359 4880 vi).
1391 4809 1528 4865 Hinc
1556 4811 1614 4865 in
1658 4809 1758 4867 Job
1781 4813 1846 4867 de
1869 4812 1969 4867 Le-

386 4898 604 4952 viatban
632 4899 890 4967 scriptum
914 4906 1027 4953 est:
1047 4897 1264 4952 Halitus
1288 4899 1401 4968 ejus
1421 4916 1616 4970 prunas
1637 4902 1821 4956 ardere
1843 4902 1970 4971 facit

390 4986 534 5061 (Job.
558 4988 692 5060 xu).
723 4989 861 5056 Quid
882 5002 1107 5057 prunas,
1140 4988 1244 5045 nisi
1269 5002 1556 5045 succensas
1580 4991 1811 5047 internis
1837 5007 1968 5047 con-

389 5078 739 5148 cupiscentiis
794 5079 1149 5149 reproborum
1203 5088 1443 5146 mentes,
1496 5082 1762 5152 appellat?
1808 5086 1970 5140 toties

387 5173 533 5227 enim
580 5171 877 5226 Leviathau
926 5171 1125 5226 halitus
1183 5187 1385 5242 prunas
1450 5174 1719 5241 accendit,
1758 5177 1970 5245 quoties

386 5259 596 5314 occulta
617 5258 889 5329 suggestio
920 5258 1183 5313 humanas
1224 5270 1433 5315 mentes
1470 5263 1536 5318 ad
1584 5263 1969 5321 delectationes

387 5350 602 5406 illicitas
652 5350 951 5420 pertrahit;
988 5357 1042 5404 et
1070 5348 1280 5404 ﬂamma
1305 5351 1368 5405 de
1404 5367 1496 5406 ore
1523 5353 1639 5422 ejus
1668 5357 1964 5427 egreditur,

387 5440 514 5511 quia
534 5442 791 5512 quidquid
815 5457 911 5511 per
932 5454 1008 5507 se,
1030 5441 1288 5511 quidquid
1315 5458 1414 5512 per
1437 5446 1814 5513 pmdieatores
1839 5465 1966 5505 suos

388 5534 648 5603 loquitur,
679 5536 817 5604 ignis
838 5545 940 5601 est,
972 5551 1080 5606 quo
1103 5551 1210 5591 non
1234 5552 1423 5591 aurum
1454 5552 1628 5607 neque
1664 5551 1962 5612 argentum,

390 5626 483 5681 sed
512 5627 738 5698 lignum,
776 5628 983 5688 fenum.
1014 5629 1209 5697 stipula
1236 5641 1628 5687 concrematur.

2085 3266 2176 3338 qui
2210 3267 2459 3321 miserunt
2508 3266 2658 3337 illum
2704 3266 2885 3339 (Prov.
2917 3272 2996 3336 ι).
3032 3267 3130 3325 Hic
3165 3268 3347 3325 fumus
3376 3270 3675 3327 vanitatem

2084 3358 2340 3427 exprimit
2362 3371 2550 3413 eorum
2597 3357 2690 3429 qui
2720 3358 3072 3429 cupiditatem
3101 3361 3259 3417 istius
3282 3362 3471 3417 mundi
3501 3362 3676 3435 magis

2080 3456 2380 3519 sequuntur
2402 3459 2566 3521 quam
2586 3449 2825 3504 studium
2856 3450 3007 3507 verbi
3033 3451 3149 3508 Dei.

2628 3580 2858 3638 CAPUT
2924 3581 3114 3641 XXIV.

2681 3694 2757 3749 De
2779 3694 3061 3753 cineribus.

2149 3803 2299 3860 Cinis
2322 3811 2504 3861 autem
2531 3805 2782 3861 humanae
2811 3805 3126 3878 fragilitatis
3148 3809 3469 3869 inanitatem
3499 3812 3670 3883 signi-

2080 3893 2225 3950 ﬁcat.
2254 3895 2408 3951 Unde
2431 3897 2486 3951 in
2514 3896 2802 3953 Salomone
2826 3900 3091 3971 scriptum
3116 3909 3203 3956 est
3229 3920 3243 3956 :
3278 3901 3418 3967 Quid
3435 3906 3671 3974 superbit

2079 3996 2219 4041 terra
2246 3997 2295 4040 et
2324 3988 2455 4041 cinis
2480 3988 2503 4041 ξ)
2534 3988 2724 4059 (Eccli.
2764 3990 2846 4061 χ.)
2886 3989 3148 4049 Similiter
3178 4001 3233 4048 et
3259 3992 3441 4049 favilla
3474 4010 3489 4049 :
3515 3996 3670 4053 Unde

2078 4077 2134 4131 in
2180 4075 2281 4132 Job
2311 4078 2439 4133 dicit
2485 4078 2640 4150 :Ago
2677 4081 3034 4151 pmnitentiam
3078 4084 3135 4137 in
3176 4083 3359 4153 favilla
3402 4094 3451 4140 et
3494 4088 3670 4143 cinere

2079 4168 2221 4241 (Job.
2252 4169 2412 4243 xm).
2442 4171 2499 4225 In
2529 4170 2709 4227 favilla
2737 4173 2941 4228 etenim
2964 4182 3023 4230 et
3060 4173 3242 4231 cinere
3285 4176 3667 4247 paenitentiam

2077 4273 2237 4330 agere
2278 4270 2382 4327 est,
2413 4261 2779 4331 contemplata
2825 4277 3037 4318 summa
3070 4265 3326 4331 essentia,
3376 4266 3453 4321 nil
3496 4266 3663 4335 aliud,

2075 4366 2239 4422 quam
2279 4353 2519 4408 favillam
2549 4369 2608 4409 se
2648 4354 2998 4426 cineremque
3038 4371 3387 4429 cognoscere.
3425 4358 3580 4416 Unde
3608 4369 3667 4417 et

2075 4444 2280 4499 civitati
2310 4444 2553 4515 reprobae
2578 4444 2633 4500 in
2658 4445 2954 4518 Evangelio
3002 4446 3264 4503 Dominus
3290 4448 3423 4505 dicit
3456 4467 3470 4504 :
3501 4448 3562 4505 Si
3604 4452 3664 4505 in

2078 4533 2215 4605 Tyro
2247 4544 2293 4589 et
2322 4534 2520 4590 Sidone
2537 4534 2693 4603 factae
2719 4537 2940 4606 fuissent
2962 4538 3197 4604 virtutes,
3220 4555 3339 4608 quae
3359 4539 3516 4608 factae
3540 4550 3663 4596 sunt

2073 4628 2127 4681 in
2150 4627 2310 4694 vobis,
2345 4627 2469 4682 olim
2508 4629 2565 4682 in
2593 4627 2762 4682 cilicio
2792 4638 2839 4683 et
2865 4629 3037 4684 cinere
3060 4630 3413 4701 paenitentiam
3440 4631 3662 4702 egissent

2074 4716 2290 4787 (Matth.
2316 4718 2416 4788 xi).
2451 4717 2509 4771 In
2536 4718 2715 4773 cilicio
2740 4719 2937 4789 quippe
2958 4720 3218 4791 asperitas
3235 4728 3291 4775 et
3315 4722 3661 4792 compunctio

2073 4816 2419 4877 peccatorum
2452 4826 2464 4862 :
2499 4808 2552 4863 in
2575 4810 2759 4866 cinere
2783 4818 2964 4865 autem
2982 4810 3158 4881 pulvis
3182 4812 3488 4868 ostenditur
3514 4828 3662 4868 mor-

2076 4906 2308 4967 tuorum,
2347 4910 2404 4956 et
2446 4901 2653 4958 idcirco
2673 4910 2963 4975 utrumque
2997 4905 3103 4959 hoc
3123 4904 3367 4960 adhiberi
3396 4905 3465 4962 ad
3482 4904 3661 4976 pceni-

2076 4992 2302 5046 tentiam
2331 4992 2489 5060 solet,
2516 4999 2577 5049 ut
2610 4995 2663 5050 in
2693 4996 2986 5067 punctione
3033 4995 3195 5051 cilicii
3244 5011 3655 5068 cognoscamus,

2074 5082 2203 5152 quid
2235 5097 2335 5153 per
2374 5084 2587 5155 culpam
2630 5084 2878 5153 fecimus,
2910 5093 2965 5141 et
2996 5086 3052 5141 in
3084 5086 3260 5142 favilla
3294 5088 3499 5145 cineris
3526 5104 3656 5161 per-

2071 5174 2387 5244 pendamus,
2427 5176 2556 5246 quid
2592 5192 2693 5248 per
2713 5176 2976 5245 judicium
3006 5178 3133 5235 facti
3162 5194 3368 5236 sumus.
3391 5180 3579 5236 Terris
3599 5189 3660 5238 et

2071 5265 2191 5321 titio
2219 5266 2511 5323 humanum
2539 5285 2708 5339 genus
2739 5269 3007 5342 signiﬁcat
3030 5286 3127 5343 per
3152 5272 3439 5329 Dominum
3467 5270 3657 5342 Iesum

2072 5356 2341 5413 Christum
2398 5374 2430 5412 a
2475 5368 2730 5429 perpetua
2790 5363 3160 5420 combustione
3220 5375 3279 5418 se
3339 5363 3393 5418 in
3444 5362 3659 5432 justum

2074 5449 2434 5523 [semiustum]
2468 5452 2823 5519 abstractum,
2853 5462 2913 5508 ut
2960 5454 3013 5508 in
3047 5455 3313 5509 Zacharia
3348 5473 3360 5509 :
3392 5455 3657 5528 Nunquid

2071 5557 2173 5595 non
2202 5544 2297 5597 iste
2314 5532 2482 5596 torris
2501 5553 2679 5599 erutus
2704 5552 2779 5600 est
2805 5544 2869 5599 de
2889 5542 3249 5616 igne?(Zach.
3275 5544 3383 5618 ιιι.)
3410 5546 3656 5604 Titiones

2071 5632 2173 5686 duo
2201 5640 2496 5702 potestates
2526 5634 2706 5689 saeculi
2755 5632 2916 5703 hujus
2967 5644 3130 5706 atque
3170 5636 3412 5693 haeretici
3443 5652 3513 5694 ex
3542 5652 3655 5694 uno

2071 5738 2333 5781 consensu
2363 5725 2642 5784 ecclesiam
2678 5735 3086 5805 persequentes,
3116 5736 3177 5793 ut
3217 5730 3274 5789 in
3299 5729 3440 5792 Isaia
3470 5749 3483 5793 ;
3520 5730 3651 5797 Noli
