3930 6326
190 342 285 400 εει

1224 351 1313 407 DE
1353 346 1701 408 UNIVERSO
1738 345 1918 403 LIBRI
1957 345 2125 403 XXII.
2166 377 2239 387 —
2274 347 2401 404 LIB.
2444 346 2537 403 IX.

3405 347 3515 409 282

204 462 381 514 timere
410 478 444 516 a
469 461 697 517 duabus
728 462 913 518 caudis
945 464 1183 518 titionum
1211 462 1581 533 fumigantium
1603 460 1820 514 istorum
1848 459 1902 520 Α
1926 466 2147 527 guntnr,
2173 456 2321 512 velut
2370 458 2423 511 in
2476 457 2614 513 Osee
2641 456 2707 512 de
2750 454 3019 511 litereticis
3044 455 3239 513 dicitur
3266 475 3279 513 :
3308 458 3513 532 Ligavit

214 548 345 624 (Isa.
369 553 498 624 vn).

812 644 1036 701 CAPUT
1075 641 1242 697 XXV.

874 736 948 790 De
970 736 1150 790 ventis.

288 827 500 885 Ventus
528 836 614 885 est
643 844 740 886 aer
761 836 1061 886 commotus
1085 837 1138 884 et
1169 829 1421 899 agitatus,
1453 841 1552 896 pro
1580 826 1811 883 diversis

223 922 471 996 partibus
502 921 629 976 caeli
651 921 870 976 nomina
894 919 1107 974 diversa
1139 921 1383 974 sortitus.
1420 916 1607 971 Dictus
1639 926 1818 972 autem

225 1023 443 1077 ventus,
472 1012 616 1081 quod
667 1012 739 1066 sit
767 1010 1060 1065 vehemens
1098 1017 1153 1064 et
1180 1009 1474 1066 violentus.
1530 1010 1626 1064 Vis
1675 1009 1818 1063 enim

223 1103 345 1170 ejus
373 1110 522 1156 tanta
547 1109 651 1165 est,
679 1109 740 1155 ut
776 1115 881 1154 non
912 1099 1085 1155 solum
1104 1115 1233 1155 saxa
1264 1108 1319 1154 et
1344 1102 1567 1156 arbores
1592 1099 1814 1153 evellat:

218 1192 324 1248 sed
351 1194 517 1247 etiam
546 1192 741 1247 caelum
772 1200 1084 1261 terramque
1118 1192 1427 1256 conturbet,
1476 1190 1651 1244 maria
1671 1205 1818 1244 com-

217 1293 460 1365 moveat.
484 1282 777 1339 Ventorum
812 1292 1046 1355 quatuor
1062 1284 1393 1354 principales
1417 1292 1545 1339 sunt
1574 1283 1816 1353 spiritus,

216 1389 459 1444 quorum
496 1375 705 1445 primus
756 1376 823 1429 ab
868 1375 1094 1430 Oriente
1147 1376 1490 1441 subsolanus,
1525 1391 1555 1429 a
1596 1375 1817 1430 Meridie

215 1472 429 1529 auster,
449 1465 517 1519 ab
538 1462 833 1519 Occidente
860 1463 1128 1529 favonius,
1146 1480 1176 1516 a
1189 1464 1560 1535 septentrione
1575 1462 1816 1531 ejusdem

212 1556 463 1609 nominis
486 1564 680 1610 ventus
703 1556 909 1623 aspirat
940 1574 951 1607 :
976 1554 1241 1609 habentes
1267 1556 1512 1625 geminos
1546 1556 1671 1609 hinc
1692 1554 1817 1610 inde

212 1652 511 1697 ventorum
543 1644 787 1713 spiritus.
832 1643 1166 1699 Subsolanus
1193 1660 1223 1698 a
1252 1645 1421 1701 latere
1466 1645 1657 1701 dextro
1688 1644 1815 1700 Vul-

210 1740 440 1787 turnum
466 1734 649 1798 habet,
685 1733 819 1789 lzevo
852 1734 1053 1789 Eurum
1087 1752 1099 1788 :
1133 1735 1332 1790 Auster
1356 1751 1385 1789 a
1416 1736 1621 1791 dextris
1643 1736 1813 1791 Euro-

1921 563 2039 602 eum
2068 548 2284 617 spiritus
2330 548 2387 600 in
2417 548 2515 601 alis
2542 549 2650 601 suis
2688 546 2833 619 (Ose.
2865 546 2960 619 tv).
2998 547 3129 602 Item
3156 548 3229 602 ibi
3275 568 3286 603 :
3319 549 3513 608 Omnes

1919 620 2154 709 pastores
2175 648 2290 692 tuos
2317 648 2493 708 pascet
2516 648 2694 694 ventus
2721 638 2778 710 (Ι
2781 656 2856 693 er.
2903 638 3072 709 xxn);
3117 648 3173 694 et
3215 639 3341 695 alibi
3366 656 3380 695 :
3408 641 3513 708 Qui

1921 732 2105 786 nititur
2123 731 2429 796 mendaciis,
2462 733 2545 785 hic
2565 733 2798 802 pascitur
2816 732 2976 786 ventis
3002 728 3184 801 (Prov.
3218 731 3296 803 x).
3320 730 3514 788 Orien-

1922 822 2047 878 talis
2089 832 2271 877 autem
2322 829 2515 876 ventus
2563 824 2885 878 subsolanus
2930 830 3177 887 vocatur,
3224 822 3349 892 quia
3406 823 3507 879 sub

1921 912 2051 967 solis
2106 920 2227 965 ortu
2258 911 2480 965 oritur:
2520 911 2789 982 signiﬁcat
2838 910 3279 981 praedicationem
3329 910 3512 967 Evan-

1918 1002 2064 1073 gelii,
2093 1018 2212 1072 quae
2240 1017 2267 1055 a
2300 1001 2413 1057 sole
2441 1016 2569 1057 vero
2594 1001 2878 1072 processit,
2922 1010 2977 1056 et
3029 1010 3201 1056 totum
3252 1002 3514 1057 mundum

1918 1094 2038 1148 luce
2068 1093 2192 1148 ﬁdei
2216 1101 2376 1162 atque
2396 1092 2672 1161 sapientiae
2697 1091 3042 1146 illuminavit.
3069 1091 3221 1147 Unde
3249 1093 3514 1163 scriptum

1918 1194 2003 1242 est
2036 1204 2048 1239 :
2076 1184 2290 1240 Orietur
2320 1185 2459 1240 vobis
2506 1182 2805 1237 timentibus
2833 1199 3018 1237 nomen
3049 1198 3221 1236 meum
3250 1182 3329 1235 sol
3349 1183 3516 1252 justi-

1917 1277 2025 1341 tite,
2050 1286 2099 1329 et
2125 1277 2325 1329 sanitas
2354 1276 2409 1329 in
2433 1274 2615 1345 pennis
2646 1274 2760 1344 ejus
2793 1272 3050 1345 (Malaclt.
3081 1272 3177 1345 IV).
3215 1273 3413 1329 Auster
3444 1274 3514 1330 ab

1917 1367 2219 1422 hauriendo
2245 1381 2417 1437 aquas
2441 1374 2686 1421 vocatus.
2742 1364 2897 1420 Unde
2941 1373 2997 1419 et
3036 1380 3282 1420 crassum
3330 1379 3513 1421 aerem

1918 1457 2069 1522 facit,
2095 1466 2148 1511 et
2178 1459 2359 1512 nubila
2389 1458 2594 1512 nutrit:
2626 1457 2714 1511 hic
2731 1455 2917 1512 Graece
2946 1455 3156 1511 Nothus
3188 1456 3510 1527 appellatur,

1916 1558 2141 1620 propter
2162 1549 2305 1618 quod
2331 1549 2601 1603 interdum
2627 1555 2943 1620 corrumpat
2968 1563 3172 1604 aerem.
3191 1547 3325 1602 Nam
3350 1548 3516 1619 pesti-

1918 1640 2163 1706 lentiam,
2196 1655 2317 1709 quae
2342 1654 2407 1692 ex
2434 1649 2688 1708 corrupto
2712 1655 2838 1694 acre
2867 1641 3130 1707 nascitur,
3152 1640 3353 1696 Auster
3377 1639 3515 1697 ﬂans

1918 1735 1973 1789 in
2006 1734 2246 1803 reliquas
2293 1733 2543 1803 regiones
2588 1733 2930 1788 transmittit.
2983 1732 3091 1787 Sed
3141 1734 3281 1789 sicut
3314 1734 3518 1789 Auster

209 1832 487 1889 austrum,
512 1840 541 1877 a
566 1824 803 1879 sinistris
823 1824 1256 1881 Austroafricum
1287 1846 1298 1880 :
1324 1827 1596 1883 Favonius
1615 1836 1809 1897 aparte
1837 1822 1885 1883 Β
1912 1824 2280 1895 pestilentiam
2336 1825 2526 1896 gignit,
2577 1825 2655 1878 sic
2697 1824 2895 1893 Aquilo
2944 1823 3173 1894 repellit.
3234 1823 3516 1894 Signiﬁcat

207 1916 443 1970 dextera
474 1914 746 1981 Africum,
779 1933 809 1971 a
848 1917 980 1971 laeva
1026 1917 1224 1973 Corum
1260 1937 1271 1971 :
1303 1932 1469 1989 porro
1513 1919 1811 1995 septentrio

206 2022 239 2060 a
264 2008 479 2067 dextris
501 2008 760 2071 Circium,
793 2024 822 2061 a
852 2008 1089 2062 sinistris
1110 2008 1453 2077 Aquilonem.
1472 2009 1538 2062 Hi
1570 2011 1635 2063 l2
1663 2009 1810 2063 venti

207 2099 401 2153 mundi
417 2098 632 2167 globum
658 2097 877 2152 ﬂatibus
901 2100 1295 2168 circumagunt,
1340 2115 1569 2170 quorum
1592 2101 1811 2156 nomina

204 2187 452 2257 propriis
475 2202 541 2241 ex
570 2188 751 2242 causis
782 2189 993 2257 signata
1022 2198 1166 2253 sunt,
1198 2190 1337 2243 sicut
1374 2189 1453 2242 illi
1499 2191 1808 2256 ostendunt,

204 2276 303 2345 qui
336 2276 405 2330 de
445 2276 790 2347 etymologiis
840 2277 1119 2331 nominum
1163 2277 1403 2347 ipsorum
1433 2280 1808 2348 scripserunt:

203 2368 307 2423 sed
341 2384 444 2423 nos
472 2369 539 2422 de
569 2368 654 2424 his
684 2367 1025 2423 solummodo
1053 2384 1279 2425 narrare
1300 2370 1653 2440 disponimus,
1676 2386 1812 2441 quos

203 2457 542 2512 celebriores
600 2458 653 2511 iu
702 2457 1002 2526 Scripturis
1036 2458 1363 2515 invenimus.
1391 2461 1600 2515 Ventus
1627 2470 1810 2516 autem

204 2549 504 2618 aliquando
548 2548 605 2602 in
652 2549 851 2603 bonam
881 2556 1113 2618 partem,
1162 2550 1455 2621 aliquando
1499 2550 1554 2604 in
1594 2558 1811 2605 contra-

207 2640 352 2694 riam
385 2640 626 2710 ponitur.
686 2638 745 2693 ln
793 2640 992 2694 bonam
1030 2655 1161 2710 ergo
1195 2650 1407 2712 partem
1443 2651 1638 2697 ventus
1661 2643 1815 2713 poni-

204 2739 318 2797 tur,
350 2739 409 2785 ut
439 2739 524 2786 est
568 2729 702 2784 illud
748 2748 761 2783 :
795 2730 899 2796 Qui
934 2732 1176 2800 producit
1217 2742 1392 2787 ventos
1437 2732 1501 2786 de
1550 2734 1812 2787 thesauris

201 2823 318 2876 suis
347 2820 519 2892 (Psal.
544 2822 786 2893 cxxxiv).
824 2820 920 2877 Ubi
959 2836 1066 2876 non
1097 2822 1341 2892 improbe
1370 2823 1636 2879 sentimus
1659 2823 1811 2894 Apo-

203 2914 380 2970 stolos
399 2928 711 2983 expressos,
740 2928 969 2983 quorum
1003 2914 1318 2984 praedicatio
1334 2923 1507 2970 totum
1527 2917 1810 2983 mundum,

204 3012 475 3074 tanquam
496 3012 693 3059 ventus
720 3005 1039 3060 celerrimus
1068 3008 1356 3076 percurrit,
1390 3009 1533 3064 sicut
1569 3018 1626 3064 et
1655 3009 1809 3076 illud,

202 3097 353 3169 quod
379 3096 508 3152 alibi
547 3097 811 3166 scriptum
835 3105 920 3152 est
952 3114 966 3150 :
1000 3098 1245 3152 Ascendit
1268 3115 1425 3169 super
1451 3100 1727 3167 cherubin,
1761 3110 1811 3156 et

1914 1914 2113 1968 Auster
2136 1914 2427 1982 aliquando
2455 1913 2695 1969 calorem
2725 1914 2872 1980 ﬁdei,
2905 1922 2967 1969 ut
2991 1914 3043 1969 in
3072 1914 3283 1983 psalmo
3314 1930 3328 1968 :
3367 1913 3517 1970 Sicut

1915 2012 2120 2056 torrens
2168 2004 2221 2055 in
2269 2012 2453 2055 austro
2503 2000 2676 2072 (Psal.
2730 2002 2925 2069 cxxv);
2962 2004 3250 2072 aliquando
3281 2006 3516 2075 gratiam

1918 2091 2155 2163 Spiritus
2199 2095 2399 2161 sancti,
2448 2102 2509 2147 ut
2540 2093 2592 2147 in
2626 2093 2869 2161 (Cantico
2900 2095 3237 2150 canticorum
3264 2095 3466 2151 dicitur
3498 2115 3513 2152 :

1916 2183 2084 2255 Surge
2119 2185 2329 2251 Aquilo,
2378 2195 2426 2239 et
2475 2186 2591 2240 veni
2617 2186 2830 2250 Auster,
2876 2188 3042 2256 per/la
3087 2188 3295 2241 hortum
3340 2204 3514 2243 meum

1916 2271 2095 2342 (Cant.
2136 2276 2230 2345 iv).
2285 2274 2589 2344 Aliquando
2634 2276 2908 2331 fervorem
2965 2276 3294 2343 dilectionis,
3351 2288 3412 2333 ut
3459 2280 3516 2334 in

1914 2362 2178 2421 Psalterio
2206 2364 2406 2420 dicitur
2434 2384 2446 2420 :
2476 2364 2739 2420 Excitavit
2769 2368 3022 2421 Austrum
3060 2368 3125 2422 de
3154 2368 3302 2435 creto,
3355 2380 3405 2423 et
3427 2370 3515 2426 in-

1913 2455 2067 2509 duxit
2091 2456 2145 2509 in
2168 2456 2360 2510 virtute
2404 2474 2501 2510 sua
2530 2456 2770 2525 Africum
2798 2457 2972 2529 (Psal.
3016 2460 3247 2532 Lxxvn).
3297 2460 3429 2515 Item
3458 2462 3513 2517 in

1912 2554 2126 2616 partem
2180 2548 2512 2602 contrariam
2555 2549 2797 2617 ponitur,
2828 2552 3044 2620 quando
3081 2552 3333 2607 ardorem
3362 2553 3515 2623 cupi-

1914 2638 2105 2694 ditatis
2132 2638 2422 2709 signiﬁcat,
2454 2639 2547 2707 qui
2595 2647 2750 2707 peste
2787 2640 3042 2696 vitiorum
3083 2642 3308 2713 corripit
3332 2644 3511 2699 homi-

1914 2746 2046 2785 num
2082 2742 2313 2797 mentes,
2346 2740 2402 2787 et
2434 2732 2809 2803 aegritudinem
2839 2744 3189 2805 peccatorum
3233 2738 3289 2791 in
3322 2738 3515 2795 huma-

1913 2837 2044 2876 num
2074 2838 2244 2893 genus
2295 2822 2613 2878 introducit.
2670 2823 3034 2881 Occidentalis
3080 2834 3259 2881 autem
3293 2836 3508 2894 ventus,

1912 2914 2194 2985 Zephyrus
2235 2913 2426 2971 Graeco
2474 2915 2693 2972 nomine
2739 2917 3043 2988 appellatur
3094 2933 3159 2974 eo
3217 2919 3361 2988 quod
3415 2918 3514 2976 ﬂo-

1913 3019 2003 3060 res
2052 3014 2106 3060 et
2163 3007 2407 3077 germina
2451 3007 2572 3076 ejus
2613 3005 2743 3062 ﬂatu
2773 3008 3141 3064 viviﬁcentur.
3174 3008 3276 3065 Hic
3317 3008 3512 3067 Latine

1914 3093 2165 3151 favonius
2191 3097 2407 3163 dicitur,
2453 3106 2679 3169 propter
2709 3099 2851 3169 quod
2896 3098 3077 3155 foveat
3106 3115 3228 3170 quae
3275 3116 3513 3156 nascun-

203 3188 399 3244 volavit
428 3206 588 3259 super
610 3206 809 3259 pennas
832 3198 1099 3243 ventorum
1129 3189 1459 3262 (Psal.:mt)
1478 3208 1494 3258 ;
1513 3194 1607 3247 ubi
1630 3194 1810 3265 expri-
1835 3192 1881 3256 C
1913 3192 2020 3239 tur.
2051 3185 2205 3241 Tunc
2226 3198 2405 3241 autem
2437 3188 2526 3242 hic
2566 3195 2761 3243 ventus
2803 3189 2859 3242 in
2890 3190 3089 3244 bonam
3118 3197 3331 3261 partem
3360 3190 3512 3260 posi-

201 3279 375 3335 mitur
401 3278 655 3334 ascensio
680 3278 894 3334 Domini
922 3294 1085 3349 super
1110 3281 1277 3337 caelos
1306 3282 1678 3355 ccelorumque
1697 3286 1807 3341 vir-

201 3380 370 3437 tutes,
398 3372 492 3426 ubi
522 3387 669 3425 nunc
712 3371 780 3424 ad
809 3370 1087 3425 dexteram
1112 3371 1292 3427 Patris
1329 3373 1647 3440 collocatus,
1681 3391 1805 3431 cum

200 3462 368 3519 Patre
400 3471 598 3534 regnat
628 3471 683 3517 et
714 3463 919 3533 Spiritu
947 3472 1159 3520 sancto.
1192 3464 1347 3532 Quod
1380 3477 1564 3523 autem
1607 3469 1808 3526 dicitur

200 3554 392 3611 volare
422 3568 589 3623 super
614 3569 820 3622 pennas
869 3563 1180 3622 ventorum,
1212 3556 1549 3614 celeritatem
1580 3561 1807 3618 nimiam

202 3646 468 3701 decenter
496 3645 754 3709 ostendit,
787 3646 1000 3714 quando
1022 3645 1167 3700 fama
1200 3650 1506 3706 nativitatis
1528 3652 1664 3721 ejus,
1686 3669 1809 3723 pas-

200 3735 375 3789 sioms
399 3742 457 3788 et
486 3734 903 3791 resurrectionis
922 3749 1023 3805 per
1042 3744 1214 3791 totum
1237 3740 1500 3801 mundum
1528 3741 1805 3798 discurrit.

202 3823 345 3892 Quid
389 3826 538 3880 enim
595 3824 702 3879 dici
746 3834 928 3895 potest
983 3826 1243 3896 velocius,
1302 3831 1540 3899 quando,
1593 3833 1712 3903 ipso
1753 3834 1809 3889 in

203 3916 497 3972 cunabulis
535 3914 773 3986 iacente,
827 3917 1001 3987 magis
1030 3933 1154 3974 eum
1201 3920 1419 3975 claritas
1473 3923 1640 3977 stellae
1665 3940 1805 3978 nun-

203 4008 388 4072 tiavit,
421 4016 479 4061 et
498 4023 645 4071 mox,
669 4016 731 4061 ut
753 4016 931 4074 natus,
965 4009 1017 4063 in
1045 4009 1148 4063 alia
1177 4011 1362 4064 mundi
1393 4019 1546 4079 parte
1573 4022 1656 4067 est
1679 4029 1809 4068 eon-

203 4104 450 4167 Spectas.
480 4097 613 4150 Item
632 4097 777 4151 venti
802 4099 1010 4152 animas
1026 4099 1352 4170 signiﬁcant.
1371 4101 1526 4157 Unde
1543 4105 1807 4173 scriptum

203 4197 290 4243 est
322 4203 339 4241 :
370 4186 477 4253 Qui
500 4188 622 4256 fecit
663 4190 826 4242 ventis
847 4190 1051 4258 pondus
1079 4190 1223 4261 (Job.
1267 4194 1479 4265 xxvm).
1509 4193 1809 4254 Velocitate

206 4292 271 4332 ac
336 4276 671 4331 sublimitate
722 4288 1006 4334 ventorum
1064 4280 1456 4338 solentanima:
1502 4285 1803 4356 designari.

204 4366 432 4424 Pondus
458 4382 589 4438 ergo
612 4369 884 4438 accipiunt
911 4370 1125 4437 animae,
1164 4379 1224 4425 ut
1262 4372 1330 4426 ab
1372 4374 1669 4430 intentione
1712 4379 1806 4433 Dei

206 4472 317 4512 non
340 4456 457 4527 jam
477 4456 581 4519 levi
606 4466 753 4510 motu
776 4458 1048 4523 desiliant,
1067 4459 1159 4513 sed
1186 4460 1243 4513 in
1272 4476 1395 4516 eum
1426 4461 1533 4517 ﬁxa
1555 4474 1809 4521 constan-

207 4549 300 4604 tia:
351 4547 619 4617 gravitate
664 4548 984 4602 consistant.
1026 4549 1123 4604 Vel
1175 4560 1324 4605 certe
1370 4554 1547 4610 ventis
1598 4558 1807 4626 pondus

207 4642 397 4698 facere
425 4649 528 4705 est,
561 4655 871 4696 concessam
902 4641 993 4696 hic
1020 4641 1209 4697 electis
1259 4645 1326 4699 de
1375 4646 1666 4703 virtutibus
1695 4649 1807 4719 glo-

208 4736 355 4792 riam
386 4732 647 4804 permista
674 4731 991 4786 inﬁrmitate
1032 4741 1357 4802 temperare.
1390 4735 1445 4790 In
1478 4739 1803 4794 contrariam

204 4842 345 4882 vero
363 4832 572 4895 partem
603 4831 796 4876 ventus
823 4823 1059 4892 ponitur,
1110 4832 1170 4879 ut
1192 4834 1276 4880 est
1312 4826 1440 4881 illud
1466 4827 1520 4881 in
1562 4828 1805 4899 Evange-

207 4916 283 4972 lio
319 4935 334 4968 :
369 4912 644 4967 Descendit
669 4910 868 4982 pluvia,
911 4921 957 4965 et
1004 4924 1251 4967 venerunt
1280 4916 1520 4984 ﬂumina,
1544 4919 1801 4985 [laverunt

206 5006 375 5070 venti,
406 5005 742 5057 etirruerunt
784 5002 838 5055 in
865 5001 1076 5057 domum
1120 5003 1265 5057 illam
1298 5006 1513 5077 (Matth.
1543 5007 1662 5078 vn).
1700 5008 1801 5065 Hic

206 5111 311 5170 per
336 5094 569 5165 pluviam
591 5091 938 5146 multimodas
959 5092 1154 5147 diaboli
1189 5096 1534 5162 tentationes,
1584 5112 1681 5166 per
1704 5096 1801 5152 ﬂu-

205 5189 362 5244 mina
389 5190 607 5255 apertas
648 5181 1073 5252 manifestasque
1099 5186 1526 5253 persecutiones,
1554 5203 1652 5257 per
1670 5204 1803 5245 ven-

209 5290 298 5335 tos
326 5275 587 5345 malignos
608 5271 834 5341 spiritus
863 5272 1088 5343 intelligi
1112 5274 1319 5329 volunt.
1354 5276 1615 5333 Similiter
1647 5279 1799 5347 illud,

208 5371 357 5444 quod
381 5371 433 5424 in
461 5367 563 5423 Job
589 5363 805 5433 legitur,
834 5364 888 5417 in
909 5368 1233 5420 contrariam
1259 5376 1465 5437 partem
1500 5370 1800 5442 intelligen-

209 5463 337 5519 dum
362 5470 446 5517 est
474 5481 486 5515 :
523 5456 669 5513 Tulit
690 5470 809 5509 eum
835 5463 1013 5507 ventus
1036 5472 1189 5509 urens
1218 5456 1359 5526 (Job.
1378 5459 1566 5530 xxvn).
1599 5459 1800 5516 Ventus

208 5572 366 5611 urens
398 5556 676 5626 malignus
713 5553 949 5623 Spiritus
997 5564 1241 5619 vocatur,
1290 5557 1377 5624 qui
1407 5557 1799 5613 desideriorum

205 5649 447 5705 ﬂammas
467 5650 524 5703 in
550 5646 724 5703 corde
744 5647 967 5711 excitat,
999 5654 1058 5699 ut
1100 5648 1167 5699 ad
1211 5650 1568 5702 aeternitatem
1594 5652 1799 5721 suppli-

196 5746 402 5805 ciarum
434 5740 650 5799 trahat.
681 5736 821 5793 Item
847 5739 994 5794 venti
1044 5739 1308 5809 superbiae
1336 5740 1557 5811 spiritus
1603 5742 1801 5799 intelli-

1909 3282 1997 3330 tus
2024 3277 2319 3346 reperitur,
2346 3292 2469 3333 cum
2506 3279 2698 3335 mortis
2728 3278 2933 3336 Christi
2971 3290 3026 3336 et
3054 3282 3168 3337 veri
3195 3283 3325 3338 solis
3350 3297 3514 3340 occu-

1906 3367 2081 3423 bitum
2104 3369 2398 3439 signiﬁcat,
2426 3372 2568 3426 unde
2603 3373 2846 3427 omnium
2879 3374 3124 3445 germina
3166 3375 3429 3431 virtutum
3456 3388 3513 3433 et

1908 3460 2173 3516 bonorum
2202 3478 2427 3534 operum
2453 3464 2506 3518 in
2537 3466 2740 3521 mundo
2768 3474 3089 3523 nascuntur.
3145 3468 3298 3525 Tunc
3325 3477 3510 3526 autem

1910 3552 1965 3606 in
1998 3555 2326 3609 contrariam
2380 3565 2590 3625 partem
2632 3558 2873 3626 ponitur,
2909 3575 3032 3615 cum
3089 3560 3333 3619 melioris
3382 3564 3508 3618 vitae

1910 3641 2179 3697 defectum
2200 3645 2488 3726 signiﬁcat.
2524 3638 2676 3703 Unde
2711 3649 2767 3703 in
2813 3651 3079 3719 pr0phcta
3131 3654 3511 3721 peccatoribus

1908 3732 2111 3789 dicitur
2137 3750 2153 3789 :
2182 3734 2392 3791 Occidet
2412 3737 2553 3792 vobis
2575 3738 2655 3793 sol
2677 3741 2893 3794 meridie
2916 3740 3099 3815 (Amos
3142 3744 3284 3815 vni).
3309 3745 3509 3816 Aquilo

1910 3823 2089 3880 dictus
2126 3840 2192 3880 eo
2238 3827 2381 3897 quod
2430 3843 2598 3897 aquas
2634 3830 2866 3901 stringat
2908 3842 2963 3887 et
3013 3834 3185 3889 nubes
3235 3835 3507 3906 dissipet:

1909 3916 2119 3985 gelidus
2139 3926 2224 3972 est
2243 3919 2387 3973 enim
2401 3928 2597 3975 ventus
2611 3930 2665 3975 et
2692 3922 2890 3977 siccus.
2918 3922 3199 3994 Signiﬁcat
3222 3935 3405 3981 autem
3421 3927 3507 3983 vel

1910 4007 2184 4063 diabolum
2206 4009 2293 4063 vel
2318 4010 2563 4065 homines
2587 4012 2855 4079 inﬁdeles,
2906 4024 2968 4068 ut
3005 4016 3308 4086 iniquitatis
3336 4020 3508 4074 abun-

1911 4099 2153 4153 dantiam
2189 4108 2245 4154 et
2288 4100 2558 4155 defectum
2585 4103 2888 4159 charitatis.
2930 4104 3085 4160 Unde
3119 4110 3379 4179 scriptum
3423 4118 3509 4166 est

1911 4191 1967 4245 in
2014 4192 2281 4261 propheta
2314 4210 2327 4246 :
2358 4193 2436 4246 Ab
2485 4193 2732 4264 aquilone
2770 4196 3109 4253 exardescent
3158 4200 3304 4256 mala
3349 4217 3509 4273 super

1910 4288 2107 4335 terram
2128 4282 2265 4355 (Isa.
2288 4284 2421 4355 xxv).

2471 4374 2699 4430 CAPUT
2736 4375 2927 4432 XXVI.

2424 4462 2503 4518 De
2534 4481 2668 4517 aura
2695 4474 2742 4518 et
2772 4465 2973 4521 altano.

1832 4542 1886 4602 D
1980 4554 2128 4609 Aura
2156 4568 2223 4609 ao
2251 4568 2380 4609 aere
2401 4554 2565 4620 dicta,
2593 4555 2749 4624 quasi
2772 4556 2942 4623 acria,
2970 4559 3113 4628 quod
3133 4559 3269 4617 levis
3293 4562 3367 4618 sit
3384 4578 3502 4621 mo-

1909 4651 1997 4699 tus
2025 4645 2186 4699 aeris.
2216 4644 2469 4715 Agitatus
2504 4653 2683 4700 autem
2724 4661 2820 4701 aer
2856 4662 3047 4704 auram
3082 4648 3231 4707 facit.
3262 4652 3417 4711 Unde
3445 4666 3503 4713 et

1906 4734 2194 4791 Lucretius
2223 4738 2357 4793 dicit
2393 4739 2567 4792 aerias
2614 4755 2797 4794 auras.
2839 4741 3066 4799 Altanus
3092 4746 3183 4815 qui
3217 4746 3274 4801 in
3306 4748 3500 4819 pelago

1906 4836 2010 4892 est,
2041 4843 2141 4898 per
2166 4829 2559 4895 derivationem
2587 4831 2654 4885 ab
2687 4831 2819 4898 alto,
2849 4832 2904 4887 id
2937 4843 3021 4888 est
3054 4837 3219 4901 mari,
3244 4846 3495 4895 vocatur.

1906 4918 2042 4974 Nam
2073 4919 2211 4975 alter
2236 4930 2319 4975 est
2346 4919 2503 4975 ﬂatus
2534 4921 2588 4975 in
2618 4922 2783 4992 ripis,
2813 4938 2974 4993 quem
3000 4924 3235 4981 diximus
3262 4942 3450 4982 auram
3478 4948 3493 4985 :

1906 5026 2030 5065 nam
2054 5026 2181 5063 aura
2210 5010 2264 5064 in
2296 5019 2438 5065 terra
2463 5019 2563 5066 est.
2585 5012 2731 5066 Aura
2758 5013 3025 5083 signiﬁcat
3049 5016 3494 5085 tranquillitatem

1906 5103 2060 5157 home
2082 5102 2281 5157 mentis
2309 5103 2723 5171 contemplantis
2742 5103 2934 5159 Deum.
2974 5103 3128 5161 Unde
3162 5106 3309 5162 Elias
3342 5119 3495 5167 stans

1906 5193 1962 5248 in
1992 5203 2174 5249 monte
2210 5208 2391 5249 coram
2416 5195 2665 5259 Domino,
2690 5212 2815 5250 cum
2844 5196 3057 5251 videret
3081 5206 3302 5253 ventum
3332 5216 3495 5271 gran-

1907 5288 2029 5343 dem
2052 5289 2458 5343 subvertentem
2489 5295 2717 5352 montes,
2746 5286 2858 5340 ait:
2887 5286 3009 5339 Non
3030 5287 3083 5340 in
3108 5276 3296 5359 spiritu
3317 5291 3497 5346 Domi.

1908 5394 2005 5431 nus
2032 5375 2151 5447 (ΙΙΙ
2178 5375 2302 5447 Reg.
2327 5376 2474 5447 xm);
2500 5384 2553 5429 et
2573 5383 2696 5446 post
2716 5376 3129 5431 commotionem
3157 5378 3294 5448 ignis
3316 5379 3452 5435 dixit
3476 5398 3492 5438 :

1906 5468 2031 5521 Non
2058 5468 2112 5521 in
2146 5468 2263 5537 igne
2305 5466 2592 5520 Dominus:
2615 5475 2660 5519 et
2687 5475 2799 5536 post
2833 5468 3001 5537 ignem
3033 5466 3217 5519 sibilus
3242 5484 3390 5522 aura:
3412 5478 3494 5524 te-

1906 5560 2044 5612 nuis.
2081 5556 2232 5620 Quod
2265 5574 2383 5610 cum
2414 5557 2620 5610 vidisset
2654 5556 2820 5621 Elias,
2848 5556 3049 5626 operuit
3094 5556 3292 5611 vultum
3334 5576 3491 5615 suum

1904 5650 2065 5720 pallio
2083 5690 2096 5714 ,
2122 5657 2169 5702 et
2204 5666 2442 5717 egressus
2466 5652 2603 5703 stetit
2626 5650 2679 5703 in
2704 5650 2835 5702 ostio
2857 5648 3135 5717 speluncas.
3167 5649 3273 5703 Sed
3302 5652 3354 5704 in
3382 5652 3494 5720 spi-

1906 5744 2012 5799 ritu
2058 5742 2435 5797 commotionis
2479 5750 2535 5797 et
2578 5742 2717 5811 ignis
2757 5756 2864 5796 non
2911 5756 3031 5797 esse
3056 5741 3321 5798 Dominus
3355 5740 3490 5801 dici-
