3930 6338
427 326 533 388 285

1066 322 1129 381 B.
1172 321 1425 379 RABANI
1464 316 1684 378 MAURI
1720 316 2037 379 ARCBIEP.
2076 313 2388 377 MOGUNT.
2411 315 2698 376 OPERUM
2741 318 2916 375 PARS
2948 321 3011 375 ll.

3592 322 3703 380 28}

428 451 553 497 tur:
578 454 698 497 esse
726 454 855 496 vero
894 439 949 495 in
994 438 1152 495 sibilo
1180 452 1326 493 aura:
1371 438 1549 493 tenuis
1594 453 1701 493 non
1746 444 1974 509 negatur
2000 455 2011 489 :
2044 438 2095 497 Α
2120 433 2376 488 Dominus
2401 434 2455 486 in
2478 442 2775 504 tempestate
2799 442 2848 487 et
2888 434 2945 488 in
2964 436 3170 489 turbine
3191 435 3287 489 uia;-
3306 435 3441 505 ejus.
3466 434 3706 492 Blandus

426 533 555 603 quia
606 531 862 587 nimirum
908 544 1063 586 mens
1101 543 1224 584 cum
1260 526 1315 583 in
1345 527 1818 599 contemplationis
1848 526 2012 583 subli—

424 624 618 679 mitate
665 622 1046 693 suspenditur,
1098 620 1359 691 quidquid
1407 619 1648 690 perfecte
1700 619 2015 691 conspicere

422 714 713 789 praevalet,
764 714 906 771 Deus
942 730 1051 771 non
1089 721 1175 768 est
1201 731 1214 767 :
1243 726 1365 767 cum
1402 726 1531 769 vero
1570 709 1767 769 subtile
1813 711 2015 783 aliquid

424 805 714 876 conspicit,
745 804 847 860 hoc
873 812 978 869 est,
1004 803 1148 873 quod
1190 803 1259 858 de
1299 800 1832 873 incomprehensibili
1881 802 2013 857 sub-

425 895 627 950 stantia
654 893 976 950 aeternitatis
1009 890 1179 947 audit.
1211 887 1553 960 Quasienim
1588 892 1805 948 sibilum
1837 892 2016 947 tenuis

426 1003 574 1043 aurae
627 986 995 1057 percipimus,
1047 1001 1169 1041 cum
1227 999 1479 1054 saporem
1533 984 2015 1055 incircumscriptus

424 1077 679 1135 veritatis
708 1077 1165 1146 contemplatione
1204 1071 1385 1130 subita
1425 1074 1797 1149 degustamus.
1837 1075 2015 1130 Tran—

424 1169 666 1239 quillitas
711 1176 890 1223 autem
938 1167 1136 1238 pelagi,
1165 1183 1328 1237 quam
1372 1160 1611 1223 altanum
1660 1174 1887 1229 vocant,
1923 1182 2017 1237 pa—

425 1274 543 1314 cem
575 1260 830 1313 Ecclesiae
858 1258 1126 1329 signiﬁcat
1156 1259 1210 1313 in
1234 1259 1437 1315 mundo
1460 1279 1471 1314 :
1498 1275 1648 1330 quae,
1683 1274 1814 1314 aura
1840 1252 2015 1330 spiri-

422 1359 508 1406 tus
534 1352 708 1407 sancti
738 1350 904 1406 ﬂante
924 1391 940 1416 ,
972 1366 1236 1422 prospero
1265 1368 1428 1408 cursu
1470 1361 1592 1422 post
1634 1356 2017 1422 tempestatem

428 1445 485 1500 in
516 1446 719 1502 mundo
747 1444 953 1501 factam
979 1446 1047 1500 ad
1075 1453 1319 1516 optatum
1342 1453 1560 1501 aeternae
1580 1445 1778 1515 quietis
1804 1452 2018 1515 portum

431 1539 617 1595 studet
659 1553 853 1594 secura
896 1537 1221 1608 pervenire:
1254 1539 1395 1594 sicut
1440 1538 1494 1593 in
1539 1537 1631 1592 illa
1676 1536 2019 1606 navigatione

432 1630 650 1687 Domini
686 1647 809 1687 cum
839 1631 1116 1703 discipulis
1145 1631 1201 1687 in
1231 1647 1389 1697 nave,
1415 1647 1539 1686 cum
1564 1626 1811 1685 navicula
1841 1628 2020 1698 operi-

428 1730 581 1776 retur
605 1720 875 1788 ﬂuctibus,
917 1739 1133 1793 surgens
1185 1722 1435 1776 Dominus
1484 1719 1943 1791 imperavituentis
1971 1727 2019 1773 et

2118 526 2315 595 quippe
2343 533 2448 589 est,
2486 525 2597 593 qui,
2631 533 2691 579 ut
2718 525 2774 579 in
2801 524 2979 580 medio
3006 524 3302 580 inhabilem
3322 566 3338 592 ,
3371 526 3551 581 venit:
3582 542 3708 580 cum

2116 632 2245 673 vero
2271 632 2329 671 se
2355 631 2453 686 per
2483 623 2860 685 tempestatem
2882 622 2940 671 et
2965 614 3235 669 turbinem
3260 616 3518 681 insinuat,
3545 616 3709 671 nimi~

2115 724 2237 764 rum
2264 724 2386 779 qua:
2407 709 2578 779 tangit
2603 711 2767 764 corda
2789 750 2803 776 ,
2826 686 3106 780 perturbat
3142 717 3307 779 atque
3340 710 3407 763 ad
3437 711 3703 765 edoman-

2116 798 2239 853 dam
2263 798 2547 854 elationem
2574 812 2632 855 se
2659 800 2850 865 exerit,
2882 799 3096 870 quando
3115 807 3309 869 potens
3343 807 3399 855 et
3432 801 3694 856 terribilis

2116 889 2425 947 innoteseit.
2455 890 2593 947 Hinc
2612 881 2666 946 in
2689 890 2899 961 psalmo
2924 892 3185 963 scriptum
3210 898 3294 948 est
3320 906 3333 945 :
3364 890 3707 962 Persequeris

2116 999 2203 1037 eos
2248 984 2303 1037 in
2352 992 2654 1054 tempestate
2689 985 2800 1050 tua',
2844 993 2893 1038 et
2933 986 2988 1038 in
3018 987 3100 1039 ira
3141 995 3233 1039 tua
3256 984 3587 1041 conturbabis
3619 1002 3707 1041 eos

2118 1073 2291 1146 (Psal.
2309 1074 2537 1148 Luxu).
2554 1075 2612 1129 In
2627 1081 2946 1145 tempestate
2962 1074 3114 1141 dicit,
3130 1076 3231 1131 hoc
3246 1084 3349 1139 est,
3364 1076 3551 1145 iudicii
3577 1086 3709 1133 tem-

2116 1183 2268 1238 pore.
2296 1167 2428 1229 Item
2458 1174 2752 1237 tempestas
2784 1182 3013 1223 examen
3039 1168 3225 1238 judicii
3249 1168 3537 1239 signiﬁcat,
3568 1175 3629 1222 ut
3652 1170 3707 1224 in

2116 1260 2325 1330 psalmo
2350 1278 2363 1315 :
2390 1260 2457 1315 In
2476 1260 2698 1314 circuitu
2714 1260 2830 1329 ejus
2845 1268 3117 1330 temmastas
3138 1258 3311 1312 valida
3331 1255 3503 1329 (Psal.
3522 1258 3701 1329 xux);

2118 1351 2263 1421 quod
2305 1352 2616 1421 tempestati
2666 1350 2862 1405 merito
2897 1358 3283 1420 comparatur:
3316 1350 3550 1418 primum
3583 1349 3715 1417 quia

2118 1439 2473 1511 improvisum
2497 1448 2580 1497 est
2603 1458 2617 1495 :
2644 1440 2838 1495 deinde
2868 1440 3011 1509 quod
3038 1438 3213 1495 subito
3243 1435 3457 1508 fragore
3495 1446 3718 1493 contur-

2116 1534 2213 1589 bat
2238 1552 2251 1587 :
2280 1542 2335 1589 et
2354 1534 2533 1590 locum
2563 1517 2705 1587 tollit
2747 1531 2977 1589 consilio
3017 1530 3305 1601 repentina
3338 1528 3567 1599 periculi
3598 1542 3718 1582 ma-

2119 1624 2360 1696 gnitudo.
2395 1622 2711 1695 Tempestas
2740 1623 2884 1679 enim
2915 1622 3167 1678 imbrium
3193 1622 3337 1677 aeris
3356 1628 3439 1676 est
3468 1619 3718 1691 quaedam

2119 1717 2393 1771 concitata
2450 1717 2680 1782 seditio,
2732 1717 2788 1770 in
2831 1729 2934 1785 qua
2981 1716 3331 1770 vehementer
3370 1712 3717 1778 terminatur,

425 1815 584 1879 mari,
626 1824 673 1868 et
703 1814 847 1884 facta
885 1824 960 1869 est
1001 1812 1361 1885 tranquillitas
1397 1830 1589 1883 magna
1636 1812 1850 1885 (Matth.
1874 1810 2017 1883 vni).
2051 1798 2099 1857 Β
2128 1810 2255 1865 dum
2287 1824 2549 1881 aquarum
2589 1808 2870 1863 nimietate
2908 1822 3193 1862 vexamur.
3229 1806 3525 1876 Sequitur:
3554 1803 3623 1857 Et
3662 1804 3723 1856 in

425 1902 783 1975 Tropdlogice
811 1915 994 1959 autem
1023 1912 1079 1958 et
1120 1919 1217 1958 nos
1251 1903 1448 1974 singuli
1491 1902 1761 1958 catholica
1796 1900 1904 1958 ﬁde
1937 1902 2020 1956 iu-

428 1982 643 2059 structi,
674 2001 731 2049 et
756 1997 910 2065 signo
935 1993 1230 2048 Dominica:
1259 1994 1438 2048 crucis
1468 1992 1662 2047 imbuti
1686 1992 1812 2046 dum
1846 2007 2018 2046 seacu-

427 2084 542 2139 lum
592 2085 901 2156 relinquere
952 2086 1323 2155 disponimus,
1370 2100 1562 2140 navem
1613 2084 1856 2153 profecto
1898 2100 2019 2139 cum

427 2175 556 2234 Jesu
581 2178 1017 2243 conscendimus,
1047 2192 1198 2232 mare
1227 2178 1461 2232 transire
1488 2179 1752 2231 conamur
1776 2194 1786 2229 :
1814 2176 1907 2230 sed
1930 2176 2020 2245 qui

432 2284 541 2339 non
577 2264 898 2343 dormitavit
930 2284 1105 2339 neque
1148 2269 1454 2343 obdormiet
1496 2267 1664 2323 lsrael
1714 2267 2024 2323 custodiens

428 2371 671 2429 semper,
699 2360 854 2416 nobis
876 2369 1057 2416 tamen
1085 2376 1227 2430 saepe
1256 2360 1658 2430 navigantibus,
1695 2359 1851 2429 quasi
1881 2359 2025 2415 inter

432 2450 672 2521 aequoris
719 2449 966 2507 fremitus
1004 2451 1307 2518 obdormit,
1341 2451 1588 2521 quando,
1644 2452 2023 2506 crebrescente

432 2541 579 2598 inter
615 2542 823 2598 medios
845 2543 1107 2611 virtutum
1137 2543 1290 2599 nisus
1329 2542 1415 2598 vel
1440 2543 1840 2598 immundorum
1868 2542 2027 2611 spiri-

436 2637 589 2685 tuum
637 2630 724 2687 vel
752 2595 1034 2687 homidum
1084 2648 1377 2703 pravorum
1420 2633 1506 2688 vel
1551 2634 1667 2705 ipso
1713 2642 2025 2689 nostrarum

438 2722 830 2793 cogitationum
874 2722 1110 2793 impetu,
1146 2723 1270 2778 ﬁdei
1312 2722 1567 2792 splendor
1589 2723 2023 2788 obtenebrescit,

431 2812 551 2884 spei
580 2811 845 2868 celsitudo
865 2813 1219 2879 contabescit,
1235 2813 1438 2869 amoris
1455 2810 1671 2867 ﬂamma
1697 2812 2022 2882 refrigescit.

438 2900 643 2957 Verum
682 2903 825 2959 inter
852 2903 1161 2975 huiusmodi
1191 2903 1460 2975 procellas
1508 2904 1574 2957 ad
1608 2896 1759 2957 illum
1806 2918 2026 2959 necesse

435 3000 525 3049 est
568 2993 985 3064 gubernatorem
1044 3010 1358 3061 curramus,
1409 2995 1555 3050 illum
1605 2994 1792 3050 sedulo
1827 2993 2027 3048 excite-

436 3100 578 3151 mus,
604 3085 698 3157 qui
729 3102 841 3143 non
869 3088 1071 3143 serviat
1101 3072 1195 3143 sed
1233 3090 1459 3159 imperet
1500 3089 1695 3143 ventis.
1727 3088 1848 3143 Mox
1885 3095 2026 3142 tem-

2122 1902 2205 1956 ira
2228 1910 2320 1955 tua
2342 1900 2677 1955 conturbabis
2700 1916 2809 1954 eos.
2834 1897 2988 1968 Saepe
3005 1898 3118 1968 jam
3142 1897 3250 1951 dixi
3281 1899 3417 1949 iram
3434 1893 3722 1949 Divinitatl

2123 1991 2243 2045 non‘
2262 2004 2420 2060 posse
2444 2004 2774 2058 congruere:
2804 1988 2897 2043 sed
2919 1988 2988 2042 ab
3009 1986 3322 2043 hominibus
3352 1995 3587 2041 tractum
3611 1992 3720 2051 est,

2124 2080 2217 2148 qui
2248 2077 2462 2149 quando
2492 2078 2787 2132 sceleratos
2805 2076 3051 2146 iudicant
3071 2117 3085 2143 ,
3114 2075 3329 2132 fervore
3370 2073 3539 2130 animi
3566 2090 3722 2130 com-

2123 2176 2448 2223 moventur:
2481 2182 2583 2222 nec
2614 2167 2773 2221 aliter
2797 2167 2867 2221 ad
2904 2167 3271 2221 damnandum
3306 2167 3583 2221 hominem
3624 2180 3723 2221 ve-

2124 2260 2299 2325 niunt,
2334 2259 2438 2313 nisi
2466 2259 2531 2313 de
2557 2259 2863 2314 commissis
2893 2274 3081 2314 eorum
3115 2258 3437 2314 criminibus
3476 2257 3727 2314 exciten-

2126 2360 2235 2406 tur.
2289 2350 2732 2405 Pcrsecutionem
2788 2357 2972 2404 autem
3033 2363 3329 2418 pravorum
3385 2348 3475 2403 ille
3530 2362 3725 2403 versus

2126 2439 2397 2511 signiﬁcat
2416 2456 2483 2495 ex
2517 2454 2751 2510 persona
2780 2439 2993 2494 Domini
3022 2439 3305 2509 prolatus:
3340 2435 3470 2494 Veni
3505 2441 3563 2492 in
3602 2438 3730 2493 alti-

2126 2522 2359 2591 tudinem
2382 2534 2568 2600 maris,
2584 2544 2631 2589 et
2646 2542 2922 2603 tempestas
2944 2533 3189 2587 demersit
3206 2549 3286 2586 me
3307 2529 3479 2603 (Psal.
3508 2531 3724 2604 vam).

2124 2627 2250 2693 Ille,
2279 2627 2371 2696 qui
2404 2641 2565 2697 super
2590 2627 2761 2680 maria
2797 2626 2920 2679 ﬁxis
2952 2625 3227 2695 gressibus
3268 2624 3597 2687 ambulavit,
3624 2624 3727 2694 qui

2126 2715 2289 2771 Petro
2320 2716 2598 2770 dexteram
2618 2756 2632 2782 ,
2664 2731 2733 2771 ne
2770 2723 3131 2785 mergeretur,
3160 2713 3435 2779 extendit,
3463 2712 3729 2783 quemad-

2126 2807 2347 2862 modum
2396 2822 2455 2863 se
2502 2813 2826 2877 tempestate
2872 2806 3003 2861 dicit
3059 2821 3180 2862 esse
3234 2805 3591 2861 demersum?
3626 2803 3731 2859 Hic

2127 2897 2351 2953 altitude
2395 2898 2564 2953 maris
2608 2898 2828 2967 copiosa
2878 2896 3061 2968 populi
3098 2896 3441 2965 signiﬁcatur
3479 2895 3720 2951 insania.

2126 2989 2259 3045 item
2318 2997 2611 3059 tempestas
2657 2997 2743 3044 est
2786 2988 2982 3043 seditio
3027 2988 3297 3042 concitata
3363 2986 3725 3042 dementium.

2128 3081 2251 3153 Ipsa
2292 3081 2436 3137 enim
2484 3079 2745 3136 demersit
2790 3078 3077 3135 Dominum
3111 3077 3483 3144 Salvatorem,
3509 3076 3733 3149 quando

431 3152 677 3248 pestates
688 3186 1014 3252 compescet,
1040 3177 1293 3235 relundet
1311 3152 1785 3249 tranquillitatem,
1806 3184 2025 3250 portum
2053 3152 2098 3216 (ἶ
2130 3152 2257 3227 eum
2289 3171 2575 3243 pervenire
2597 3170 3089 3252 fecitAa't‘l‘gugeut.

436 3266 630 3325 salutis
659 3268 978 3342 indulgebit.

997 3354 1226 3420 CAPUT
1265 3363 1477 3421 XXVII.

1068 3453 1145 3508 De
1170 3454 1395 3509 turbine.

510 3536 693 3601 Turbo
715 3552 801 3600 est
826 3541 1137 3599 volubilitas
1163 3550 1446 3598 ventorum
1469 3583 1483 3608 ,
1511 3550 1567 3597 et
1598 3534 1758 3599 turbo
1789 3543 1967 3599 dictus
1997 3558 2029 3598 a

434 3641 606 3701 terra,
653 3636 867 3706 quoties
909 3642 1107 3691 ventus
1137 3635 1415 3705 consurgit
1438 3643 1493 3691 et
1519 3645 1725 3691 terram
1754 3637 1808 3690 in
1840 3636 2031 3691 circui-

437 3734 553 3782 tum
584 3725 768 3782 mittit.
796 3725 978 3781 Turbo
1016 3727 1455 3797 persecutionum
1491 3725 1576 3779 vel
1618 3726 2030 3781 tribulationum

436 3817 676 3889 impetus
710 3819 1019 3892 signiﬁcat,
1050 3828 1111 3873 ut
1145 3819 1199 3873 iu
1232 3817 1414 3873 Isaia:
1443 3815 1645 3872 Factus
1672 3826 1746 3872 est
1776 3817 2032 3887 fortitudo

436 3911 708 3981 pauperis,
753 3925 868 3979 spes
903 3926 938 3963 a
967 3908 1173 3963 turbine
1210 3906 1354 3980 (Isa.
1383 3907 1532 3979 xxv).
1579 3907 1894 3977 Tempestas
1938 3908 2032 3961 aut

440 4005 544 4069 pro
573 4006 815 4069 tempore
844 3991 1065 4064 dicitur,
1093 3999 1234 4055 sicut
1270 3998 1467 4067 ubique
1500 3992 1919 4069 historiographi
1954 3997 2033 4053 lo-

439 4088 533 4159 qui
560 4088 755 4157 solent,
787 4090 915 4147 dum
941 4091 1128 4147 dicunt
1154 4104 1217 4144 ea
1255 4097 1607 4161 tempestate,
1642 4098 1734 4143 aut
1773 4089 1841 4144 ab
1888 4096 2033 4145 statu

442 4178 599 4244 celi,
653 4178 781 4249 quia
824 4167 1194 4250 magnitudine
1232 4194 1329 4233 sua
1374 4178 1559 4233 multis
1604 4178 1791 4234 diebus
1834 4172 2031 4234 oritur.

441 4268 626 4327 Turbo
652 4272 795 4327 enim
832 4280 927 4325 aut
956 4270 1224 4342 ﬂagellum
1255 4270 1467 4326 Domini
1499 4272 1552 4325 in
1589 4270 1867 4325 hominem
1899 4269 2031 4323 mis-

442 4376 563 4418 sum
596 4362 875 4432 designat,
915 4370 1009 4416 aut
1040 4376 1330 4432 pravorum
1374 4358 1652 4417 hominum
1695 4358 2029 4429 persecutio-

440 4468 559 4509 nes.
592 4451 727 4507 Nam
754 4454 811 4507 in
834 4452 935 4509 Job
958 4454 1155 4526 legitur
1180 4471 1192 4507 :
1221 4452 1552 4523 Respondeas
1573 4461 1747 4505 autem
1772 4451 2031 4504 Dominus

439 4544 543 4601 Job
566 4546 629 4601 de
653 4546 860 4602 turbine
885 4547 1019 4599 dixit
1057 4545 1201 4617 (Job.
1230 4544 1481 4615 xxxviii).
1513 4543 1819 4600 Notandum
1841 4543 2028 4608 video,

440 4639 569 4709 quia
592 4639 637 4693 si
666 4653 799 4694 sano
821 4648 985 4707 atque
1012 4636 1269 4692 incolumi
1295 4636 1608 4706 loqueretur
1630 4652 1695 4691 ex
1732 4636 2034 4706 tranquilli-

445 4736 559 4784 tate
594 4728 878 4784 Dominica
927 4728 1129 4783 locutio
1171 4726 1310 4782 facta
1340 4728 1647 4783 diceretur:
1676 4726 1881 4782 scilicet
1912 4728 2037 4796 quia

439 4818 618 4875 fracto
640 4812 765 4874 ﬂatu
790 4818 1052 4890 loquitur,
1081 4819 1145 4873 de
1165 4819 1380 4873 turbine
1401 4818 1611 4873 loeutus
1634 4816 1801 4874 fuisse
1830 4819 2037 4874 descri—

440 4910 609 4969 bitur.
635 4912 807 4967 Aliter
834 4913 980 4967 enim
998 4911 1260 4966 Dominus
1284 4911 1457 4966 servis
1483 4911 1595 4965 suis
1622 4911 1876 4981 loquitur,
1907 4928 2032 4967 cum

444 5017 541 5058 eos
571 5003 898 5057 intrinsecus
922 5017 1020 5071 per
1044 5002 1510 5069 compunetionem
1542 5002 1826 5069 provehit:
1858 5002 2035 5068 aliter,

445 5108 571 5149 cum
608 5108 706 5161 per
736 5090 1159 5154 districtionem,
1199 5105 1267 5142 ne
1296 5089 1649 5156 extollantur,
1685 5092 1899 5161 premit.
1932 5091 2037 5146 Per

444 5185 701 5244 blandam
749 5185 1079 5241 locutionem
1116 5185 1326 5239 Domini
1378 5187 1609 5241 amanda
1652 5185 1877 5241 dulcedo
1919 5186 2037 5257 ejus

446 5277 917 5346 ostenditur:per
966 5274 1264 5329 terribilem
1310 5289 1439 5329 vero
1485 5282 1722 5343 potestas
1762 5273 1878 5341 ejus
1926 5289 2038 5328 rne-

450 5368 649 5424 tuenda
700 5375 1054 5421 monstratur.
1092 5366 1146 5419 ln
1192 5366 1278 5419 illa
1320 5366 1677 5434 persuadetur
1719 5367 1940 5431 animae,
1980 5374 2040 5419 ut

463 5460 835 5533 proﬁciatzin
866 5460 967 5513 ista
1014 5459 1345 5530 reprimitur,
1395 5474 1514 5528 quae
1559 5457 1788 5527 proﬁcit.
1847 5461 1899 5512 lu
1951 5458 2040 5511 illa

464 5550 644 5615 discit,
671 5550 811 5617 quod
840 5559 1055 5619 appetat
1083 5570 1094 5602 :
1125 5550 1177 5604 in
1205 5550 1326 5615 ista,
1352 5550 1495 5619 quod
1518 5559 1741 5603 metuat.
1771 5550 2039 5603 Perillam

460 5644 591 5702 dicit
621 5661 632 5695 :
668 5640 850 5696 Gaude
874 5652 921 5694 et
951 5642 1158 5707 lactare,
1187 5641 1299 5709 ﬁlia
1330 5639 1489 5707 Sion,
1523 5644 1645 5711 quia
1674 5659 1786 5696 erce
1824 5645 1969 5695 venio
1996 5652 2041 5694 ct

459 5732 701 5803 sabitabo
743 5734 797 5787 in
838 5732 1007 5788 medio
1040 5732 1118 5788 tui
1160 5730 1328 5805 (Nais.
1354 5731 1426 5805 1);
1468 5748 1565 5803 per
1605 5733 1763 5788 istam
1808 5732 2039 5788 dicitur:

2678 3237 2905 3295 CAPUT
2946 3237 3183 3294 XXVII].

2750 3309 2829 3364 De
2856 3308 3117 3379 procella.

2203 3381 2460 3438 Proeellae
2513 3381 2659 3437 enim
2707 3389 2799 3435 aut
2848 3377 2915 3434 de
2963 3377 3276 3433 ﬂuminibus
3317 3385 3413 3432 aut
3451 3378 3520 3433 de
3554 3378 3735 3433 ventis

2133 3472 2288 3528 ﬁunt.
2317 3471 2464 3527 Nihil
2492 3480 2674 3527 autem
2714 3470 2955 3526 velocius
2996 3469 3195 3525 ventis.
3224 3468 3381 3525 Unde
3412 3478 3469 3524 et
3504 3477 3736 3539 propter

2133 3566 2469 3621 celeritatem
2504 3573 2615 3619 tam
2653 3572 2845 3620 ventos
2881 3578 3043 3633 quam
3083 3561 3305 3617 ﬂumina
3342 3562 3485 3617 alata
3525 3561 3738 3632 ﬁngunt

2131 3664 2327 3725 poeta,
2367 3663 2427 3710 ut
2463 3654 2607 3709 alata
2653 3657 2731 3709 vis
2774 3653 2975 3707 Austri.
3025 3651 3270 3708 Proceila
3324 3652 3470 3707 enim
3526 3648 3737 3722 signiti-

2135 3754 2224 3802 cat
2251 3754 2644 3816 tempestuosos
2674 3752 3088 3815 persecuturum
3122 3742 3369 3807 furores,
3412 3741 3508 3811 qui
3547 3739 3740 3795 Eccle-

2134 3837 2272 3892 siam
2321 3836 2523 3891 Christi
2579 3835 2778 3906 partim
2828 3828 3022 3899 minis,
3080 3834 3281 3903 partim
3337 3832 3525 3904 ﬂagris
3569 3840 3740 3903 atque

2134 3926 2423 3982 tormentis
2482 3924 2739 3979 alliciunt.
2802 3906 2911 3979 Sed
2976 3922 3266 3992 aliquando
3328 3923 3474 3993 ipsas
3550 3935 3739 3992 perse-

2134 4023 2381 4070 cutorum
2434 4021 2643 4068 mentes
2692 4013 2955 4068 Dominus
3003 4015 3058 4067 in
3094 4012 3288 4068 melius
3329 4013 3637 4077 convertit,
3676 4021 3740 4068 ut

2133 4116 2233 4173 per
2278 4103 2653 4173 paenitentiam
2712 4118 2744 4157 a
2792 4102 3039 4173 pristinis
3096 4102 3392 4159 sceleribus
3446 4116 3507 4157 se
3572 4117 3735 4158 mun-

2136 4195 2327 4251 dantes
2349 4195 2417 4251 ad
2445 4196 2617 4251 bonos
2648 4203 2801 4250 actus
2830 4204 3239 4251 convertantur.
3265 4195 3401 4249 Nam
3426 4199 3480 4249 iu
3513 4194 3730 4265 psalmo

2135 4287 2395 4356 scriptum
2437 4294 2553 4341 est:
2581 4286 2729 4357 Ignis
2756 4326 2771 4353 ,
2815 4286 3046 4355 grando,
3085 4282 3208 4352 nix,
3252 4285 3477 4356 glacies,
3508 4286 3735 4355 spiritus

2133 4376 2505 4449 procellarum,
2534 4394 2651 4449 qua:
2676 4378 2877 4447 faciunt
2908 4377 3116 4431 verbum
3137 4377 3252 4445 ejus
3276 4374 3449 4447 (Psal.
3472 4375 3726 4445 cxnvm).

2135 4468 2299 4540 ignis,
2329 4469 2563 4540 grando,
2594 4469 2717 4535 nix,
2744 4469 2942 4541 glacies
2982 4483 3079 4538 per
3106 4452 3419 4539 allegoriam
3454 4458 3625 4538 (sicut
3651 4466 3740 4521 di-

2142 4572 2288 4618 ctum
2311 4564 2414 4633 est)
2441 4563 2688 4618 homines
2721 4563 3021 4632 signiﬁcat,
3056 4562 3148 4630 qui
3187 4562 3241 4616 in
3278 4563 3381 4617 hoc
3423 4558 3621 4615 szeculo
3664 4575 3734 4614 ex

2143 4652 2466 4708 turbulentis
2492 4662 2546 4707 et
2568 4653 2820 4723 pessimis
2861 4654 2927 4707 ad
2953 4653 3253 4709 devotionis
3283 4650 3739 4721 tranquillissima

2141 4744 2315 4799 studia
2344 4752 2728 4814 pervenerunt.
2769 4743 2871 4811 Qui
2911 4742 3119 4799 faciunt
3157 4746 3381 4802 verbum
3417 4740 3581 4811 ejus':
3619 4741 3737 4799 nisi

2143 4837 2234 4905 qui
2282 4850 2349 4891 ex
2396 4836 2774 4907 tempestuosis
2824 4843 2877 4889 et
2925 4836 3188 4906 improbis
3245 4836 3311 4890 ad
3370 4832 3741 4891 confessionis

2144 4928 2313 4998 ipsius
2356 4930 2584 4999 gratiam
2633 4930 2813 4983 venire
2852 4929 3210 4984 meruerunt?
3250 4925 3553 4996 Aliquando
3600 4941 3741 4981 vero

2142 5020 2267 5076 dum
2298 5022 2353 5075 in
2382 5022 2563 5091 pravis
2592 5022 2804 5076 actibus
2836 5028 3205 5091 perseverant,
3232 5028 3433 5073 aeterna
3456 5033 3549 5073 eos
3567 5032 3739 5088 paena

2142 5114 2427 5167 cruciabit.
2455 5114 2607 5169 Unde
2633 5116 2895 5184 scriptum
2922 5122 3006 5166 est
3032 5130 3043 5164 :
3083 5110 3229 5165 Pluit
3254 5128 3408 5181 super
3436 5121 3740 5181 peccatores

2142 5203 2352 5274 laqueos
2395 5207 2560 5275 ignis,
2592 5208 2812 5275 sulphur
2861 5214 2906 5256 et
2946 5204 3160 5271 spiritus
3209 5202 3577 5273 procellarum,
3608 5219 3743 5272 pars

2142 5295 2320 5348 calicis
2358 5312 2536 5349 eorum
2568 5294 2740 5365 (Psal.
2774 5298 2847 5361 χ).
2883 5292 3024 5363 Ignis
3050 5300 3165 5353 est,
3196 5292 3410 5360 quando
3448 5305 3541 5344 eos
3580 5288 3743 5345 ﬂam-

2151 5401 2269 5439 mea
2300 5402 2430 5441 cura
2472 5386 2773 5447 consumit;
2815 5385 3063 5453 sulphur,
3100 5382 3222 5451 quia
3259 5380 3615 5451 cogitationes
3645 5396 3742 5435 eo-

2148 5495 2267 5531 rum
2315 5478 2616 5532 detestabili
2658 5478 2824 5530 l'etore
2862 5476 3217 5529 sordcseunt:
3255 5472 3478 5540 spiritus
3518 5471 3742 5542 procel-

2151 5573 2343 5636 larum,
2372 5574 2494 5623 dum
2528 5588 2584 5625 se
2617 5569 2939 5623 tumultuosa
2982 5574 3159 5621 mente
3197 5564 3566 5617 confundunt:
3603 5577 3744 5629 pars

2152 5667 2337 5719 (aliens
2361 5680 2569 5729 eorum,
2600 5662 2653 5717 id
2686 5670 2789 5728 est,
2821 5671 3107 5724 mensura,
3143 5670 3249 5728 qua
3275 5655 3495 5728 pollutis
3519 5654 3745 5710 actibus

2152 5758 2235 5811 Clu
2255 5760 2446 5808 lantur.
