3930 6322
1272 308 1361 366 DE
1399 305 1749 365 UNIVERSO
1788 306 1967 363 LIBRI
1999 306 2164 364 XXII.
2190 336 2263 350 —
2298 305 2426 362 LIB.
2466 306 2534 361 X.

3427 306 3533 367 286

227 478 3517 509 ww

1482 619 1780 699 LIBER
1857 619 2333 699 DECIMUS.

1671 799 2075 818 ψ

772 899 1003 963 CAPUT
1036 897 1329 959 PRIMUM.

826 1016 907 1070 De
932 1014 1267 1079 temporibus.

314 1130 591 1202 Tempora
620 1131 791 1200 igitur
808 1144 839 1183 a
862 1133 1287 1199 temperamento
1309 1139 1507 1182 nomen
1531 1123 1837 1196 accipiunt:

247 1224 361 1277 sive
388 1223 536 1291 quod
564 1220 989 1292 unumquodque
1034 1218 1248 1275 illorum
1275 1217 1510 1287 spatium
1546 1216 1841 1287 separatim

247 1323 619 1384 temperatum
644 1313 718 1367 sit
743 1331 757 1365 :
787 1327 883 1367 seu
906 1308 1049 1380 quod
1076 1308 1390 1372 momentis,
1417 1306 1587 1372 boris,
1628 1305 1839 1370 diebus,

250 1406 554 1470 mensibus,
572 1405 750 1469 annis,
767 1404 971 1467 lustris,
987 1401 1307 1469 saeculisque
1322 1408 1378 1455 et
1394 1399 1646 1454 mtatibus
1660 1397 1844 1458 omnia

252 1495 507 1552 mortalis
544 1496 671 1550 vitae
713 1492 983 1550 curricula
1028 1498 1420 1560 temperentur.
1454 1489 1679 1544 Constat
1717 1501 1845 1559 ergo

254 1587 492 1641 trimoda
524 1586 737 1641 ratione
765 1590 1076 1653 computum
1103 1581 1362 1651 temporis
1384 1593 1505 1636 esse
1526 1580 1841 1635 discretum.

254 1675 366 1729 Aut
395 1675 541 1730 enim
565 1682 786 1739 natura,
814 1681 909 1727 aut
927 1670 1339 1735 consuetudine,
1371 1677 1465 1724 aut
1487 1677 1635 1724 certe
1655 1675 1846 1723 aucto-

255 1764 424 1818 ritate
460 1764 720 1818 decurrit.
749 1762 815 1817 Et
845 1763 962 1832 ipsa
1003 1760 1225 1832 quidem
1273 1760 1601 1815 auctoritate
1647 1756 1846 1814 bifarie

255 1854 469 1919 divisa,
522 1854 757 1907 humana
806 1852 1088 1916 videlicet,
1129 1860 1191 1905 ut
1222 1850 1577 1921 olympiades
1615 1856 1848 1919 quatuor

255 1957 551 2007 annorum,
588 1942 856 1997 nundinas
881 1950 1004 1997 octo
1036 1941 1283 2007 dierum,
1308 1940 1631 2009 indictiones
1668 1939 1735 1992 H
1757 1954 1848 1992 an-

255 2050 456 2090 norum
498 2034 703 2088 ambitu
741 2034 1027 2089 celebrari.
1057 2033 1209 2087 Diem
1240 2046 1457 2103 quoque
1494 2032 1585 2101 qui
1622 2048 1690 2087 ex
1718 2045 1850 2101 qua-

257 2125 551 2181 drantibus
580 2124 1107 2189 conﬁci~tur,‘mense
1127 2124 1426 2179 Februario
1472 2124 1560 2179 vel
1600 2125 1848 2194 Augusto

258 2221 574 2276 intercalari
598 2221 791 2286 (irasci,
816 2220 1080 2293 Egyptii,
1107 2219 1339 2276 Romani
1364 2234 1467 2290 pro
1510 2234 1607 2274 suo
1648 2221 1850 2290 quique
1876 2260 1925 2320 Β

259 2322 422 2383 captu
456 2316 755 2383 jusserunt.
786 2314 977 2370 Divina
1003 2321 1208 2379 autem,
1241 2320 1301 2368 ut
1333 2313 1565 2383 septima
1602 2312 1692 2367 die
1721 2312 1853 2367 Sab-

258 2405 451 2461 batum
497 2406 623 2475 agi,
670 2406 902 2475 septimo
949 2419 1092 2461 anno
1132 2420 1164 2458 a
1211 2400 1380 2459 rurali
1420 2418 1586 2473 opere
1632 2403 1849 2467 vacari,

260 2494 769 2565 quinquagesimum
809 2494 1086 2564 jubilaeum
1124 2494 1308 2549 vocari
1345 2492 1607 2548 Dominus
1639 2493 1695 2546 in
1737 2491 1855 2561 lege

260 2585 542 2656 prmeepit.
590 2583 763 2640 Porro
808 2592 1001 2639 natura
1048 2584 1185 2639 duce
1230 2591 1510 2653 repertum
1558 2590 1681 2647 est,
1727 2581 1856 2636 solis

263 2694 466 2734 artuum
495 2676 755 2733 trecentis
795 2676 1076 2746 sexaginta
1118 2662 1360 2744 quinque
1394 2674 1587 2729 diebus
1624 2682 1681 2728 et
1717 2689 1854 2742 qua-

263 2768 458 2825 drante
484 2766 709 2832 conﬁci,
740 2765 878 2819 lunae
919 2780 1048 2819 vero
1079 2779 1280 2818 annum
1302 2803 1316 2829 ,
1346 2764 1393 2817 si
1422 2762 1730 2818 communis
1756 2762 1855 2827 sit,

264 2860 525 2917 trecentis
552 2856 943 2929 quinquaginta
984 2864 1240 2926 quatuor,
1278 2856 1323 2910 si
1353 2854 1723 2916 embolismus,
1753 2854 1857 2909 584»

265 2957 458 3013 diebus
477 2953 780 3018 terminari,
805 2959 1082 3021 totumque
1104 2950 1244 3006 luna:
1268 2964 1486 3005 cursum
1509 2947 1859 3004 deCennovali

266 3048 473 3105 circulo
500 3044 903 3117 comprehendi.
932 3043 1039 3099 Sed
1062 3052 1117 3098 et
1151 3044 1394 3097 errantia
1432 3041 1609 3096 sidera
1640 3040 1861 3109 suisque

266 3141 465 3213 spatiis
507 3140 728 3195 zodiaco
774 3136 1149 3201 circumferri,
1190 3149 1310 3205 qua:
1347 3140 1539 3187 natura
1566 3146 1673 3186 non
1704 3131 1861 3201 juxta

266 3232 611 3289 ethnicorum
642 3228 970 3283 dementiam
1009 3226 1110 3282 dea
1148 3224 1385 3280 creatrix
1405 3261 1420 3289 ,
1453 3238 1559 3277 una
1590 3222 1655 3277 de
1697 3219 1862 3290 pluri-

268 3323 397 3389 bus,
427 3322 521 3377 sed
550 3320 619 3375 ab
644 3335 753 3375 uno
781 3334 909 3373 vero
939 3318 1052 3373 Deo
1080 3326 1263 3372 creata
1292 3322 1391 3378 est,
1428 3313 1643 3384 quando
1670 3312 1863 3367 sideri-

268 3414 375 3468 bus
398 3411 538 3467 cmlo
566 3409 752 3465 inditis
771 3409 1027 3479 praecepit
1057 3415 1118 3461 ut
1140 3407 1250 3462 sint
1277 3407 1333 3460 in
1359 3405 1512 3474 signa
1537 3411 1593 3458 et
1619 3408 1863 3472 tempora

270 3512 329 3560 et
358 3504 475 3558 dies
498 3508 555 3558 et
580 3515 771 3556 annos.
800 3499 1035 3569 Tempus
1063 3505 1243 3551 autem
1264 3535 1279 3561 ,
1308 3494 1452 3566 quod
1483 3494 1671 3549 Graece
1704 3492 1864 3547 chro-

272 3610 377 3651 nos
401 3593 620 3656 dicitur,
663 3592 732 3645 ab
766 3590 920 3644 initio
947 3588 1130 3643 mundi
1162 3600 1334 3655 usque
1378 3586 1445 3639 ad
1488 3583 1653 3638 ﬁnem
1682 3580 1863 3637 saeculi
1891 3602 1936 3665 ρ

273 3685 556 3742 decurrit:
591 3683 662 3737 ita
691 3690 753 3736 ut
781 3679 1091 3743 momentis,
1130 3678 1303 3742 horis,
1325 3675 1536 3739 diebus,
1564 3673 1862 3739 mensibus,

272 3774 441 3831 annis
459 3812 474 3839 ,
502 3771 687 3827 lustris
704 3812 719 3836 ,
748 3768 962 3825 saeculis
983 3808 998 3834 ,
1025 3768 1280 3823 aetatibus
1305 3767 1387 3835 (ut
1411 3779 1576 3834 supra
1608 3761 1863 3834 diximus)

276 3864 574 3921 dividatur.
597 3860 879 3933 Signiﬁcat
904 3867 1086 3935 autem
1127 3865 1488 3928 opportunam
1524 3852 1864 3909 distributio-

275 3972 404 4013 nem
428 3955 623 4011 divinaz
641 3952 951 4008 voluntatis.
967 3949 1121 4005 Unde
1136 3957 1220 4004 est
1245 3948 1379 4002 illud
1406 3964 1419 4000 :
1456 3943 1608 4001 Oculi
1632 3944 1866 3998 omnium

275 4051 407 4106 inte
424 4056 658 4117 sperant,
676 4045 922 4110 Domine,
948 4053 995 4099 et
1020 4055 1075 4097 tu
1097 4044 1193 4097 das
1220 4057 1391 4097 escam
1422 4037 1530 4092 illis
1556 4038 1611 4091 in
1640 4046 1867 4105 tempore

277 4149 573 4212 opportuno
605 4135 778 4209 (Psal.
822 4135 1024 4205 cxuv),
1063 4150 1163 4190 nec
1189 4149 1296 4188 non
1342 4140 1397 4187 et
1446 4128 1617 4184 illud:
1645 4127 1866 4195 Tempus

280 4221 536 4302 faciendi,
568 4226 815 4293 Domine,
869 4226 1250 4295 dissipaverunt
1303 4221 1470 4292 iniqui
1515 4219 1679 4290 legem
1720 4227 1868 4272 tuum

279 4320 458 4393 (Psal.
486 4316 697 4390 cum).
732 4316 949 4388 Sprevit
974 4330 1103 4387 ergo
1124 4314 1355 4385 populus
1395 4313 1620 4367 devotus
1662 4317 1868 4377 tempo-

278 4414 433 4471 ribus
461 4410 713 4467 Antiochi
744 4424 775 4463 a
802 4409 958 4479 plebe
994 4405 1219 4461 Judaiea
1261 4405 1435 4476 legem
1478 4402 1691 4458 Domini
1721 4401 1869 4456 cultu

280 4508 588 4563 dremonum
633 4500 1017 4574 polluendam:
1048 4497 1192 4552 velut
1240 4498 1306 4552 ad
1358 4496 1625 4552 medicum
1672 4493 1871 4549 clamat

279 4604 543 4667 :egrotus,
575 4600 787 4661 tempus
812 4602 933 4645 esse
966 4586 1332 4651 subveniendi,
1350 4600 1440 4650 ne,
1461 4583 1665 4639 morbis
1692 4584 1869 4652 ingra-

282 4689 559 4753 vantibus,
587 4686 732 4742 salus
759 4683 940 4755 populi
970 4682 1235 4754 potuisset
1274 4678 1483 4734 adsumi
1509 4693 1522 4731 :
1554 4685 1764 4746 tempus
1788 4685 1879 4731 est‘

282 4778 547 4844 faciendi,
573 4789 683 4832 non
706 4773 1009 4839 diﬁ‘erendi,
1036 4773 1177 4842 quod
1198 4770 1434 4840 expedit.
1458 4766 1704 4823 Iusserat
1725 4767 1869 4822 enim

281 4889 386 4947 per
413 4874 587 4945 legem
609 4880 665 4928 et
691 4870 1000 4942 prophetas,
1032 4876 1090 4923 ut
1112 4882 1274 4922 verus
1296 4866 1575 4929 Dominus,
1603 4871 1869 4934 quatenus

1868 902 1922 963 Α
1950 917 2085 955 nunc
2106 911 2303 973 tempus
2318 903 2652 973 acceptabile,
2666 922 2780 959 ecce
2802 922 2939 960 nunc
2956 906 3066 960 dies
3082 905 3269 961 salutis
3291 904 3378 977 (ΙΙ
3400 905 3528 962 Cor.

1943 991 2022 1061 6).
2074 992 2265 1047 Omnia
2315 994 2490 1061 enim,
2538 1012 2657 1065 quae
2713 996 2971 1050 Dominus
3022 996 3188 1062 facit,
3247 996 3533 1067 aptissima

1944 1082 2298 1153 dispositione
2327 1087 2704 1155 complentur:
2735 1096 2795 1141 ut
2824 1096 2949 1142 ante
2981 1087 3097 1142 ﬁeri
3130 1105 3237 1143 non
3265 1092 3529 1155 debeant,

1943 1174 2046 1228 nisi
2077 1178 2293 1245 quando
2315 1178 2406 1233 ille
2434 1179 2721 1235 miserator
2751 1180 3058 1234 indulserit.
3087 1179 3224 1235 Hinc
3253 1190 3365 1247 est,
3391 1182 3537 1251 quod

1942 1266 2100 1319 nobis
2124 1281 2336 1339 semper
2359 1271 2577 1340 expedit
2621 1271 2819 1325 habere
2845 1272 3185 1340 patientiam,
3215 1278 3537 1341 exspectare

1945 1370 2065 1424 quae
2086 1355 2235 1425 iussa
2267 1368 2413 1426 sunt,
2446 1376 2637 1430 rogare
2659 1377 2779 1430 quae
2825 1370 3051 1429 prosunt
3078 1377 3091 1415 :
3121 1371 3333 1431 tempus
3355 1370 3535 1417 autem

1946 1446 2179 1503 faciendi
2210 1451 2360 1504 novit
2389 1451 2501 1516 ille,
2534 1452 2626 1521 qui
2657 1461 2835 1505 rector
2865 1462 2966 1507 est.

2582 1558 2810 1615 CAPUT
2850 1560 2913 1613 ll.

2536 1648 2617 1704 De
2650 1651 2943 1705 momentis.

2002 1743 2351 1799 Momentum
2404 1750 2488 1798 est
2535 1742 2821 1799 minimum
2875 1752 3039 1812 atque
3098 1743 3541 1813 angustissimum

1950 1843 2161 1904 tempus
2191 1850 2219 1887 a
2246 1842 2395 1889 motu
2418 1834 2659 1888 siderum
2686 1832 2912 1888 dictum.
2938 1832 3032 1886 Est
3053 1833 3196 1887 enim
3224 1834 3543 1889 extremitas

1949 1926 2099 1981 hora:
2124 1924 2176 1978 in
2210 1924 2465 1978 brevibus
2504 1923 2837 1987 intervallis,
2872 1938 2996 1977 cum
3032 1923 3236 1992 aliquid
3267 1923 3370 1977 sibi
3401 1923 3544 1977 cedit

1950 2023 2114 2084 atque
2137 2012 2396 2070 succedit.
2442 2012 2777 2069 Momentum
2817 2028 2949 2083 ergo
2980 2013 3250 2083 signiﬁcat
3284 2012 3544 2067 brevissi-

1950 2125 2098 2165 mum
2130 2109 2391 2178 temporis
2411 2108 2721 2173 decursum,
2755 2116 2814 2162 ut
2844 2115 2929 2163 est
2947 2092 3085 2161 illud
3111 2106 3351 2176 Apostoli
3378 2124 3391 2159 :
3418 2104 3546 2159 0m-

1952 2216 2040 2254 nes
2068 2199 2274 2268 quidem
2306 2206 2652 2266 resurgemus‘,
2676 2196 2767 2251 sed
2795 2212 2897 2250 non
2922 2212 3097 2251 omnes
3123 2195 3542 2260 immutabimur,

1952 2294 2008 2347 in
2054 2300 2311 2346 momento
2337 2329 2351 2357 ,
2397 2290 2454 2344 in
2496 2290 2602 2342 ictu
2647 2288 2787 2343 oculi
2838 2287 2891 2358 (Ι
2926 2285 3048 2342 Cor.
3092 2286 3203 2357 xv).
3240 2286 3345 2341 Per
3375 2286 3545 2341 ictum

1954 2381 2093 2444 oculi
2121 2381 2344 2434 nimiam
2377 2378 2702 2432 brevitatem
2731 2376 2847 2432 vult
2885 2375 3196 2448 signiﬁcare
3238 2374 3543 2430 momenti:

1954 2482 2016 2528 ut
2039 2478 2237 2542 quanta
2268 2472 2339 2526 sit
2366 2470 2461 2525 Dei
2486 2457 2729 2539 potentia
2750 2508 2765 2533 ,
2793 2484 2861 2522 ex
2892 2468 3309 2523 resurrectionis
3347 2465 3546 2522 celeri-

1956 2572 2066 2619 tate
2095 2577 2409 2634 cognoscas.
2443 2562 2519 2616 De
2541 2576 2649 2630 quo
2675 2560 2779 2614 alia
2803 2560 2970 2615 editio
2994 2559 3160 2615 habet
3186 2577 3199 2613 :
3223 2561 3279 2613 in
3302 2568 3474 2612 atomo
3498 2565 3547 2611 et

1956 2654 2013 2707 in
2036 2654 2143 2707 ictu
2167 2652 2323 2707 oculi.
2344 2650 2624 2705 Minimum
2647 2658 2829 2705 autem
2852 2650 3120 2713 omnium,
3147 2657 3203 2703 et
3237 2649 3381 2719 quod
3402 2646 3547 2701 nulla

1958 2743 2169 2797 ratione
2188 2741 2354 2795 dividi
2377 2748 2564 2809 queat,
2590 2748 2802 2809 tempus
2825 2749 3063 2794 atomum
3086 2737 3293 2803 Graece,
3320 2737 3424 2792 hoc
3441 2744 3545 2801 est,

1960 2832 2291 2890 indivisibile
2340 2830 2455 2886 sive
2501 2829 2806 2885 insectibile
2855 2828 3153 2888 nominant,
3188 2826 3330 2897 quod
3364 2827 3433 2881 ob
3464 2824 3545 2880 sui

1958 2922 2311 2994 pusillitatem
2346 2918 2917 2989 grammaticis‘potius
2937 2934 3098 2988 quam
3130 2915 3550 2971 calculatoribus

1961 3011 2173 3067 visibile
2210 3018 2316 3076 est,
2349 3011 2547 3080 quibus
2578 3025 2701 3064 cum
2738 3025 2951 3063 versum
2978 3025 3071 3076 per
3100 3009 3259 3061 verba
3281 3047 3294 3071 ,
3326 3006 3547 3061 verbum

1959 3115 2059 3172 per
2078 3100 2264 3171 pedes,
2291 3101 2457 3170 pedes
2481 3114 2578 3169 per
2604 3099 2858 3171 syllabas,
2897 3099 3130 3168 syllabas
3164 3113 3256 3167 per
3306 3106 3548 3165 tempora

1964 3191 2225 3255 dividant,
2255 3199 2312 3245 et
2338 3190 2511 3260 longa}
2542 3190 2759 3260 quidem
2783 3190 2889 3243 duo
2912 3199 3179 3257 tempora,
3206 3203 3372 3241 unum
3399 3187 3552 3243 brevi

1968 3280 2222 3344 tribuant,
2262 3278 2405 3334 ultra
2452 3280 2506 3333 in
2552 3281 2695 3349 quod
2745 3279 3007 3341 dividant,
3035 3294 3141 3332 non
3186 3277 3554 3345 habentibus,

1966 3371 2108 3427 hanc
2133 3379 2369 3427 atomum
2405 3369 2705 3440 nuncupari
2736 3368 3083 3439 complacuit.

2574 3482 2802 3539 CAPUT
2842 3483 2928 3538 lll.

2629 3574 2705 3629 De
2730 3575 2891 3628 horis.

2037 3665 2181 3721 Hora
2205 3665 2452 3722 Graecum
2471 3677 2669 3721 nomen
2698 3672 2781 3719 est
2810 3671 2865 3719 et
2889 3671 3065 3719 tamen
3092 3663 3344 3719 Latinum
3372 3672 3547 3720 sonat.

1968 3755 2112 3812 Hora
2156 3757 2302 3811 enim
2349 3755 2473 3809 ﬁnis
2517 3763 2602 3810 est
2650 3755 2939 3824 temporis,
2971 3755 3111 3809 sicut
3145 3765 3198 3810 et
3232 3756 3380 3809 horae
3421 3762 3548 3811 sunt

1968 3848 2104 3902 ﬁnes
2144 3849 2335 3913 maris,
2365 3846 2685 3913 ﬂuviorum,
2729 3848 3198 3902 vestimentorum.
3225 3844 3389 3913 liora,
3421 3848 3550 3904 duo:-

1969 3940 2175 3995 decima
2203 3954 2331 4009 pars
2354 3940 2459 3995 diei
2482 3949 2585 4005 est,
2618 3939 2826 3995 scilicet
2847 3939 3159 3995 articularis
3182 3932 3551 4014 [artiﬁcialis],

1968 4031 2073 4087 hoc
2098 4039 2203 4097 est,
2220 4046 2249 4085 a
2266 4031 2393 4086 solis
2414 4038 2534 4086 ortu
2557 4044 2730 4101 usque
2746 4030 2812 4084 ad
2836 4043 3120 4086 occasum:
3139 4044 3244 4086 non
3266 4031 3551 4099 naturalis,

1970 4121 2063 4190 qui
2093 4129 2308 4176 constat
2348 4137 2377 4175 a
2407 4120 2536 4177 solis
2560 4129 2683 4176 ortu
2709 4136 2879 4190 usque
2904 4120 2971 4174 ad
3004 4123 3168 4175 alium
3192 4123 3319 4177 solis
3348 4131 3551 4189 ortum,

1970 4220 2026 4268 et
2044 4212 2231 4283 viginti
2255 4222 2486 4281 quatuor
2507 4214 2656 4268 horis
2683 4210 3007 4281 completur.
3050 4210 3330 4283 Siquidem
3353 4212 3557 4269 duode-

1972 4304 2078 4359 cim
2104 4303 2251 4358 bone
2274 4304 2414 4357 diem
2438 4303 2729 4373 complent,
2746 4302 2975 4357 Domino
2993 4310 3302 4368 attestante,
3331 4303 3423 4372 qui
3444 4302 3519 4357 ait
3539 4321 3563 4373 :7

1973 4392 2165 4447 Nonne
2195 4392 2469 4445 duodecim
2495 4392 2636 4445 hora:
2666 4402 2785 4445 sunt
2815 4392 2961 4445 diei?
2983 4393 3028 4445 si
3059 4393 3176 4462 quis
3214 4389 3557 4445 ambulaverit

1972 4486 2027 4539 in
2053 4486 2137 4539 die
2160 4525 2177 4550 ,
2204 4500 2310 4539 non
2338 4483 2562 4539 offendit
2590 4483 2774 4554 (Joan.
2809 4483 2908 4554 χι).
2944 4482 3042 4538 Ubi
3076 4483 3323 4551 quamvis
3361 4480 3559 4551 allegm

1974 4577 2085 4633 rice
2114 4592 2172 4632 se
2200 4576 2380 4640 diem,
2413 4575 2707 4645 discipulos
2752 4590 2903 4640 vero,
2954 4570 3046 4644 Qui
3089 4582 3119 4628 a
3154 4588 3211 4628 se
3250 4572 3556 4627 illustrandi

1974 4668 2221 4733 fuerant,
2254 4669 2419 4722 horas
2455 4667 2843 4738 appellaverit:
2879 4666 3039 4721 solito
3086 4675 3269 4721 tamen
3306 4668 3558 4720 humanae

1974 4761 2393 4830 computationis
2437 4760 2625 4815 ordine
2666 4770 2951 4815 numerum
2998 4760 3240 4815 deﬁnivit
3278 4760 3552 4813 horarum.

1977 4853 2197 4909 Scilicet
2216 4853 2515 4915 sciendum,
2538 4852 2681 4921 quod
2708 4853 2840 4905 hora
2867 4844 3151 4921 aliquando
3174 4864 3270 4919 pro
3292 4858 3555 4919 tempore,

287 4941 417 5021 eum
464 4941 627 5019 homo
675 4941 1113 5018 reverentissime
1161 4958 1445 5014 devotione
1495 4956 1733 5020 coleret,
1780 4955 1874 5009 sed
1900 4951 1953 5011 D
1978 4962 2076 5017 Ι)Γο
2102 4954 2261 5001 Male
2300 4944 2479 4999 8330"“
2511 4944 2751 5012 ροηίιιιν.
2785 4942 2917 4997 Nam
2960 4957 3058 5011 pro
3099 4948 3341 5010 tempore
3383 4941 3557 5011 posita

285 5056 547 5126 quoniam
575 5055 679 5109 hoc
706 5054 763 5107 in
793 5068 945 5108 suam
964 5051 1259 5122 perniciem
1287 5048 1607 5121 contempsit
1635 5047 1875 5103 obstina-

286 5146 371 5201 tio
408 5145 735 5210 Judazorum,
766 5144 965 5205 clamat
989 5144 1219 5214 populus
1250 5142 1422 5198 ﬁdelis
1447 5151 1656 5211 tempus
1678 5140 1877 5194 facien-

288 5238 368 5302 di,
397 5238 450 5293 id
477 5246 581 5302 est,
612 5244 676 5291 ut
703 5237 901 5291 mundo
925 5236 1177 5292 salutaris
1202 5246 1481 5305 appareas,
1516 5241 1737 5303 peccata
1769 5232 1876 5286 dis-

291 5331 487 5394 solvas,
525 5333 761 5382 mortem
788 5328 997 5393 vincas,
1029 5327 1313 5396 ipsumque
1334 5324 1606 5379 diabolum
1626 5338 1747 5377 cum
1780 5336 1877 5376 sua

292 5422 516 5477 cohorte
538 5425 877 5488 prosternas.
897 5417 1007 5472 Hoc
1026 5423 1110 5470 est
1132 5418 1277 5470 enim
1294 5414 1506 5469 Domini
1528 5414 1724 5475 facere,
1745 5426 1878 5481 prae-

293 5514 451 5571 dictis
475 5509 817 5580 temporibus
857 5508 1131 5563 advenire.
1158 5506 1311 5563 Unde
1338 5515 1392 5561 et
1429 5521 1525 5575 per
1558 5504 1877 5575 prophetam

288 5611 490 5667 dictum
537 5614 629 5661 est
657 5623 669 5659 :
702 5602 949 5674 Tempore
983 5612 1185 5671 accepto
1233 5603 1473 5655 exaudiui
1522 5609 1601 5664 te,
1636 5609 1681 5653 et
1711 5601 1764 5653 in
1795 5600 1880 5653 die

279 5710 471 5775 salutis
518 5701 717 5777 θάμιυῦ
754 5709 801 5755 te
848 5699 1000 5773 (Isa.
1045 5697 1224 5770 χειν).
1273 5698 1339 5751 Ει
1379 5696 1707 5766 Apostolus:
1741 5695 1877 5750 Ecce

1981 5046 2065 5093 est
2088 5037 2221 5091 hora
2254 5036 2307 5092 in
2340 5034 2428 5089 illa
2451 5033 2602 5089 Pauli
2630 5035 2895 5089 sententia
2916 5073 2931 5095 ,
2959 5048 3067 5103 qua
3106 5032 3235 5087 dicit
3261 5050 3273 5085 :
3303 5030 3452 5097 Hora
3481 5041 3553 5083 est

1972 5130 2089 5199 jam
2117 5145 2208 5181 nos
2232 5127 2296 5180 de
2316 5143 2497 5180 somno
2528 5142 2738 5194 surgere
2765 5124 2943 5196 (Rom.
2969 5125 3112 5194 xm).
3139 5122 3291 5190 Quod
3322 5123 3390 5176 ad
3429 5120 3558 5175 illud

1982 5226 2207 5290 spectat,
2237 5219 2328 5273 ubi
2354 5219 2554 5273 dictum
2576 5224 2661 5271 est
2686 5234 2698 5269 :
2728 5215 2864 5269 Ecce
2888 5230 3024 5269 nunc
3049 5222 3246 5283 tempus
3270 5221 3575 5282 acceptum,

1980 5311 2095 5365 e'cce
2136 5326 2273 5363 nunc
2317 5309 2424 5362 dies
2458 5306 2645 5361 salutis
2681 5304 2765 5377 (II
2797 5305 2919 5360 Cor.
2961 5303 3104 5377 xm).
3138 5304 3370 5372 Tempus
3414 5302 3558 5356 enim

1981 5405 2257 5474 Evangelii
2294 5404 2346 5457 in
2381 5404 2481 5456 hoc
2507 5401 2861 5471 signiﬁcatur,
2890 5400 3033 5470 quod
3056 5398 3122 5452 ad
3153 5396 3405 5451 meritum
3432 5409 3563 5465 pro-

1982 5496 2145 5551 ﬁcere
2177 5496 2487 5558 debeamus,
2512 5493 2615 5547 hoc
2637 5501 2742 5556 est,
2774 5493 2839 5546 de
2864 5502 3050 5544 somno
3072 5499 3314 5557 surgere,
3345 5484 3562 5554 operari

1982 5592 2182 5647 bonum
2209 5631 2223 5655 ,
2256 5590 2408 5658 quasi
2449 5588 2501 5642 in
2533 5588 2637 5652 die,
2672 5586 2773 5639 hoc
2799 5590 2883 5637 est
2906 5622 2921 5647 ,
2952 5581 3163 5651 palam,
3187 5586 3244 5634 et
3286 5577 3402 5633 dari
3433 5590 3562 5645 ope-

1979 5700 2120 5751 ram,
2144 5692 2201 5737 ut
2226 5698 2360 5753 pure
2383 5682 2624 5736 viventes
2644 5677 2708 5733 ad
2728 5676 3050 5748 promissum
3070 5673 3353 5748 praemium
3371 5668 3563 5728 venia-
