3930 6392
409 434 507 493 287

1037 425 1096 481 B.
1134 422 1389 481 RABANI
1424 420 1643 477 MAURI
1677 416 1993 474 ARCHIEP.
2036 414 2346 474 MOGUNT.
2388 414 2673 473 OPERUM
2711 414 2894 472 PARS
2924 414 2991 472 ll.

408 566 527 607 mus
566 560 797 603 excusso
843 558 1032 600 somno
1091 540 1406 612 ignorantiae
1453 538 1566 592 sive
1610 534 1965 607 negligentim.
2001 535 2051 593 Α
2077 534 2195 586 bum
2226 530 2396 605 (Psal.
2420 530 2597 603 xvm),
2630 531 2684 585 id
2721 540 2833 596 est,
2880 530 3137 587 Dominus
3172 529 3426 603 apostolis
3471 532 3659 589 divina

407 639 552 695 Hora
593 652 720 708 ergo
748 650 845 707 pro
881 640 1039 689 aitate
1083 630 1264 686 seaculi
1308 629 1483 699 posita
1528 636 1613 683 est
1658 628 1714 680 in
1748 623 1972 695 cpistola

408 730 653 793 Joannis,
679 726 767 780 ubi
794 726 870 779 ait
899 742 911 777 :
944 722 1151 787 Filioli,
1181 721 1460 775 novissima
1488 720 1617 773 hora
1640 725 1714 772 est
1736 716 1787 789 (Ι
1812 716 1973 769 Joan.

2075 625 2321 680 claritate
2346 623 2612 678 irradians
2636 624 2798 679 verba
2825 622 3061 679 caelestis
3088 623 3308 680 luminis
3334 625 3654 689 intimabat;

2077 716 2217 770 sicut
2244 731 2273 769 e
2308 714 2575 769 contrario
2604 715 2659 767 in
2691 714 2803 779 illo,
2833 712 2973 783 quod
3017 714 3262 785 sequitur
3301 734 3315 770 ε
3353 716 3477 771 Nox
3515 716 3664 771 nocti

411 823 495 892 ll).
522 818 876 875 Novissimam
911 818 1100 870 horam
1144 813 1495 868 novissimum
1541 809 1719 866 saeculi
1764 815 1977 878 tempus
2077 807 2275 860 indicat
2300 807 2572 859 scientiam
2600 804 2806 877 (Ibid.),
2834 803 2998 859 Judas
3021 803 3219 860 Judazis
3240 804 3515 863 Christum
3538 822 3665 878 pro-

411 910 554 979 quod
581 921 721 961 nunc
752 906 929 975 agitur
958 904 1088 957 dicit
1121 902 1277 972 juxta
1326 901 1472 954 illam
1521 898 1833 971 parabolam
1874 897 1980 951 Do-

412 996 699 1064 mini,ubi
736 995 1011 1065 operarios
1060 994 1113 1047 in
1170 994 1379 1047 vineam
1430 991 1721 1046 conductus
1770 995 1977 1043 narrat.

411 1091 592 1147 Prima
619 1091 748 1143 hora
776 1097 860 1142 est
880 1102 1050 1157 usque
1073 1086 1138 1138 ad
1165 1092 1406 1153 tempora
1432 1081 1565 1146 Noe,
1598 1096 1627 1134 a
1650 1080 1980 1149 temporibus

412 1182 523 1237 Noe
552 1181 682 1235 hora
710 1179 891 1243 tertia,
926 1194 955 1231 a
984 1176 1312 1246 temporibus
1339 1174 1611 1228 Abraham
1636 1172 1767 1225 hora
1799 1180 1979 1235 sexta,

415 1285 445 1325 a
476 1271 597 1326 data
630 1270 747 1338 lege
790 1271 924 1323 hora
951 1283 1092 1323 nona
1117 1309 1131 1333 ,
1174 1282 1203 1320 a
1241 1266 1459 1319 Christo
1500 1266 1551 1318 in
1595 1264 1757 1317 ﬁnem
1801 1262 1982 1317 saeculi

413 1364 546 1417 hora
575 1361 874 1423 undecima,
908 1360 960 1412 in
990 1374 1093 1426 qua
1123 1357 1487 1411 Antichristus
1522 1354 1735 1409 futurus
1756 1362 1839 1408 est
1868 1369 1978 1422 pro

412 1452 680 1521 phetatus.
731 1450 863 1503 item
906 1450 1036 1502 hora
1086 1448 1258 1518 prima
1311 1446 1537 1500 infantia
1581 1446 1693 1499 sive
1732 1445 1982 1513 pueritia,

413 1539 546 1594 hora
577 1539 732 1594 tertia
759 1538 1150 1601 adolescentia,
1184 1538 1314 1590 hora
1346 1545 1497 1590 sexta
1534 1536 1819 1604 juventus,
1853 1535 1986 1587 hora

413 1644 554 1685 nona
598 1637 878 1693 senectus,
904 1629 1035 1681 hora
1082 1626 1363 1681 undecima
1397 1634 1700 1679 extremum
1732 1624 1984 1679 senium:

415 1721 558 1775 unde
588 1728 641 1776 et
667 1735 824 1789 supra
852 1718 1156 1788 exemplum
1188 1718 1371 1772 datum
1404 1725 1505 1772 est.

1020 1828 1247 1885 CAPUT
1285 1829 1372 1884 IV.

1044 1900 1120 1952 De
1155 1900 1353 1952 diebus.

486 1991 609 2045 Dies
639 1999 721 2045 est
748 2004 842 2043 aer
870 1989 983 2045 sole
1017 1988 1334 2055 illustratus,
1362 2004 1556 2043 nomen
1591 1988 1713 2042 inde
1742 2002 1982 2054 sumens,

417 2082 557 2149 quod
606 2081 857 2136 tenebras
906 2078 1178 2151 disjungat
1227 2096 1290 2134 ac
1336 2080 1556 2134 dividat.
1590 2080 1724 2133 Nam
1761 2094 1883 2133 cum
1932 2079 1987 2133 in

415 2170 711 2240 primordio
732 2177 1102 2225 creaturarum
1140 2170 1374 2223 tenebrae
1403 2176 1585 2225 essent
1609 2184 1771 2238 super
1800 2168 1990 2223 facient

417 2262 634 2332 abyssi:
663 2261 807 2315 Dixit
832 2262 973 2315 Deus
998 2274 1017 2312 :
1052 2260 1179 2315 Fiat
1223 2260 1315 2315 lux
1339 2301 1353 2323 ,
1387 2271 1434 2316 et
1477 2262 1617 2329 facta
1660 2271 1733 2316 est
1778 2261 1889 2316 lux.
1922 2263 1991 2315 Et

417 2352 609 2406 vocavit
633 2350 773 2406 Deus
791 2352 957 2406 lucem
978 2353 1113 2405 diem
1131 2349 1281 2423 (Gen.
1306 2352 1346 2424 ι)
1367 2370 1379 2418 ;
1400 2368 1517 2421 quae
1534 2352 1776 2408 definitio
1802 2353 1991 2407 bifarie

421 2440 705 2505 dividitur,
751 2442 853 2496 hoc
896 2451 1014 2506 est,
1066 2441 1362 2511 vulgariter
1410 2451 1465 2495 et
1503 2442 1739 2511 proprie.
1788 2442 1993 2513 Vulgus

421 2530 565 2583 enim
612 2544 824 2583 omnem
871 2530 1012 2583 diem
1054 2529 1183 2583 solis
1224 2531 1563 2599 prtesentiam
1609 2546 1773 2600 supra
1822 2541 1993 2588 terras

421 2620 652 2691 appellat
680 2638 692 2674 :
716 2620 933 2691 proprie
964 2628 1145 2675 autem
1172 2622 1289 2676 dies
1324 2623 1511 2690 viginti
1544 2632 1777 2692 quatuor
1810 2624 1990 2691 horis,

421 2709 475 2763 id
499 2718 601 2776 est,
636 2709 865 2765 circuitu
901 2710 1030 2765 solis
1065 2720 1231 2766 totum
1270 2713 1455 2767 orbem
1494 2712 1774 2769 luStrantis
1808 2714 1995 2784 imple-

423 2807 530 2865 tur,
561 2802 652 2871 qui
681 2815 863 2856 secum
911 2816 1126 2871 semper
1173 2809 1227 2854 et
1278 2802 1477 2871 ubique
1519 2801 1700 2859 lumen
1745 2805 1994 2859 diurnum

421 2891 806 2947 circumferens
854 2907 961 2948 non
1009 2894 1215 2947 minore
1253 2907 1440 2947 aerum
1482 2896 1657 2964 spatio
1688 2906 1851 2951 noctu
1896 2898 1995 2953 sub

422 2990 596 3038 terras
641 2998 802 3053 quam
855 2998 1017 3054 supra
1057 2992 1231 3039 terras
1286 2985 1519 3041 interdiu
1559 2988 1798 3042 creditur
1841 2989 1991 3042 exal-

423 3076 545 3131 tari.
604 3076 742 3131 Ante
790 3091 921 3132 vero
974 3076 1101 3132 solis
1153 3078 1515 3144 creationem,
1568 3080 1857 3149 primitivze
1912 3081 1993 3135 lu-

424 3167 502 3223 cis
540 3166 798 3231 circuitu,
836 3169 979 3237 quod
1028 3184 1170 3223 nunc
1204 3185 1302 3239 per
1352 3171 1519 3226 solem
1558 3172 1643 3235 lit,
1696 3173 1989 3242 agebatur,

419 3257 592 3326 primo
621 3258 839 3327 quidem
879 3260 1222 3330 secundoque
1271 3262 1357 3316 die
1408 3277 1575 3331 aquas
1613 3264 1830 3333 abyssi,
1871 3279 1991 3333 qua:

420 3364 635 3404 omnem
676 3358 881 3405 terram
916 3359 1197 3418 texerant,
1238 3352 1400 3407 tertia
1433 3368 1562 3409 vero
1602 3368 1729 3408 acra
1764 3369 1993 3409 vacuum

420 3457 515 3497 sua
541 3442 1025 3513 circumvagatione
1053 3442 1352 3500 lustrantis.
1379 3444 1647 3510 Quantum
1677 3461 1804 3517 ergo
1833 3447 1995 3501 nobis

419 3531 642 3602 vestigia
689 3540 903 3601 patrum
950 3533 1297 3601 sequentibus
1345 3532 1611 3602 conjicere
1661 3536 1839 3602 datur,
1872 3551 1992 3590 cum

419 3620 620 3675 diceret
650 3622 822 3676 Deus:
852 3620 977 3676 Fiat
1006 3622 1097 3676 lua-
1119 3638 1136 3673 :
1164 3637 1286 3677 mox
1317 3624 1571 3690 tenebrae,
1593 3640 1711 3694 qum
1740 3625 1992 3697 abyssum

422 3721 683 3777 texerant,
727 3713 1001 3778 abierunt;
1050 3721 1103 3767 et
1151 3713 1241 3767 lux
1280 3715 1347 3769 ab
1378 3714 1595 3770 Oriente
1624 3716 1827 3771 medias
1856 3718 1995 3772 inter

419 3803 592 3856 undas
618 3816 918 3873 emergens,
944 3813 1196 3859 cunctam
1228 3814 1387 3861 terra:
1413 3807 1757 3876 superﬁciem
1786 3810 1997 3879 operuit

418 3891 701 3948 latitudine
725 3895 810 3949 sui
859 3894 1101 3965 fulgoris,
1144 3895 1385 3952 boreales
1416 3898 1576 3953 simul
1604 3900 1993 3971 australesque,

420 3997 520 4037 nec
553 3998 658 4035 non
705 3992 761 4036 et
788 3983 1040 4039 occiduas
1070 3998 1194 4039 oras
1241 3987 1510 4057 attingens
1542 3989 1909 4059 paulatimque
1939 4006 1998 4047 se

420 4076 684 4143 completo
743 4076 845 4130 diei
901 4076 1059 4131 unius
1115 4076 1288 4145 spatio
1347 4079 1683 4146 subducens,
1740 4081 1995 4138 inferiora

419 4173 579 4221 terrae
605 4168 840 4236 gyrando
870 4167 1051 4231 subiit,
1080 4174 1240 4235 atque
1268 4183 1462 4221 aurora
1488 4169 1825 4237 praecedente
1855 4172 1994 4227 diem

422 4257 714 4313 secundum
754 4257 1076 4326 tertiumque
1105 4258 1266 4312 simili
1306 4258 1496 4319 ordine
1542 4262 1865 4331 complevit:
1894 4263 1999 4321 hoc

424 4356 630 4403 tantum
656 4363 685 4401 a
715 4348 877 4402 solari
906 4347 1025 4403 luce
1050 4347 1325 4415 differens,
1353 4353 1495 4419 quod
1528 4353 1725 4408 caloris
1770 4354 1882 4409 fotu
1914 4371 1999 4412 ca-

423 4440 588 4501 rebat,
636 4446 688 4493 et
730 4440 853 4508 quia
884 4438 1060 4494 sidera
1108 4441 1341 4495 nondum
1380 4450 1557 4509 erant,
1588 4444 1780 4513 priscis
1822 4448 1997 4503 adhuc

422 4529 659 4585 tenebris
688 4538 872 4585 noctes
904 4529 1022 4584 illas
1062 4531 1406 4601 relinquebat
1436 4533 1711 4591 obscuras.
1744 4535 1871 4593 Dies
1902 4554 1993 4593 au—
2015 4559 2068 4618 D

424 4629 535 4676 tem
573 4622 727 4691 juxta
773 4620 1082 4691 allegoriam
1112 4622 1292 4691 plures
1342 4624 1760 4694 signiﬁcationes
1807 4628 1988 4685 habet.

422 4710 721 4780 Aliquando
789 4709 1054 4780 signiﬁcat
1116 4710 1401 4766 Dominum
1459 4712 1834 4781 Salvatorem,
1892 4719 1992 4773 ali—

424 4806 637 4873 quando
664 4812 879 4859 sauctos
908 4802 1045 4873 ejus,
1068 4802 1354 4872 aliquando
1382 4804 1662 4860 scientiam
1685 4817 1992 4864 sanctarum

427 4894 844 4963 Scripturarum,
875 4894 1161 4965 aliquando
1186 4895 1529 4961 charitatem,
1571 4896 1858 4966 aliquando
1886 4901 1993 4954 vir-

425 4996 596 5041 tutum
636 4986 919 5057 fulgorem,
947 4986 1231 5056 aliquando
1270 4987 1681 5057 prosperitatem
1724 4997 1993 5059 tempora-

426 5082 551 5145 lem,
576 5080 861 5149 aliquando
887 5080 1028 5133 diem
1048 5078 1256 5147 judicii,
1283 5079 1569 5148 aliquando
1596 5089 1851 5135 aeternam
1874 5081 1993 5136 bea-

428 5174 726 5228 titudinem.
749 5172 873 5225 Dies
891 5178 1066 5224 autem
1094 5170 1373 5225 Dominum
1397 5169 1663 5239 signiﬁcat
1681 5171 1735 5225 in
1759 5172 1848 5227 illa
1874 5189 1991 5229 sen-

430 5266 595 5319 tentia
620 5262 934 5332 Evangelii:
967 5261 1068 5326 Qui
1110 5260 1338 5313 ambulat
1382 5264 1436 5315 in
1479 5261 1582 5326 die,
1630 5281 1731 5318 non
1772 5266 1989 5334 o/fendit

427 5357 606 5427 (Joan.
636 5354 739 5426 si);
766 5355 887 5423 quia
916 5352 1158 5421 quisquis
1198 5351 1494 5405 doctrinam
1522 5354 1763 5422 sequitur
1805 5354 1990 5410 Salva-

428 5450 580 5512 toris,
605 5455 947 5517 peccatorum
979 5444 1294 5500 offendicula
1323 5458 1427 5497 non
1459 5444 1684 5498 timebit.
1718 5445 1847 5500 Item
1876 5448 1991 5503 dies

428 5542 708 5595 Dominum
759 5538 940 5593 Jcsum
993 5536 1262 5591 Christum
1300 5534 1595 5603 signiﬁcat,
1639 5544 1696 5588 ut
1746 5544 1827 5590 est
1862 5537 1990 5592 illud

428 5631 619 5685 Psalmi
655 5650 666 5683 :
708 5629 835 5683 Haec
876 5639 949 5683 est
984 5628 1112 5691 dies,
1157 5644 1310 5699 quant
1360 5628 1479 5697 fecit
1522 5626 1777 5681 Dominus
1820 5626 1988 5695 (Psal.

428 5725 613 5789 cxvu).
642 5723 772 5775 Item
801 5723 913 5777 dies
936 5722 1214 5789 Apostolos
1240 5730 1294 5774 et
1322 5729 1536 5774 sanctos
1566 5720 1658 5774 Dei
1691 5719 1993 5789 signiﬁcare

430 5814 483 5872 in
508 5813 596 5869 illo
624 5812 920 5868 Psalmistae
944 5826 1102 5866 versu
1129 5812 1442 5881 intelligitur
1464 5830 1477 5867 :
1503 5812 1625 5867 Dies
1656 5821 1854 5866 eructat
1886 5829 1994 5867 ver-

2015 1879 2062 1939 Β

2081 898 2279 953 didisse
2304 898 2665 968 cognoscitur.
2702 897 2833 951 ltem
2865 898 3008 952 diem
3036 896 3320 953 scientiam
3346 909 3661 957 sanctarum

2083 988 2482 1059 Scripturarum
2508 989 2560 1043 in
2590 989 2694 1043 hoc
2733 989 2959 1060 intelligi
2987 1004 3293 1059 possumus,
3322 992 3448 1061 quia
3480 993 3553 1049 ibi
3585 993 3665 1049 lu-

2082 1096 2205 1135 men
2243 1081 2463 1151 justitiaa
2488 1090 2542 1135 et
2583 1095 2723 1135 verae
2751 1080 3029 1150 sapientiae
3069 1081 3204 1136 bene
3238 1082 3666 1153 intelligentibus

2082 1171 2243 1226 lucet.
2283 1170 2435 1226 Unde
2460 1170 2748 1240 Apostolus
2775 1170 3049 1235 admonet,
3073 1178 3135 1225 ut
3164 1170 3356 1226 intenti
3389 1172 3559 1228 simus
3595 1172 3669 1229 ad

2085 1264 2446 1320 meditandam
2474 1264 2643 1334 legem
2681 1262 2801 1328 Dei,
2846 1263 3006 1318 donec
3047 1264 3158 1318 dies
3186 1264 3471 1330 illucescat,
3509 1274 3558 1318 et
3588 1264 3672 1319 lu-

2086 1354 2215 1423 cifer
2258 1355 2312 1408 in
2341 1354 2578 1408 cordibus
2626 1354 2813 1407 nostris
2859 1354 3061 1407 oriatur
3105 1354 3190 1424 (II
3230 1354 3373 1409 Petr.
3400 1354 3461 1425 ι).
3498 1353 3667 1425 Quod

2088 1454 2265 1500 autem
2316 1445 2405 1499 lux
2455 1444 2645 1499 diurna
2703 1445 3028 1500 charitatem
3089 1445 3385 1527 signiﬁcet,
3422 1424 3671 1502 ostendit

2087 1534 2319 1591 Joannes
2346 1536 2400 1589 in
2446 1534 2683 1604 Epistola
2722 1550 2818 1590 sua
2849 1536 3067 1590 dicens:
3104 1536 3207 1601 Qui
3248 1535 3415 1606 diligit
3448 1535 3669 1603 fratrem

2088 1644 2274 1692 suum,
2318 1626 2371 1679 in
2415 1624 2611 1678 lumine
2654 1634 2831 1679 manet
2880 1624 2929 1695 (Ι
2967 1626 3125 1679 Joan.
3160 1624 3244 1697 tt).
3284 1625 3417 1681 ltem
3459 1633 3514 1681 et
3552 1627 3672 1683 dies

2090 1715 2435 1785 Evangelium
2460 1716 2793 1770 demonstrat
2819 1735 2831 1769 :
2861 1726 2920 1771 ut
2947 1726 3030 1772 est
3057 1717 3185 1772 illud
3208 1718 3262 1772 in
3287 1717 3509 1773 Cantico
3539 1733 3673 1773 can-

2091 1808 2321 1863 ticorum
2347 1825 2360 1860 :
2390 1806 2567 1861 Donec
2616 1809 2805 1877 aspiret
2850 1808 2958 1861 dies
2987 1818 3035 1861 et
3090 1817 3428 1863 amoveantur
3472 1809 3672 1863 umbra:

2091 1896 2265 1969 (Cant.
2293 1898 2375 1967 ιι).
2402 1898 2534 1953 Item
2567 1899 2681 1953 dies
2708 1907 2818 1952 vxta
2856 1913 3115 1968 praesens,
3148 1906 3207 1953 ut
3233 1906 3315 1953 est
3338 1898 3467 1953 illud
3492 1900 3674 1953 Evan-

2090 1990 2212 2058 gelii
2239 2004 2253 2042 :
2282 1988 2364 2042 Me
2408 1997 2604 2058 oportet
2639 1988 2845 2058 operari
2890 2004 3045 2057 opera
3094 1989 3208 2058 ejus
3249 1988 3339 2058 qui
3384 1988 3521 2041 misit
3566 2003 3671 2055 me,

2090 2080 2251 2134 donec
2280 2080 2389 2134 dies
2438 2089 2512 2134 est
2557 2077 2861 2148 (Joan.tx).
2902 2077 3137 2133 Rursum
3181 2077 3297 2132 dies
3334 2076 3513 2132 futura
3562 2078 3673 2132 vita

2086 2171 2267 2241 justis,
2295 2180 2354 2225 ut
2395 2170 2447 2223 in
2476 2170 2654 2226 lsaia:
2688 2168 2810 2223 Non
2850 2179 2924 2223 est
2954 2168 3046 2222 tibi
3088 2168 3311 2238 amplius
3353 2168 3433 2223 sol
3476 2169 3545 2223 ad
3589 2168 3676 2222 lu-

2093 2260 2311 2314 cendum
2338 2276 2430 2329 per
2464 2260 2599 2312 diem
2630 2258 2763 2328 (Isa.
2788 2259 2897 2325 1.x).
2937 2258 3061 2313 Dies
3087 2267 3142 2313 et
3169 2274 3273 2313 nox
3297 2259 3428 2329 justi
3457 2268 3510 2314 et
3544 2275 3675 2330 pec-

2093 2358 2319 2415 catores,
2342 2348 2549 2416 justitia
2574 2358 2627 2405 et
2649 2349 2902 2418 iniquitas
2932 2350 2985 2403 in
3008 2348 3265 2419 Apostolo
3289 2368 3303 2403 :
3340 2349 3464 2405 Non
3489 2368 3673 2407 sumus

2095 2442 2255 2496 noctis
2283 2457 2444 2511 neque
2491 2441 2838 2495 tenebrarum.
2874 2440 3061 2495 Omnes
3102 2443 3240 2497 enim
3280 2459 3366 2497 vos
3395 2443 3495 2512 ﬁlii
3539 2443 3673 2499 lucis

2094 2532 2213 2586 estis
2239 2540 2286 2585 et
2325 2531 2426 2599 ﬁlii
2468 2530 2562 2584 Dei
2593 2530 2644 2603 (Ι
2678 2530 2855 2586 Thess.
2877 2531 2955 2602 v).
2984 2530 3109 2588 Dies
3129 2541 3185 2588 et
3212 2549 3319 2589 nox
3345 2518 3676 2605 prosperitas

2096 2631 2177 2677 est
2222 2632 2275 2677 et
2325 2623 2643 2688 adversitas,
2684 2631 2745 2678 ut
2791 2624 2847 2678 in
2894 2625 3141 2693 psalmo:
3173 2626 3240 2681 In
3280 2628 3364 2681 die
3405 2628 3675 2683 mandavit

2095 2713 2351 2767 Dominus
2406 2714 2818 2769 misericordiam
2887 2732 3037 2770 suam
3088 2725 3135 2772 et
3193 2727 3339 2772 nocte
3390 2718 3675 2774 declaravit

2096 2802 2266 2875 (Psal.
2291 2804 2423 2877 xu).
2452 2805 2583 2860 Item
2608 2806 2679 2861 ibi
2706 2821 2720 2859 :
2746 2806 2888 2863 Deus
2933 2824 3099 2875 meus,
3127 2809 3363 2865 clamabo
3400 2828 3493 2882 per
3514 2814 3673 2879 diem,

2097 2912 2187 2949 nec
2227 2896 2510 2963 exaudies;
2538 2906 2585 2951 et
2624 2906 2789 2963 nocte,
2823 2908 2873 2952 et
2914 2915 3016 2954 non
3056 2901 3126 2954 ad
3167 2902 3519 2972 insipientiam
3546 2906 3676 2959 mihi

2096 2984 2427 3059 (Psal.xx1).
2469 2986 2604 3042 Nam
2648 2990 2907 3044 virtutum
2940 2990 3201 3063 fulgorem
3243 3002 3299 3050 et
3337 2994 3677 3052 honestatem

2094 3079 2520 3133 conversationis
2547 3079 2701 3134 bonae
2729 3080 2845 3135 dies
2876 3082 3145 3150 signiﬁcat
3168 3084 3223 3139 in
3260 3085 3350 3141 illa
3379 3085 3530 3141 Pauli
3559 3102 3680 3143 sen-

2096 3170 2283 3233 tentia,
2310 3170 2404 3225 ubi
2431 3170 2506 3225 ait
2531 3188 2544 3223 :
2570 3170 2892 3241 Abjiciamus
2919 3188 3040 3244 ergo
3067 3190 3223 3245 opera
3248 3177 3598 3244 tenebrarum,
3626 3189 3678 3233 et

2094 3260 2379 3315 induamur
2403 3276 2551 3315 arma
2598 3260 2749 3328 lucis,
2796 3263 2931 3316 sicut
2983 3264 3038 3317 in
3066 3264 3151 3318 die
3192 3265 3402 3321 honeste
3443 3268 3678 3323 ambule-

2094 3369 2208 3406 mus
2239 3351 2411 3422 (Rom.
2434 3352 2585 3424 xm);
2614 3354 2740 3423 quia
2768 3354 2812 3407 si
2837 3354 3169 3423 ignorantias
3194 3365 3410 3412 nostras
3435 3358 3678 3415 scientiae

2095 3443 2234 3497 ratio
2261 3444 2430 3513 fugat,
2473 3451 2527 3497 et
2556 3442 2803 3513 indignos
2845 3452 2998 3500 actus
3034 3446 3363 3504 declinantes
3393 3450 3481 3519 pia
3524 3465 3675 3521 qua-

2095 3534 2198 3599 qhe
2225 3537 2279 3585 et
2326 3530 2552 3585 honesta
2600 3539 2889 3597 sectemur,
2917 3532 2973 3586 in
3006 3532 3128 3589 luce
3173 3549 3359 3591 sumus
3404 3538 3590 3606 positi,
3619 3544 3681 3596 et

2094 3620 2247 3691 quasi
2288 3621 2345 3674 in
2382 3620 2469 3681 die
2516 3621 2741 3676 honeste
2788 3623 3144 3680 ambulamus.
3173 3624 3232 3679 In
3261 3640 3327 3681 eo
3355 3641 3504 3698 ergo,
3533 3630 3678 3698 quod

2095 3711 2355 3781 scriptum
2384 3718 2508 3765 est:
2540 3708 2609 3764 In
2650 3711 2735 3765 die
2776 3712 3044 3768 mandavit
3071 3713 3328 3770 Dominus
3372 3718 3678 3772 misericor-

2095 3800 2237 3854 diam
2280 3816 2464 3867 suam,
2508 3809 2557 3855 et
2589 3810 2735 3855 nocte
2779 3802 3063 3859 declaravit
3108 3801 3279 3876 (Psal.
3336 3805 3482 3880 xu);
3527 3808 3670 3865 diem

2095 3895 2264 3949 otium
2306 3894 2560 3949 debemus
2604 3893 2872 3964 accipere,
2908 3895 2965 3950 in
3003 3909 3111 3966 quo
3148 3895 3359 3952 Domini
3404 3908 3677 3969 praecepta

2095 3982 2393 4037 discuntur.
2426 3980 2560 4035 Nam
2589 3981 2673 4036 lex
2702 3981 2818 4051 ejus
2844 3984 2898 4037 in
2923 3984 3099 4053 spatio
3125 3986 3531 4055 tranquillitatis
3558 3988 3677 4044 ehi.

2094 4077 2256 4132 bitur.
2272 4077 2423 4131 Tunc
2442 4076 2587 4132 enim
2606 4085 2763 4132 vacat
2782 4077 3009 4145 discere,
3033 4078 3247 4148 quando
3268 4095 3373 4135 non
3396 4090 3501 4148 est,
3528 4082 3673 4152 quod

2096 4168 2288 4223 debeat
2326 4167 2604 4237 impedire.
2639 4167 2929 4237 Sequitur:
2958 4168 3028 4222 Et
3073 4178 3219 4225 nocte
3256 4171 3583 4227 declaravit:
3612 4174 3675 4228 il-

2096 4260 2186 4314 lud
2214 4259 2419 4329 utique,
2471 4261 2613 4328 quod
2655 4260 2852 4314 dicitur
2898 4261 2953 4315 in
2998 4268 3175 4329 nocte,
3222 4263 3277 4318 in
3324 4263 3671 4325 tribulatione

2097 4348 2423 4413 declaratur,
2458 4350 2609 4418 prius
2652 4350 2796 4404 enim
2840 4350 3015 4405 otioso
3051 4360 3291 4422 tempore
3322 4352 3458 4424 legis
3505 4355 3672 4411 verba

2096 4439 2375 4493 discuntur
2411 4455 2423 4491 :
2455 4439 2549 4492 sed
2595 4453 2783 4493 eorum
2830 4437 3039 4495 fructus
3086 4440 3140 4495 in
3174 4440 3465 4497 alllictione
3510 4461 3671 4500 mou-

2097 4536 2317 4592 stratur.
2345 4528 2498 4595 Quod
2525 4534 2706 4582 autem
2747 4528 2854 4583 diei
2884 4529 3203 4584 vocabulum
3242 4540 3451 4602 tempus
3478 4532 3672 4602 judicii

2097 4620 2394 4691 signiﬁcet,
2438 4619 2674 4674 ostendit
2732 4617 2821 4673 illa
2884 4620 3149 4675 sententia
3209 4620 3517 4693 Evangelii,
3568 4639 3675 4694 qua

2095 4712 2329 4767 dicitur:
2374 4710 2495 4764 Dies
2526 4710 2756 4774 Domini,
2797 4710 2931 4763 sicut
2980 4710 3068 4778 fur
3110 4712 3166 4764 in
3210 4721 3372 4776 nocte,
3420 4714 3498 4768 ita
3537 4717 3672 4770 venit

2096 4803 2149 4876 (I
2182 4802 2358 4857 Thess.
2385 4801 2469 4873 v);
2502 4810 2556 4857 et
2584 4800 2713 4855 illud
2745 4799 3022 4869 Apostoli:
3056 4799 3198 4865 Dies,
3234 4801 3431 4871 inquit,
3458 4802 3674 4861 Domini

2093 4892 2375 4947 declarabit
2426 4890 2477 4963 (I
2504 4889 2625 4944 Car.
2660 4888 2763 4961 ut).
2813 4889 2965 4944 Diem
3011 4897 3193 4945 autem
3238 4904 3339 4960 pro
3368 4894 3673 4951 aatemitate

2096 4986 2331 5056 positum
2380 4981 2614 5037 ostendit
2644 4981 2950 5051 Propheta,
2993 4982 3063 5037 ad
3105 4981 3394 5038 Dominum
3438 4984 3668 5044 dicens:

2101 5078 2237 5142 Quia
2276 5073 2457 5129 melior
2483 5082 2558 5127 est
2596 5072 2705 5127 dies
2734 5089 2840 5127 una
2880 5074 2937 5128 in
2964 5074 3114 5127 atriis
3159 5074 3262 5127 tuis
3306 5089 3463 5142 super
3504 5076 3672 5130 millia

2100 5168 2268 5242 (Psal.
2292 5166 2549 5237 Lxxxm);
2584 5166 2655 5218 ita
2692 5173 2818 5219 sunt
2847 5165 2984 5218 atria
3015 5163 3246 5229 Domini,
3274 5163 3329 5218 in
3358 5164 3553 5235 quibus
3581 5181 3671 5220 su-

2097 5261 2277 5332 perius
2316 5258 2629 5325 concupisse
2670 5270 2727 5310 se
2773 5263 2829 5309 et
2869 5253 3135 5310 defecisse
3182 5262 3409 5312 testatus
3457 5264 3561 5312 est.
3611 5256 3670 5312 ln

2097 5352 2291 5421 quibus
2344 5364 2447 5403 una
2491 5348 2605 5402 dies
2651 5346 2795 5415 juste
2845 5344 3179 5401 desideratur
3224 5364 3235 5399 :
3281 5346 3407 5415 quia
3456 5360 3672 5416 semper

2096 5451 2314 5504 aeterna,
2345 5452 2463 5507 quae
2488 5435 2616 5491 solis
2650 5435 2881 5489 adventu
2919 5448 3027 5489 non
3061 5434 3252 5500 oritur,
3278 5448 3379 5490 nec
3402 5433 3519 5504 ejus
3547 5434 3670 5489 ﬁni-

2099 5544 2187 5590 tur
2228 5547 2456 5596 occasu,
2493 5545 2654 5600 quam
2701 5543 2808 5583 non
2839 5530 3081 5598 sequitur
3106 5529 3361 5595 crastina,
3394 5540 3495 5585 nec
3522 5543 3668 5601 pne-

2096 5632 2237 5688 cedit
2281 5631 2531 5685 hesterna
2572 5643 2585 5679 :
2634 5626 2726 5680 sed
2767 5624 3116 5679 immutabilis
3160 5638 3415 5690 manens,
3453 5631 3678 5679 constat

2095 5723 2299 5776 unitate
2332 5724 2606 5788 perpetua.
2656 5713 2822 5784 Super
2862 5714 3031 5768 millia
3079 5716 3335 5769 mundum
3383 5714 3549 5769 istum
3595 5713 3677 5767 si-

2097 5814 2333 5885 gniﬁcat,
2358 5810 2450 5865 ubi
2474 5808 2637 5864 millia
2659 5808 2868 5863 dierum
2889 5806 3154 5865 sustinent
3174 5807 3357 5864 ﬁnem.
3382 5807 3508 5863 Dies
3529 5821 3675 5866 unus
