3930 6334
196 336 291 395 289

1175 341 1261 397 DE
1301 337 1649 397 UNIVERSO
1683 337 1863 395 LIBRI
1898 338 2065 395 XXII.
2104 368 2173 379 —
2201 337 2327 395 LIB.
2366 340 2438 397 Χ.

3331 338 3438 397 290

192 454 322 512 mille
350 454 487 522 anni,
516 462 583 511 ut
613 456 668 512 in
709 454 916 527 psalmo
946 475 960 511 :
993 456 1266 524 Quomodo
1301 456 1441 511 mille
1472 458 1595 509 anni
1636 464 1756 509 ante
1782 455 1831 514 Α
1858 469 1958 506 non
1984 452 2156 507 volens
2179 451 2317 506 Deus
2344 454 2667 523 iniquitatem
2695 462 2752 507 tu
2782 469 2836 508 es
2859 450 3035 525 (Psal.
3058 452 3135 525 v).
3154 452 3212 508 In
3246 453 3330 509 die
3352 452 3439 521 ju—

192 546 353 603 oculos
380 556 493 601 tuos
539 555 792 618 tanquam
830 547 940 602 dies
985 564 1093 601 una
1139 546 1578 618 (Psal.rxxxrx).
1628 545 1753 599 Dies

190 635 284 690 duo
305 636 463 691 Vetus
489 645 546 690 et
581 636 789 692 Novum
817 637 1221 693 Testamentum
1256 638 1575 707 quibusdam
1621 637 1754 705 ﬁgu-

190 740 301 780 rare
322 724 590 793 videntur,
614 735 675 781 ut
702 727 758 782 in
785 726 1029 798 psalmo:
1057 726 1198 782 Bene
1234 728 1475 781 nuntiare
1502 726 1565 780 de
1592 727 1676 779 die
1698 726 1753 779 in

184 814 314 871 diem
345 813 595 870 salutare
621 818 735 889 ejus
764 815 935 889 (Psal.
961 817 1103 885 xcv).
1136 818 1260 874 Dies
1290 819 1523 889 cognitio
1570 816 1751 871 Trini—

188 907 320 972 tatis,
348 914 407 960 ut
446 906 503 962 in
541 908 765 966 Exodo:
796 909 998 964 Ibimus
1035 910 1174 966 uiam
1221 912 1379 965 trium
1424 911 1661 975 dierum,
1705 918 1752 964 et

184 998 522 1067 sacrificemus
554 999 778 1055 Domino
808 999 920 1055 Deo
950 986 1124 1056 no'stro
1156 1002 1352 1073 (Exod.
1388 1000 1575 1070 xxxv).
1618 1000 1753 1055 Item

186 1087 291 1144 dies
325 1097 432 1144 tres
463 1089 737 1159 passionis
777 1090 1064 1160 sepulturae
1092 1099 1149 1146 et
1182 1092 1596 1148 resurrectionis
1635 1089 1753 1146 Sal-

181 1178 372 1235 vatoris
396 1187 586 1251 typum
629 1180 921 1248 continent,
948 1177 1008 1235 ut
1033 1181 1089 1235 in
1112 1180 1251 1238 Osee
1278 1199 1292 1236 :
1338 1180 1631 1251 Viviﬁcabit
1658 1196 1751 1235 nos

187 1269 425 1326 Dominus
465 1279 586 1342 post
626 1271 757 1327 duos
784 1272 912 1337 dies,
942 1273 1026 1327 die
1066 1273 1218 1327 tertio
1249 1273 1515 1327 suscitabit
1563 1288 1675 1336 nos,
1702 1279 1752 1325 et

180 1360 391 1416 vivemus
417 1359 569 1433 (Ose.
588 1359 687 1433 γι).
716 1363 840 1418 Dies
868 1370 1073 1429 sextus,
1105 1378 1344 1433 praesens
1379 1362 1631 1426 mundus,
1662 1360 1753 1430 qui

182 1452 231 1506 in
256 1452 335 1507 his
363 1466 458 1508 sex
500 1451 697 1508 diebus
725 1450 902 1508 iactus
928 1451 1259 1521 perhibetur.
1285 1452 1439 1509 Unde
1481 1450 1599 1506 dies
1635 1465 1749 1515 sex,

178 1556 265 1598 sex
292 1541 521 1597 millium
548 1555 815 1597 annorum
846 1541 1073 1613 ﬁguram
1100 1542 1301 1597 habere
1341 1542 1615 1606 dicuntur,
1648 1541 1755 1597 sic—

178 1643 234 1690 ut
258 1642 337 1689 est
369 1633 503 1688 illud
548 1632 606 1688 in
650 1632 908 1704 Apostolo
945 1649 958 1687 :
994 1630 1258 1699 Quoniam
1287 1631 1397 1687 dies
1446 1648 1580 1686 unus
1612 1629 1753 1701 apud

176 1723 450 1780 Dominum
471 1723 612 1778 sicut
638 1721 779 1777 mille
801 1723 946 1789 anni,
967 1731 1016 1777 et
1039 1721 1179 1777 mitte
1204 1721 1330 1776 anni
1353 1721 1487 1776 sicut
1513 1721 1621 1775 dies
1648 1735 1753 1775 una

1857 542 1979 597 dicii
2028 542 2244 612 quando
2292 552 2577 611 resurgunt
2635 559 2821 599 omnes
2869 545 3117 599 homines
3165 560 3195 598 a
3248 559 3439 614 sopore

1855 633 2068 699 mortis,
2098 641 2225 688 tunc
2266 634 2544 703 apparebit
2592 636 2820 703 iniquitas
2844 635 3030 705 judicii
3080 636 3194 701 Dei,
3226 634 3442 705 quando

1854 724 2145 792 unicuique
2208 721 2402 777 reddet:
2447 726 2741 778 secundum
2791 740 2957 795 opera
3020 741 3136 779 sua.
3192 725 3443 781 Meridies

1855 814 2026 881 dicta,
2055 814 2223 884 .quasi
2269 814 2539 880 medidies,
2582 816 2684 870 hoc
2726 824 2839 881 est,
2887 816 3097 871 medius
3147 817 3260 872 dies
3298 835 3309 871 :
3356 816 3442 870 vel

1854 904 1982 973 quia
2022 912 2148 959 tunc
2177 904 2364 975 purior
2399 904 2514 959 dies
2542 913 2644 959 est.
2692 905 2895 960 Merum
2934 907 3080 961 enim
3121 921 3316 976 purum
3362 908 3441 961 die

1855 993 2013 1046 citur.
2043 991 2329 1064 Signiﬁcat
2370 1002 2549 1049 autem
2588 995 2804 1065 planam
2834 997 3135 1053 doctrinam
3166 1013 3288 1053 cum
3334 997 3441 1052 cla-

1855 1083 2015 1139 ritate
2042 1086 2307 1140 bonorum
2336 1096 2582 1151 actuum,
2614 1095 2671 1142 ut
2702 1098 2785 1143 est
2813 1089 2939 1142 illud
2971 1091 3026 1145 in
3059 1089 3283 1146 Cantico
3312 1105 3444 1145 can-

1858 1175 2106 1241 ticorum,
2150 1177 2242 1232 ubi
2287 1193 2485 1247 sponsa
2513 1178 2643 1234 dicit
2671 1180 2737 1234 ad
2767 1195 3021 1249 sponsum
3048 1196 3061 1233 :
3091 1180 3278 1235 Indica
3316 1181 3441 1236 mihi

1854 1265 1943 1318 ubi
1990 1283 2193 1335 pascas,
2238 1267 2328 1321 ubi
2373 1268 2525 1322 cubes
2558 1269 2612 1321 in
2654 1269 2868 1321 meridie
2924 1268 3101 1340 (Cant.
3132 1271 3191 1341 1).
3221 1271 3290 1325 Et
3318 1270 3444 1326 alibi

1854 1356 2106 1412 meridies
2158 1359 2213 1412 in
2266 1360 2597 1415 contrariam
2656 1361 2905 1429 ponitur,
2956 1368 3017 1413 ut
3070 1368 3153 1414 est
3202 1361 3329 1415 illud
3389 1362 3444 1417 in

1853 1447 2062 1518 psalmo
2089 1468 2102 1503 :
2129 1451 2173 1503 Α
2200 1450 2353 1504 ruina
2394 1459 2442 1504 et
2471 1452 2729 1505 daemonio
2769 1451 3059 1505 meridiano
3110 1448 3283 1523 (Psal.
3331 1450 3443 1523 xc).

1846 1539 2189 1601 ,Dtemonium
2219 1540 2577 1594 meridianum
2606 1549 2689 1594 est
2717 1541 2952 1596 immane
2990 1540 3290 1610 periculum
3334 1539 3446 1594 fer-

1854 1643 1985 1685 vore
2026 1629 2418 1699 persecutionis
2465 1644 2775 1695 accensum,
2804 1629 2894 1684 ubi
2943 1631 3098 1685 ruina
3125 1630 3446 1701 plerumque

1856 1721 2145 1786 metuitur,
2208 1721 2424 1791 quando
2488 1721 2778 1777 inﬁrmitas
2840 1722 3074 1776 humana
3136 1733 3442 1792 superatur.

178 1814 259 1887 (II
288 1814 433 1871 Petr.
468 1815 582 1888 ιιι).
626 1813 902 1885 Septimus
943 1829 1074 1871 vero
1108 1814 1241 1879 dies,
1272 1814 1363 1884 qui
1405 1813 1461 1868 in
1509 1812 1750 1883 requiem
1780 1806 1827 1866 B
1854 1812 1989 1869 Item
2028 1831 2061 1868 a
2090 1814 2349 1869 diemomo
2377 1815 2668 1869 meridiano
2702 1814 2964 1883 accipitur
2992 1829 3090 1884 pro
3134 1812 3447 1881 manifesto,

176 1908 266 1965 Dei
307 1906 681 1964 sanctiﬁcatus
721 1906 999 1972 scribitur,
1042 1906 1285 1975 requiem
1323 1902 1594 1977 signiﬁcat
1632 1916 1753 1958 om-

176 2001 315 2057 nium
340 2006 664 2055 sanctorum
686 2006 811 2069 post
832 2012 1122 2054 excursum
1151 1990 1275 2052 vitae
1302 1995 1601 2066 praesentis.
1630 1994 1757 2049 Dies

178 2096 374 2161 septem
391 2104 558 2145 omne
587 2096 800 2161 tempus
818 2096 873 2145 et
898 2103 1034 2160 opus
1052 2089 1180 2144 vitae
1204 2088 1509 2159 praesentis,
1536 2087 1679 2157 quod
1704 2086 1759 2141 in

180 2183 258 2237 bis
284 2190 493 2253 septem
521 2181 715 2237 diebus
741 2180 997 2246 volvitur,
1036 2181 1421 2250 continentque
1450 2195 1760 2235 sacramen-

176 2283 301 2336 tum,
327 2272 383 2326 in
426 2270 631 2341 quibus
669 2271 979 2343 praecipitur
1002 2273 1205 2344 pascha
1234 2272 1520 2337 celebrari,
1560 2272 1615 2327 id
1652 2280 1757 2335 est,

175 2364 236 2420 de
268 2363 549 2434 peioribus
607 2362 679 2417 ad
724 2361 949 2419 meliora
993 2378 1093 2434 per
1148 2364 1578 2419 emendationem
1636 2362 1761 2417 vitae

174 2456 417 2521 transire,
446 2464 504 2509 et
533 2454 898 2519 fermentum,
934 2454 1077 2523 quod
1107 2463 1192 2509 est
1218 2454 1493 2524 corruptio
1528 2455 1756 2524 peccati,

172 2564 272 2604 non
301 2547 618 2612 comedere,
651 2546 745 2602 sed
771 2546 827 2601 in
853 2546 1059 2617 azymis
1083 2546 1413 2603 sinceritatis
1437 2554 1492 2601 et
1516 2546 1762 2602 veritatis

175 2638 445 2694 ambulare
490 2636 548 2708 (Ι
574 2634 697 2692 Cor.
721 2636 799 2707 v).
844 2637 968 2693 Dies
994 2646 1188 2693 octava
1214 2638 1629 2694 resurrectionis
1658 2639 1764 2693 Do-

173 2728 375 2784 rninicze
414 2726 635 2783 obtinet
664 2734 1077 2799 sacramentum.
1121 2726 1255 2781 Item
1304 2727 1419 2782 dies
1446 2737 1636 2782 octava
1678 2726 1763 2782 fu-

175 2826 341 2872 turam
368 2816 623 2872 omnium
662 2817 1117 2872 resurrectionem
1160 2824 1213 2872 et
1251 2817 1392 2872 diem
1418 2816 1629 2887 iudicii,
1668 2833 1762 2873 cu-

166 2907 249 2979 jus
275 2908 543 2979 mysterio
592 2914 744 2963 sexta
770 2906 962 2977 psalmi
994 2906 1226 2962 titulatio
1257 2907 1632 2978 praesignatur,
1660 2908 1763 2963 hoc

172 3007 267 3065 est,
300 2997 409 3053 Pro
438 3008 649 3053 octava.
691 2995 860 3053 Hodie
898 2997 1172 3053 azternitas
1220 2997 1518 3053 divinitatis
1563 2997 1761 3052 intelli-

172 3089 325 3160 gitur,
354 3104 458 3145 nec
486 3088 649 3144 initio
679 3096 875 3158 coepta,
904 3103 1007 3144 nec
1032 3087 1139 3142 ﬁne
1166 3087 1483 3143 claudenda.
1522 3087 1675 3143 Unde
1707 3088 1764 3142 in

172 3176 368 3247 psalmo
394 3178 567 3232 Pater
593 3176 662 3230 ad
688 3176 884 3231 Filium
909 3176 1149 3247 loquitur
1174 3177 1395 3232 dicens:
1427 3176 1595 3231 Filius
1617 3193 1762 3232 meus

172 3283 221 3322 es
258 3275 332 3333 tu,
363 3284 457 3338 ego
494 3266 658 3321 hodie
703 3269 857 3338 genui
884 3276 932 3322 te
967 3266 1139 3338 (Psal.
1170 3268 1255 3339 ιι).
1286 3267 1443 3338 Apud
1477 3268 1763 3322 Dominum

173 3361 307 3415 enim
332 3374 434 3415 nec
463 3360 594 3415 heri
626 3374 727 3416 nec
748 3374 890 3426 cras,
917 3360 1011 3415 sed
1041 3374 1253 3430 semper
1274 3367 1359 3415 est
1380 3360 1558 3415 hodie.
1592 3359 1764 3414 Hodie

173 3462 321 3505 omne
346 3463 601 3519 praesens
634 3456 843 3519 tempus
881 3448 1168 3519 signiﬁcat,
1199 3458 1257 3503 ut
1284 3450 1337 3503 in
1368 3450 1576 3521 psalmo
1606 3468 1617 3502 :
1650 3448 1763 3502 Ho—

173 3541 249 3594 die
274 3542 318 3594 si
352 3556 535 3596 vocem
574 3539 692 3609 ejus
720 3540 989 3593 audieritis
1023 3537 1196 3611 (Psal.
1226 3539 1397 3609 xcxv);
1433 3539 1577 3594 velut
1609 3540 1654 3593 si
1683 3538 1763 3593 di-

175 3640 349 3687 catur:
373 3630 722 3700 Quoeunque
746 3632 802 3685 in
824 3639 1083 3700 tempore.
1108 3630 1241 3685 Cras
1262 3630 1503 3686 futurum
1529 3639 1759 3700 tempus,

171 3731 225 3777 ut
264 3724 319 3778 in
357 3722 667 3796 Evangelio
708 3720 931 3776 :Nolite
974 3724 1202 3791 cogitare
1242 3722 1305 3777 de
1349 3724 1597 3788 crastino,
1639 3724 1764 3793 quid

173 3817 488 3871 manducetis
519 3825 622 3870 aut
648 3815 775 3887 quid
814 3815 999 3869 bibatis
1035 3815 1247 3887 (Matth.
1274 3816 1371 3887 vr).
1399 3815 1532 3871 Item
1562 3816 1634 3872 ibi
1660 3836 1670 3870 :
1706 3815 1765 3870 Si

171 3907 297 3959 enim
327 3907 535 3975 fenum,
573 3906 633 3961 id
660 3913 761 3968 est,
790 3913 1123 3974 peccatores,
1164 3905 1302 3975 quod
1342 3905 1495 3959 hodie
1538 3906 1593 3958 in
1636 3921 1762 3974 agro

171 4006 257 4059 est,
298 4006 344 4050 et
384 4014 505 4051 cras
537 3999 599 4050 in
644 3995 923 4061 clibanum,
967 3996 1070 4052 hoc
1099 4004 1185 4051 est
1228 3997 1283 4050 in
1332 3996 1763 4051 combustionem

170 4097 480 4158 perpetuam
506 4088 763 4153 mittitur,
794 4087 932 4141 Deus
971 4088 1045 4140 sic
1069 4088 1246 4151 vestit;
1267 4096 1321 4140 et
1350 4085 1478 4140 alibi
1504 4103 1517 4139 :
1545 4102 1606 4139 ne
1630 4085 1764 4153 forte

172 4179 334 4231 dicant
383 4178 489 4247 ﬁlii
539 4172 702 4233 uestri
747 4176 873 4245 ﬁliis
916 4178 1107 4232 nostris
1149 4190 1307 4232 cras:
1348 4174 1470 4230 Non
1505 4185 1579 4231 est
1623 4176 1762 4232 vobis

172 4286 283 4339 pars
307 4272 360 4328 in
386 4269 605 4328 Israete
633 4268 772 4342 (los.
798 4272 953 4343 χχιι).

804 4381 1033 4439 CAPUT
1071 4383 1137 4438 V.

709 4453 788 4509 De
822 4452 1057 4524 partibus
1098 4452 1222 4506 diei.

232 4552 418 4609 Partes
452 4546 571 4606 diei
606 4553 721 4603 tres
748 4554 911 4602 sunt:
948 4560 1125 4612 mane,
1173 4544 1445 4611 meridies,
1486 4558 1758 4615 suprema.
1785 4530 1839 4593 1)

172 4644 335 4711 Mane,
362 4644 456 4699 lux
484 4647 713 4697 matura
757 4646 813 4693 et
840 4637 1020 4707 plena,
1050 4651 1151 4692 nec
1190 4634 1300 4705 jam
1336 4636 1712 4705 crepusculum
1743 4655 1756 4691 :

171 4747 223 4794 et
245 4738 443 4794 dictum
474 4746 650 4790 mane
686 4746 719 4785 a
750 4745 932 4785 manu.
961 4728 1120 4784 Manu
1148 4730 1291 4783 enim
1322 4729 1530 4799 antiqui
1559 4730 1761 4784 bonum

170 4830 430 4886 dixerunt.
461 4825 620 4896 Quid
664 4822 808 4880 enim
843 4822 1036 4877 melius
1070 4822 1221 4877 luce?
1260 4822 1413 4878 Mane
1458 4829 1637 4877 autem
1684 4821 1760 4877 si-

172 4922 378 4992 gniﬁcat
425 4931 655 4989 tempus
688 4915 1116 4988 regenerationis
1162 4916 1217 4969 in
1268 4917 1607 4985 baptismate,
1653 4930 1761 4986 quo

173 5013 348 5082 incipit
388 5013 561 5069 homo
588 5004 716 5065 esse
761 5008 902 5063 ﬁlius
931 5006 1096 5072 lucis;
1140 5006 1225 5061 vel
1271 5006 1451 5061 lumen
1491 5008 1759 5061 bonorum

174 5116 395 5168 actuum,
428 5104 521 5159 vel
563 5112 783 5171 tempus
812 5098 1245 5155 resurrectionis.
1276 5097 1428 5153 Unde
1462 5106 1546 5152 est
1586 5097 1754 5151 illud:

173 5194 420 5262 Quoniam
436 5196 509 5249 ad
539 5204 596 5248 te
628 5191 810 5259 orabo,
844 5191 1083 5256 Domine,
1106 5206 1277 5255 mane,
1308 5198 1355 5243 et
1386 5191 1635 5244 exaudiet:
1673 5206 1760 5244 vo-

172 5302 269 5339 cem
302 5304 471 5340 meam
500 5282 687 5357 (Psal.
716 5280 789 5352 v).
833 5280 1075 5337 Ecclesia
1102 5280 1267 5346 enim,
1312 5295 1432 5350 quae
1478 5296 1536 5336 se
1563 5296 1761 5352 cogno-

171 5374 265 5430 scit
310 5376 573 5431 habuisse
633 5373 886 5427 tenebras
944 5380 1326 5440 peccatorum,
1373 5381 1427 5425 et
1481 5373 1544 5427 de
1601 5382 1761 5428 nocte

172 5466 341 5520 mundi
390 5468 557 5522 istius
611 5471 962 5533 congregata,
1010 5471 1135 5517 tunc
1179 5479 1237 5518 se
1276 5463 1465 5518 merito
1513 5464 1762 5518 exaudiri

172 5556 349 5623 credit,
376 5570 505 5610 cum
552 5556 613 5609 in
667 5554 844 5609 lucem
871 5567 1010 5607 verae
1054 5554 1468 5610 resurrectionis
1505 5554 1757 5622 erumpit.

171 5644 391 5716 Tempus
422 5655 617 5701 autem
650 5644 1067 5699 resurrectionis
1093 5644 1380 5714 signiﬁcat,
1414 5654 1471 5698 ut
1498 5653 1582 5698 est
1606 5643 1756 5709 illud,

168 5736 300 5807 quod
330 5737 583 5811 sequitur
610 5750 627 5789 :
659 5733 821 5789 Mane
858 5735 1037 5790 astabo
1073 5735 1183 5803 tibi,
1215 5744 1260 5789 et
1302 5734 1478 5791 videbo
1514 5735 1761 5805 quoniam

1863 1921 1971 1961 non
1995 1905 2227 1960 occulto.
2254 1904 2517 1975 Suprema
2538 1913 2623 1960 est
2641 1913 2913 1976 postrema
2934 1919 3060 1974 pars
3080 1904 3208 1969 diei,
3234 1902 3449 1973 quando

1864 1998 1945 2053 sol
1982 2014 2200 2053 cursum
2244 2014 2400 2053 suum
2447 1999 2503 2053 in
2536 2013 2789 2054 occasum
2839 1999 3032 2064 vertit,
3084 1998 3251 2062 dicta,
3302 1995 3449 2066 quod

1866 2098 2112 2160 superest
2141 2091 2207 2146 ad
2235 2100 2445 2161 partem
2476 2090 2720 2146 ultimam
2769 2090 2898 2157 diei,
2929 2090 3072 2161 quod
3100 2089 3336 2145 declinat
3382 2089 3450 2145 ad

1864 2196 2171 2251 vesperum.
2202 2180 2438 2252 Vespera
2469 2197 2597 2254 ergo
2624 2183 2709 2237 vel
2740 2182 2902 2238 ﬁnem
2925 2190 3047 2237 Vitae
3083 2182 3335 2237 humanae
3363 2180 3450 2236 vel

1865 2270 2045 2326 saeculi
2071 2272 2359 2326 terminum
2382 2272 2461 2327 vel
2490 2272 2866 2341 paenitentiam
2890 2272 3129 2327 futuram
3156 2270 3446 2343 signiﬁcat.

1864 2362 2001 2415 Nam
2023 2363 2164 2431 quod
2193 2377 2420 2432 vespera
2449 2362 2717 2432 signiﬁcet
2742 2362 3049 2418 accubitum
3080 2361 3274 2417 mortis
3299 2359 3451 2416 Chri-

1865 2453 1957 2519 sti,
1988 2452 2119 2508 illud
2156 2452 2443 2509 Psalmista
2481 2452 2758 2508 declarat:
2792 2454 2871 2507 Ad
2916 2469 3181 2523 vesperum
3209 2453 3451 2507 demora-

1866 2547 2003 2599 bitur
2052 2548 2225 2616 ﬂetus,
2265 2554 2312 2600 et
2354 2545 2424 2599 ad
2470 2534 2783 2600 matutinum
2827 2545 3013 2601 laetitia
3058 2543 3229 2617 (Psat.
3274 2542 3448 2617 XXIX).

1866 2636 2048 2691 Fletus
2087 2637 2397 2692 demoratus
2425 2644 2508 2690 est
2552 2652 2776 2705 vespere
2814 2637 3029 2706 quando
3071 2635 3317 2691 Christus
3346 2635 3452 2690 Do-

1867 2728 2047 2783 minus
2095 2736 2283 2784 noster
2328 2737 2639 2798 peremptus
2667 2739 2788 2784 est:
2828 2738 2955 2785 tunc
2999 2730 3143 2784 enim
3189 2744 3314 2784 vere
3361 2729 3454 2783 de-

1864 2827 2221 2899 moratusest
2246 2818 2425 2887 ﬂetus,
2453 2822 2578 2876 dum
2615 2837 2713 2891 per
2742 2822 2981 2877 triduum
3016 2821 3253 2876 ﬁdelium
3295 2820 3453 2877 turba

1866 2910 2194 2983 congemuit,
2231 2920 2287 2967 et
2330 2913 2515 2967 mundi
2560 2928 2657 2983 per
2702 2914 2871 2983 ipsius
2904 2914 3209 2970 accubitum
3257 2921 3449 2969 natura

1868 3017 2129 3059 concussa
2159 3010 2262 3057 est.
2308 3002 2367 3057 In
2403 3005 2668 3058 matutino
2704 3020 2920 3074 quoque
2953 3012 3074 3060 orta
3118 3014 3202 3060 est
3241 3004 3451 3071 laetitia,

1868 3096 2082 3164 quando
2112 3103 2353 3166 tempore
2378 3095 2641 3150 matutino
2670 3096 2993 3151 resurrectio
3023 3095 3254 3162 Domini,
3282 3096 3456 3151 Evan-

1865 3185 2005 3255 gelio
2048 3192 2303 3252 testante,
2344 3186 2558 3257 vulgata
2607 3194 2720 3253 est,
2766 3196 2821 3241 et
2868 3187 3118 3257 discipuli
3166 3187 3453 3257 praesentia

1868 3275 2079 3329 Domini
2108 3277 2190 3331 sui
2220 3261 2687 3332 immortalitatem
2716 3292 2943 3332 cernere
2982 3286 3313 3333 meruerunt.
3358 3276 3455 3333 Ve-

1864 3382 2009 3435 spere
2035 3381 2164 3437 ergo
2198 3367 2359 3421 ﬁnem
2402 3369 2588 3422 mundi
2620 3368 2906 3439 signiﬁcat,
2932 3369 3147 3437 quando
3168 3366 3282 3436 jam
3310 3376 3447 3422 tem-

1864 3472 1964 3526 pus
1992 3459 2250 3527 operandi
2280 3459 2490 3513 ﬁnitum
2522 3470 2622 3515 est.
2664 3460 2817 3515 Unde
2858 3461 3093 3515 dicitur:
3136 3459 3285 3515 Venit
3324 3478 3448 3529 nox,

1864 3547 2072 3617 quando
2109 3549 2226 3619 jam
2258 3551 2447 3605 nemini
2494 3551 2609 3605 licet
2656 3553 2861 3621 aperari
2909 3550 3087 3622 (Joan.
3132 3553 3229 3622 ix).
3273 3552 3454 3608 Poeni-

1866 3637 2091 3691 tentiam
2111 3636 2349 3692 futuram
2370 3640 2657 3710 signiﬁcat,
2682 3642 2772 3697 ubi
2793 3649 3103 3712 peccatores
3123 3642 3180 3695 in
3205 3642 3455 3697 tenebras

1865 3728 2166 3784 exteriores
2194 3727 2510 3799 projiciendi
2558 3732 2954 3787 describuntur.
2996 3731 3122 3787 Hice
3172 3732 3274 3787 tria
3311 3742 3452 3786 tem-

1867 3833 1998 3888 pora
2027 3818 2083 3872 in
2109 3834 2216 3873 uno
2251 3834 2409 3874 versu
2438 3820 2723 3876 Psalmista
2768 3824 3194 3891 comprehendit,
3226 3822 3410 3879 dicens
3435 3840 3449 3879 :

1876 3907 2113 3979 Vespere,
2144 3927 2296 3964 mane
2324 3920 2370 3965 et
2415 3912 2631 3965 meridie
2661 3914 2887 3967 narrabo
2918 3924 2966 3968 et
3012 3914 3359 3979 annuntiabo,
3403 3922 3451 3968 et

1865 4000 2107 4053 exaudiet
2134 4015 2306 4053 vocem
2345 4016 2511 4053 meam
2551 3998 2723 4071 (Psat.
2748 4002 2879 4074 LIV).
2911 4002 3038 4058 Haec
3063 4004 3227 4059 verba
3255 4018 3453 4074 magna

1866 4092 2023 4147 nobis
2084 4090 2436 4145 Sacramenta
2502 4093 2837 4149 denuntiant.
2908 4095 3128 4163 Vespere
3187 4094 3455 4167 signiﬁcat

1868 4190 2081 4248 tempus
2126 4180 2454 4245 traditionis,
2500 4184 2715 4251 quando
2763 4200 2886 4239 eum
2926 4183 3091 4241 Judas
3136 4186 3454 4242 cohortibus

1865 4270 2107 4326 noscitur
2139 4271 2441 4341 prodidisse
2479 4288 2538 4329 se
2562 4276 2953 4344 quaerentibus.
3000 4276 3181 4345 Mane,
3221 4294 3345 4333 cum
3385 4280 3454 4335 ad

1862 4361 2115 4417 Pontium
2142 4360 2374 4417 Pilatum
2422 4364 2713 4434 productus
2744 4374 2827 4422 est
2857 4367 3171 4423 audiendus.
3205 4368 3451 4436 Meridie,

1863 4457 1988 4528 quia
2018 4457 2155 4513 hora
2184 4467 2357 4524 sexta,
2390 4466 2448 4513 ut
2477 4459 2818 4529 Evangelista
2850 4460 3010 4529 dicit,
3042 4462 3098 4515 in
3142 4476 3303 4518 cruce
3334 4477 3452 4519 sus—

1864 4565 2061 4622 pensus
2102 4557 2203 4605 est.
2255 4550 2501 4605 Narrabo
2531 4592 2544 4617 ,
2588 4554 2818 4621 pertinet
2860 4554 2927 4608 ad
2976 4568 3277 4623 vesperam,
3320 4555 3448 4624 quia

1866 4652 1995 4698 tunc
2022 4642 2201 4697 omnia
2246 4641 2427 4699 locuta
2455 4657 2575 4699 esse
2606 4653 2839 4710 constat,
2882 4660 2999 4714 qua:
3028 4643 3194 4701 ludas
3224 4648 3446 4716 nequis-

1867 4734 2037 4788 simus
2082 4731 2262 4787 facere
2312 4734 2648 4804 disponebat.
2678 4735 3014 4788 Annuntiabo
3054 4736 3127 4811 ad
3158 4752 3316 4792 mane
3362 4754 3449 4793 re-

1866 4824 2097 4895 spondit,
2126 4824 2363 4893 quando,
2385 4824 2593 4879 dicente
2607 4822 2800 4890 Pilato,
2828 4823 2904 4878 Tu
2925 4842 2977 4879 es
3000 4841 3089 4879 rex
3114 4824 3448 4893 Judworum,

1868 4918 2245 4973 annuntiavit:
2280 4917 2349 4971 In
2390 4918 2487 4970 hoc
2528 4926 2680 4972 natus
2711 4934 2845 4982 sum,
2888 4925 2942 4971 et
2983 4926 3197 4983 caetera,
3226 4935 3347 4989 qua“:
3376 4921 3451 4977 ibi

1866 5010 2115 5065 dicuntur
2140 5025 2171 5063 a
2214 5009 2461 5064 Domino.
2490 5008 2675 5064 Junxit
2699 5009 2884 5073 etiam,
2914 5020 2961 5063 et
2990 5010 3234 5064 exaudiet
3274 5028 3449 5066 vocem

1866 5116 2051 5154 meam.
2077 5099 2158 5154 Ad
2191 5099 2470 5155 meridiem
2498 5100 2751 5169 pertinet,
2776 5099 2993 5168 quando
3021 5099 3075 5153 in
3105 5115 3266 5155 cruce
3289 5101 3445 5167 dixit,

1867 5191 2295 5247 Consummatum
2324 5201 2420 5256 est,
2446 5198 2501 5245 et
2530 5191 2709 5246 emisit
2748 5190 3013 5260 spiritum.
3065 5191 3197 5245 Item
3242 5207 3448 5261 vespere

1867 5282 2168 5353 passionem
2200 5282 2482 5352 signiﬁcat,
2511 5301 2663 5337 mane
2701 5284 3169 5349 resurrectionem,
3205 5284 3445 5342 meridies

1869 5372 2237 5429 ascensionem
2262 5374 2375 5443 ejus
2402 5374 2455 5429 in
2484 5376 2695 5429 etelum.

2476 5487 2700 5544 CAPUT
2738 5488 2822 5543 VI.

2516 5559 2591 5613 De
2624 5571 2785 5615 nocte.

1936 5649 2049 5705 Nox
2100 5650 2263 5716 dicta,
2307 5651 2447 5720 quod
2497 5659 2688 5705 noceat
2739 5652 3042 5721 aspectibus
3075 5653 3160 5706 vel
3209 5654 3438 5722 negotiis

1867 5741 2151 5799 humanis:
2183 5745 2295 5800 sive
2321 5744 2463 5815 quod
2487 5744 2542 5799 in
2570 5759 2631 5799 ea
2668 5744 2813 5801 fures
2840 5745 3184 5818 latronesque
3208 5748 3439 5807 nocendi
