3930 6340
354 323 499 382 ‹291

1044 314 1108 371 Β.
1146 315 1400 372 RABANI
1439 315 1660 372 MAURI
1697 313 2017 369 ARCHIEP.
2061 312 2370 370 MOGUNT.
2415 310 2702 370 OPERUM
2738 311 2920 367 PARS
2957 312 3021 367 ll.

3576 306 3689 364 292

386 434 509 492 aliis
541 430 886 489 occasionem
922 428 1326 484 nanciscantur.
1360 425 1455 480 Est
1482 432 1661 479 autem
1698 439 1803 479 nox
1853 424 1982 479 solis
2011 429 2057 489 Α
2087 439 2263 476 coram
2293 438 2375 484 eo,
2404 429 2452 474 et
2482 436 2587 475 non
2608 436 2725 474 sum
2752 421 2990 489 deceptus
3023 417 3195 490 (Psal.
3221 416 3395 487 mu).
3427 416 3487 472 In
3518 418 3688 473 noctis

387 523 634 582 absentia
668 529 940 578 terrarum
984 520 1175 575 umbra
1210 516 1448 581 condita,
1488 517 1658 571 donec
1688 516 1756 570 ab
1785 530 1984 570 occasu

2088 511 2306 565 nomine
2337 509 2520 563 mundi
2551 508 2707 563 istius
2753 506 3022 578 signiﬁcat
3049 508 3236 573 vitam,
3280 521 3399 576 quae
3434 506 3686 575 quamvis

387 618 575 676 redeat
601 617 671 672 ad
692 622 941 671 exortum
963 631 974 666 :
993 611 1150 682 juxta
1171 608 1316 680 quod
1336 616 1588 664 naturam
1612 606 1729 678 ejus
1749 613 1804 663 et
1827 613 1986 679 poeta
2088 600 2265 657 lucem
2298 601 2500 655 habere
2527 599 2794 663 videatur,
2829 606 3173 668 peccatorum
3220 606 3403 653 tamen
3435 598 3684 653 obscuri-

389 708 704 775 describens
736 704 935 771 innuit,
967 701 1250 772 inquiens,

1355 808 1555 860 Oceano
1578 818 1672 856 nox

529 876 792 931 Involvens
816 876 987 927 umbra
1007 885 1184 936 magna
1208 879 1489 933 terramque
1513 868 1801 933 polumque.

390 983 459 1043 Et
499 983 755 1039 Salomon
786 960 977 1034 sacris
1006 976 1207 1031 litteris
1256 972 1525 1044 expressit
1565 990 1578 1026 :
1615 970 1719 1038 Qui
1756 970 1993 1041 pascitur

392 1078 531 1133 inter
558 1075 694 1141 lilia,
731 1072 895 1128 donec
945 1070 1139 1141 aspiret
1183 1068 1292 1122 dies
1342 1075 1389 1121 et
1431 1064 1746 1120 inclinentur
1793 1061 1993 1115 umbra:

395 1166 573 1241 (Cant.
598 1166 709 1238 vi);
737 1162 973 1236 eleganti
997 1160 1182 1232 utique
1206 1174 1367 1215 sensu
1397 1155 1765 1213 decessionem
1792 1153 1991 1220 noctis,

396 1256 803 1313 inclinationem
849 1252 1126 1324 appellans
1177 1251 1511 1306 umbrarum.
1558 1245 1693 1301 Nam
1738 1244 1997 1316 quoniam

394 1364 495 1423 pro
523 1346 925 1405 conditionibus
954 1344 1252 1415 plagarum,
1294 1340 1491 1411 quibus
1520 1338 1649 1394 solis
1676 1354 1871 1393 cursus
1916 1337 1998 1390 in-

397 1438 661 1507 tenditur,
707 1446 764 1493 et
806 1435 1149 1507 splendorem
1180 1431 1297 1501 ejus
1342 1447 1373 1486 a
1408 1430 1564 1487 nobis
1610 1429 1841 1504 objectio
1887 1436 1999 1483 ter-

398 1548 545 1590 rena:
589 1530 749 1589 molis
814 1528 1083 1593 excludit,
1131 1524 1459 1581 inumbratio
1500 1522 1611 1590 illa,
1663 1538 1783 1593 quae
1823 1519 2000 1576 noctis

400 1631 595 1679 natura
620 1630 726 1689 est,
755 1621 831 1676 ita
862 1619 1112 1692 erigitur,
1145 1626 1204 1672 ut
1240 1617 1308 1671 ad
1338 1616 1515 1671 sidera
1545 1629 1717 1686 usque
1749 1612 2002 1667 videatur

398 1713 615 1771 extendi
642 1732 654 1767 :
684 1713 880 1768 merito
911 1709 1187 1766 contraria
1217 1706 1612 1772 vicissitudine,
1645 1705 1699 1759 id
1731 1712 1835 1769 est,
1863 1702 2003 1758 lucis

2089 700 2200 748 tate
2230 691 2437 747 fuscata
2470 698 2571 745 est.
2600 690 2733 746 item
2768 705 2865 759 per
2891 698 3093 744 noctem
3121 690 3449 762 signiﬁcavit
3485 688 3689 747 inferni

2088 782 2408 844 claustrum,
2450 795 2574 835 cum
2622 779 2797 835 dicit:
2832 778 3083 833 Forsitan
3133 781 3356 835 tenebrce
3407 780 3692 836 conculca—

2092 874 2218 928 bunt
2266 891 2378 940 me,
2422 884 2471 929 et
2520 891 2623 929 nox
2672 873 2991 929 illuminatio
3047 891 3161 929 mea
3209 876 3267 929 in
3310 876 3511 931 deliciis
3560 876 3692 932 meis

2094 962 2576 1035 (Psal.cxxxvut).
2622 964 2903 1033 Quomodo
2948 978 3078 1037 ergo
3122 973 3335 1037 poterat
3375 982 3406 1022 a
3449 968 3690 1024 tenebris

2094 1055 2425 1119 conculcari,
2452 1056 2538 1109 cui
2574 1064 2695 1110 erat
2723 1070 2830 1111 nox
2862 1055 3187 1113 illuminatio
3216 1058 3270 1113 in
3300 1058 3511 1115 deliciis
3542 1059 3690 1116 suis?

2095 1146 2333 1200 ostendit
2355 1147 2501 1201 enim
2528 1156 2657 1202 tunc
2687 1145 2886 1202 inferni
2912 1147 3215 1204 claustrum
3253 1165 3445 1206 revera
3492 1148 3695 1205 illumi-

2096 1242 2307 1302 natum,
2346 1238 2561 1306 quando
2605 1246 2931 1307 potestatem
2973 1237 3172 1293 diaboli
3202 1240 3477 1305 contrivit,
3513 1248 3569 1295 et
3604 1240 3702 1297 ho-

2098 1329 2299 1384 minem
2342 1345 2438 1385 sua
2466 1330 2813 1385 miseratione
2840 1330 3115 1386 liberavit.
3144 1330 3258 1387 Nox
3290 1333 3398 1386 vita
3432 1345 3699 1403 praesens,

2098 1428 2159 1474 ut
2206 1421 2261 1475 in
2309 1421 2516 1491 psalmo
2553 1438 2565 1473 :
2600 1419 2669 1474 In
2700 1420 2937 1474 noctibus
2984 1420 3216 1475 extollite
3263 1438 3453 1475 manus
3502 1431 3703 1476 vestras

2099 1512 2153 1566 in
2186 1521 2369 1567 sancta
2399 1510 2572 1582 (Psal.
2598 1510 2851 1582 cxxxut).
2883 1511 3017 1567 Item
3065 1512 3179 1567 ibi:
3208 1510 3377 1565 Nocte
3405 1528 3586 1565 coram
3615 1526 3702 1577 eo,

2102 1612 2149 1658 et
2172 1619 2276 1657 non
2316 1619 2432 1657 sum
2463 1604 2709 1672 deceptus
2750 1602 2923 1674 (Psal.
2950 1600 3125 1673 Lvut).
3156 1600 3274 1657 Nox
3322 1600 3564 1656 futurum
3593 1616 3701 1657 sm—

2104 1693 2286 1748 culum
2327 1693 2391 1749 de
2421 1693 2801 1763 peccatoribus
2847 1692 3138 1763 signiﬁcat,
3179 1702 3236 1746 ut
3273 1693 3327 1746 in
3364 1690 3703 1761 Evangelia:

397 1814 595 1863 exortu
622 1804 849 1859 umbras
898 1800 1180 1865 inclinari,
1221 1807 1434 1854 noctem
1483 1795 1735 1852 videlicet
1769 1794 2003 1866 deprimi
2032 1796 2081 1862 B
2115 1782 2297 1839 νεηίει
2338 1800 2463 1851 ηοω,
2506 1784 2716 1855 quando
2754 1800 2901 1837 ηειηο
2947 1793 3112 1855 Ροῑεδε
3150 1784 3357 1853 operari
3391 1781 3574 1854 (Ιοαηο
3603 1782 3706 1857 ιιι).

396 1900 637 1973 pellique
666 1897 919 1973 signavit.
948 1895 1124 1963 Quam
1151 1894 1404 1950 videlicet
1431 1892 1679 1948 umbram
1708 1892 1887 1947 noctis
1933 1890 2003 1945 ad

400 1992 545 2048 aeris
589 2004 761 2061 usque
807 1997 862 2044 et
890 1988 1109 2043 aetheris
1152 1986 1448 2043 confinium
1479 1984 1785 2056 philosophi
1815 1984 2004 2039 dicunt

403 2082 657 2149 exaltari,
698 2090 753 2137 et
798 2079 1123 2136 acuminatis
1170 2079 1341 2133 instar
1382 2077 1727 2153 pyramidum
1764 2075 2003 2130 tenebris

403 2173 622 2238 lunam,
671 2185 791 2241 quae
840 2170 1026 2224 inﬁma
1076 2169 1419 2237 planetarum
1470 2166 1671 2233 currit,
1714 2165 2005 2236 aliquando

404 2263 645 2335 contingi
678 2271 842 2332 atque
889 2260 1194 2326 obscurari,
1229 2259 1543 2328 nullumque
1569 2258 1713 2312 aliud
1747 2257 1896 2312 sidus
1927 2266 2006 2311 ta-

402 2354 529 2411 liter
552 2354 798 2425 eclipsin,
829 2354 934 2408 hoc
964 2362 1070 2418 cst,
1104 2351 1373 2407 defectum
1404 2352 1485 2406 sui
1515 2350 1735 2406 luminis
1773 2351 1904 2423 pati,
1940 2364 2006 2406 eo

405 2446 552 2518 quod
582 2446 727 2501 circa
759 2444 895 2500 lines
933 2444 1143 2500 telluris
1186 2444 1316 2499 solis
1346 2443 1599 2514 splendor
1637 2443 1823 2513 utique
1852 2441 2009 2497 δισυ-

405 2552 498 2593 sus
532 2552 597 2593 ea
627 2536 819 2601 libere,
852 2552 973 2605 qua:
1013 2536 1189 2590 telluri
1221 2535 1409 2605 procul
1456 2536 1690 2601 absunt,
1738 2536 2003 2605 aspiciat:

404 2630 635 2702 ideoque
659 2631 879 2687 aetheris
902 2634 1021 2701 qtue
1045 2630 1186 2684 ultra
1210 2629 1395 2685 lunam
1418 2638 1555 2685 sunt'
1571 2631 1769 2701 spatia,
1796 2631 2007 2685 diurna:

404 2721 544 2779 lucis
572 2723 731 2795 plena
761 2738 975 2792 semper
1004 2719 1217 2785 efﬁciat,
1252 2721 1336 2776 vel
1376 2737 1474 2776 suo
1519 2721 1788 2788 videlicet,
1821 2722 1905 2775 vel
1936 2721 2010 2776 si-

406 2813 600 2871 derum
656 2814 865 2868 radiata
919 2812 1148 2884 fulgore.
1197 2811 1293 2866 Est
1350 2819 1531 2867 autem
1588 2812 1761 2866 noctis
1815 2811 2009 2865 umbra

407 2906 725 2964 mortalibus
751 2907 818 2960 ad
844 2904 1087 2977 requiem
1115 2903 1359 2974 corporis
1381 2906 1527 2968 data,
1557 2916 1623 2957 ne
1645 2901 1826 2973 operis
1848 2900 2007 2956 avida

404 2997 723 3056 continuato
749 2996 935 3051 labore
960 2994 1218 3049 deﬁceret
1242 3007 1304 3047 ae
1331 2993 1534 3063 periret
1565 2992 1878 3047 humanitas
1903 3006 1916 3045 :
1954 2999 2009 3046 et

408 3097 471 3147 ut
517 3086 887 3143 animantibus
932 3084 1279 3154 quibusdam,
1310 3097 1429 3152 quae
1478 3083 1655 3137 lucem
1702 3080 1831 3136 solis
1865 3080 2008 3135 ferre

2107 1878 2224 1935 Nox
2260 1888 2346 1934 est
2374 1880 2482 1934 vita
2516 1886 2895 1948 peccatorum,
2938 1883 2996 1930 ut
3037 1876 3092 1931 in
3125 1875 3382 1946 Apostolo
3411 1894 3424 1929 :
3452 1874 3556 1942 Qui
3585 1876 3713 1929 dor-

2104 1970 2294 2035 miunt,
2338 1979 2487 2023 nocte
2524 1969 2825 2034 dormiunt;
2862 1978 2911 2022 et
2946 1970 3035 2040 qui
3065 1967 3195 2022 ebrii
3228 1977 3368 2032 sunt,
3403 1978 3551 2022 nocte
3580 1968 3714 2023 ebrii

2108 2061 2162 2133 (Ι
2190 2061 2371 2115 Thess.
2401 2059 2474 2132 v).
2507 2058 2624 2115 Nox
2660 2059 2876 2114 caecitas
2904 2059 3108 2125 cordis,
3136 2060 3221 2114 vel
3252 2074 3394 2113 vana
3420 2057 3712 2123 securitas,

2107 2161 2192 2208 est
2220 2151 2359 2206 sicut
2398 2150 2453 2204 in
2496 2148 2597 2205 Job
2628 2164 2726 2220 pro
2764 2149 2929 2219 impio
2958 2148 3156 2204 dicitur
3194 2163 3209 2201 :
3242 2148 3412 2202 Nocte
3455 2148 3715 2218 opprimet

2107 2257 2226 2295 eum
2263 2249 2539 2311 tempestas
2578 2238 2723 2311 (Job.
2750 2239 2943 2310 xxvu).
2973 2238 3039 2292 Et
3065 2238 3123 2293 in
3152 2239 3445 2308 Evangelio
3471 2256 3484 2293 :
3517 2238 3713 2305 Stulte,

2108 2335 2206 2389 hac
2253 2342 2403 2388 nocte
2435 2342 2661 2405 repetent
2708 2333 2940 2386 animam
2983 2342 3128 2385 tuam
3176 2350 3209 2385 a
3252 2341 3332 2397 te,
3382 2348 3500 2403 qua:
3540 2341 3719 2385 autent

2110 2423 2332 2495 parasti,
2364 2422 2516 2493 cujus
2546 2423 2741 2476 erunt?
2771 2422 2925 2493 (Luc.
2951 2422 3075 2493 xu.)
3111 2420 3225 2476 Nox
3264 2420 3445 2476 futura
3490 2420 3721 2475 tribula-

2111 2514 2207 2579 tio,
2234 2522 2294 2567 ut
2325 2514 2379 2567 in
2406 2512 2698 2583 Evangelio
2723 2531 2734 2565 :
2767 2511 2835 2566 In
2861 2511 2953 2565 illa
2981 2522 3129 2566 nocte
3157 2512 3263 2565 duo
3288 2520 3440 2565 erunt
3465 2513 3522 2566 in
3550 2525 3722 2582 agro;

2112 2621 2249 2661 unus
2284 2594 2602 2669 assunietur,
2630 2609 2683 2657 et
2707 2617 2847 2657 unus
2879 2600 3200 2671 relinquetur
3226 2600 3380 2673 (Luc.
3410 2601 3569 2672 xvu).
3595 2598 3721 2657 Nox

2114 2694 2392 2749 tribulatio
2435 2694 2559 2748 vitae
2602 2692 2887 2762 praesentis
2916 2692 2970 2745 in
3008 2700 3271 2760 tempore,
3300 2699 3360 2745 ut
3390 2691 3446 2745 in
3478 2690 3725 2760 Evange-

2113 2783 2224 2839 lio:
2258 2783 2389 2849 Quis
2430 2794 2660 2838 vestrum
2698 2782 2905 2836 habebit
2952 2770 3197 2846 amicam,
3248 2792 3297 2835 et
3343 2782 3434 2835 ibit
3466 2782 3536 2835 ad
3567 2780 3725 2836 illum

2116 2876 2289 2929 media
2337 2886 2503 2941 nocte,
2552 2875 2679 2928 dicit
2718 2873 2799 2927 illi
2834 2888 2853 2925 :
2882 2873 3081 2940 Amice,
3130 2872 3402 2927 cammoda
3442 2874 3570 2928 milii
3615 2883 3725 2931 tres

2114 2984 2276 3039 panes
2302 2966 2455 3038 (Luc.
2481 2967 2585 3038 xi),
2613 2968 2717 3021 hoc
2762 2973 2862 3029 est,
2894 2966 3177 3020 scientiam
3207 2965 3513 3020 Trinitatis.
3544 2964 3725 3021 Media

2116 3077 2223 3116 nox
2247 3061 2517 3118 occultum
2540 3060 2749 3115 Domini
2772 3057 3038 3127 judicium
3064 3057 3351 3129 signiﬁcat,
3378 3066 3437 3111 ut
3462 3058 3519 3115 in
3545 3058 3726 3113 Evan-

410 3188 720 3252 nequeunt,
768 3177 901 3249 ipsis
932 3140 1097 3232 etiam
1138 3140 1347 3241 bestiis:
1378 3189 1500 3245 quae
1537 3172 1886 3243 praesentiam
1915 3186 2008 3226 ve-
2036 3140 2081 3203 Ο
2112 3152 2252 3252 εειίρ
2283 3150 2515 3252 igniti?
2539 3161 2685 3252 ηοσξε
2708 3149 2934 3252 Χία-’ξιον
2969 3149 3141 3218 iam“
3173 3158 3247 3202 εει
3275 3163 3292 3200 -'
3316 3147 3461 3251 βεδε
3492 3164 3721 3252 εξοηειίξ

408 3282 597 3331 rentur
655 3270 951 3325 humanam
978 3308 993 3333 ,
1049 3266 1496 3336 discurrendique
1547 3266 1637 3321 ubi
1685 3280 1750 3320 ac
1803 3264 2008 3319 victum

406 3360 728 3434 quaeritandi
754 3359 908 3430 copia
935 3365 1333 3428 suppeterctur,
1355 3356 1509 3426 juxta
1535 3358 1678 3427 quod
1706 3357 1760 3411 in
1782 3354 1878 3411 Dei
1895 3355 2011 3409 lau-

409 3437 566 3511 dibus
624 3451 913 3507 Psalmista
967 3451 1219 3504 decantat
1262 3468 1275 3503 :
1331 3448 1426 3505 Sol
1479 3449 1717 3518 cognovit
1767 3462 2010 3501 occasum

406 3557 600 3601 suum:
628 3543 848 3613 posuisti
880 3542 1139 3607 tenebras,
1163 3550 1211 3594 et
1244 3541 1385 3611 facta
1412 3549 1488 3594 est
1519 3555 1642 3604 nox,
1674 3540 1729 3592 in
1757 3539 1872 3609 ipsa
1898 3552 2012 3608 per-

407 3635 707 3691 transibunt
747 3642 924 3687 omnes
974 3632 1149 3687 bestia:
1189 3632 1460 3697 silvarum,
1505 3639 1609 3686 etc.
1659 3627 1832 3701 (Psal.
1868 3626 2007 3697 cur).

407 3723 564 3781 Sicut
605 3723 751 3778 enim
784 3721 899 3776 dies
943 3721 1119 3777 lucem
1168 3721 1295 3777 ﬁdei
1345 3719 1649 3789 etjustitize
1695 3720 2011 3788 aequitatem

406 3822 463 3872 et
492 3828 754 3885 prospera
784 3821 945 3883 atque
971 3812 1148 3867 felicia
1177 3812 1231 3865 in
1263 3811 1560 3881 Scripturis
1592 3810 1821 3881 mystice
1848 3807 2013 3881 signi-

407 3905 560 3972 ﬁcat,
611 3907 689 3960 ita
727 3913 781 3961 et
828 3919 936 3960 nox
981 3903 1302 3973 injustitiam
1342 3912 1397 3959 et
1441 3903 1815 3958 inﬁdelitatem
1848 3911 2013 3973 atque

411 4000 641 4054 adversa
699 3978 926 4067 qumque
976 3996 1242 4067 designat.
1294 3994 1429 4050 Nam
1474 4010 1581 4051 nox
1639 3992 2013 4049 inﬁdelitatem

411 4088 681 4158 significat
728 4088 785 4142 in
816 4086 907 4142 illo
944 4085 1185 4156 Apostoli
1236 4086 1567 4151 testimonio,
1600 4100 1708 4153 quo
1737 4084 1851 4137 ait:
1888 4081 2013 4138 Non

408 4195 591 4233 sumus
620 4179 785 4232 noctis
816 4177 915 4245 ﬁlii
954 4194 1116 4247 neque
1146 4176 1475 4235 tenebrarum
1506 4174 1556 4245 (Ι
1590 4174 1772 4229 Thess.
1797 4174 1874 4246 v).
1906 4175 2017 4228 lni-

412 4272 589 4339 quitas
611 4278 793 4325 autem
812 4269 867 4323 in
890 4268 1064 4323 noctis
1086 4266 1481 4338 significatione
1497 4265 1825 4340 exprimitur
1844 4264 1899 4318 in
1924 4263 2016 4318 illa

410 4363 683 4417 sententia
714 4362 862 4417 beati
898 4359 998 4414 Job
1026 4379 1037 4412 :
1069 4358 1260 4412 Pereat
1290 4360 1428 4424 dies,
1469 4359 1523 4411 in
1555 4375 1661 4432 qua
1693 4366 1848 4420 natus
1875 4373 2014 4423 sum,

408 4463 456 4509 et
494 4469 597 4506 nox
626 4454 681 4505 in
715 4467 819 4522 qua
845 4450 1043 4503 dictum
1072 4457 1147 4502 est
1176 4462 1192 4497 :
1232 4447 1523 4517 Conceptus
1561 4456 1636 4501 est
1666 4448 1821 4501 homo
1866 4444 2011 4517 (Job.

411 4546 517 4615 ιιι).
548 4544 699 4599 Unde
746 4541 1033 4596 Psalmista
1061 4540 1115 4594 in
1165 4540 1544 4610 iniquitatibus
1586 4547 1907 4609 conceptum
1954 4553 2012 4593 se

408 4652 531 4694 esse
572 4642 627 4691 et
671 4634 726 4688 in
763 4632 977 4687 delictis
1008 4640 1194 4685 natum
1240 4639 1471 4684 testatur
1516 4628 1688 4700 (Psal.
1718 4630 1793 4699 ι).
1825 4628 2013 4689 Perire

410 4743 540 4799 ergo
577 4734 727 4796 Optat
754 4724 948 4778 beatus
975 4720 1075 4775 Job
1107 4736 1257 4791 spem
1302 4722 1369 4775 ab
1401 4728 1645 4789 apostata
1676 4720 1865 4790 angelo
1893 4720 2014 4774 illa-

411 4826 541 4880 tam,
590 4816 682 4885 qui
726 4815 868 4868 diem
916 4812 1177 4867 simulans
1206 4820 1260 4865 et
1302 4811 1661 4881 promissione
1707 4811 2009 4866 divinitatis

410 4910 655 4973 emicuit,
682 4907 776 4962 sed
802 4914 1016 4961 noctem
1048 4918 1105 4959 se
1132 4904 1395 4959 exhibens
1421 4904 1593 4959 luccm
1625 4903 1780 4958 nobis
1808 4911 2008 4958 nostra:

412 4998 841 5056 immortalitatis
890 4995 1218 5051 obscuravit.
1274 4994 1467 5049 Pereat
1516 4996 1769 5064 antiquus
1816 4994 2010 5060 hostis,

412 5093 507 5166 qui
553 5091 729 5147 lucem
764 5089 1142 5159 promissionis
1171 5086 1407 5141 ostendit
1442 5101 1456 5139 :
1486 5087 1580 5141 sed
1610 5086 1818 5155 peccati
1868 5095 2014 5141 tene-

415 5186 542 5241 bras
569 5183 813 5246 contulit,
843 5180 935 5251 qui
963 5180 1117 5250 quasi
1144 5180 1283 5234 diem
1315 5176 1738 5233 subblandiendo
1760 5177 2008 5241 innotuit,

418 5276 516 5331 sed
544 5290 715 5344 usque
746 5274 813 5327 ad
850 5271 1188 5328 tenebrosam
1218 5278 1431 5324 noctem
1460 5284 1527 5323 ex
1564 5268 1825 5337 impressa
1866 5283 2013 5323 com-

418 5368 597 5425 modis
654 5367 897 5423 czecitate
951 5363 1221 5433 perduxit.
1274 5363 1510 5416 Adversa
1559 5375 1686 5433 ergo
1736 5362 1790 5415 in
1836 5362 2015 5417 noctis

424 5462 640 5517 nomine
668 5459 1067 5529 exprimuntur,
1094 5456 1184 5511 ubi
1216 5454 1500 5511 Psalmista
1530 5472 1588 5511 se
1627 5456 1681 5509 in
1724 5465 1884 5511 nocte
1912 5456 2017 5511 cla-

425 5567 573 5607 mare
604 5559 852 5613 testatur,
902 5548 1005 5603 hoc
1049 5554 1152 5612 est,
1190 5547 1245 5601 in
1293 5546 1656 5613 tribulatione,
1699 5562 1801 5602 nec
1833 5556 2014 5603 tamen

426 5644 737 5697 cxauditum
766 5656 903 5696 csse.
945 5640 1077 5694 item
1105 5638 1390 5694 Psalmista
1427 5639 1595 5693 dicit:
1628 5638 1694 5693 In
1729 5641 1813 5693 die
1850 5640 2016 5693 tribu-

424 5739 634 5796 lationis
664 5754 791 5793 mete
822 5734 1105 5792 Dominum
1149 5733 1395 5803 exquisivi
1426 5733 1662 5787 manibus
1696 5735 1823 5789 meis
1872 5742 2017 5789 nocte

2044 4496 2095 4555 D

2114 3245 2249 3300 venit
2282 3238 2675 3316 (Matthyxxv).
2707 3241 2881 3296 Media
2909 3257 3015 3296 nox
3043 3255 3189 3295 mors
3219 3256 3282 3296 ex
3314 3240 3607 3311 improviso
3631 3242 3729 3297 ad-

2120 3336 2367 3401 veniens,
2403 3336 2544 3391 sicut
2572 3335 2625 3389 in
2654 3334 2754 3389 Job
2782 3334 2847 3389 de
2879 3334 3125 3404 reprobis
3150 3352 3161 3388 :
3191 3333 3260 3387 Et
3287 3336 3342 3389 in
3374 3336 3547 3393 media
3575 3346 3729 3393 nocte

2115 3428 2421 3497 auferentur
2469 3424 2613 3498 (Job.
2642 3424 2854 3495 xxxrv).
2908 3424 3090 3477 Prima
3140 3424 3345 3496 vigilia,
3392 3426 3569 3496 prima
3618 3426 3725 3482 bo-

2114 3520 2320 3574 minum
2363 3527 2514 3583 tetas,
2546 3518 2597 3571 id
2624 3525 2729 3582 est,
2776 3516 3001 3571 infantia
3032 3516 3146 3571 sive
3180 3518 3442 3585 pueritia;
3478 3519 3724 3574 secunda

2115 3609 2295 3680 vigilia
2340 3608 2705 3662 adolescentia
2744 3616 2798 3661 et
2830 3604 3120 3674 juventus;
3175 3607 3337 3661 tertia
3393 3607 3580 3678 vigilia
3628 3623 3721 3664 se-

2116 3714 2323 3770 nectus,
2358 3711 2418 3757 ut
2468 3704 2521 3757 in
2563 3700 2854 3772 Evangelia
2891 3719 2901 3754 :
2934 3700 3003 3754 Et
3030 3702 3075 3755 si
3114 3702 3171 3755 in
3220 3701 3375 3754 tertia
3413 3682 3592 3771 vigilia
3629 3718 3722 3759 ve-

2116 3797 2250 3850 nerit
2291 3804 2340 3850 et
2375 3796 2450 3849 ita
2486 3810 2571 3848 eos
2603 3794 2873 3856 invenerit,
2917 3791 3052 3846 beati
3099 3801 3219 3846 sunt
3259 3793 3393 3846 servi
3440 3792 3522 3845 illi
3558 3791 3717 3865 (Luc.

2116 3885 2257 3959 xu).

2738 3972 2969 4029 CAPUT
3000 3972 3107 4028 VII.

2515 4068 2594 4124 De
2623 4076 2817 4138 septem
2856 4066 3093 4137 partibus
3135 4067 3323 4121 noctis.

2188 4158 2374 4217 Noctis
2404 4167 2584 4214 autem
2622 4165 2807 4227 partes
2855 4164 3062 4226 septem
3112 4166 3278 4211 sunt:
3312 4157 3721 4227 crepusculum,

2119 4252 2491 4317 conticinium,
2542 4252 2946 4320 intempestum,
2980 4248 3331 4320 gallicinium,
3367 4253 3722 4320 matutinum,

2120 4343 2432 4398 diluculum.
2464 4341 2857 4411 Crepusculum
2884 4350 2969 4393 est
2998 4340 3159 4393 dubia
3204 4340 3314 4394 lux.
3346 4340 3495 4396 'Nam
3526 4358 3722 4414 crepe-

2120 4448 2241 4488 rum
2278 4434 2499 4489 dubium
2536 4433 2789 4495 dicimus,
2832 4430 2934 4486 hoc
2982 4442 3094 4496 est,
3138 4432 3281 4487 inter
3326 4432 3502 4488 lucem
3551 4444 3607 4490 et
3642 4444 3726 4491 te-

2120 4525 2335 4579 nebras.
2371 4524 2673 4593 Vesperum
2701 4538 2731 4575 a
2759 4521 2915 4576 stella
2941 4522 3266 4577 occidentali
3290 4533 3567 4591 vocatum,
3602 4541 3725 4596 qua

2122 4614 2289 4669 solem
2318 4615 2601 4670 occiduum
2625 4615 2889 4683 sequitur,
2909 4624 2964 4669 et
2986 4617 3239 4671 tenebras
3263 4629 3555 4689 sequentes
3582 4634 3724 4690 pra-

2123 4706 2286 4761 cedit.
2324 4706 2399 4760 De
2428 4721 2533 4774 qua
2566 4706 2823 4775 Virgilius
2849 4723 2862 4759 :

2248 4799 2376 4849 Ante
2400 4800 2534 4848 diem
2554 4799 2717 4849 clauso
2737 4803 2999 4861 componet
3016 4813 3197 4864 vesper
3219 4801 3446 4865 Olympo.

2122 4902 2485 4958 Conticinium
2530 4912 2635 4968 est,
2666 4904 2881 4974 quando
2911 4920 3100 4959 omnes
3128 4904 3306 4960 silent.
3337 4904 3727 4969 Conticesoero

2117 4997 2264 5050 enim
2289 4995 2448 5051 silere
2478 5005 2579 5049 est.
2624 4996 3011 5065 intempestum
3067 5005 3149 5051 est
3198 4997 3435 5051 medium
3467 5007 3523 5053 et
3571 5000 3724 5058 inac-

2120 5094 2333 5140 tuosum
2378 5085 2554 5140 noctis
2602 5094 2815 5156 tempus
2843 5087 3060 5160 quaqdo
3112 5089 3197 5157 agi
3248 5088 3382 5143 nihil
3417 5100 3621 5160 potest,
3665 5103 3727 5149 et

2119 5177 2300 5232 omnia
2331 5193 2523 5247 sopore
2551 5178 2733 5247 quieta
2773 5187 2919 5232 sunt:
2960 5149 3093 5233 Nam
3133 5188 3343 5251 tempus
3380 5198 3479 5252 per
3522 5200 3582 5240 se
3614 5202 3725 5244 non

2120 5268 2452 5338 intelligitur,
2498 5268 2602 5323 nisi
2634 5284 2729 5339 per
2757 5278 2911 5325 actus
2940 5270 3225 5327 humanos.
3256 5272 3493 5329 Medium
3537 5286 3730 5335 autem

2121 5361 2295 5416 noctis
2326 5368 2451 5415 actu
2498 5369 2648 5415 caret
2676 5379 2687 5414 :
2725 5376 2855 5433 ergo
2886 5372 3179 5433 tempestas
3225 5365 3527 5434 inactuosa,
3559 5371 3726 5439 quasi

2120 5455 2237 5510 sine
2276 5464 2541 5525 tempore,
2581 5455 2683 5509 hoc
2725 5464 2830 5521 est,
2862 5455 2978 5511 sine
3008 5466 3152 5521 actu,
3196 5470 3493 5529 per'quem
3526 5462 3729 5533 digno-

2121 5549 2306 5604 scitur.
2343 5548 2494 5604 Unde
2526 5557 2610 5603 est
2647 5567 2657 5601 :
2693 5549 3044 5619 intempestive
3088 5552 3270 5606 venisti
3304 5565 3322 5603 :
3354 5568 3485 5624 ergo
3514 5554 3724 5611 intem-

2120 5651 2271 5714 pesta
2301 5643 2514 5707 dicitur,
2544 5643 2669 5712 quia
2700 5652 2847 5697 caret
2889 5652 3151 5714 temporc,
3184 5646 3237 5701 id
3265 5655 3370 5713 est,
3402 5657 3546 5703 actu.
3597 5648 3731 5704 Gal-

2122 5733 2361 5789 licinium
2422 5741 2641 5803 propter
2691 5733 2859 5805 gallos
2910 5735 3044 5791 lucis
3102 5739 3434 5809 praenuntios
3487 5740 3726 5801 dictum.

3898 3926 3923 4655 ἱ

3852 5282 3924 6333 i
