3930 6394
263 364 387 428 ὶθδ

1307 379 1395 434 DE
1436 378 1786 438 UNIVERSO
1823 380 2006 443 LIBRI
2044 382 2189 440 XXII
2227 416 2298 426 ——
2334 385 2461 444 LIB.
2508 387 2576 444 Χ.

3480 389 3587 453 294

280 488 619 549 Matutinum
646 503 757 561 est,
792 494 935 550 inter
962 494 1274 550 abscessum
1304 497 1649 552 tenebrarum
1705 506 1757 552 et
1794 513 1889 553 ειυ-
1916 503 1966 563 Α
1992 499 2170 553 tutinis
2200 499 2574 568 interﬁciebam
2602 518 2777 556 omnes
2802 510 3096 573 peccatores
3126 511 3278 558 terra:
3311 504 3483 577 (Psal.
3510 506 3585 579 c).

289 598 429 639 rarae
470 584 815 639 adventum:
852 595 906 640 et
953 586 1156 640 dictum
1199 588 1549 653 matutinum,
1594 590 1736 656 quod
1788 590 1891 643 hoc

293 683 537 745 tempore
576 676 871 731 inchoante
898 692 1054 732 mane
1095 679 1184 732 sit.
1227 678 1555 745 Diluculum,
1590 682 1747 749 quasi
1777 681 1891 750 jam

1994 583 2202 639 Aurora
2232 596 2316 639 est
2359 586 2623 653 Ecclesia,
2653 602 2717 642 eo
2748 591 2890 658 quod
2930 597 3053 659 post
3110 592 3361 647 tenebras
3399 609 3589 662 pecca-

1996 688 2169 732 torum
2200 680 2319 734 luce
2351 680 2472 733 ﬁdei
2511 680 2777 736 illustrata
2823 682 2923 747 sit,
2965 687 3027 736 ut
3064 684 3116 737 in
3146 681 3245 739 Job
3274 703 3287 738 :
3322 684 3388 738 Et
3420 697 3589 743 osten-

296 767 559 836 incipiens
601 783 772 839 parva
810 769 916 823 diei
948 768 1033 821 lux
1062 786 1075 821 :
1110 768 1224 823 huic
1276 778 1331 823 et
1371 786 1590 837 aurora,
1619 787 1740 844 qum
1803 788 1890 829 so-
1992 769 2117 824 disli
2145 787 2354 825 aurora:
2380 770 2553 825 locum
2579 790 2732 827 suum
2758 773 2901 845 (Job.
2929 773 3182 846 xxxvm).

293 856 403 912 lem
450 860 728 933 praecedit.
778 859 873 913 Est
914 866 1096 913 autem
1142 874 1339 921 aurora
1384 862 1489 916 diei
1539 862 1888 921 clarescentis

290 951 598 1015 exordium,
631 960 686 1006 et
714 951 922 1021 primus
965 938 1221 1019 splendor
1254 951 1412 1017 aeris,
1451 954 1544 1022 qui
1584 952 1771 1010 Graece
1800 971 1885 1019 eos

292 1041 511 1107 dicitur,
536 1058 700 1112 quam
732 1059 832 1099 nos
873 1058 969 1113 per
1003 1043 1393 1099 derivationem
1432 1063 1683 1103 auroram
1717 1064 1883 1106 voca-

289 1146 435 1196 mus,
467 1133 622 1202 quasi
654 1149 917 1187 euroram.
947 1131 1099 1187 Unde
1122 1142 1205 1189 est
1231 1134 1361 1189 illud
1388 1154 1400 1188 :

858 1258 873 1274 ο
908 1260 922 1275 .
966 1260 977 1272 .
1020 1259 1036 1275 .
1079 1224 1243 1275 Laetus
1273 1226 1392 1281 Εοίε
1537 1256 1549 1283 I

286 1341 356 1397 Et
691 1284 853 1335 Eurus
888 1284 1046 1345 equis.
1092 1323 1105 1337 .
1163 1324 1175 1337 .
1218 1321 1232 1336 .

697 1416 919 1479 ansque
944 1419 1093 1469 acies.
1139 1452 1154 1471 .
1200 1454 1211 1465 .
1252 1452 1265 1465 .

286 1503 530 1574 Vespera
561 1521 692 1577 ergo
716 1515 769 1563 et
806 1507 1018 1564 initium
1049 1509 1222 1564 noctis
1253 1507 1521 1579 signiﬁcat
1553 1508 1639 1565 vel
1666 1510 1878 1567 initium

281 1595 650 1652 tribulationis
683 1612 802 1667 quae
844 1604 966 1666 post
1012 1599 1427 1667 prosperitatem
1475 1600 1656 1654 saeculi
1699 1601 1880 1670 sequi-

281 1693 373 1739 tur
398 1703 410 1736 :
451 1686 533 1740 vel
574 1689 853 1743 exordium
882 1690 1182 1745 aversionis
1212 1689 1542 1758 iniquorum,
1574 1692 1667 1760 qui
1696 1692 1879 1749 aversi

278 1789 311 1830 a
348 1774 471 1831 luce
513 1790 634 1830 vera
673 1778 1048 1833 mandatorum
1076 1778 1194 1844 Dei,
1234 1778 1479 1832 incidunt
1517 1778 1572 1832 in
1626 1781 1877 1839 tenebras

2588 884 2816 941 CAPUT
2859 886 2966 943 VIII

2612 954 2686 1010 De
2724 957 2965 1011 tenebris.

2059 1043 2334 1100 Tenebras
2358 1052 2538 1100 autem
2568 1045 2761 1110 dictas,
2787 1048 2930 1117 quod
2961 1056 3181 1113 teneant
3206 1051 3447 1107 umbras.
3479 1050 3587 1109 Te-

1986 1136 2169 1193 nebrae
2224 1146 2405 1193 autem
2466 1138 2774 1209 signiﬁcant
2826 1139 3115 1210 aliquando
3163 1143 3589 1212 profunditatem

1986 1226 2390 1298 Scripturarum
2442 1229 2749 1284 divinarum
2787 1248 2799 1283 :
2840 1222 3128 1300 aliquando
3183 1232 3583 1303 ignorantiam:

1984 1320 2274 1390 aliquando
2324 1320 2698 1376 inﬁdelitatem
2747 1331 3139 1396 peccatorum:
3190 1332 3246 1378 et
3295 1324 3586 1395 aliquando

1981 1425 2200 1480 plenam
2241 1413 2519 1482 gehennm.
2555 1412 2981 1470 Profunditalem
3022 1431 3152 1487 ergo
3180 1416 3589 1486 Scripturarum

1986 1489 2118 1554 illud
2145 1500 2416 1570 signiﬁcat
2464 1503 2842 1571 propheticum
2899 1506 3289 1571 testimonium,
3335 1522 3441 1575 quo
3472 1508 3585 1562 ait:

1982 1588 2175 1645 Posuit
2202 1590 2437 1644 tenebras
2468 1590 2744 1646 latibulum
2767 1610 2920 1649 suum
2943 1595 3117 1667 (Psal.
3143 1594 3275 1667 xvn)
3303 1613 3317 1664 ;
3351 1606 3407 1651 et
3426 1596 3585 1652 alibi:

1986 1680 2235 1736 Tenebrte
2281 1698 2384 1735 non
2423 1683 2847 1739 obscurabuntur
2874 1687 2965 1741 abs
2994 1697 3064 1753 te,
3096 1698 3143 1742 et
3183 1705 3287 1743 nox
3317 1688 3453 1744 sicut
3478 1690 3589 1745 dies

1980 1768 2406 1826 illuminubitur:
2458 1774 2593 1826 sicut
2623 1775 2846 1829 tenebrat
2887 1776 3021 1847 ejus,
3079 1780 3152 1833 ita
3194 1788 3242 1833 et
3273 1778 3449 1834 lumen
3470 1780 3589 1851 ejus

275 1880 645 1936 peccatorum.
674 1868 899 1935 Quando
926 1871 1071 1923 enim
1097 1870 1220 1939 quis
1254 1885 1286 1923 a
1318 1870 1549 1925 veritate
1583 1878 1639 1924 et
1660 1870 1877 1939 justitia
1904 1864 1952 1928 Β
1980 1856 2453 1935 (Ρδαιοοκιιν¹¹¹)ο
2490 1863 2766 1921 Tenebras
2812 1868 2956 1923 enim
3005 1868 3138 1925 die“
3181 1870 3413 1942 mys‘ica
3443 1886 3592 1940 qua"

276 1956 503 2021 recedit,
534 1966 590 2011 et
634 1957 687 2012 in
732 1957 986 2013 tenebras
1026 1974 1277 2021 errorum
1319 1967 1479 2029 atque
1526 1969 1881 2030 peccatorum
1987 1966 2092 2022 que
2120 1951 2460 2022 et'profunda
2490 1951 2898 2025 Scripturarum
2928 1957 3234 2013 divinarum
3258 1958 3415 2028 juxta
3456 1960 3590 2015 illud

275 2046 509 2110 corruit,
556 2047 747 2101 merito
801 2049 1010 2118 vesperi
1058 2049 1278 2103 nomine
1328 2051 1732 2127 vocatur,,quia
1772 2051 1884 2113 An-
1986 2042 2130 2111 quod
2160 2042 2391 2111 legimus
2423 2042 2477 2095 in
2507 2041 2857 2099 Proverbiis:
2897 2043 3153 2116 Intelligit
3198 2064 3402 2119 quoque
3428 2065 3590 2119 para-

277 2136 539 2200 ticbristi,
570 2137 661 2206 qui
703 2136 907 2209 Vesper
945 2140 999 2196 in
1044 2137 1342 2208 Scripturis
1385 2139 1707 2210 appellatur,
1752 2155 1885 2195 con-
1985 2132 2160 2188 bolam
2200 2143 2248 2187 et
2296 2134 2625 2188 tenebrosum
2651 2151 2943 2190 sermonem
2995 2134 3179 2208 (Prov.
3202 2138 3301 2205 vr).
3334 2137 3427 2194 Sic
3450 2148 3506 2194 et
3532 2138 3593 2195 in

273 2242 395 2284 sors
427 2228 680 2285 eiiicitur.
719 2231 1103 2302 intempestum
1151 2243 1354 2296 autem,
1384 2234 1489 2288 hoc
1520 2241 1602 2288 est
1641 2235 1880 2292 medium

274 2318 456 2374 noctis
484 2318 569 2375 vel
606 2318 1029 2388 profunditatem
1073 2334 1420 2392 peccatorum
1465 2322 1755 2394 signiﬁcat,
1792 2325 1878 2380 vel

275 2424 556 2468 recessum
586 2427 616 2465 a
662 2412 952 2468 mundanis
1004 2421 1058 2468 et
1104 2416 1174 2470 ad
1214 2415 1543 2470 laudandum
1590 2417 1878 2473 Dominum

273 2498 547 2562 bomer
595 2500 874 2557 hominum
921 2503 1179 2558 studium.
1215 2503 1368 2559 Unde
1406 2504 1673 2574 Propheta
1701 2508 1778 2564 ait
1821 2509 1876 2562 in

271 2591 481 2661 psalmo
515 2609 530 2645 :
562 2591 741 2648 Media
786 2602 934 2648 nocte
980 2596 1256 2665 surgebam
1283 2595 1353 2650 ad
1390 2596 1740 2663 confitendum
1783 2601 1877 2653 tibi

269 2697 429 2750 super
466 2681 679 2750 judicia
717 2682 944 2752 justitiw
976 2692 1081 2737 tute
1111 2680 1280 2753 (Psal.
1307 2684 1517 2755 cxvm).
1564 2686 1682 2745 Non
1713 2698 1876 2749 vacat

269 2773 416 2842 quod
456 2772 658 2831 dicitur
693 2790 704 2825 :
740 2774 911 2830 media
941 2784 1088 2831 nocte
1114 2778 1410 2846 surgebam.
1444 2777 1559 2835 Scit
1589 2783 1735 2839 enim
1767 2785 1873 2848 hoc

270 2876 520 2939 tempore
562 2868 922 2942 primogenita
952 2869 1331 2941 Egyptiorum
1371 2873 1539 2931 fuisse
1570 2892 1867 2946 percussa:

269 2960 377 3021 scit
406 2961 572 3019 etiam
600 2975 666 3016 ea
693 2968 1036 3031 tempestate,
1064 2962 1235 3028 Petri,
1263 2963 1396 3019 Paul
1433 2976 1488 3021 et
1526 2965 1652 3024 Sile
1678 2970 1735 3025 in
1760 2987 1873 3027 car-

273 3064 399 3108 cere
429 3050 733 3119 positorum
761 3051 975 3106 vincula
1005 3051 1274 3118 resoluta;
1308 3055 1411 3111 scit
1440 3072 1657 3134 quoque
1702 3076 1869 3132 δρου-

266 3158 394 3202 sum
445 3143 623 3207 media
675 3151 833 3198 nocte
867 3158 989 3201 esse
1034 3152 1355 3211 venturum,
1405 3149 1632 3221 ideoque
1679 3155 1869 3209 eodem

1986 2223 2094 2280 alio
2130 2224 2339 2294 psalmo
2365 2224 2633 2303 legimus:
2671 2225 2962 2282 Tenebrosa
2992 2244 3131 2300 aqua
3156 2229 3211 2283 in
3236 2230 3461 2285 nubibus
3500 2247 3591 2285 ae-

1982 2315 2055 2369 ris
2078 2313 2253 2387 (Psal.
2278 2315 2413 2387 xvu)
2438 2333 2454 2383 ;
2488 2332 2618 2385 ergo
2651 2317 2768 2372 istae
2792 2318 3033 2373 tenebrae
3077 2335 3185 2375 non
3214 2321 3590 2377 obscurabun-

1982 2416 2088 2473 tur,
2144 2406 2238 2461 sed
2286 2407 2465 2477 potius
2514 2407 2887 2464 illuminantur
2924 2425 2956 2464 a
3008 2410 3239 2467 Domino
3270 2453 3287 2479 ,
3327 2414 3586 2482 quoniam

1979 2495 2294 2565 praedicatio
2323 2497 2716 2575 prophetarum
2745 2500 2862 2567 ipso
2889 2500 3142 2557 veniente
3177 2502 3445 2573 completa
3478 2513 3580 2559 est.

1978 2588 2347 2659 lgnorantiam
2398 2596 2580 2643 autem
2630 2588 2941 2657 signiﬁcant
2983 2592 3220 2646 tenebrae
3249 2592 3305 2646 in
3336 2592 3425 2647 illa
3458 2609 3589 2664 apo—

1979 2679 2171 2734 stolica
2202 2680 2492 2746 sententia,
2519 2694 2622 2749 qua
2654 2678 2786 2734 dicit
2811 2678 2877 2735 de
2895 2682 3306 2751 peccatoribus:
3339 2682 3585 2739 Tenebris

1978 2770 2311 2825 obscuratum
2342 2770 2586 2825 habentes
2616 2787 2706 2824 cor
2729 2770 2943 2843 (Ep/tes.
2966 2773 3061 2845 ιν).
3088 2772 3465 2829 inﬁdelitatem
3489 2790 3588 2830 au-

1977 2869 2087 2917 tem
2118 2862 2428 2933 iniquorum
2456 2864 2547 2917 illa
2574 2863 2888 2933 evangelica
2928 2866 3194 2921 sententia
3221 2866 3461 2934 denotat,
3493 2870 3583 2923 ubi

1977 2953 2213 3009 dicitur:
2259 2953 2379 3009 Lua:
2421 2956 2475 3010 in
2520 2956 2742 3010 tenebris
2772 2956 2930 3023 lucet,
2971 2968 3019 3011 et
3063 2958 3285 3014 tenebrat
3334 2976 3450 3014 eam
3477 2976 3583 3015 non

1978 3045 2480 3115 comprehenderunt
2505 3043 2689 3119 (Joan.
2714 3046 2777 3111 ι).
2808 3046 2924 3102 Lux
2954 3048 3153 3118 quippe
3173 3057 3257 3103 est
3295 3050 3578 3106 hominum

1977 3133 2250 3202 Christus,
2281 3152 2402 3206 quae
2428 3138 2611 3193 omnia
2651 3138 2741 3207 qui
2771 3138 3068 3193 illuminari
3112 3150 3391 3195 merentur
3420 3144 3585 3198 corda

266 3237 515 3301 ιθωροιιε
562 3234 735 3304 surgit
781 3234 848 3288 ad
911 3232 1115 3302 laudes,
1172 3252 1242 3290 ne
1284 3237 1425 3293 inter
1482 3239 1662 3298 famas
1700 3244 1869 3321 γει-εί,
1897 3223 1943 3285 C
1974 3225 2256 3279 hominum
2287 3242 2399 3281 sua:
2445 3229 2731 3297 praesentia
2777 3229 3103 3299 cognitionis
3130 3230 3403 3299 illustrat;
3436 3240 3585 3291 tene-

265 3336 369 3379 nes
394 3321 561 3390 ianua
602 3324 785 3379 clausa
832 3334 1128 3379 remaneat.
1161 3325 1270 3381 Nec
1316 3338 1491 3396 vacat,
1524 3334 1666 3401 quod
1697 3334 1827 3391 dicit
1854 3354 1866 3389 :

267 3416 549 3482 surgebam
588 3430 608 3468 :
644 3416 773 3484 quia
824 3430 1038 3485 semper
1082 3418 1339 3488 surgitur,
1372 3435 1495 3476 cum
1546 3424 1615 3478 ad
1658 3424 1870 3482 Domini

263 3506 535 3576 ιιι-περιῆν
581 3504 884 3561 festinatur.
922 3506 1004 3561 Ad
1048 3508 1421 3577 conﬁtendum,
1460 3512 1548 3567 hic
1593 3514 1867 3584 signiﬁcat

262 3599 338 3658 ad
373 3597 725 3664 laudandum,
752 3599 878 3668 quia
898 3599 1188 3668 sequitur:
1220 3616 1376 3671 super
1406 3602 1615 3671 judicia
1640 3607 1866 3674 justitia:

270 3697 402 3747 tum.
436 3688 573 3747 Nam
618 3690 665 3745 si
694 3689 1027 3757 poenitentiae
1054 3688 1449 3747 confessionem
1479 3694 1737 3751 voluisset
1784 3698 1866 3753 in-

265 3778 452 3849 telligi,
482 3795 642 3848 super
674 3780 1085 3834 misericordiam
1122 3788 1288 3847 tuam,
1319 3781 1525 3838 diceret
1561 3801 1573 3837 :
1614 3799 1719 3839 non
1730 3826 1745 3853 ,
1774 3803 1866 3840 su-

261 3887 357 3939 per
380 3870 589 3939 judicia
627 3870 854 3938 justitite
879 3880 1003 3924 tum.
1040 3869 1384 3949 Gallicinium
1428 3882 1606 3931 autem
1644 3890 1865 3933 conver-

261 3962 472 4021 sionem
503 3970 856 4031 peccatorum
882 3962 1169 4033 siguiﬁcat.
1202 3962 1353 4021 Unde
1382 3965 1573 4027 eodem
1622 3975 1862 4036 tempore

262 4051 477 4118 Petrus,
505 4053 599 4121 qui
626 4052 911 4115 Dominum
950 4055 1194 4125 negando
1218 4053 1274 4109 in
1306 4055 1545 4115 tenebris
1567 4057 1858 4115 oblivionis

263 4145 489 4210 erravit,
521 4153 576 4199 et
623 4153 857 4215 speratae
891 4145 1002 4215 jam
1052 4144 1189 4201 lucis
1240 4150 1692 4204 rememoratione
1736 4166 1858 4207 cor-

263 4237 425 4301 rexit,
455 4246 511 4292 et
540 4236 782 4305 ejusdem
808 4252 949 4293 verae
994 4236 1131 4292 lucis
1159 4238 1348 4309 adepta
1388 4242 1675 4309 praesentia
1700 4243 1859 4312 plene

269 4336 477 4392 totum,
525 4327 787 4396 quidquid
842 4334 1177 4393 mutaverat,
1225 4329 1415 4384 erexit.
1466 4328 1619 4386 Hunc
1666 4334 1859 4402 opinor

259 4417 464 4488 gallum
497 4418 732 4488 aliquem
759 4418 1040 4474 doctorum
1080 4418 1504 4491 intelligendum,
1536 4423 1629 4492 qui
1657 4439 1752 4478 vos
1773 4424 1858 4492 ja—

261 4522 449 4569 centes
499 4514 744 4569 excitans
787 4522 843 4569 et
888 4514 1256 4571 somnolentos
1304 4516 1578 4586 increpat,
1623 4520 1850 4577 dicens:

256 4604 539 4675 Evigilate,
555 4607 710 4676 justi,
732 4615 781 4660 et
808 4606 965 4661 nolite
985 4624 1218 4677 peccare.
1250 4607 1567 4665 Matutinum
1592 4625 1722 4681 ergo
1747 4612 1860 4667 sive

260 4693 560 4751 diluculum
609 4698 1023 4753 resurrectionis
1059 4697 1352 4753 Dominicm
1392 4706 1602 4770 tempus
1648 4702 1857 4773 signiﬁ-

256 4790 371 4843 cat,
400 4780 481 4833 vel
513 4782 749 4842 hominis
775 4797 807 4836 a
852 4782 1092 4852 peccatis
1135 4784 1201 4838 ad
1231 4784 1456 4856 iustitiae
1482 4786 1698 4855 plenam
1727 4804 1856 4843 con-

168 4906 175 4910 ι
253 4872 581 4927 versionem.
614 4872 769 4929 Unde
811 4871 1094 4935 Psalmista
1124 4873 1191 4929 ad
1222 4872 1509 4929 Dominum
1537 4876 1614 4930 ait
1641 4894 1652 4925 :
1683 4877 1764 4930 Ad
1806 4887 1854 4933 te

255 4962 324 5016 de
353 4963 466 5016 luce
515 4962 668 5033 vigilo
692 4978 711 5016 :
738 4972 786 5016 et
812 4964 865 5017 in
894 4961 1167 5017 matutinis
1214 4965 1505 5019 meditabor
1543 4967 1599 5021 in
1628 4977 1695 5033 te,
1726 4970 1851 5039 quia

256 5052 429 5124 factus
463 5069 516 5106 es
558 5053 776 5123 adjutor
814 5069 959 5117 meus
1005 5052 1176 5124 (Psal.
1200 5053 1357 5123 an).
1387 5055 1467 5110 Ad
1498 5056 1671 5125 ipsum
1717 5060 1853 5130 vigi-

250 5144 418 5210 latur,
467 5146 682 5215 quoties
724 5144 780 5198 in
830 5144 1016 5202 mundi
1046 5144 1340 5199 ambitione
1375 5143 1661 5203 dormitur.
1714 5148 1850 5210 Nam

254 5234 347 5293 illa
387 5236 467 5289 sic
514 5234 919 5303 consequimur,
968 5234 1015 5289 si
1056 5234 1159 5289 ista
1208 5234 1457 5290 deserere
1508 5235 1843 5297 festinemus.

247 5322 399 5381 Bene
448 5332 630 5378 autem
680 5321 921 5390 adjecit:
962 5322 1029 5376 In
1061 5324 1330 5377 matutinis
1364 5325 1655 5379 meditabor
1699 5327 1752 5381 in
1798 5338 1846 5381 te

254 5415 620 5489 (Psal.cvn);
670 5426 727 5469 et
766 5414 891 5471 alibi
937 5432 950 5470 :
994 5415 1289 5487 Exsurgam
1334 5416 1600 5482 diluculo;
1629 5420 1845 5487 quando

254 5515 464 5576 tempus
492 5505 791 5561 Dominicze
819 5507 1235 5563 resurrectionis
1265 5506 1453 5572 eluxit,
1484 5517 1537 5562 et
1567 5518 1699 5564 tunc
1727 5509 1842 5578 ejus

252 5598 436 5654 laudes
482 5606 771 5661 cerneret,
817 5598 1031 5667 quando
1064 5614 1232 5668 genus
1270 5600 1564 5653 humanum
1602 5602 1846 5671 exemplo

253 5710 361 5750 sua:
392 5692 812 5748 resurrectionis
841 5692 1117 5747 animavit.
1152 5691 1468 5747 Matutinum
1500 5695 1685 5763 judicii
1733 5695 1848 5751 dies

250 5788 363 5844 sive
390 5786 725 5845 resurrectio
764 5794 1124 5853 mortuorum,
1164 5793 1225 5840 ut
1264 5786 1319 5841 in
1349 5785 1599 5856 psalmo:
1634 5784 1701 5839 In
1727 5802 1843 5842 ma-

1974 3315 2088 3370 braa
2120 3325 2301 3371 autem
2347 3318 2497 3372 stulti
2539 3326 2669 3373 sunt
2709 3327 2763 3373 et
2794 3320 2983 3389 iniqui,
3017 3337 3247 3391 quorum
3281 3338 3421 3378 caeca
3446 3340 3585 3395 prte-

1975 3407 2159 3461 cordia
2203 3408 2294 3462 lux
2340 3418 2392 3463 et
2440 3425 2571 3464 erue
2603 3408 2863 3483 [aeternae]
2899 3413 3197 3482 sapientiae,
3228 3415 3407 3485 qualia
3432 3416 3579 3489 .sint,

1973 3498 2260 3581 manifeste
2304 3500 2621 3571 cognoscit:
2676 3501 2927 3570 quamvis
2974 3502 3075 3570 ipsi
3112 3504 3311 3584 .radios
3338 3504 3583 3573 ejusdem

1970 3589 2107 3644 lucis
2132 3605 2472 3659 nequaquam
2508 3605 2702 3660 capere
2747 3606 2845 3659 per
2886 3591 3295 3663 intelligentiam
3326 3594 3576 3663 possint:

1970 3681 2133 3736 veluti
2162 3682 2206 3735 si
2230 3681 2459 3751 quilibet
2486 3686 2661 3736 crocus
2680 3680 2875 3749 juhare
2919 3683 3049 3737 solis
3096 3684 3449 3752 obfundatur,
3482 3704 3581 3743 nec

1971 3780 2149 3827 tamen
2178 3772 2293 3841 ipse
2316 3772 2501 3835 solem,
2536 3773 2691 3843 cujus
2718 3772 2919 3829 lumine
2938 3772 3300 3842 perfunditur,
3327 3778 3576 3847 aspiciat.

1969 3860 2245 3925 Tenebrae,
2298 3860 2540 3915 diabolus
2588 3861 2673 3915 vel
2712 3862 3005 3928 daemones,
3052 3872 3111 3917 ut
3158 3865 3212 3918 in
3255 3864 3525 3936 PrOpheta
3562 3886 3575 3921 :

1964 3955 2217 4009 Inimicos
2266 3956 2403 4023 ejus,
2435 3955 2487 4007 id
2539 3964 2642 4017 est,
2684 3956 2993 4021 Dominum,
3026 3968 3409 4027 persequuntur
3435 3969 3578 4014 tene-

1964 4043 2071 4095 brae
2099 4040 2265 4112 (Nati.
2293 4043 2352 4111 ι).
2382 4042 2549 4096 Poena
2576 4051 2758 4096 autem
2779 4044 3038 4111 gehennae
3064 4045 3381 4102 intenebris
3407 4049 3576 4119 signi-

1963 4131 2157 4185 ﬁcatur
2187 4131 2243 4185 in
2274 4130 2367 4185 illa
2394 4132 2673 4203 Evangelii
2721 4135 3012 4199 sententia,
3045 4136 3135 4190 ubi
3174 4136 3242 4191 de
3282 4148 3572 4207 peccatore

1961 4225 2037 4279 ita
2064 4225 2297 4295 legitur:
2361 4223 2565 4296 Ligatis
2608 4226 2851 4279 manibus
2878 4236 2928 4280 et
2953 4228 3171 4297 pedibus
3220 4231 3338 4298 ejus
3381 4233 3573 4287 mittite

1960 4334 2080 4372 eum
2106 4319 2160 4371 in
2201 4317 2439 4372 tenebras
2480 4320 2782 4381 exteriores,
2816 4318 2905 4371 ubi
2953 4320 3051 4373 erit
3095 4322 3251 4389 ﬂetus
3280 4332 3329 4375 et
3376 4324 3574 4378 stridor

1960 4408 2191 4462 dentium
2225 4406 2442 4476 (Matth.
2469 4410 2627 4478 xm).
2682 4406 3002 4479 Quicunque
3052 4426 3182 4479 ergo
3230 4412 3287 4466 in
3316 4418 3572 4483 praesenti

1960 4500 2069 4553 vita
2094 4498 2423 4553 inﬁdelitatis
2452 4506 2509 4553 et
2553 4507 2903 4569 peccatorum
2952 4502 3302 4559 interioribus
3331 4506 3572 4563 tenebris

1886 4575 1939 4634 D
1965 4593 2309 4657 obscuratur,
2342 4605 2564 4647 necesse
2611 4603 2712 4659 est,
2751 4595 2795 4647 si
2844 4594 2892 4649 ei
2941 4596 3207 4667 condigna
3248 4599 3567 4667 poenitentia

1962 4700 2071 4740 non
2094 4684 2425 4750 subvenerit,
2451 4692 2510 4738 ut
2531 4684 2584 4738 in
2608 4685 2907 4740 exteriores
2931 4687 3183 4743 tenebras
3208 4698 3332 4759 post
3353 4690 3561 4746 exitum

1960 4777 2245 4846 praesentis
2270 4777 2392 4831 vitae
2415 4776 2680 4839 mittatur,
2712 4776 2801 4830 ubi
2826 4785 2910 4831 est
2934 4791 3097 4846 poena
3123 4781 3319 4835 mortis
3348 4789 3403 4836 et
3422 4796 3567 4843 sem.

1960 4870 2209 4941 piternus
2234 4871 2428 4927 horror
2457 4867 2746 4921 inhabitat.
2793 4867 2998 4924 Umbra
3029 4885 3158 4941 ergo
3184 4872 3475 4941 aliquando
3503 4874 3560 4929 in

1958 4959 2120 5024 bono,
2150 4958 2439 5027 aliquando
2463 4958 2515 5011 in
2538 4957 2680 5013 malo
2702 4958 2940 5029 ponitur.
2972 4958 3125 5014 Tunc
3154 4975 3281 5016 vero
3311 4962 3366 5016 in
3394 4963 3559 5030 bono,

1960 5050 2173 5120 quando
2208 5049 2507 5103 custodiam
2537 5049 2630 5103 Dei
2659 5056 2715 5104 et
2742 5049 3134 5118 protectionem
3165 5050 3400 5121 Spiritus
3430 5068 3560 5107 san-

1958 5140 2030 5196 cti
2080 5138 2367 5210 signiﬁcat,
2420 5147 2480 5192 ut
2530 5146 2614 5193 est
2656 5138 2783 5194 illud
2811 5140 2866 5193 in
2916 5140 3165 5209 psalmo:
3210 5139 3318 5194 Sub
3370 5143 3560 5196 umbra

1957 5231 2166 5285 alarum
2196 5241 2407 5284 tuarum
2444 5248 2619 5301 spero,
2651 5231 2813 5286 donec
2844 5242 3077 5287 transeat
3098 5234 3349 5309 iniquitas
3378 5232 3555 5305 (Psal.

1956 5322 2085 5392 Lvt).
2110 5322 2178 5375 Et
2199 5322 2322 5377 alibi
2350 5340 2361 5375 :
2388 5321 2607 5378 Custodi
2629 5340 2724 5385 me,
2752 5322 2998 5389 Domine,
3023 5337 3079 5377 ut
3100 5324 3356 5395 pupillam
3379 5326 3557 5393 oculi;

1953 5417 2048 5471 sub
2099 5418 2282 5470 umbra
2329 5416 2537 5470 alarum
2582 5426 2792 5469 tuarum
2837 5425 3044 5488 protege
3094 5435 3175 5473 me
3214 5418 3385 5489 (Psal.
3414 5420 3553 5490 ιη).

1952 5508 2246 5579 Aptissime
2278 5510 2460 5579 itaque
2487 5509 2620 5577 petit
2642 5508 2899 5563 custodiri
2924 5525 3002 5573 se,
3034 5518 3091 5562 ut
3111 5508 3366 5578 pupillam
3387 5510 3552 5577 oculi,

1952 5604 2167 5675 quando
2199 5610 2253 5656 et
2284 5618 2378 5673 per
2424 5604 2591 5672 ipsam
2624 5618 2708 5656 res
2741 5603 2973 5657 visuales
3011 5603 3389 5668 discernimus,
3417 5613 3472 5659 et
3495 5605 3552 5661 in

1953 5705 2137 5751 nostro
2176 5712 2401 5765 corpore
2449 5696 2577 5749 nihil
2626 5696 2971 5763 praestantius
3009 5696 3299 5750 invenitur.
3350 5695 3548 5765 Sequi-

1952 5799 2041 5843 tur
2065 5807 2075 5843 :
2112 5786 2221 5843 Sub
2250 5791 2433 5841 umbra
2455 5786 2661 5840 alarum
2686 5795 2896 5839 tuarum
2922 5797 3127 5858 protege
3155 5806 3252 5842 me.
3279 5787 3378 5843 Hic
3397 5787 3545 5845 aliud
