3930 6344
424 344 531 405 295

1080 346 1143 401 Β.
1180 343 1437 403 RABANI
1474 346 1697 406 MAURI
1733 346 2056 404 ARCHIEP.
2096 344 2406 404 MOGUNT.
2448 342 2739 403 OPERUM
2778 343 2960 401 PARS
2999 343 3067 399 ll.

3607 347 3717 404 296

425 455 791 512 introducitur
827 469 989 513 scena
1020 456 1311 529 [schema],
1338 459 1481 528 quod
1507 458 1695 514 Graece
1738 459 2016 530 parabola,
2047 468 2097 528 Α
2124 461 2329 516 volunt.
2355 460 2485 514 ltcm
2510 462 2700 514 umbra
2722 469 2775 514 ct
2802 458 2974 530 caligo
2994 459 3282 530 aliquando
3302 470 3525 529 peccata
3557 460 3724 533 signi-

423 547 619 605 Latine
635 550 967 618 comparatio
982 548 1200 613 dicitur,
1216 550 1435 617 quando
1455 551 1558 605 sibi
1572 565 1741 623 genus
1762 551 2021 606 dissimile

422 638 478 695 in
507 640 686 710 aliqua
715 642 1137 697 commonitione
1161 643 1418 697 sociatur.
1448 643 1701 699 Paternis
1730 645 1873 699 enim
1898 660 2025 715 pro-

422 730 750 787 tectionibus
776 731 875 788 alze
895 742 1021 789 sunt
1053 743 1397 804 comparatae.
1432 734 1799 792 Misericordia
1828 736 2027 806 quippe

418 830 479 881 et
502 823 746 880 charitas
779 826 934 895 quasi
963 825 1061 880 alte
1086 834 1212 879 sunt
1254 824 1456 893 Patris,
1497 828 1693 897 quibus
1718 843 1776 883 se
1811 828 2025 899 protegi

421 928 786 990 congruenter
833 919 1161 990 expostulat.
1214 919 1282 974 Et
1338 920 1394 975 in
1422 920 1753 993 Evangelio:
1798 920 1868 974 Et
1908 937 2025 976 ecce

423 1008 583 1064 nubes
612 1008 792 1065 lucida
825 1009 1151 1064 obumbravit
1188 1026 1276 1065 eos
1312 1009 1529 1081 (Matth.
1554 1012 1687 1084 xvu)
1712 1028 1727 1077 ;
1766 1018 1822 1065 et
1849 1010 1977 1067 alibi
2006 1030 2020 1067 :

422 1098 532 1155 Sub
555 1101 742 1156 umbra
767 1102 885 1172 ejus
914 1104 1144 1159 vivemus
1172 1104 1227 1157 in
1258 1104 1494 1174 gentibus
1522 1103 1670 1176 (Thr.
1691 1103 1787 1177 tv).
1821 1104 2025 1159 Umbra

418 1187 831 1249 Testamentum
863 1192 1053 1260 Vetus,
1088 1202 1147 1248 ut
1175 1194 1230 1249 in
1261 1193 1587 1250 Salomone:
1618 1195 1791 1249 Donec
1821 1194 2025 1264 aspice-

419 1294 495 1341 ret
527 1287 638 1343 dies
668 1295 718 1343 et
740 1295 1077 1342 amoveantur
1104 1286 1303 1341 umbrae
1343 1284 1519 1357 (Cant.
1544 1284 1640 1357 ιν).
1685 1285 1888 1341 Umbra
1914 1285 2026 1340 vita

418 1381 676 1447 hominis,
700 1387 762 1434 ut
798 1379 853 1434 in
894 1376 1035 1434 Job:
1084 1374 1248 1449 Fugit
1296 1376 1433 1431 velut
1483 1377 1669 1431 umbra
1715 1375 1859 1448 (Job.
1886 1376 2024 1449 xw).

418 1474 625 1532 Umbra
659 1487 808 1528 mors
834 1471 1038 1537 carnis,
1068 1478 1129 1524 ut
1154 1470 1208 1524 in
1236 1470 1483 1539 psalmo:
1517 1468 1738 1540 Operuit
1786 1487 1879 1524 nos
1904 1486 2024 1523 um-

420 1567 517 1622 bra
548 1567 733 1621 mortis
767 1563 939 1637 (Psal.
964 1565 1143 1635 xuii).
1191 1564 1345 1619 Tunc
1374 1572 1559 1620 autem
1586 1565 1638 1619 in
1666 1565 1808 1620 malo
1833 1565 2025 1620 umbra

416 1656 655 1730 ponitur,
686 1656 905 1727 quando
944 1655 1030 1711 vel
1058 1646 1560 1725 corporis’mortcm
1605 1654 1897 1725 signiﬁcat,
1939 1664 2027 1721 vel

414 1762 635 1819 poenam
672 1748 950 1819 gehennae,
990 1755 1050 1801 ut
1071 1755 1156 1802 est
1185 1746 1351 1801 illud:
1386 1746 1449 1801 Si
1471 1745 1805 1801 ambulavero
1835 1748 1889 1800 in
1912 1763 2021 1802 me-

2129 550 2275 617 ﬁca‘t,
2307 553 2451 606 unde
2480 552 2707 607 dicitur:
2739 551 2984 607 Sedentes
3014 552 3071 605 in
3109 554 3331 607 tenebris
3366 564 3412 607 et
3458 554 3512 606 in
3536 556 3727 607 umbra

2126 646 2310 698 mortis
2336 642 2489 713 (Luc.
2511 643 2574 715 1);
2602 645 2892 714 aliquando
2914 644 3329 700 delectationem
3348 657 3721 716 peccatorum,

2126 746 2185 791 ut
2211 745 2295 793 est
2319 736 2451 791 illud
2478 738 2533 792 in
2560 736 2661 792 Job
2690 738 2755 792 de
2784 737 2995 793 diabolo
3021 738 3226 793 dictum
3253 757 3265 791 :
3317 739 3425 794 Sub
3451 740 3637 793 umbra
3670 740 3727 793 in

2126 839 2322 885 secreto
2353 831 2545 884 calami
2584 839 2631 885 et
2658 831 2813 901 junci
2854 842 2903 886 et
2950 831 3079 886 locis
3126 831 3412 886 virentibus
3436 830 3579 901 (Job.
3606 830 3727 903 ιι).

2126 921 2194 976 Et
2220 922 2346 992 quia
2374 922 2565 978 umbra
2605 939 2715 979 non
2743 923 2901 995 longe
2928 930 3013 979 est
3038 925 3105 980 ab
3129 938 3277 991 aere,
3308 919 3461 993 cujus
3477 928 3573 977 est
3602 937 3729 977 urna

2126 1012 2225 1067 bra
2253 1031 2265 1066 :
2301 1013 2374 1067 ita
2402 1021 2457 1068 et
2486 1028 2634 1069 mors
2664 1029 2772 1069 non
2816 1013 2975 1085 longe.
3016 1023 3100 1069 est
3133 1029 3164 1069 a
3208 1030 3390 1085 pmna.
3420 1012 3561 1067 Hinc
3586 1018 3645 1066 et
3669 1010 3729 1065 in

2126 1103 2226 1160 Job
2252 1104 2453 1160 dicitur
2478 1123 2489 1158 :
2535 1103 2636 1159 Ubi
2666 1104 2850 1158 umbra
2873 1106 3079 1171 mortis,
3114 1114 3163 1159 et
3190 1103 3367 1159 nullus
3396 1113 3471 1159 est
3494 1102 3650 1170 ordo,
3676 1108 3727 1157 et

2126 1197 2467 1268 sempiternus
2497 1197 2684 1251 horror
2707 1195 2962 1250 inhabitat
2986 1194 3127 1266 (Job.
3151 1196 3232 1267 χ).

2743 1306 2969 1363 CAPUT
3007 1305 3100 1362 IX.

2661 1377 2740 1432 De
2761 1377 3188 1433 hebdomadibus.

2200 1469 2549 1527 Hebdomada
2578 1467 2767 1525 Graece
2818 1486 2850 1524 a
2902 1468 3210 1539 septenario
3246 1481 3477 1524 numero
3522 1479 3729 1522 nomen

2129 1565 2356 1636 accepit,
2406 1564 2643 1619 humana
2688 1562 2904 1633 quidem
2930 1560 3323 1617 consuetudine
3364 1557 3605 1629 septenis
3638 1569 3731 1611 so-

2128 1656 2242 1712 lum
2272 1664 2392 1710 acta
2438 1654 2626 1710 diebus
2657 1672 2671 1708 :
2710 1654 2806 1709 sed
2835 1651 3130 1723 Scripturae
3179 1664 3351 1706 sacra:
3403 1646 3731 1704 auctoritate

2129 1748 2314 1804 multis
2370 1746 2654 1816 speciebus
2706 1744 2952 1817 insignis,
3005 1758 3126 1813 quae
3182 1752 3362 1798 tamen
3408 1749 3617 1796 cunctae
3650 1736 3731 1809 (ni

413 1836 503 1889 dio
524 1834 724 1890 umbra:
747 1837 930 1891 mortis
974 1852 1077 1889 non
1106 1836 1293 1889 timebo
1336 1834 1501 1901 mala,
1546 1836 1796 1906 quoniam
1823 1846 1881 1890 tu
1906 1854 2019 1892 me-
2049 1824 2098 1884 Β
2128 1838 2306 1910 fallor)
2330 1838 2399 1892 ad
2432 1853 2597 1892 unum
2642 1836 2807 1891 ﬁnem
2839 1842 3107 1905 spectant,
3146 1848 3246 1889 nos
3286 1832 3493 1888 scilicet
3531 1828 3729 1885 admo-

414 1941 533 1980 cum
560 1942 613 1981 es
641 1922 814 1997 (Psal.
860 1924 1019 1997 χχιι).
1052 1925 1120 1981 Et
1146 1925 1273 1981 alibi
1304 1943 1317 1981 τ
1360 1923 1663 1981 Posuerunt
1701 1944 1783 1982 me
1813 1928 1869 1982 in
1897 1928 2019 1985 lacu

412 2015 653 2086 inferiori
675 2017 729 2070 in
750 2016 974 2071 tenebris
991 2025 1039 2071 et
1058 2016 1113 2070 in
1136 2016 1321 2070 umbra
1342 2017 1524 2072 mortis
1548 2016 1719 2089 (Psal.
1738 2019 2016 2089 Lxxxvn);

409 2116 764 2177 peccatorum
792 2108 996 2164 indicat
1023 2108 1223 2174 locum,
1251 2109 1377 2179 quia
1406 2124 1554 2166 mors
1586 2110 2018 2181 delinquentium

413 2199 701 2255 umbrosas
730 2214 795 2254 ac
823 2198 1139 2255 tenebrosus
1157 2201 1363 2269 patitur
1385 2216 1592 2265 manes,
1626 2203 1752 2257 dum
1778 2203 1859 2259 eis
1882 2219 2017 2275 gau~

414 2290 561 2346 dium
590 2306 698 2346 non
730 2292 954 2358 relucet,
991 2292 1082 2362 qui
1116 2303 1376 2364 perpetua
1420 2294 1656 2350 tristitiae
1683 2310 1794 2351 sua:
1823 2296 2019 2352 obscu-

414 2380 576 2435 ritate
603 2380 838 2437 demersi
878 2389 1044 2436 sunt:
1092 2391 1147 2437 et
1189 2384 1311 2439 ideo
1338 2399 1437 2455 pro
1466 2385 1713 2441 locorum
1760 2384 2019 2455 qualitate

413 2469 637 2524 verbum
677 2470 779 2526 hoc
821 2470 1115 2525 multifaria
1162 2472 1559 2542 signiﬁcatione
1589 2474 1854 2529 variatur.
1909 2473 2014 2529 Ca-

411 2560 521 2632 ligo
551 2563 745 2617 umbra
774 2570 857 2618 est
886 2563 953 2618 de
981 2563 1329 2634 spissitudine
1353 2566 1495 2620 aeris
1518 2565 1709 2621 eﬁ‘ecta
1736 2584 1748 2619 :
1787 2575 1842 2621 et
1872 2567 2017 2623 dicta

411 2652 607 2725 caligo,
646 2655 793 2725 quod
816 2657 1051 2711 maxime
1077 2656 1220 2710 aeris
1245 2654 1421 2711 calore
1452 2658 1727 2728 gignatur.
1757 2657 1915 2713 Juxta
1940 2658 2017 2712 al-

410 2743 671 2816 legoriam
699 2761 829 2803 vero
854 2746 1124 2819 signiﬁcat
1155 2748 1327 2819 caligo
1354 2748 1659 2805 divinorum
1682 2760 2018 2807 secretorum

410 2837 833 2908 operimentum.
866 2838 1019 2895 Unde
1057 2840 1254 2911 legitur
1278 2841 1331 2895 in
1354 2841 1578 2897 Exodo:
1612 2840 1769 2898 Stetit
1792 2844 2017 2915 populus

411 2930 475 2983 de
504 2929 677 3000 longe,
704 2930 912 3001 Moyses
941 2940 1115 2985 autem
1152 2934 1369 2987 accessit
1398 2934 1467 2986 ad
1504 2933 1801 3004 caliginem,
1837 2936 1892 2989 in
1912 2953 2018 3006 qua

410 3030 524 3075 erat
565 3021 711 3076 Deus
744 3022 939 3093 (Exod.
966 3023 1080 3095 xx).
1130 3023 1310 3077 Turba
1354 3024 1555 3094 quippe
1582 3025 1766 3095 populi
1812 3025 2016 3097 allego-

412 3112 619 3167 riarum
670 3114 959 3185 caliginem
990 3131 1097 3171 non
1127 3115 1273 3170 valet
1318 3126 1645 3185 penetrare:
1699 3118 1827 3187 quia
1863 3118 2019 3174 valde

2126 1939 2318 1988 nentes
2346 1938 2472 2001 post
2517 1942 2743 1999 operum
2773 1929 3041 1983 bonorum
3072 1924 3461 1995 perfectionem
3489 1922 3545 1976 in
3601 1918 3731 1991 Spi-

2123 2025 2265 2079 ritus
2285 2022 2457 2078 sancti
2486 2022 2661 2092 gratia
2702 2027 3022 2091 perpetuam
3057 2031 3279 2088 sperare
3303 2016 3563 2085 quietem.
3600 2011 3728 2067 Pri-

2121 2132 2211 2171 ma
2232 2130 2362 2185 ergo
2390 2112 2683 2185 singularis
2723 2111 2814 2166 illa
2857 2109 3217 2173 hebdomada,
3250 2116 3305 2162 et
3328 2123 3357 2161 a
3382 2121 3487 2177 qua
3514 2112 3734 2161 caeteras

2123 2205 2355 2260 formam
2382 2210 2691 2273 capessunt,
2725 2200 2909 2257 divina
2942 2207 3026 2255 est
3067 2198 3383 2269 operatione
3431 2194 3684 2251 sublimis
3710 2207 3729 2245 :

2121 2297 2250 2367 quia
2280 2296 2544 2351 Dominus
2584 2309 2679 2349 sex
2712 2292 2903 2349 diebus
2928 2290 3113 2347 mundi
3143 2298 3395 2345 ornatum
3425 2286 3730 2359 complens,

2120 2389 2350 2461 septima
2374 2385 2641 2457 requievit
2669 2385 2737 2439 ab
2780 2384 3035 2457 operibus
3061 2383 3215 2439 suis:
3263 2383 3356 2439 ubi
3402 2380 3731 2446 notandum,

2122 2480 2265 2549 quod
2296 2494 2402 2533 non
2436 2478 2558 2533 ideo
2584 2478 2836 2532 senarius
2865 2490 3125 2531 numerus
3156 2482 3241 2529 est
3262 2472 3564 2544 perfectus,
3597 2472 3730 2542 quia

2122 2572 2385 2627 Dominus
2413 2570 2468 2623 in
2506 2583 2572 2623 eo
2621 2567 2809 2623 mundi
2855 2582 3020 2637 Opera
3059 2565 3386 2637 perfecerit:
3426 2565 3523 2620 sed
3564 2563 3737 2635 (sicut

2119 2660 2454 2733 Augustinus
2508 2658 2607 2728 ait)
2662 2658 2786 2713 ideo
2840 2656 3126 2723 Dominus,
3183 2656 3276 2727 qui
3329 2654 3513 2710 omnia
3564 2650 3733 2708 simul

2122 2768 2313 2809 creare
2350 2750 2586 2815 valebat,
2645 2748 2702 2803 in
2746 2763 2813 2803 eo
2872 2748 3123 2820 dignatus
3176 2754 3260 2817 est
3305 2746 3559 2816 operari:
3598 2744 3732 2815 quia

2120 2858 2382 2900 numerus
2415 2850 2500 2898 est
2524 2840 2618 2896 ille
2642 2839 2935 2911 perfectus;
2982 2850 3043 2893 ut
3080 2838 3244 2893 etiam
3272 2853 3371 2909 per
3394 2838 3538 2893 hunc
3559 2851 3733 2908 opera

2121 2951 2219 2990 sua
2248 2935 2505 3005 probaret
2529 2948 2648 2991 esse
2678 2932 2938 3003 perfecta,
2972 2932 3063 3001 qui
3107 2931 3216 2986 suis
3245 2931 3491 3000 partibus
3516 2930 3734 3001 primus

2122 3023 2403 3094 impletur,
2433 3023 2487 3077 id
2514 3030 2621 3087 est,
2655 3031 2810 3076 sexta
2836 3029 2892 3076 et
2915 3021 3076 3075 tertia
3103 3028 3158 3074 et
3178 3020 3420 3086 dimidia,
3449 3034 3571 3089 qua:
3598 3028 3732 3073 sunt

2123 3129 2315 3179 unum,
2352 3115 2458 3169 duo
2506 3121 2559 3167 et
2589 3112 2712 3177 tria,
2763 3120 2819 3167 et
2863 3112 3025 3167 simul
3079 3127 3173 3167 sex
3218 3110 3373 3165 ﬁunt.
3426 3111 3510 3166 Ad
3561 3111 3729 3181 hujus

410 3218 710 3273 paucorum
738 3213 822 3260 est
868 3205 1171 3276 spiritalem
1218 3206 1553 3262 intellectum
1604 3207 1814 3263 rimari.
1879 3208 2018 3277 Quia
2047 3180 2091 3242 (ἶ
2124 3206 2432 3276 exemplum
2481 3205 2679 3259 divina:
2723 3202 3091 3257 hebdomadis
3128 3202 3365 3257 secunda
3412 3200 3729 3257 hominibus

414 3294 558 3349 enim
580 3303 790 3350 mentes
810 3296 1112 3350 carnalium
1138 3297 1253 3351 sola
1277 3313 1419 3368 saepe
1439 3298 1665 3353 historia
1689 3310 2013 3369 pascuntur:

410 3385 664 3454 loquente
693 3386 805 3441 Deo
831 3387 983 3441 stetit
1028 3387 1257 3458 populus
1289 3388 1357 3443 de
1382 3389 1536 3460 longe
1564 3407 1576 3443 :
1603 3391 1727 3459 quia
1752 3406 1885 3447 vero
1912 3392 2019 3461 spi-

409 3476 597 3532 ritales
620 3476 821 3548 quique
849 3478 1235 3549 allegoriarum
1283 3479 1480 3535 nubem
1512 3490 1796 3549 penetrant
1830 3491 1886 3537 et
1910 3484 2019 3554 spi-

414 3569 651 3625 ritaliter
687 3571 785 3624 Dei
814 3572 978 3626 verba
1024 3582 1389 3642 cognoscunt:
1438 3573 1649 3645 Moyses
1693 3576 1925 3632 accessit
1950 3577 2018 3632 ad

412 3657 723 3728 caliginem,
747 3659 802 3712 in
828 3672 933 3727 qua
960 3668 1079 3712 erat
1108 3660 1271 3715 Deus.
1305 3658 1439 3715 Hinc
1468 3668 1520 3714 et
1560 3660 1614 3714 in
1640 3661 1851 3731 psalmo
1878 3663 2015 3717 dici-

412 3755 500 3800 tur
527 3760 542 3799 :
580 3744 763 3818 Caligo
795 3747 890 3801 sub
918 3747 1134 3817 pedibus
1178 3748 1289 3816 ejus
1330 3746 1503 3818 (Psal.
1542 3749 1676 3819 xvu)
1704 3766 1719 3815 ;
1751 3750 1880 3819 quia
1910 3764 2018 3805 non

411 3852 476 3895 ea
514 3839 762 3895 claritate
794 3840 935 3895 Deus
978 3841 1047 3894 ab
1098 3838 1447 3895 inferioribus
1498 3841 1767 3907 cernitur,
1826 3857 1933 3911 qua
1962 3843 2018 3898 in

413 3930 783 4000 superioribus
808 3928 1139 3985 dominatur.
1186 3929 1316 3996 Quae
1363 3932 1629 3985 sententia
1659 3940 1713 3986 et
1745 3930 1903 3987 aliter
1932 3932 2016 3986 in-

414 4021 579 4092 telligi
618 4029 834 4092 potest:
869 4022 1042 4090 caligo
1074 4035 1201 4075 vero
1228 4022 1318 4075 hic
1362 4022 1617 4076 Diabolus
1666 4031 1772 4089 est,
1800 4023 1891 4092 qui
1925 4024 2019 4079 bo-

414 4113 622 4167 minum
650 4121 860 4167 mentes
901 4112 1191 4175 innubilat,
1241 4112 1370 4166 dum
1396 4113 1643 4168 veritatis
1672 4113 2019 4181 splendorem

413 4222 523 4261 non
550 4203 681 4261 facit
722 4204 927 4269 videre,
979 4218 1115 4274 quas
1156 4204 1416 4273 possidet.
1460 4204 1568 4259 Sub
1597 4205 1815 4275 pedibus
1860 4207 2017 4276 ejus:

414 4301 541 4370 quia
566 4301 682 4356 sine
704 4298 866 4355 dubio
895 4295 1175 4366 majestate
1201 4296 1419 4351 Domini
1470 4296 1769 4353 Salvatoris
1795 4299 2015 4379 concul-

414 4400 571 4446 catur
601 4389 996 4445 dtemoniorum
1025 4388 1359 4445 exsecranda
1385 4388 1647 4457 nequitia,
1674 4389 1815 4443 sicut
1842 4390 1896 4443 in
1920 4404 2017 4442 no-

416 4482 695 4553 nagesimo
723 4479 933 4550 psalmo
955 4479 1157 4535 dictum
1186 4486 1270 4534 est
1294 4497 1306 4532 :
1342 4477 1509 4549 Super
1536 4480 1771 4546 aspidem
1801 4490 1848 4533 et
1879 4480 2018 4533 basi-

416 4572 604 4627 liscum
629 4571 941 4633 ambulabis,
965 4578 1013 4624 et
1058 4568 1387 4623 conculcabis
1433 4570 1631 4623 leonem
1656 4579 1703 4622 et
1733 4571 2017 4625 draconem

419 4663 595 4737 (Psal.
620 4664 751 4735 xc);
801 4664 933 4719 item
960 4660 1136 4732 caligo
1180 4660 1451 4729 signiﬁcat
1487 4660 1788 4714 cmcitatem
1839 4660 2020 4715 cordis

416 4763 848 4828 persecutorum.
879 4752 1017 4808 Hinc
1039 4751 1297 4807 Dominus
1322 4751 1389 4805 ad
1420 4747 1520 4805 Job
1549 4751 1624 4804 ait
1651 4767 1662 4803 :
1710 4750 1843 4816 Quis
1871 4748 2019 4804 clau—

418 4851 483 4905 sit
505 4850 651 4904 ostiis
679 4864 845 4913 mare,
870 4846 1081 4917 quando
1122 4830 1418 4913 erumpebat
1451 4844 1601 4913 quasi
1629 4844 1693 4897 de
1719 4842 1871 4898 vulva
1896 4859 2021 4913 pro-

423 4943 631 5008 cedens,
663 4956 780 4995 cum
802 4955 1045 5011 ponerem
1077 4937 1263 4991 nubem
1290 4936 1647 4989 vestimentum
1680 4935 1819 5004 ejus,
1858 4942 1906 4989 et
1936 4951 2025 4988 ca-

423 5035 581 5104 ligine
627 5031 761 5085 illud
809 5031 959 5100 quasi
1011 5030 1198 5099 pannis
1250 5027 1491 5095 infantia
1522 5025 1840 5081 obvolvcrem
1873 5024 2016 5097 (Job.

423 5127 578 5196 xxx).
635 5124 784 5178 Mare
834 5122 1060 5177 saeviens
1093 5122 1233 5176 nube
1278 5120 1538 5185 induitur,
1576 5120 1703 5187 quia
1730 5118 2022 5173 crudelitas

424 5216 870 5292 persequentium
902 5212 1143 5268 stultitia:
1188 5226 1300 5265 sua:
1330 5211 1631 5265 velamento
1667 5210 1898 5264 vestitur
1924 5228 1935 5262 :
1966 5218 2022 5264 et

426 5312 771 5383 perspicuam
801 5308 1047 5363 veritatis
1072 5306 1245 5360 lucem
1277 5306 1457 5361 videre
1485 5321 1592 5359 non
1619 5304 1836 5369 suﬁicit,
1868 5314 1922 5359 et
1943 5304 2018 5370 id,

428 5405 573 5473 quod
624 5402 801 5470 agitur
842 5416 939 5469 per
986 5397 1377 5462 crudelitatem,
1419 5411 1515 5467 per
1563 5397 1864 5451 caccitatem
1914 5412 2020 5450 non

432 5493 697 5566 agnoscit.
726 5492 860 5558 Quia
892 5506 1018 5559 ergo
1062 5498 1433 5559 persecutores
1468 5487 1722 5541 Ecclesia:
1763 5488 2025 5541 instabili-

434 5594 544 5639 tate
589 5582 767 5637 cordis
817 5582 1037 5649 inquieti
1090 5590 1249 5649 atque
1302 5579 1426 5633 huic
1475 5579 1672 5631 saeculo
1720 5578 1886 5631 dediti
1916 5593 2023 5632 non

435 5673 678 5744 grandia,
726 5672 819 5726 sed
849 5672 1072 5740 puerilia
1114 5671 1349 5739 sapiunt,
1388 5685 1622 5739 superno
1667 5666 1869 5737 judicio
1898 5683 2025 5722 con-

440 5764 797 5834 stringuntur,
843 5778 913 5819 ne
954 5772 1159 5819 tantum
1202 5762 1455 5833 persequi
1487 5760 1719 5825 valeant,
1766 5770 2022 5829 quantum

2045 4539 2097 4597 D

2121 3296 2463 3355 observanda
2500 3296 2810 3360 mandatur,
2853 3294 3064 3349 dicente
3104 3293 3333 3348 Domino
3365 3310 3377 3345 :
3420 3308 3513 3348 sea:
3540 3292 3731 3349 diebus

2121 3391 2416 3462 Operaberis
2441 3402 2487 3443 et
2509 3389 2670 3458 facies
2699 3387 2873 3442 omnia
2914 3401 3069 3454 Opera
3114 3394 3205 3437 tua
3232 3397 3250 3435 .'
3295 3383 3513 3454 septimo
3546 3393 3729 3439 autem

2119 3483 2203 3537 die
2254 3480 2473 3535 Sabbati
2521 3478 2734 3533 Domini
2771 3476 2869 3529 Dei
2911 3476 2989 3529 tui
3036 3492 3139 3529 non
3185 3475 3345 3544 facies
3390 3490 3541 3529 omne
3568 3490 3724 3550 opus.

2121 3575 2225 3631 Sea:
2245 3576 2383 3643 enim
2412 3572 2592 3625 diebus
2616 3569 2735 3639 fecit
2764 3567 3023 3623 Dominus
3049 3566 3234 3622 caelum
3257 3576 3308 3622 et
3328 3577 3545 3633 terram,
3568 3584 3720 3622 mare

2119 3675 2169 3720 et
2218 3664 2417 3729 omnia,
2458 3679 2573 3733 qua;
2613 3663 2669 3715 in
2715 3662 2789 3715 eis
2824 3669 2987 3713 sunt:
3036 3669 3084 3713 et
3121 3659 3369 3729 requievit
3417 3659 3473 3712 in
3502 3659 3726 3729 septimo

2122 3756 2319 3827 (Exod.
2347 3754 2440 3825 xx)
2468 3768 2635 3823 ;‘quae
2668 3766 2701 3805 a
2750 3750 2947 3821 populo
2974 3748 3072 3805 Dei
3104 3748 3441 3805 hebdomada
3472 3749 3547 3804 ita
3574 3762 3725 3804 com-

2120 3846 2411 3917 putabatur
2442 3841 2740 3913 antiquitus
2776 3860 2789 3894 :
2842 3839 3017 3910 prima
3068 3840 3280 3896 sabbati
3328 3840 3414 3895 vel
3459 3856 3568 3896 una
3610 3846 3733 3895 δινν-

2121 3935 2233 3989 bati
2297 3935 2411 3989 sive
2487 3933 2871 3998 sabbatorum,
2947 3930 3183 3987 secunda
3254 3930 3508 3997 sabbati,
3561 3932 3727 3988 tertia

2123 4027 2356 4091 sabbati,
2405 4033 2599 4097 quarta
2652 4023 2886 4089 sabbati,
2926 4024 3113 4093 quinta
3143 4023 3377 4091 sabbati,
3410 4032 3566 4079 sexta
3602 4024 3730 4079 sab-

2121 4119 2255 4183 bati,
2312 4118 2539 4187 septima
2592 4114 2820 4177 sabbati,
2879 4113 2964 4169 vel
3015 4114 3298 4170 sabbatum
3339 4132 3351 4168 :
3418 4130 3528 4169 non
3578 4116 3727 4185 quod

2122 4222 2311 4263 omnes
2375 4206 2757 4271 sabbatorum,
2809 4205 2914 4259 hoc
2959 4213 3081 4270 est,
3136 4205 3532 4277 requietionum
3586 4206 3730 4273 dies,

2122 4315 2242 4369 qua:
2270 4313 2366 4354 suo
2396 4297 2614 4352 nomine
2642 4305 2698 4351 et
2734 4295 2883 4350 cultu
2931 4296 3219 4365 singularis
3265 4297 3583 4364 excellebat,
3614 4300 3729 4369 pri—

2122 4406 2209 4445 ma
2238 4390 2322 4445 vel
2360 4388 2597 4443 secunda
2625 4387 2711 4443 vel
2761 4389 2943 4453 tertia,
2988 4387 3073 4441 vel
3118 4397 3328 4443 cetera:
3364 4404 3463 4443 suo
3496 4404 3733 4460 quaeque

2122 4491 2476 4537 censerentur
2499 4495 2567 4533 ex
2593 4478 2800 4534 ordine.
2844 4478 3027 4534 Tertia
3047 4478 3257 4549 species
3286 4480 3642 4536 hebdomadis
3668 4483 3731 4539 in

2124 4573 2485 4628 celebratione
2538 4570 2882 4626 Pentecostes
2935 4571 3111 4641 agitur
3138 4612 3153 4639 ,
3215 4580 3419 4643 septem
3470 4574 3731 4630 videlicet

2126 4664 2441 4734 septimanis
2468 4663 2694 4727 dierum,
2750 4671 2807 4717 et
2842 4666 3092 4731 monade,
3149 4666 3253 4722 hoc
3288 4675 3392 4733 est,
3449 4669 3729 4739 quinqua-

2127 4757 2275 4825 ginta
2306 4754 2495 4809 diebus
2545 4754 2801 4825 impleta:
2852 4769 2960 4824 qua
2996 4755 3083 4811 die
3118 4765 3173 4811 et
3202 4756 3414 4828 Moyses
3442 4762 3729 4831 ardentem

2128 4843 2501 4900 conscendens
2528 4844 2583 4898 in
2619 4852 2882 4909 montem,
2923 4844 3095 4916 legem
3123 4846 3189 4901 de
3236 4846 3375 4904 cmlo
3410 4851 3641 4920 accepit,
3670 4860 3733 4907 et

2130 4936 2379 4993 Christus
2408 4937 2464 4991 in
2506 4936 2702 5006 linguis
2727 4937 2900 5006 igneis
2931 4936 3163 5008 Spiritus
3201 4942 3375 4996 sancti
3400 4944 3633 5011 gratiam
3659 4945 3735 5004 de

2130 5028 2265 5084 cmlo
2294 5028 2459 5081 misit.
2490 5026 2693 5094 Quarta
2725 5027 2940 5098 septimi
2988 5030 3193 5085 mensis
3221 5039 3340 5086 erat
3360 5032 3727 5103 hebdomada,

2130 5123 2222 5190 qui
2278 5120 2706 5176 solemnitatibus
2759 5121 3035 5190 prmelaris
3085 5138 3222 5193 pene
3275 5134 3418 5181 totus
3454 5126 3733 5195 expende-

2130 5214 2309 5278 batur,
2342 5214 2484 5269 inter
2520 5214 2655 5283 qnas
2689 5214 2960 5282 praacipue
3004 5215 3122 5269 dies
3150 5217 3550 5285 propitiationis
3584 5216 3734 5272 emi-

2132 5304 2313 5369 nebat,
2346 5318 2451 5372 qua
2482 5302 2595 5357 sola
2622 5316 2720 5372 per
2748 5318 2948 5357 annum
2990 5305 3255 5373 pontifex,
3285 5306 3544 5362 derelicto
3587 5307 3732 5364 foris

2131 5394 2348 5465 populo,
2377 5391 2560 5448 sanct'a
2588 5400 2897 5447 sanctorum
2925 5393 3176 5459 intrabat,
3205 5396 3397 5451 annuis
3416 5406 3576 5452 antea
3598 5396 3727 5453 fru-

2130 5486 2325 5551 ctibus,
2356 5485 2458 5540 hoc
2490 5492 2592 5549 est,
2624 5484 2899 5545 frumenti,
2941 5486 3051 5540 vini
3076 5494 3129 5541 et
3155 5488 3261 5543 olei
3290 5504 3356 5543 ex
3381 5489 3570 5544 ordine
3602 5488 3725 5545 col-

2129 5576 2317 5633 lectis:
2376 5577 2686 5647 signiﬁcans
2727 5577 2908 5633 Jesum
2963 5579 3269 5648 pontiﬁcem
3318 5560 3730 5652 magnum'im-

2132 5672 2268 5739 plcta
2298 5670 2700 5737 dispensatione
2740 5671 2919 5724 carnis
2949 5684 3045 5739 per
3090 5671 3364 5740 proprium
3403 5669 3730 5740 sanguinem

2132 5760 2364 5816 cwlcstis
2400 5761 2547 5831 regni
2574 5761 2768 5832 januas
2814 5761 3182 5831 ingressurum
3208 5770 3265 5817 ut
3295 5766 3551 5830 appareat
3577 5776 3729 5822 nunc
