3930 6332
196 374 293 432 297

1190 373 1283 431 DE
1320 369 1670 430 UNIVERSO
1708 367 1886 425 LIBRI
1924 364 2085 421 XXII.
2127 395 2197 405 —
2231 365 2360 421 LIB.
2404 364 2470 419 Χ.

3348 367 3453 421 298

192 492 352 547 vultui
398 492 490 546 Dei
518 503 616 559 pro
662 489 815 544 nobis
843 490 931 560 qui
981 487 1112 544 foris
1157 488 1333 545 adhuc
1359 488 1519 559 positi
1544 493 1769 556 praesto-
1795 489 1849 549 Α
1872 495 2067 536 norum
2088 480 2354 535 mensium
2383 477 2655 533 lunarium
2682 477 3102 548 quadringentos
3130 480 3455 549 nonaginta:

190 585 360 640 lamur
383 593 436 638 et
458 582 730 653 diligimus
762 582 1053 637 adventum
1099 581 1253 651 ejus:
1310 579 1404 634 ubi
1447 578 1765 641 notandum,

189 678 308 746 quia
335 674 477 728 sicut
513 673 731 742 quidam
767 671 1031 727 immundi
1055 687 1153 740 per
1179 671 1354 740 legem
1404 669 1579 736 prima
1607 667 1767 722 tertia

185 774 238 821 et
262 763 488 833 septima
537 763 623 819 die
664 763 984 818 videbantur
1034 761 1291 816 lustrari:
1347 759 1429 814 sic
1457 766 1512 814 et
1538 758 1764 828 primus,

185 852 370 909 tertius
397 869 463 909 ac
501 854 761 923 septimus
810 852 1013 907 mensis
1051 852 1166 907 suis
1202 851 1404 921 quique
1430 848 1768 904 caeremoniis

182 943 404 999 extitere
428 942 718 998 solemnes.
751 940 949 1008 Quinta
978 940 1315 996 hebdomada
1363 939 1576 1011 septimi
1616 937 1766 1003 anni,

182 1048 282 1104 quo
309 1042 425 1088 toto
449 1033 681 1104 populus
720 1033 789 1087 ab
824 1032 1149 1103 agricolandi
1181 1046 1344 1102 opere
1379 1030 1513 1101 legis
1542 1027 1768 1099 imperio

182 1124 417 1189 vacabat,
477 1125 693 1179 dicente
737 1124 1001 1180 Domino:
1059 1122 1163 1178 Sea:
1218 1124 1370 1177 annis
1406 1138 1545 1177 seres
1584 1136 1767 1192 agrum

182 1217 583 1287 tuum,>septimo
608 1217 831 1270 cessabis
854 1215 997 1287 (Lev.
1024 1214 1173 1288 xxv).
1203 1214 1369 1270 Sexta
1390 1213 1519 1268 anni
1542 1211 1767 1283 jubilazi,

182 1309 275 1365 hoc
316 1316 420 1374 est,
480 1309 817 1364 remissionis
864 1309 1203 1363 hebdomada
1251 1315 1356 1373 est,
1386 1321 1507 1377 quae
1562 1313 1769 1376 septem

181 1397 602 1455 hebdomadibus
634 1416 919 1464 annorum,
961 1400 1064 1454 hoc
1095 1407 1197 1463 est,
1253 1415 1382 1453 xux
1435 1397 1595 1452 annis
1626 1395 1768 1449 texi-
1794 1464 1799 1469 π

186 1499 441 1560 tur:.qua
473 1490 711 1561 expleta,
768 1492 871 1545 hoc
901 1497 1007 1556 est,
1056 1489 1504 1559 quinquagesimo
1551 1490 1769 1543 demum

184 1595 313 1636 anno
340 1582 655 1651 incipiente,
695 1581 837 1635 tubte
862 1580 1061 1636 clarius
1096 1582 1443 1646 resonabant,
1472 1588 1528 1634 et
1562 1579 1629 1635 ad
1656 1592 1771 1632 om-

184 1688 270 1727 nes
285 1671 439 1741 juxta
470 1672 644 1744 legem
667 1674 935 1744 possessio
964 1674 1340 1730 revertebatur
1367 1672 1609 1742 antiqua.
1668 1671 1766 1725 Se-

182 1768 337 1838 ptima
367 1768 579 1837 species
616 1768 969 1824 hebdomadis
994 1776 1099 1832 est,
1132 1784 1242 1838 qua
1288 1768 1550 1838 propheta
1580 1762 1769 1819 Daniel

1872 577 1964 646 qui
1990 585 2115 631 sunt
2137 575 2263 629 anni
2293 574 2497 629 solares
2529 573 2905 644 quadringenti
2936 574 3278 644 septuaginta
3303 576 3461 645 quin—

1872 681 1977 736 que
2001 707 2013 720 .
2045 666 2316 735 siquidem
2344 664 2523 720 Persa:
2551 680 2582 719 a
2610 664 2838 735 praefato
2864 666 3123 721 vicesimo
3152 682 3293 720 anno
3319 667 3463 736 regis

1868 756 2188 811 Artaxerxis
2215 771 2386 826 usque
2426 758 2492 811 ad
2526 766 2754 813 mortem
2786 758 2933 813 Darii
2978 768 3343 829 regnaverunt
3367 775 3463 814 an-

1869 852 1953 905 nis
1986 865 2134 906 cxvr.
2179 836 2259 903 Ei:
2308 848 2439 903 hinc
2482 849 2802 906 Macedones
2850 865 3022 921 usque
3067 850 3135 905 ad
3186 851 3463 906 interitum

1869 942 2167 1013 Cleopatrae
2208 941 2367 995 annis
2398 942 2654 996 trecentis
2702 960 2714 994 :
2759 942 2884 997 inde
2928 941 3159 996 Romani
3201 956 3371 1012 usque
3398 943 3467 996 ad

1869 1034 2160 1103 septimum
2198 1032 2468 1087 decimum
2507 1031 2711 1087 Tiberii
2743 1031 2973 1088 Caesaris
3014 1049 3213 1087 annum
3250 1049 3469 1088 monar-

1870 1126 2049 1181 chiam
2078 1134 2370 1181 tenuerunt
2403 1126 2558 1181 annis
2586 1143 2697 1191 ιιι,
2729 1126 2821 1195 qui
2860 1136 2985 1181 sunt
3021 1129 3179 1183 simul
3211 1129 3293 1199 (ut
3327 1128 3468 1183 dixi-

1869 1217 2012 1289 mus)
2030 1218 2158 1273 anni
2182 1233 2476 1284 ccccaxxv,
2502 1226 2559 1273 et
2582 1218 2927 1273 continentur
2946 1219 3167 1277 circulis
3195 1222 3468 1276 decenno-

1869 1310 2153 1365 venalibus
2188 1325 2313 1365 xxv.
2364 1310 2556 1365 Decies
2593 1311 2781 1366 novies
2820 1312 2965 1366 enim
3009 1313 3186 1367 viceni
3225 1322 3280 1368 et
3318 1313 3467 1382 quini

1872 1396 2009 1451 ﬁunt
2028 1413 2316 1454 ccccnxxv.
2342 1399 2411 1454 Et
2430 1400 2557 1470 quia
2578 1400 2807 1469 singulis
2826 1401 3045 1456 circulis
3065 1401 3368 1457 embolismi
3390 1418 3467 1456 vn

1871 1499 2208 1563 accrescunt,
2227 1492 2521 1562 multiplica
2537 1510 2644 1549 xxv
2662 1509 2760 1563 per
2774 1510 2871 1561 vn,
2896 1494 3031 1551 ﬁunt
3051 1510 3223 1549 αχεν
3236 1496 3328 1564 qui
3343 1503 3472 1551 sunt

1871 1581 2175 1637 embolismi
2218 1598 2437 1639 menses
2467 1586 2989 1656 quadringentorum
3016 1602 3155 1643 Lxxv
3182 1603 3470 1643 annorum.

1873 1675 1928 1731 Si
1959 1691 2089 1747 ergo
2116 1676 2197 1731 vis
2223 1676 2365 1733 scire
2398 1685 2533 1747 quot
2567 1692 2739 1734 annos
2784 1678 3002 1735 lunares
3032 1680 3213 1737 facere
3240 1682 3473 1752 possint,

1871 1768 2078 1837 partire
2089 1784 2263 1823 caxxv
2275 1783 2373 1837 per
2386 1784 2461 1823 xu
2473 1810 2487 1834 ,
2504 1769 2795 1826 duodecies
2809 1771 2931 1826 deni
2944 1779 2998 1826 et
3009 1774 3258 1841 quaterni
3273 1788 3473 1828 cum:

183 1859 358 1924 utitur,
389 1873 543 1913 more
589 1858 805 1927 quidem
846 1859 1002 1929 legis,
1034 1859 1272 1929 septenis
1322 1859 1478 1913 annis
1528 1854 1767 1927 singulas
1795 1843 1843 1903 Β
1871 1876 2290 1932 xxvergoannos
2304 1860 3477 1933 faciunt,etremanentmensesaniosjun.

183 1951 537 2021 complectens
565 1951 955 2018 hebdomadas,
980 1953 1075 2008 sed
1096 1967 1237 2007 nova
1261 1952 1475 2008 ratione
1495 1951 1641 2020 ipsos
1664 1964 1762 2003 an-

183 2058 275 2099 nos
296 2044 643 2108 abbrevians,
698 2044 959 2099 duodenis
1005 2043 1257 2099 videlicet
1302 2042 1580 2097 mensibus
1625 2040 1765 2093 lunze

183 2136 411 2207 singulos
437 2136 831 2203 determinans,
862 2135 1211 2192 embolismos
1241 2149 1373 2190 vero
1408 2148 1646 2199 menses,
1673 2130 1767 2202 qui

182 2228 243 2283 de
265 2228 455 2283 annuis
479 2229 738 2284 undecim
767 2237 1082 2297 epactarum
1117 2228 1306 2283 diebus
1335 2239 1649 2281 accrescere
1677 2238 1766 2278 so-

182 2315 305 2383 lent,
329 2318 384 2373 in
413 2318 534 2391 lege
563 2320 737 2391 patria
792 2319 951 2374 tertio
999 2317 1084 2373 vel
1138 2317 1306 2372 altero
1357 2329 1499 2370 anno
1528 2311 1768 2384 singulos

183 2409 428 2478 adjiciens
452 2431 466 2466 :
519 2414 618 2469 sed
645 2413 737 2468 ubi
767 2413 835 2468 ad
861 2412 1240 2468 duodecimum
1265 2424 1551 2465 numerum
1599 2422 1765 2478 auge-

182 2507 370 2562 scendo
381 2507 753 2577 pervenirent,
771 2522 872 2577 pro
890 2507 1103 2578 integro
1124 2520 1267 2559 anno
1280 2520 1345 2575 pa
1353 2504 1485 2559 riter
1498 2503 1763 2557 inserens.

184 2597 289 2654 Hoc
312 2608 491 2655 autem
522 2599 657 2656 fecit
696 2614 807 2655 non
835 2599 1083 2654 veritatis
1125 2596 1490 2668 cognitionem
1519 2607 1766 2664 quaeren-

184 2689 318 2745 tibus
364 2690 659 2747 invidendo
697 2707 712 2745 :
764 2692 857 2747 sed
885 2691 1183 2762 prophetiae
1218 2703 1370 2746 more
1410 2690 1588 2761 ipsum
1623 2704 1770 2759 quae-

185 2781 411 2835 rentium
439 2782 751 2836 exercendo
796 2782 1099 2853 ingenium,
1150 2782 1359 2838 malens
1406 2782 1594 2852 utique
1643 2795 1774 2835 suas

187 2871 495 2939 margaritas
526 2886 557 2924 a
586 2871 711 2925 ﬁliis
740 2872 952 2928 clausas
992 2871 1269 2928 fructuosa
1309 2870 1509 2926 sudore
1548 2869 1773 2925 investi-

187 2960 312 3030 gari,
339 2977 501 3031 quam
546 2960 801 3031 profusas
845 2979 875 3016 a
912 2962 1095 3032 porcis
1123 2961 1405 3017 fastidiosa
1430 2960 1773 3031 despectione

187 3049 396 3111 calcari.
446 3051 651 3106 Verum
707 3061 767 3106 ut
813 3054 931 3107 haec
976 3051 1215 3123 apertius
1268 3051 1601 3115 elucescant,
1656 3049 1775 3118 ipsa

182 3139 286 3209 jam
314 3142 489 3213 angeli
516 3143 589 3197 ad
614 3146 936 3214 prophetam
980 3145 1157 3199 edicta
1198 3144 1517 3199 videamus:
1549 3141 1775 3212 Septua-

1867 1971 1933 2023 ge
1949 1956 2015 2008 ad
2041 1955 2439 2022 suprascriptos
2461 1970 2752 2020 ccccnxxv,
2784 1955 3435 2013 ﬁuntsimulceccutxrxx
3458 1973 3474 2021 ;

1869 2044 2006 2098 adde
2027 2052 2081 2097 et
2102 2057 2321 2098 menses
2336 2041 2637 2113 superﬂuos
2651 2058 2727 2098 vn
2746 2053 3066 2115 partemque
3082 2047 3260 2100 octavi
3278 2048 3477 2119 decimi

1869 2134 1997 2187 anni
2051 2133 2263 2202 imperii
2316 2128 2541 2198 Tiberii,
2579 2148 2688 2203 quo
2724 2133 2988 2190 Dominus
3034 2151 3227 2207 passus
3270 2146 3387 2204 est,
3422 2146 3479 2193 et

1869 2214 2175 2297 invenies‘a
2206 2232 2450 2295 tempore
2478 2224 2748 2294 praeﬁnito
2797 2227 2863 2282 ad
2904 2227 3022 2298 ejus
3066 2244 3241 2299 usque
3268 2231 3477 2300 passio-

1871 2330 1997 2370 nem
2028 2315 2396 2371 hebdomadas
2444 2331 2549 2371 Lxx
2600 2315 2961 2385 abbreviatas,
3014 2319 3120 2375 hoc
3157 2330 3261 2387 est,
3308 2336 3480 2377 annos

1870 2410 2091 2466 lunares
2111 2422 2338 2472 ccccxc;
2366 2407 2435 2461 ad
2453 2405 2570 2475 ejus
2598 2422 2729 2463 vero
2757 2410 3109 2479 baptismum,
3139 2414 3355 2482 quando
3378 2430 3479 2468 un-

1874 2505 1994 2555 ctus
2024 2506 2107 2555 est
2133 2508 2357 2555 sanctus
2384 2507 2722 2566 sanctorum,
2755 2500 3117 2557 descendente
3159 2519 3322 2573 super
3355 2520 3480 2560 eum

1874 2588 2083 2660 Spiritu
2110 2598 2299 2645 sancto
2348 2590 2488 2646 sicut
2523 2589 2794 2657 columba,
2834 2608 2943 2648 non
2984 2592 3480 2650 solumhebdoma-

1873 2680 1971 2735 das
2001 2696 2077 2735 vit
2109 2690 2165 2737 et
2194 2698 2262 2737 ωε
2315 2682 2451 2737 duas
2488 2681 2656 2737 fuisse
2685 2682 3005 2753 completas,
3044 2684 3139 2738 sed
3166 2692 3221 2739 et
3270 2693 3481 2755 partem

1867 2776 1981 2847 jam
2031 2774 2447 2845 septuagesima:
2481 2774 2834 2831 hebdomadis
2867 2775 3177 2831 inchoatam
3218 2795 3231 2831 :
3264 2778 3333 2831 Et
3367 2786 3481 2849 post

1875 2863 2250 2931 hebdomadas,
2284 2864 2482 2935 inquit,
2538 2880 2610 2920 ιι
2655 2866 2789 2921 duas
2846 2867 3112 2922 occidetur
3163 2868 3403 2924 Christus
3433 2879 3483 2925 et

1876 2969 1982 3008 non
2019 2956 2116 3009 erit
2173 2956 2290 3025 ejus
2342 2954 2568 3027 populus
2611 2957 2701 3027 qui
2750 2973 2868 3011 eum
2903 2968 3190 3028 negaturus
3220 2970 3316 3013 est.
3362 2960 3483 3016 Non

1878 3046 2062 3099 statim
2110 3054 2235 3115 post
2286 3062 2356 3101 ιι
2406 3047 2540 3102 duas
2588 3046 2975 3115 hebdomadas,
3017 3050 3113 3105 sed
3168 3050 3223 3105 in
3254 3051 3363 3106 ﬁne
3392 3066 3483 3108 se-

1876 3136 2232 3209 ptuagesima;
2260 3137 2617 3194 hebdomadis
2644 3139 2859 3195 occisus
2895 3148 2979 3196 est
3004 3138 3286 3197 Christus:
3319 3158 3483 3213 quam

187 3230 342 3301 ginta,
367 3212 569 3302 inquit,
599 3212 946 3288 hebdomade;
993 3234 1301 3289 abbrevialw
1331 3243 1452 3288 sunt
1498 3249 1656 3304 super
1685 3248 1778 3303 po-
1803 3212 1850 3276 Ο
1882 3227 2005 3282 ideo
2036 3227 2321 3298 (quantum
2350 3227 2621 3297 conjicere
2641 3230 2950 3300 possumus)
2983 3232 3286 3302 segregavit
3312 3212 3343 3288 a
3384 3250 3482 3289 cae-

187 3317 359 3387 pulum
381 3328 558 3386 tuum,
582 3330 631 3375 et
668 3337 825 3391 super
852 3321 1034 3375 urbem
1077 3331 1315 3375 sanctam
1360 3330 1526 3385 tuam,
1569 3328 1625 3374 ut
1653 3336 1779 3375 con-

188 3422 466 3465 summetur
487 3413 872 3483 praevaricatio,
902 3422 949 3467 et
975 3413 1133 3483 ﬁnem
1157 3412 1378 3482 accipiat
1404 3421 1692 3482 peccatum,
1728 3420 1779 3467 et

189 3500 413 3555 deleatur
455 3503 733 3573 iniquitas,
782 3511 831 3557 et
866 3502 1165 3557 adducatur
1199 3503 1413 3572 justitia
1441 3504 1775 3574 sempiterna,

189 3598 236 3643 et
253 3590 531 3661 impleatur
563 3592 693 3646 visio
721 3602 769 3646 et
792 3592 1064 3663 prophetia
1089 3602 1138 3646 et
1161 3602 1393 3664 ungatur
1416 3603 1629 3647 sanctus
1656 3610 1780 3648 san-

189 3691 381 3735 ctarum
436 3680 603 3753 (Dan.
636 3680 736 3753 ιχ).
795 3681 934 3736 Nulli
985 3682 1231 3748 dubium,
1281 3683 1414 3753 quin
1465 3684 1582 3739 haec
1614 3683 1780 3738 verba

188 3770 377 3828 Christi
429 3774 862 3829 incarnationem
911 3773 1215 3844 designent,
1246 3773 1339 3844 qui
1389 3773 1512 3828 tulit
1557 3783 1781 3843 peccata

189 3861 385 3927 mundi,
400 3863 579 3934 legem
600 3871 654 3918 et
667 3863 959 3933 prophetas
974 3862 1233 3932 implevit,
1254 3872 1450 3919 unctus
1461 3871 1546 3919 est
1561 3863 1680 3918 oleo
1695 3862 1783 3919 lte-

190 3951 313 4007 titiae
332 3968 444 4022 pne
468 3952 827 4023 participibus
855 3954 1004 4008 suis:
1030 3961 1084 4008 et
1111 3954 1256 4024 quod
1282 3954 1649 4009 hebdomades
1673 3969 1779 4007 Lxx

186 4056 277 4113 per
302 4054 555 4114 septenos
600 4060 770 4100 annos
815 4044 1101 4109 distinctae,
1153 4044 1577 4115 quadringentos
1603 4050 1658 4099 et
1684 4058 1781 4099 no-

189 4135 399 4205 naginta
434 4151 607 4192 annos
636 4137 932 4192 insinuent.
979 4137 1086 4192 Sed
1131 4138 1451 4203 notandum,
1486 4138 1630 4209 quod
1658 4152 1780 4193 eas-

190 4223 303 4279 dem
324 4225 691 4283 hebdomadas
715 4244 825 4283 non
853 4228 1169 4297 simpliciter
1194 4238 1480 4284 annotatas
1503 4230 1618 4284 sive
1637 4243 1781 4284 com-

187 4324 415 4383 putatas,
468 4318 567 4373 sed
596 4319 941 4373 abbreviatas
995 4319 1213 4386 asserit,
1263 4319 1473 4375 occulte
1529 4320 1781 4376 videlicet

188 4402 438 4464 lectorem
466 4424 841 4475 commoneas,
879 4418 939 4464 ut
975 4412 1254 4465 breviores
1300 4411 1459 4465 solito
1485 4426 1655 4466 annos
1684 4426 1781 4465 no-

187 4496 320 4550 verit
346 4498 636 4553 indicatos.
670 4498 812 4553 Scito
852 4516 994 4570 ergo,
1022 4500 1214 4569 inquit,
1252 4510 1299 4554 et
1331 4502 1687 4555 animadverte
1712 4500 1777 4553 ab

186 4587 322 4641 exitu
340 4590 620 4655 sermonis,
657 4599 711 4643 ut
740 4590 927 4643 iterum
967 4590 1258 4660 ludiﬁcetur
1282 4591 1577 4645 Jerusalem
1617 4607 1779 4661 usque

187 4677 251 4730 ad
279 4676 549 4734 Christum
571 4679 755 4734 ducem
776 4680 1123 4734 hebdomades
1145 4690 1339 4750 septem
1356 4691 1412 4763 et.
1430 4681 1777 4736 hebdomades

187 4770 453 4839 sexaginta
483 4770 604 4823 dua:
643 4779 836 4824 erunt:
864 4778 913 4823 et
943 4786 1126 4824 rursus
1154 4770 1505 4839 wdiﬁcabitur
1529 4772 1703 4842 platea
1729 4782 1777 4827 et

185 4860 317 4912 muri
361 4862 418 4915 in
462 4846 711 4932 angustia
759 4864 1003 4932 temporis
1043 4862 1254 4934 (Ibid.).
1313 4864 1484 4919 Esdra
1520 4875 1779 4921 narrante

188 4949 493 5020 didicimus,
524 4954 669 5025 quod
696 4954 948 5010 Neemias
980 4967 1103 5007 cum
1153 4964 1296 5010 esset
1345 4958 1604 5026 pincerna
1635 4959 1777 5028 regis

186 5037 501 5100 Artaxerxis
540 5046 804 5101 vicesimo
844 5059 986 5099 anno
1026 5046 1175 5114 regni
1200 5048 1338 5117 ejus,
1370 5063 1556 5104 mense
1587 5048 1776 5116 Nisan,

184 5128 491 5200 impetravit
526 5137 595 5192 ab
622 5153 686 5193 eo
714 5136 1007 5192 restaurari
1053 5154 1239 5195 muros
1281 5138 1601 5208 Jerusalem,
1647 5150 1780 5195 tem-

183 5225 267 5293 plo
292 5228 465 5284 multo
487 5239 634 5297 ante,
652 5232 794 5303 Cyro
811 5234 1181 5303 permittente,
1208 5243 1547 5300 constructo,
1572 5236 1777 5306 ipsum-

185 5329 283 5384 que
308 5334 446 5389 opus
494 5322 577 5393 (ut
600 5323 804 5378 dictum
847 5325 951 5399 est)
984 5326 1037 5379 in
1068 5328 1315 5398 angustia
1361 5329 1619 5397 temporis
1646 5344 1774 5398 per-

184 5405 407 5468 fecerit:
441 5414 579 5470 adeo
624 5415 828 5473 scilicet
864 5434 893 5471 a
922 5418 1163 5476 ﬁnitimis
1212 5420 1461 5490 gentibus
1489 5421 1771 5490 impugna-

185 5507 285 5569 tus,
324 5513 387 5559 ut
429 5516 733 5565 structores
763 5510 957 5579 singuli
996 5511 1173 5581 gladio
1222 5530 1377 5569 renes
1405 5514 1633 5569 accincti
1667 5530 1773 5566 una

185 5606 355 5651 manu
381 5612 679 5670 pugnasse,
706 5598 878 5655 altera
924 5618 1139 5657 murum
1168 5619 1517 5676 recuperasse
1544 5620 1772 5660 narren-

188 5694 285 5741 tur.
312 5689 396 5745 Ab
423 5691 530 5746 hoc
552 5704 680 5762 ergo
710 5700 948 5764 tempore
974 5711 1143 5765 usque
1184 5698 1251 5750 ad
1280 5698 1557 5754 Christum
1585 5701 1774 5756 ducem

190 5777 549 5839 hebdomades
579 5799 685 5837 ιιι
738 5800 1010 5857 computa,
1054 5792 1155 5848 hoc
1203 5802 1303 5860 est,
1357 5810 1528 5849 annos
1574 5795 1777 5852 duode-

510 5875 631 5939 Ρη
643 5892 789 5938 non.
854 5879 1017 5944 CXI.

1883 3318 2058 3373 teris:
2114 3318 2242 3389 quia
2279 3316 2349 3374 de
2380 3317 2485 3373 hac
2527 3326 2646 3374 erat
2699 3319 2857 3390 plura
2910 3320 3219 3377 relaturus:
3273 3337 3401 3377 nam
3432 3332 3487 3378 et

1880 3410 2133 3467 Christus
2162 3410 2218 3465 in
2263 3410 2355 3465 illa
2389 3411 2704 3477 cruciﬁxus,
2739 3421 2793 3467 et
2838 3428 2869 3467 a
2899 3413 3097 3484 populo
3122 3412 3331 3483 perﬁdo
3378 3431 3485 3471 non

1880 3506 2043 3561 modo
2081 3505 2139 3559 in
2180 3504 2459 3575 passione,
2491 3520 2679 3561 verum
2706 3506 2964 3561 continuo
2994 3522 3062 3561 ex
3089 3522 3197 3576 quo
3221 3522 3251 3560 a
3270 3504 3483 3564 Joanne

1879 3594 2163 3667 praedicari
2195 3596 2376 3666 cmpit,
2406 3606 2633 3667 negatus
2671 3606 2773 3651 est.
2805 3597 3167 3681 Quodiautem
3192 3603 3438 3669 sequitur
3467 3620 3481 3656 :

1881 3685 1951 3740 Et
1967 3689 2226 3741 civitatem
2246 3696 2296 3743 et
2317 3690 2679 3744 sanctuarium
2698 3688 2973 3761 dissipabit
2988 3691 3197 3762 populis
3212 3709 3330 3748 cum
3351 3694 3484 3749 duce

1880 3787 2121 3845 venturo,
2161 3788 2211 3833 et
2256 3778 2379 3847 finis
2416 3781 2532 3850 ejus
2570 3780 2784 3835 vastitas
2811 3790 2859 3835 et
2885 3790 3000 3853 post
3036 3782 3195 3851 ﬁnem
3224 3785 3344 3839 belli
3371 3795 3482 3839 sta-
3528 3772 3531 3775 Α

1882 3879 1997 3925 tuta
2025 3869 2280 3926 desolatio
2308 3871 2535 3944 (Ibid.);
2579 3888 2687 3928 non
2717 3876 2785 3929 ad
2811 3890 2917 3929 axx
2965 3876 3331 3934 hebdomadas
3354 3894 3482 3949 per-

1882 3960 2036 4013 tinet.
2088 3958 2414 4014 Praedictum
2452 3961 2599 4015 enim
2638 3960 2840 4029 fuerat,
2897 3966 3039 4034 quod
3097 3966 3227 4036 ipsa
3281 3969 3486 4025 hebdo-

1881 4049 2071 4104 mades
2099 4051 2167 4103 ad
2195 4048 2400 4104 Christi
2426 4066 2599 4121 usque
2635 4053 2888 4108 ducatum
2926 4057 3338 4128 pertingerent:
3388 4061 3487 4117 sed

1881 4140 2173 4209 scriptura,
2202 4141 2463 4211 praedicto
2491 4143 2725 4198 adventu
2755 4153 2810 4200 et
2851 4146 3103 4214 passione
3132 4148 3320 4217 ipsius,
3352 4154 3483 4222 quid

1882 4232 2047 4286 etiam
2064 4241 2187 4303 post
2208 4232 2350 4287 hanc
2363 4233 2581 4303 populo,
2601 4235 2691 4304 qui
2715 4250 2840 4290 eum
2858 4238 3103 4306 recipere
3125 4240 3311 4305 nollet,
3335 4251 3485 4299 esset

1883 4337 2223 4393 eventurum,
2253 4328 2508 4383 ostendit.
2546 4329 2747 4386 Ducem
2794 4332 2941 4386 enim
2984 4344 3272 4391 venturum
3302 4337 3485 4393 Titum

1882 4419 2036 4483 dicit,
2065 4419 2158 4489 qui
2210 4419 2626 4491 quadragesimo
2677 4436 2819 4477 anno
2866 4422 3162 4480 Dominica:
3214 4430 3485 4497 passionis

1884 4509 1959 4563 ita
1988 4526 2109 4565 cum
2139 4511 2345 4582 populo
2381 4512 2629 4569 Romano
2674 4516 2947 4570 civitatem
2996 4527 3051 4572 et
3110 4524 3477 4577 sanctuatium

1885 4601 2189 4672 dissipavit,
2218 4610 2278 4657 ut
2322 4620 2428 4660 non
2490 4614 2797 4661 remaneret
2845 4607 2982 4677 lapis
3037 4623 3197 4679 super
3224 4611 3477 4681 lapidem.

1884 4691 2104 4759 Verum,
2154 4695 2239 4751 his
2279 4712 2378 4767 per
2404 4699 2844 4768 anticipationem
2889 4704 3209 4774 przelibatis,
3258 4725 3381 4765 mox
3415 4713 3483 4767 ad

1882 4788 2260 4855 exponendum
2319 4788 2704 4859 hebdomadas,
2763 4808 2927 4863 quam
2980 4798 3282 4866 omiserat,
3341 4804 3483 4858 redit

1884 4882 2157 4929 eventum.
2193 4873 2535 4943 Con/irmabit
2572 4890 2748 4935 autem
2803 4892 3013 4953 pactum
3060 4888 3238 4942 multis
3285 4890 3480 4944 hebdo-

1881 4968 2041 5021 mada
2073 4984 2179 5020 una
2207 4967 2369 5039 (Dan.
2394 4978 2493 5040 ιχ),
2528 4970 2631 5026 hoc
2663 4984 2767 5040 est,
2801 4974 2916 5045 ipsa
2946 4978 3260 5045 novissima,
3288 4981 3340 5035 in
3371 5000 3479 5053 qua

1885 5061 1967 5115 vel
2002 5059 2238 5117 Joannes
2276 5062 2551 5132 Baptista,
2582 5066 2668 5121 vel
2714 5068 2995 5135 Dominus,
3050 5080 3107 5125 et
3150 5074 3376 5141 apostoli
3422 5075 3478 5130 in

1881 5156 2223 5224 praedicando
2271 5158 2469 5212 multos
2512 5159 2578 5213 ad
2634 5159 2791 5215 ﬁdem
2852 5172 3255 5219 converterunt.
3299 5166 3369 5219 Et
3422 5168 3477 5221 in

1882 5245 2099 5299 dimidio
2152 5248 2492 5303 hebdomadis
2543 5251 2742 5319 deﬁciet
2796 5254 2969 5307 hostia
3034 5265 3081 5309 et
3150 5257 3472 5326 sacriﬁcium

1882 5336 2093 5410 (Ibid.).
2147 5338 2436 5395 Dimidium
2488 5344 2836 5400 hebdomadis
2871 5346 3030 5416 hujus
3074 5350 3293 5418 quintus
3323 5351 3474 5406 deci-

1884 5446 2005 5485 mus
2032 5447 2205 5486 annus
2242 5432 2446 5489 Tiberii
2487 5434 2719 5493 Caesaris
2769 5447 2909 5505 erat,
2943 5440 3181 5508 quando,
3219 5440 3475 5497 inchoato

1885 5523 2087 5577 Christi
2152 5525 2525 5593 baptismate,
2592 5529 2893 5584 hostiarum
2958 5530 3265 5599 puriﬁcatio
3336 5534 3469 5588 ﬁde-

1886 5614 2024 5669 libus
2063 5614 2320 5683 paulatim
2348 5617 2611 5675 vilescere
2639 5621 2824 5691 coepit.
2853 5620 2987 5677 Item
3018 5624 3158 5693 quod
3185 5626 3429 5694 sequitur
3454 5644 3469 5681 :

1886 5705 1955 5759 Et
1992 5707 2045 5760 in
2086 5707 2274 5777 templo
2330 5710 2426 5763 erit
2478 5712 2795 5767 abominatio
2836 5712 3191 5779 desolationis,
3231 5724 3277 5768 et
3311 5732 3474 5787 usque

1888 5798 1955 5851 ad
2016 5800 2515 5855 consummationem
2574 5814 2619 5857 et
2678 5804 2833 5873 ﬁnem
2898 5807 3241 5875 perseverabit
3314 5806 3470 5863 deso-

2794 5898 2966 5985 710
