3930 6352
436 370 541 428 299

1068 362 1127 415 Β.
1168 352 1421 415 RABANI
1458 350 1679 412 MAURI
1714 346 2026 410 ARCHIEP.
2068 341 2381 406 MOGUNT.
2422 340 2705 400 OPERUM
2739 339 2918 397 PARS
2954 338 3019 395 Il.

3570 334 3677 392 500

437 481 563 536 latio
590 474 803 551 (Ibid.),
835 475 901 529 ad
945 470 1221 541 sequentia
1259 480 1501 539 tempora
1542 464 1759 535 respicit
1799 480 1810 514 :
1853 458 2005 529 cujus
2031 464 2086 526 Α
2110 458 2201 513 sed
2239 451 2427 551 majori
2467 452 2685 551 insuper
2724 444 3346 551 resurrectionisgloria
3381 442 3681 551 cumulabi-

434 567 733 643 prOphetia
762 565 1045 621 veritatem
1072 570 1127 618 et
1154 557 1379 616 historia
1413 564 1677 620 veterum,
1707 559 1762 608 et
1788 558 2003 643 nostro-

436 641 559 717 rum
582 654 849 728 hodieque
887 663 1187 724 temporum
1225 657 1453 705 testatur
1490 655 1730 703 eventus.
1804 641 2005 698 Octava

436 749 644 821 species
665 746 1018 806 hebdomadis
1046 742 1349 808 uniformis,
1381 747 1437 796 et
1475 739 1587 795 sola
1627 738 1745 793 sine
1777 732 2006 791 circuitu

436 842 785 900 revolutionis
821 847 1030 906 extans,
1078 837 1147 891 ad
1194 835 1419 906 ﬁguram
1459 844 1556 901 per
1597 829 1776 884 omnia
1818 825 2007 896 prima

436 932 785 995 hebdomadis
810 934 1119 990 labentibus
1152 930 1312 999 hujus
1353 924 1532 983 saculi
1561 921 1846 979 conficitur
1873 924 2005 973 ata-

434 1026 599 1087 tibus.
628 1026 815 1083 Prima
842 1026 987 1081 enim
1018 1024 1105 1079 die
1151 1021 1291 1077 facta
1320 1027 1404 1075 est
1436 1016 1547 1084 lux,
1578 1025 1634 1071 et
1654 1013 1827 1085 prima
1850 1018 2008 1065 atate

432 1121 596 1179 homo
624 1119 681 1174 in
716 1116 963 1173 Paradisi
1000 1112 1309 1169 amanitate
1347 1108 1555 1165 iocatur
1591 1124 1603 1159 :
1637 1103 1804 1162 divisa
1831 1100 1952 1156 luce
1976 1114 2009 1153 a

434 1213 672 1269 tenebris
700 1209 900 1266 factum
931 1216 1015 1264 est
1038 1221 1321 1277 vesperum
1340 1244 1354 1270 ,
1386 1210 1440 1258 et
1465 1195 1725 1271 separatis
1755 1192 1849 1248 Dei
1869 1190 2010 1264 {ﬁliis

434 1319 467 1359 a
498 1303 703 1359 semine
730 1314 985 1370 nequam,
1012 1312 1120 1353 non
1144 1294 1301 1365 longe
1348 1292 1469 1362 post
1502 1289 1645 1344 natis
1681 1282 2005 1356 gigantibus,

433 1400 688 1464 corrupta
736 1399 819 1448 est
867 1390 1043 1446 omnis
1070 1394 1242 1464 terra,
1290 1384 1461 1438 donec
1489 1381 1716 1436 Creator
1739 1374 2009 1446 paenitens

434 1498 494 1542 se
518 1462 793 1539 hominem
841 1480 1051 1545 fecisse,
1100 1462 1361 1532 mundum
1390 1471 1590 1527 diluvio
1634 1466 1861 1539 perdere
1896 1464 2008 1518 dis-

435 1578 677 1649 poneret.
719 1572 963 1629 Secunda
993 1570 1079 1625 die
1105 1567 1505 1622 ﬁrmamentum
1550 1556 1605 1617 in
1634 1557 1811 1649 medio
1846 1554 2010 1649 libra-

434 1643 523 1719 tur
552 1673 855 1733 aquarum:
888 1659 1123 1715 secunda
1166 1663 1322 1711 atate
1366 1664 1493 1708 arca
1543 1652 1597 1705 in
1638 1647 1813 1704 medio
1838 1643 2011 1733 fertur

434 1729 700 1824 aquarum
724 1792 741 1817 ,
799 1751 927 1805 hinc
956 1748 1103 1803 fonte
1137 1743 1313 1816 abyssi
1342 1746 1673 1813 supportata,
1708 1736 1855 1791 illinc
1884 1729 2009 1824 cali

2108 559 2213 607 tur.
2238 548 2363 603 Hac
2389 554 2519 601 atas
2538 542 2843 599 hominibus
2872 549 2999 596 tunc
3023 538 3207 608 capit,
3235 537 3449 607 quando
3472 537 3682 606 primus

2106 646 2315 709 martyr
2338 637 2473 692 Abel
2500 651 2727 705 corpore
2766 633 2987 705 quidem
3035 622 3321 693 tumulum,
3352 626 3543 698 spiritu
3586 642 3683 681 au-

2110 741 2219 789 tem
2257 733 2535 788 sabbatum
2588 744 2862 801 perpetua
2901 726 3098 799 quietis
3133 722 3357 781 intravit
3389 744 3401 778 :
3437 723 3683 795 perﬁcie-

2113 834 2201 880 tur
2248 834 2444 889 autem,
2490 821 2703 892 quando
2755 820 2986 889 receptis
3036 815 3237 873 sanctis
3276 816 3594 885 corporibus
3628 815 3686 871 in

2111 923 2255 970 terra
2308 928 2401 967 sua
2433 909 2661 981 duplicia
2712 900 3081 977 possidebunt,
3128 901 3311 961 latitia
3355 906 3686 975 sempiterna

2110 1006 2215 1059 erit
2238 1000 2316 1057 eis
2342 1021 2353 1055 :
2381 1010 2436 1059 et
2462 1000 2577 1070 ipsa
2607 1006 2689 1055 est
2713 1008 2925 1063 octava,
2962 1012 3064 1068 pro
3091 1012 3198 1067 qua
3239 1002 3423 1050 sextus
3446 993 3686 1064 psalmus

2109 1092 2449 1150 inscribitur:
2476 1088 2657 1157 credo,
2690 1090 2813 1160 quia
2842 1090 2896 1143 in
2923 1103 3017 1144 sex
3043 1087 3203 1157 hujus
3233 1086 3410 1142 saculi
3436 1085 3689 1141 aetatibus

2108 1199 2208 1255 pro
2246 1184 2469 1252 septima
2501 1179 2583 1235 vel
2616 1188 2806 1235 octava
2842 1176 2985 1233 illius
3038 1174 3217 1233 saculi
3246 1185 3331 1234 est
3365 1184 3525 1233 atate
3563 1190 3689 1246 sup-

2110 1275 2437 1345 plicandum,
2491 1274 2543 1327 in
2593 1287 2697 1342 qua
2751 1270 2875 1341 quia
2906 1268 3036 1339 justi
3086 1266 3296 1340 gaudia,
3350 1269 3443 1323 sed
3474 1266 3691 1338 reprobi

2112 1374 2236 1421 sunt
2267 1362 2522 1435 supplicia
2549 1359 2877 1432 percepturi,
2919 1358 3164 1414 Psaimus
3199 1354 3327 1413 hinc
3356 1358 3561 1429 ingenti
3603 1372 3693 1428 pa-

2109 1464 2240 1511 VOre
2276 1452 2487 1523 incipit,
2519 1452 2712 1517 ctirrit,
2755 1450 2943 1506 ﬁnitur
2969 1467 2983 1503 :
3011 1449 3245 1517 Domine,
3290 1464 3354 1504 ne
3390 1449 3446 1503 in
3475 1446 3558 1502 ira
3597 1456 3691 1501 tua

2114 1560 2305 1617 arguas
2324 1561 2423 1610 me,
2446 1551 2551 1599 etc.
2579 1532 2751 1615 (Psal.
2779 1539 2874 1615 vr).

2737 1654 2965 1711 CAPUT
3002 1654 3070 1709 X.

2704 1725 2783 1780 De
2811 1724 3092 1779 mensibus.

433 1810 1018 1911 cataractis'compiuta
1045 1856 1059 1893 :
1092 1810 1221 1907 qua.
1240 1810 1431 1890 habuit
1461 1841 1762 1901 veSperarn,
1790 1823 2005 1897 quando
2033 1820 2082 1885 B
2181 1814 2389 1875 Menses
2410 1810 2539 1911 dicti
2566 1832 2595 1870 a
2620 1827 2895 1911 mensura,
2932 1830 3038 1885 qua
3071 1815 3300 1885 quisque
3326 1828 3519 1871 eorum
3536 1827 3694 1869 men-

358 1992 371 2005 χ
431 1932 527 1988 ﬁlii
566 1932 737 1989 Adam
782 1932 944 2001 pedes
983 1930 1050 1984 ab
1087 1926 1307 1982 Oriente
1347 1930 1641 1984 moventes,
1674 1916 1766 1989 qui
1792 1916 1847 1970 iu
1875 1929 2005 1969 con-

433 2022 689 2078 struenda
722 2020 983 2090 superbia
1004 2027 1151 2073 turre
1178 2022 1560 2075 convenerunt,
1582 2010 1901 2083 linguarum
1930 2004 2009 2059 di-

432 2112 641 2167 visione
668 2110 930 2174 mulctati,
964 2117 1019 2163 et
1053 2107 1120 2162 ab
1147 2106 1378 2160 invicem
1416 2110 1541 2157 sunt
1577 2096 1825 2169 dispersi.
1879 2095 2010 2149 Ter-

431 2202 507 2258 tia
535 2201 623 2257 die
654 2200 808 2270 aquis
844 2199 899 2253 in
947 2196 1421 2268 congregationem
1450 2206 1614 2246 unam
1643 2187 1873 2253 coactis,
1908 2200 2007 2257 ap-

430 2294 613 2366 paruit
659 2292 808 2347 arida
837 2330 853 2355 ,
904 2290 1051 2345 silvis
1100 2285 1392 2354 herbisque
1439 2285 1635 2339 decora
1690 2300 1702 2334 :
1745 2288 1799 2337 et
1850 2278 2010 2333 tertia

430 2379 611 2449 atate,
643 2380 917 2435 ﬁrmitatis
947 2374 1222 2449 [ﬁrmatis]
1261 2375 1315 2429 in
1342 2374 1491 2429 cuitu
1514 2372 1728 2428 denium
1779 2368 2011 2443 [damo-

432 2470 587 2543 num]
616 2467 943 2530 nationibus,
982 2464 1255 2520 Abraham
1289 2464 1601 2535 patriarcha
1637 2461 2011 2530 cognationem

430 2562 776 2634 patriamque
804 2559 1058 2614 deserens
1084 2564 1393 2611 sanctorum
1435 2553 1641 2609 semine
1672 2550 2007 2606 fecundatur.

427 2650 664 2705 Advenit
710 2656 765 2702 et
816 2659 1038 2716 vespera
1066 2684 1081 2710 ,
1127 2643 1343 2713 quando
1396 2657 1528 2713 gens
1580 2639 1803 2695 Hebraea
1855 2637 2013 2692 malis

427 2748 616 2798 coacta
659 2738 1026 2810 prementibus
1071 2742 1259 2791 contra
1302 2734 1398 2789 Dei
1447 2733 1781 2788 voluntatem
1826 2745 2011 2800 regem

426 2831 531 2888 sibi
557 2830 713 2901 petiit
737 2848 755 2899 ι,
778 2829 869 2899 qui
900 2844 1024 2883 mox
1065 2826 1345 2883 ordinatus
1378 2825 1552 2895 primo
1588 2821 1803 2877 Domini
1832 2835 2010 2875 sacer-

428 2923 586 2978 dotes
610 2904 1008 2992 prophetasque
1048 2918 1283 2973 trucidat
1313 2936 1323 2971 :
1357 2916 1695 2987 postmodum
1735 2916 1849 2984 ipse
1886 2928 2011 2969 cum

429 3022 542 3068 tota
577 3024 737 3081 gente
779 3010 954 3081 gladio
998 3010 1159 3079 periit
1205 3009 1619 3079 aiiophylorum.
1697 3007 1901 3074 Quarta
1926 3005 2014 3060 die

429 3102 625 3158 calum
653 3101 1012 3157 luminaribus
1042 3109 1268 3157 ornatur
1297 3119 1310 3154 :
1347 3108 1540 3170 quarta
1570 3100 1728 3154 atate
1758 3113 1887 3170 gens
1920 3096 2011 3152 illa

2115 1920 2330 1968 suratur
2368 1928 2381 1964 :
2417 1909 2512 1965 sed
2553 1907 2748 1963 melius
2800 1919 2828 1961 a
2876 1904 3001 1962 luna
3026 1947 3040 1973 ,
3079 1921 3198 1976 qua
3232 1921 3406 1978 graco
3446 1919 3698 1962 sermone

2112 2016 2269 2057 mene
2312 2007 2556 2055 vocatur.
2603 1997 2739 2052 Nam
2770 2006 2822 2051 et
2850 1997 2989 2068 apud
3028 1995 3281 2051 Hebraos
3306 2036 3322 2061 ,
3366 1994 3698 2065 Hieronymo

2111 2101 2279 2158 teste,
2332 2092 2490 2156 luna,
2542 2104 2701 2160 quam
2740 2087 2861 2159 jare
2904 2089 3217 2152 nominant,
3273 2086 3551 2142 mensibus
3595 2091 3697 2138 no-

2108 2204 2233 2243 men
2278 2186 2441 2241 dedit.
2476 2185 2628 2241 Unde
2673 2188 2728 2238 et
2767 2182 2925 2238 Jesus
2956 2182 3095 2236 ﬁlius
3133 2177 3346 2247 Sirach,
3383 2182 3475 2251 qui
3510 2177 3699 2250 utique

2110 2268 2375 2334 Hebraiee
2403 2276 2639 2346 scripsit,
2666 2262 2731 2331 de
2753 2274 2878 2329 luna
2900 2274 3123 2343 loquens
3153 2273 3228 2327 ait
3253 2291 3265 2326 :
3294 2271 3494 2327 Mensis
3514 2287 3701 2326 secun-

2110 2372 2233 2425 dum
2264 2387 2448 2425 nomen
2470 2380 2544 2424 est
2568 2370 2682 2439 ejus
2707 2365 2836 2439 (Sir.
2866 2365 3042 2434 xuii).
3068 2363 3287 2433 Antiqui
3310 2363 3456 2419 enim
3481 2375 3700 2417 menses

2113 2476 2239 2516 suos
2263 2475 2413 2515 nona
2440 2459 2567 2514 solis
2590 2458 2684 2513 sed
2709 2472 2739 2510 ιι
2756 2458 2894 2510 luna
2915 2468 3077 2509 cursu
3094 2458 3408 2524 computare
3431 2451 3697 2508 solebant.

2114 2554 2269 2610 Unde
2312 2554 2522 2623 quoties
2550 2554 2605 2607 in
2635 2550 2916 2621 Scriptura
2963 2564 3138 2612 sacra,
3178 2548 3291 2602 sive
3323 2546 3375 2601 in
3419 2545 3557 2617 lege,
3606 2557 3705 2601 seu

2113 2652 2241 2700 ante
2276 2644 2449 2714 legem
2467 2684 2480 2709 ,
2517 2650 2680 2712 quota
2708 2642 2793 2696 die
2818 2639 3019 2694 mensis
3042 2637 3169 2708 quid
3202 2636 3405 2691 factum
3430 2635 3704 2688 dictumve

2111 2738 2202 2801 sit,
2230 2736 2518 2801 indicatur,
2542 2749 2649 2789 non
2676 2734 2819 2788 aliud
2845 2748 3001 2803 quam
3025 2731 3165 2785 luna
3188 2737 3317 2786 atas
3342 2728 3699 2800 signiﬁcatur,

2111 2842 2142 2881 a
2168 2842 2274 2897 qua
2301 2837 2511 2896 semper
2531 2821 2763 2889 Hebraei,
2786 2824 2971 2895 quibus
2999 2823 3197 2877 credita
3217 2829 3337 2876 sunt
3368 2819 3575 2891 eloquia
3606 2816 3706 2873 Dei

2113 2916 2292 2988 (Rom.
2324 2916 2445 2988 ιιι),
2478 2917 2699 2985 antiquo
2728 2926 2946 2986 patrum
2978 2930 3129 2970 more
3165 2929 3381 2969 menses
3407 2912 3705 2968 observare

2111 3024 2222 3067 non
2251 3016 2533 3065 cessarunt
2573 3027 2587 3063 :
2619 3011 2851 3079 primum
2880 3022 3121 3064 mensem
3152 3010 3412 3062 novorum
3434 3046 3447 3071 ,
3480 3006 3575 3075 qui
3604 3019 3707 3074 pa-

2115 3097 2261 3156 scha
2280 3100 2615 3157 caremoniis
2640 3108 2884 3156 sacratus
2914 3108 3016 3163 est,
3045 3098 3210 3153 Nisan
3237 3094 3707 3168 appellantes,qui

429 3192 636 3247 calesti
667 3191 773 3247 ﬁde
801 3192 996 3262 inclyta
1016 3233 1030 3257 ,
1075 3207 1243 3261 regno
1279 3190 1449 3245 David
1484 3198 1539 3246 et
1564 3189 1869 3246 Salomonis
1897 3188 2013 3258 glo—
2037 3171 2086 3238 c
2114 3199 2335 3262 propter
2379 3190 2727 3263 multiVagum
2757 3192 2896 3246 luna
2933 3191 3255 3257 discursum,
3293 3206 3439 3246 nunc
3480 3188 3536 3244 in
3565 3187 3709 3244 Mar-

430 3287 595 3348 riosa,
629 3285 838 3355 Templi
866 3287 1027 3341 etiam
1056 3285 1384 3341 sanctissimi
1410 3285 1690 3340 altitudine
1714 3293 1886 3340 totum
1918 3298 2013 3339 no-

428 3376 675 3434 bilitatur
699 3377 752 3430 in
773 3377 960 3431 orbem
989 3394 1002 3429 :
1031 3376 1126 3430 sed
1148 3376 1355 3445 accepit
1380 3386 1436 3430 et
1455 3390 1756 3446 vesperam,
1773 3375 2008 3447 quando,

432 3466 902 3521 crebrescentibus
932 3467 1169 3536 peccatis
1193 3505 1207 3529 ,
1246 3480 1469 3537 regnum
1514 3464 1642 3519 illud
1684 3481 1714 3520 a
1746 3463 2011 3521 Chaldais

434 3558 775 3626 dissipatum,
810 3557 1066 3625 templum
1101 3558 1372 3623 dirutum,
1406 3566 1459 3613 et
1500 3568 1609 3613 tota
1637 3570 1768 3629 gens
1798 3565 1881 3612 est
1908 3555 2012 3611 Ba-

433 3647 708 3716 byloniam
738 3646 1015 3701 translata.
1054 3646 1249 3712 Quinta
1279 3647 1365 3702 die
1394 3648 1571 3717 pisces
1600 3663 1830 3715 avesque
1857 3647 2013 3715 aquis

434 3734 645 3789 eductae
672 3753 683 3787 :
712 3737 763 3788 iii
788 3737 840 3788 in
866 3738 1059 3805 patriis
1079 3748 1300 3792 manent
1312 3739 1491 3804 undis,
1509 3738 1613 3791 illa
1633 3752 1755 3792 aera
1787 3745 2014 3791 terram-

432 3840 540 3895 que
572 3827 857 3894 pervolant
884 3845 896 3880 :
926 3827 1114 3895 quinta
1156 3835 1317 3882 aetate
1352 3829 1720 3897 multiplicatis
1765 3830 1818 3883 in
1849 3830 2011 3884 Chai—

435 3918 550 3971 daa
589 3918 800 3987 pepulis
846 3918 1048 3984 lsrael,
1099 3934 1228 3989 pars
1278 3918 1575 3974 caiestium
1622 3918 2013 3974 desideriorum

434 4008 629 4076 pennis
656 4006 819 4072 fulta,
862 4008 1286 4079 Hierosolymam
1311 4008 1501 4078 petiit:
1533 4022 1663 4076 pars
1709 4008 1888 4062 volatu
1914 4009 2011 4063 de-

435 4100 626 4154 stituta
669 4102 964 4165 virtutum,
1013 4101 1152 4155 inter
1189 4100 1494 4170 Babyloniae
1544 4097 1743 4153 fluenta
1792 4100 2009 4153 resedit.

436 4188 719 4246 Successit
760 4199 816 4246 et
862 4204 1117 4260 vespera,
1152 4190 1388 4258 quando,
1420 4189 1732 4243 imminente
1750 4188 1862 4258 jam
1893 4188 2011 4243 Sai-

433 4283 641 4338 vatoris
669 4284 919 4347 adventu,
971 4297 1103 4353 gens
1132 4280 1312 4337 Judaa
1348 4289 1567 4351 propter
1601 4282 1864 4336 scelerum
1896 4298 2013 4335 ma-

437 4376 779 4449 gnitudinem
828 4374 1089 4431 Romanis
1136 4374 1423 4429 tributaria
1468 4371 1647 4439 facta,
1694 4374 1915 4443 insuper
1960 4381 2015 4426 et

439 4469 753 4539 alienigenis
782 4476 864 4523 est
886 4468 1105 4523 subacta
1130 4467 1370 4537 regibus.
1415 4465 1580 4521 Sexta
1605 4466 1691 4520 die
1730 4473 1871 4520 terra
1902 4466 2013 4519 suis

440 4562 805 4616 animantibus
832 4560 1100 4629 impletur,
1128 4567 1181 4614 et
1207 4560 1369 4614 homo
1401 4560 1606 4629 primus
1637 4559 1704 4612 ad
1728 4559 2017 4627 imaginem

440 4650 537 4704 Dei
560 4659 811 4715 creatur;
829 4663 1059 4719 moxque
1072 4664 1138 4704 ex
1154 4649 1271 4719 ejus
1289 4649 1459 4727 latere
1473 4646 1789 4703 dormientis
1803 4657 2018 4717 sumpta

442 4750 613 4807 costa,
658 4744 855 4798 femina
896 4744 1410 4799 fabricatur:sexta
1461 4750 1620 4797 atate
1658 4744 2019 4813 praeconanti-

443 4833 541 4887 bus
584 4834 861 4902 prophetis
888 4833 1055 4887 Filius
1081 4832 1177 4887 Dei
1212 4834 1267 4887 in
1298 4847 1480 4898 carne,
1512 4834 1601 4903 qui
1638 4834 1909 4888 hominem
1950 4834 2019 4887 ad

444 4922 737 4991 imaginem
765 4922 858 4979 Dei
899 4932 1131 4990 crearat,
1185 4923 1469 4993 apparuit:
1504 4924 1595 4993 qui
1641 4924 1916 4978 dormiens
1964 4923 2018 4976 in

445 5028 607 5071 cruce
636 5017 953 5084 sanguinem
979 5024 1033 5071 et
1056 5031 1253 5085 aquam
1282 5016 1349 5071 de
1378 5016 1571 5081 latere,
1601 5016 1742 5071 unde
1788 5016 1890 5071 sibi
1916 5015 2020 5070 Ec-

445 5103 667 5159 clesiam
692 5114 1058 5171 consecraret,
1081 5106 1352 5161 emanavit
1376 5124 1389 5159 :
1416 5106 1573 5177 hujus
1597 5107 1770 5161 atatis
1792 5121 2019 5176 vespera

445 5197 658 5251 caeteris
709 5196 989 5251 obscurior
1039 5197 1093 5251 in
1144 5196 1464 5251 Antichristi
1515 5205 1599 5253 est
1646 5198 2019 5267 persecutione

447 5295 692 5340 ventura.
734 5286 971 5355 Septima
1002 5286 1113 5348 die,
1168 5286 1552 5341 consummatis
1589 5287 1841 5357 operibus
1883 5287 2015 5352 suis,

448 5377 591 5433 Deus
644 5380 960 5448 requievit:
999 5393 1226 5448 eamque
1291 5380 1667 5444 sanctiﬁcans,
1732 5379 2017 5435 Sabbatum

448 5469 747 5536 nuncupari
789 5468 1073 5537 praecepit,
1113 5483 1231 5538 qua
1292 5484 1573 5539 veSperam
1620 5469 1870 5525 habuisse
1911 5485 2019 5525 non

450 5559 680 5627 legitur:
721 5560 945 5627 septima
982 5559 1125 5613 enim
1173 5568 1329 5615 atate
1367 5559 1636 5627 justorum
1670 5562 1862 5615 anima
1902 5568 2024 5631 post

452 5652 681 5717 optimos
718 5650 871 5719 hujus
896 5652 1016 5705 vitae
1058 5652 1270 5707 labores
1304 5654 1356 5707 in
1386 5655 1486 5707 alia
1518 5655 1625 5707 vita
1652 5662 1909 5723 perpetuo
1940 5670 2025 5708 re-

455 5744 763 5812 quiescunt,
792 5762 910 5814 qua:
938 5747 1081 5801 nulla
1109 5762 1379 5816 nunquam
1413 5748 1627 5803 tristitia
1649 5748 2020 5813 maculabitur,

2039 4510 2098 4577 D

2116 3281 2251 3337 tium
2281 3287 2542 3345 mensem,
2571 3297 2715 3337 nunc
2741 3277 2930 3337 incidit
2957 3274 3012 3335 in
3033 3274 3294 3353 Aprilem,
3330 3296 3475 3336 nunc
3497 3280 3709 3350 aliquot

2114 3375 2229 3432 dies
2255 3369 2377 3429 Maii
2408 3370 2613 3430 mensis
2649 3383 2899 3445 occupat.
2939 3369 3046 3427 Sed
3074 3373 3278 3427 rectius
3321 3371 3493 3441 Aprili
3530 3372 3706 3439 depu-

2114 3470 2304 3520 tatur:
2346 3465 2471 3535 quia
2518 3480 2732 3534 semper
2781 3464 2835 3518 in
2867 3463 2983 3535 ipso
3031 3461 3114 3517 vel
3156 3462 3345 3533 incipit
3381 3450 3713 3517 vel‘desinit

2111 3556 2196 3613 vel
2239 3565 2382 3612 totus
2414 3556 2731 3621 includitur,
2777 3571 2841 3611 ea
2886 3556 3148 3609 duntaxat
3198 3554 3415 3624 regula,
3460 3552 3613 3622 cujus
3650 3562 3710 3609 et

2114 3663 2276 3717 supra
2306 3648 2682 3712 meminimus,
2716 3646 3023 3713 observata,
3052 3654 3114 3700 ut
3147 3662 3266 3716 qua
3295 3646 3707 3716 quintadecima

2111 3746 2235 3806 post
2263 3737 2642 3806 aequinoctium
2669 3737 2795 3793 luna
2825 3738 3111 3801 exstiterit,
3148 3737 3385 3806 primum
3421 3738 3710 3807 sequentis

2114 3828 2240 3881 anni
2282 3843 2520 3883 mensem
2556 3828 2720 3882 faciat
2758 3848 2769 3881 :
2810 3833 2929 3899 qua
2956 3844 3086 3884 vero
3116 3836 3308 3895 antea,
3350 3830 3712 3887 novissimum

2111 3919 2472 3989 pracedentis
2509 3936 2521 3969 :
2560 3919 2747 3989 sicque
2786 3935 2884 3989 per
2909 3922 3176 3976 ordinem.
3203 3911 3488 3977 Secundus
3514 3937 3713 3977 eorum

2113 4012 2316 4065 mensis
2354 4007 2440 4064 lar
2481 4006 2639 4076 Maio,
2683 4012 2875 4067 tertius
2910 4012 3071 4067 Sivan
3098 4011 3280 4078 Junio,
3314 4021 3542 4083 quartus
3564 4012 3714 4068 Tina-

2115 4100 2225 4153 mul
2245 4099 2405 4165 Julio,
2435 4100 2654 4169 quintus
2679 4100 2795 4155 Aab
2818 4100 3080 4173 Augusto,
3110 4112 3294 4158 sextus
3318 4102 3435 4157 Elui
3454 4102 3712 4172 Septem-

2114 4192 2219 4257 bri,
2237 4192 2497 4262 septimus
2513 4188 2735 4247 Theseri
2753 4194 2989 4259 Octobri,
3013 4208 3171 4265 quem
3196 4205 3418 4265 propter
3435 4195 3715 4253 collectio-

2114 4297 2239 4337 nem
2271 4280 2483 4352 frugum
2511 4294 2564 4339 et
2600 4283 2981 4340 celeberrimas
3010 4284 3065 4337 in
3102 4284 3219 4354 ipso
3251 4284 3574 4339 festivitates
3599 4300 3711 4340 no-

2114 4387 2243 4436 vum
2291 4388 2489 4427 annum
2527 4373 2798 4444 appellant
2842 4384 3113 4429 :octavus
3147 4373 3429 4428 Maresuan
3470 4374 3712 4431 Novem-

2117 4461 2204 4515 bri
2228 4470 2251 4515 :
2282 4477 2457 4517 nonus
2494 4462 2695 4518 Casseu
2734 4463 3016 4518 Decembri
3054 4481 3065 4516 :
3109 4463 3349 4518 decimus
3378 4464 3583 4520 Tebeth
3615 4463 3718 4520 Ja-

2121 4553 2311 4611 nuario
2341 4572 2355 4610 :
2386 4558 2704 4612 undecimus
2745 4555 2915 4611 Sabat
2956 4556 3255 4611 Februario
3299 4576 3311 4610 :
3358 4559 3716 4616 duodecimus

2119 4650 2269 4705 Adar
2294 4650 2486 4707 Martio
2512 4652 2674 4707 simili
2716 4653 2925 4708 ratione
2954 4661 3320 4724 comparatur.
3349 4653 3498 4720 Quos
3520 4656 3718 4711 videli-

2125 4748 2211 4795 cet
2236 4755 2449 4796 menses
2474 4751 2696 4813 propter
2716 4742 2856 4797 luna
2878 4742 3160 4809 circulum,
3185 4742 3276 4813 qui
3304 4758 3433 4798 xxix
3462 4752 3518 4798 et
3543 4745 3720 4799 semis

2120 4831 2307 4888 diebus
2346 4841 2576 4898 constat,
2617 4834 2838 4889 tricenis
2870 4834 3345 4904 undetricenisque
3395 4832 3585 4889 diebus
3628 4833 3722 4889 al-

2122 4930 2418 4990 ternantes,
2460 4924 2697 4979 secundo
2737 4924 2954 4979 demum
2996 4924 3081 4978 vei
3118 4923 3277 4978 tertio
3320 4938 3463 4982 anno
3496 4930 3717 4992 exacto,

2126 5028 2367 5069 mensem
2393 5012 2740 5085 superﬂuum,
2770 5017 2862 5087 qui
2904 5033 2971 5072 ex
2999 5017 3194 5073 annuis
3224 5014 3477 5073 undecim
3496 5025 3721 5087 epacta-

2126 5120 2247 5160 rum
2270 5106 2459 5161 diebus
2479 5107 2671 5163 conﬁci
2697 5108 2856 5174 solet,
2882 5108 3225 5163 intercalant.
3272 5108 3425 5165 Unde
3446 5108 3718 5165 nonnullo

2127 5210 2349 5251 moveor
2393 5198 2681 5268 scrupulo,
2730 5199 3000 5268 quomodo
3046 5198 3278 5267 majores
3322 5200 3493 5255 nostri
3536 5198 3716 5268 diem,

2128 5303 2234 5357 qua
2261 5288 2345 5343 lex
2370 5286 2491 5345 data
2519 5300 2634 5355 est,
2665 5305 2785 5359 qua
2814 5298 2898 5345 est
2923 5290 3082 5345 tertia
3108 5291 3309 5345 mensis
3340 5289 3521 5355 tertii,
3548 5290 3721 5360 quin-

2128 5379 2489 5452 quagesimam
2517 5382 2585 5436 ab
2623 5382 2747 5452 agni
2785 5381 3057 5436 occisione
3080 5387 3411 5449 computent,
3446 5386 3722 5450 ponentes

2128 5473 2379 5530 videlicet
2420 5474 2581 5544 primi
2618 5470 2821 5529 mensis
2849 5474 3098 5529 residuos
3122 5472 3239 5527 dies
3271 5486 3495 5527 numero
3520 5472 3722 5526 decem

2131 5576 2186 5622 et
2208 5578 2413 5639 septem
2447 5587 2459 5623 :
2501 5568 2625 5639 quia
2655 5568 2913 5624 tredecim
2944 5566 3156 5638 priores
3198 5564 3413 5621 fuerant
3449 5573 3575 5620 ante
3608 5578 3721 5635 pa-

2133 5660 2260 5713 scha
2292 5660 2575 5725 transacti,
2608 5658 2825 5715 secundi
2860 5674 2993 5722 xxx,
3026 5657 3169 5712 tertii
3202 5664 3334 5724 tres,
3357 5656 3451 5727 qui
3472 5655 3614 5710 ﬁunt
3634 5655 3718 5711 si-

2134 5750 2240 5805 tnui
2277 5752 2389 5807 dies
2429 5751 2815 5822 quinquaginta
2847 5769 2858 5803 :
2893 5765 3018 5806 cum
3065 5759 3277 5808 constet
3318 5750 3453 5806 duos
3494 5761 3724 5805 menses
