3930 6388
255 309 362 374 301

1263 308 1352 366 DE
1393 306 1742 368 UNIVERSO
1776 307 1953 365 LIBRI
1993 309 2156 365 XXII.
2196 340 2265 349 —
2301 312 2429 368 LIB.
2471 311 2540 368 Χ.

3417 320 3522 376 502

257 427 480 480 lunares
506 438 612 479 non
637 439 729 489 ιι,
771 424 863 478 sed
890 423 1278 494 quinquaginta
1306 439 1499 478 novem
1529 423 1717 478 diebus
1743 431 1851 476 ter-
1875 426 1930 488 Α
1955 425 2177 479 sabbata
2214 424 2459 480 delicata.
2494 426 2597 494 Qui
2631 423 2992 484 sabbatismus
3012 426 3107 484 Dei
3134 428 3329 498 populo
3353 446 3528 486 reser-

259 517 457 571 minari
511 536 525 568 ;
578 513 808 584 ideoque
857 515 901 568 si
945 513 1215 583 paschalis
1261 516 1461 568 mensis
1508 529 1618 566 xxx
1664 513 1851 569 diebus

258 614 609 676 computatus
637 621 748 660 xvu
774 606 855 660 sui
877 619 1070 659 cursus
1097 605 1211 661 dies
1235 616 1357 674 post
1377 603 1586 658 Pascha
1618 604 1852 658 retinue-

261 700 350 763 rit,
400 700 702 756 secundum
726 697 838 766 jam
874 711 1116 752 mensem
1151 711 1258 752 non
1291 697 1534 767 triginta,
1565 694 1658 750 sed
1681 693 1852 748 unde-

259 793 486 866 triginta
549 794 738 850 diebus
785 792 980 848 debere
1029 789 1275 847 concludi
1317 806 1332 845 :
1378 805 1443 844 ac
1491 803 1589 858 per
1644 789 1749 842 hoc
1796 787 1852 841 in

259 902 475 943 summa
535 884 796 955 temporis
850 883 1136 939 memorati
1181 897 1289 937 non
1345 880 1629 950 plusquam
1689 879 1854 935 unde—

258 979 662 1051 quinquaginta
691 977 806 1032 dies
843 976 1074 1034 inveniri
1106 993 1118 1027 :
1143 974 1246 1028 nisi
1276 972 1418 1028 forte
1445 971 1738 1043 putandum
1770 979 1854 1026 est

257 1068 698 1140 Synecdochicos
725 1067 866 1136 (qua:
890 1074 974 1122 est
997 1063 1182 1137 regula
1210 1071 1411 1119 sanctae
1438 1062 1727 1134 Scriptura:
1746 1062 1854 1118 fre—

257 1163 667 1236 quentissima)
702 1177 732 1215 a
761 1169 914 1231 parte
947 1169 1117 1215 totum
1144 1157 1462 1229 computari.
1504 1157 1703 1212 Verum
1740 1157 1854 1212 haec

256 1263 540 1322 utcunque
583 1260 702 1308 acta
735 1251 818 1305 vel
854 1257 1162 1320 computata
1193 1248 1430 1314 fuerint,
1465 1246 1636 1302 claret
1670 1254 1853 1300 tamen

259 1342 522 1399 Hebraeos
571 1343 636 1398 ad
687 1342 826 1397 luna:
870 1356 1090 1396 cursum
1136 1355 1262 1395 suos
1307 1353 1522 1395 menses
1562 1338 1855 1394 observare

258 1425 580 1491 consuesse.
618 1432 730 1488 Nec
772 1432 933 1486 aliter
973 1433 1028 1486 in
1071 1431 1266 1487 Genesi
1301 1440 1448 1486 recte
1491 1429 1850 1496 sentiendum,

257 1527 348 1582 ubi
378 1525 496 1581 Noe
525 1541 653 1581 cum
673 1525 784 1581 suis
807 1525 1038 1596 septimo
1065 1525 1274 1579 decimo
1299 1523 1386 1578 die
1412 1522 1633 1579 secundi
1654 1520 1854 1578 mensis

259 1633 445 1674 arcam
468 1619 772 1689 ingressus,
791 1625 845 1674 et
861 1618 1117 1674 vicesima
1145 1617 1374 1687 septima
1390 1616 1634 1687 ejusdem
1651 1615 1854 1671 mensis

257 1707 342 1764 die
371 1718 498 1783 post
539 1709 800 1765 diluvium
830 1724 1078 1781 egressus
1112 1709 1371 1765 asseritur
1413 1727 1424 1762 ;
1460 1723 1621 1778 quam
1652 1721 1855 1762 annum

258 1801 388 1858 solis
417 1802 717 1874 integrum,
749 1803 851 1857 hoc
872 1811 976 1868 est,
998 1810 1365 1857 trecentorum
1390 1799 1667 1870 sexaginta
1695 1798 1852 1868 quin-
1879 1787 1928 1852 B

259 1908 364 1964 que
404 1893 625 1948 dierum
659 1909 778 1950 esse
815 1894 1141 1962 descriptum
1187 1911 1199 1946 :
1243 1893 1368 1964 quia
1407 1891 1657 1946 videlicet
1700 1889 1848 1952 luna,

259 1999 378 2056 quae
415 1987 684 2056 praesenti
724 1985 898 2053 anno,
928 1985 1078 2040 verbi
1107 1985 1278 2056 gratia
1300 2024 1313 2048 ,
1346 1997 1444 2054 per
1474 1981 1655 2036 Nonas
1683 1977 1853 2033 Maias

260 2075 492 2145 septima
523 2076 734 2129 decima
761 2075 976 2139 existit,
1025 2089 1168 2129 anno
1207 2072 1455 2142 sequenti
1483 2068 1740 2124 vicesima
1773 2081 1850 2122 vn

259 2167 433 2238 pridie
461 2167 648 2223 Nonas
678 2165 844 2222 Maias
878 2173 1148 2222 occurret.
1178 2163 1482 2237 Notandum
1514 2175 1645 2216 sane
1665 2201 1680 2226 ,
1707 2157 1851 2229 quod

261 2260 490 2315 nimium
528 2261 823 2327 fallantur,
857 2261 946 2330 qui
989 2273 1227 2314 mensem
1268 2254 1632 2312 deﬁniendum
1656 2251 1743 2306 vel
1781 2249 1849 2304 ab

263 2351 502 2421 antiquis
542 2351 825 2405 deﬁnitum
862 2358 1173 2415 autumant,
1219 2348 1455 2418 quandiu
1493 2345 1620 2398 luna
1659 2341 1852 2397 Zodia-

261 2459 385 2500 cum
407 2442 679 2498 circulum
699 2442 932 2512 peragit,
957 2456 1075 2511 quae
1094 2439 1346 2494 nimirum
1364 2437 1528 2509 (sicut
1546 2432 1852 2504 diligentior

266 2532 545 2602 inquisitio
607 2538 928 2586 naturarum
977 2531 1236 2599 edocuit)
1297 2528 1589 2584 Zodiacum
1635 2523 1851 2595 quidem

264 2634 469 2695 septem
492 2626 690 2697 viginti
720 2624 929 2694 diebus,
962 2633 1016 2680 et
1056 2635 1177 2680 octo
1201 2624 1369 2689 horis,
1400 2622 1481 2677 sui
1507 2635 1638 2675 vero
1663 2630 1852 2672 cursus

266 2720 509 2774 ordinem
567 2718 753 2789 viginti
799 2732 993 2773 novem
1044 2718 1235 2774 diebus
1280 2725 1335 2771 et
1380 2713 1664 2771 duodecim
1704 2711 1853 2766 horis

267 2814 413 2869 salva
469 2815 557 2869 sui
593 2814 759 2870 saltus
804 2815 1014 2870 ratione
1067 2812 1329 2868 conﬁcit:
1368 2810 1596 2879 ideoque
1651 2806 1852 2862 rectius

269 2908 338 2963 ita
366 2908 756 2975 deﬁniendum,
806 2909 949 2976 quod
994 2907 1196 2962 mensis
1241 2905 1382 2960 lunae
1421 2904 1493 2958 sit
1528 2899 1748 2956 luminis
1773 2897 1854 2953 lu-

269 2997 413 3052 naris
452 2998 721 3052 circuitus
745 3011 810 3052 ac
838 2995 1224 3066 redintegratio
1253 2995 1318 3049 de
1357 3007 1495 3047 nova
1526 2991 1595 3045 ad
1622 3004 1850 3054 novam;

271 3088 459 3144 solaris
488 3099 674 3142 autem
723 3087 925 3143 mensis
972 3085 1233 3158 digressio
1268 3085 1340 3140 sit
1376 3083 1503 3139 solis
1531 3098 1632 3152 per
1657 3081 1855 3136 duode-

1954 523 2131 581 vatur,
2150 523 2203 569 et
2224 519 2424 571 mensis
2449 518 2724 587 spiritalis,
2751 522 2967 590 quando
2993 537 3022 573 a
3049 532 3249 591 puncto
3276 536 3444 592 usque
3461 525 3529 579 ad

1952 618 2211 678 punctum
2244 608 2370 664 luna
2395 612 2777 682 complebitur,
2817 622 2872 668 et
2897 630 2995 668 suo
3025 616 3195 669 currit
3228 617 3437 680 ordine,
3469 627 3531 670 ut

1955 699 2148 755 efﬁciat
2176 715 2412 756 mensem
2446 703 2710 773 integrum
2734 704 3126 760 calendarium.
3162 705 3316 771 Quod
3347 714 3528 759 autem

1955 789 2110 856 luna,
2139 806 2257 860 qua:
2280 807 2310 844 a
2341 791 2453 847 sole
2481 791 2830 862 illuminatur,
2872 796 3139 866 signiﬁcet
3167 794 3465 850 Ecclesiam
3498 810 3530 848 a

1955 881 2169 937 Christo
2198 882 2552 939 illuminatam
2587 903 2599 940 :
2629 901 2734 940 non
2762 886 2966 958 indiget
2992 888 3292 957 explanari,
3319 895 3374 944 et
3405 887 3528 942 sab-

1954 970 2139 1026 batum
2191 973 2433 1042 requiem
2486 975 2770 1045 signiﬁcat.
2829 975 3062 1032 Veniunt
3112 992 3180 1032 ex
3231 977 3534 1033 neomeniis

1956 1070 2009 1117 et
2051 1063 2308 1129 sabbatis,
2361 1065 2453 1134 qui
2505 1081 2598 1120 sex
2642 1067 2848 1134 diebus,
2893 1067 2949 1122 in
2986 1065 3185 1137 quibus
3229 1051 3404 1123 factus
3448 1075 3534 1124 est

1955 1157 2202 1223 mundus,
2248 1157 2583 1214 transcensis
2622 1157 2877 1215 festinant
2921 1159 2988 1216 ad
3028 1161 3318 1230 septimum
3364 1148 3531 1230 diem,

1957 1243 2012 1299 id
2051 1253 2152 1312 est,
2198 1246 2508 1315 sabbatum,
2552 1250 2606 1304 in
2645 1265 2751 1319 quo
2775 1265 2903 1304 vera
2928 1258 3014 1306 est
3041 1250 3257 1320 requies
3295 1293 3308 1303 .
3355 1247 3533 1306 Veniet

1956 1340 2127 1393 omnis
2156 1356 2299 1407 caro,
2347 1342 2403 1395 ut
2440 1343 2622 1397 adoret
2650 1360 2826 1398 coram
2854 1343 2991 1413 facie
3020 1360 3152 1408 mea,
3197 1343 3332 1416 (Isa.
3362 1343 3532 1417 LXVI),

1956 1429 2087 1485 dicit
2108 1430 2384 1496 Dominus,
2408 1448 2515 1487 non
2534 1433 2763 1503 populus
2781 1431 3089 1488 Iudaeorum
3110 1439 3342 1498 tantum,
3361 1448 3461 1489 nec
3478 1433 3536 1488 in

1955 1522 2070 1578 sola
2101 1520 2440 1579 Hierusalem
2468 1564 2483 1591 ,
2516 1524 2611 1580 sed
2640 1539 2800 1580 omne
2827 1523 3121 1581 humanum
3147 1539 3316 1597 genus
3337 1525 3536 1594 ubique

1955 1614 2012 1669 in
2048 1621 2161 1671 toto
2207 1615 2339 1672 orbe
2388 1615 2575 1673 adoret
2605 1615 2824 1673 Patrem
2869 1616 2926 1672 in
2965 1616 3170 1689 Spiritu
3213 1617 3270 1673 et
3306 1614 3537 1671 veritate

1957 1705 2136 1778 (Joan.
2169 1706 2264 1780 ιν).

2553 1795 2780 1856 CAPUT
2834 1795 2925 1856 XI.

2178 1889 2252 1944 De
2277 1891 2721 1945 vicissitudinibus
2749 1902 3032 1962 temporum
3063 1905 3308 1964 quatuor.

2027 1976 2352 2050 Temporum
2405 1989 2586 2036 autem
2636 1981 3039 2038 vicissitudines
3085 1991 3316 2052 quatuor
3367 1991 3530 2039 sunt:

1953 2088 2069 2139 ver,
2113 2081 2310 2139 testas,
2355 2084 2642 2130 autumnus
2685 2082 2736 2130 et
2777 2075 2968 2130 hiems.
3008 2074 3163 2131 Dicta
3195 2076 3318 2132 sunt
3352 2086 3531 2132 autem

1955 2172 2205 2236 tempora
2244 2181 2275 2220 a
2315 2166 2709 2222 communionis
2736 2175 3194 2238 temperamento,
3225 2167 3369 2238 quod
3396 2169 3532 2225 invi-

1953 2275 2070 2316 cem
2101 2276 2160 2316 se
2193 2261 2451 2327 humore,
2492 2261 2731 2315 siccitate
2751 2301 2766 2327 ,
2800 2259 2980 2316 calore
3014 2268 3070 2314 et
3100 2260 3299 2336 frigore
3333 2268 3533 2332 tempe-

1954 2361 2093 2409 rent.
2127 2351 2253 2413 Hasc
2289 2360 2345 2409 et
2374 2352 2640 2408 curricula
2667 2352 2934 2416 dicuntur,
2966 2353 3091 2421 quia
3119 2367 3225 2405 non
3249 2359 3414 2418 stant,
3437 2351 3534 2408 sed

1954 2453 2195 2501 currunt.
2243 2444 2465 2500 Constat
2503 2452 2683 2500 autem
2710 2486 2724 2511 ,
2760 2452 2882 2515 post
2928 2441 3129 2498 factum
3169 2442 3425 2512 mundum
3465 2459 3534 2500 ex

1954 2537 2210 2607 qualitate
2230 2553 2421 2593 cursus
2439 2537 2567 2594 solis
2585 2545 2828 2608 tempora
2850 2537 2904 2592 in
2929 2544 3111 2593 ternos
3127 2552 3340 2592 menses
3368 2535 3533 2593 fuisse

1954 2626 2146 2696 divisa,
2170 2645 2396 2700 quorum
2417 2640 2718 2700 temporum
2742 2628 2903 2684 talem
2929 2637 3140 2685 veteres
3160 2629 3534 2684 discretionem

1952 2719 2182 2786 faciunt,
2205 2728 2263 2775 ut
2284 2722 2492 2790 primus
2516 2722 2716 2777 mensis
2739 2735 2834 2775 ver
2861 2736 3060 2775 novum
3087 2720 3315 2783 dicatur,
3345 2733 3536 2779 secun-

1955 2812 2054 2868 dus
2087 2813 2322 2880 adultus,
2371 2811 2564 2869 tertius
2605 2828 2866 2884 praeceps.
2918 2811 3010 2868 Sic
3049 2819 3105 2866 et
3136 2821 3298 2866 testas
3334 2811 3388 2864 in
3423 2808 3537 2866 Suis

1954 2904 2129 2959 tribus
2173 2904 2449 2960 mensibus
2481 2919 2495 2958 :
2528 2920 2684 2969 nova,
2735 2903 2918 2958 adulta
2961 2911 3017 2957 et
3052 2916 3310 2971 praeceps.
3356 2893 3447 2956 Sic
3481 2907 3540 2955 et

1957 3007 2245 3054 autumnus
2276 3018 2286 3050 :
2319 3014 2509 3063 novus,
2545 2996 2761 3052 adultus
2783 3005 2839 3052 et
2862 3010 3121 3066 praeceps.
3152 2987 3284 3049 Item
3314 2993 3489 3047 hiems
3517 3006 3533 3044 :

1957 3105 2120 3156 nova,
2166 3089 2347 3163 adulta
2393 3098 2448 3144 et
2494 3103 2734 3158 praeceps
2778 3089 2893 3142 sive
2939 3095 3203 3142 extrema.
3254 3077 3408 3138 Unde
3452 3089 3536 3161 est

271 3181 463 3236 cimam
493 3189 708 3251 partem
734 3180 985 3254 Zodiaci,
1013 3147 1068 3233 id
1094 3187 1197 3245 est,
1224 3176 1466 3248 signiferi
1493 3175 1703 3242 circuli,
1736 3190 1856 3245 quas
1883 3147 1930 3213 ο
1962 3180 2090 3236 illud
2114 3150 2416 3234 :Extremze
2430 3147 2530 3234 sub
2545 3147 2730 3234 casum
2755 3178 2968 3233 hiemis.
2988 3175 3096 3230 Ver
3116 3183 3295 3230 autem
3311 3157 3536 3238 dictum,

273 3275 496 3343 triginta
537 3274 728 3327 diebus
760 3280 813 3325 et
858 3272 1043 3326 decem
1073 3269 1236 3326 semis
1273 3269 1422 3324 boris
1455 3261 1747 3337 impletur:
1778 3265 1855 3320 vi-

273 3364 402 3437 ginti
427 3364 641 3420 duabus
657 3363 909 3419 videlicet
929 3363 1098 3428 horis,
1123 3377 1187 3416 ac
1207 3353 1445 3425 dimidia,
1472 3350 1646 3415 lunari
1671 3373 1855 3415 mense

273 3454 623 3525 productior,
666 3467 696 3506 e
730 3453 925 3522 quibus
976 3451 1225 3506 undecim
1274 3461 1581 3519 epactarum
1632 3450 1747 3504 dies
1800 3456 1854 3505 et

275 3534 546 3616 quadrans
601 3546 879 3599 annuatim
940 3559 1286 3599 succrescere
1333 3544 1524 3598 solent.
1559 3537 1855 3598 Duodecies

273 3637 412 3692 enim
446 3636 627 3691 viceni
667 3645 722 3690 et
749 3634 861 3691 bini
895 3635 1153 3690 ducentos
1189 3635 1466 3708 sexaginta
1515 3643 1747 3705 quatuor
1777 3633 1855 3690 fa-

278 3729 452 3796 ciunt,
490 3744 632 3800 quas
657 3743 777 3784 esse
804 3729 965 3783 horas
981 3728 1253 3788 .undecim
1284 3727 1493 3781 dierum
1532 3726 1657 3781 hinc
1698 3724 1856 3782 facile

276 3827 422 3890 patet
469 3837 482 3873 :
531 3819 660 3888 quia
703 3818 960 3873 undecies
1000 3817 1177 3872 viceni
1216 3824 1269 3870 et
1315 3815 1564 3884 quaterni
1610 3816 1855 3869 eamdem

279 3926 543 3966 summam
588 3909 899 3964 conﬁciunt.
943 3909 1111 3964 Porro
1137 3906 1426 3962 duodecies
1461 3903 1623 3960 semis
1661 3920 1756 3960 sex
1777 3904 1854 3958 fa-

278 4003 453 4068 ciunt,
517 4017 641 4071 qua:
691 4016 878 4054 annuae
929 4008 1055 4055 sunt
1110 4000 1256 4054 horae
1312 3998 1606 4069 quadrans.
1678 3997 1860 4067 Siqui-

281 4095 396 4150 dem
443 4095 573 4148 luna
612 4094 891 4149 duodecim
943 4107 1071 4147 suos
1114 4107 1329 4147 menses
1369 4091 1619 4147 undecim
1669 4089 1856 4145 diebus

280 4187 359 4255 (ut
394 4187 598 4241 dictum
636 4186 737 4256 est)
765 4196 819 4240 et
854 4186 1152 4254 quadrante
1187 4185 1462 4240 breviores
1501 4185 1724 4240 totidem
1763 4200 1854 4239 so-

279 4274 344 4331 lis
378 4277 656 4332 mensibus
696 4291 881 4346 agens,
923 4275 977 4328 in
1007 4274 1194 4330 iisdem
1231 4276 1550 4345 peragendis
1595 4277 1856 4331 tredecies

281 4367 492 4423 Zodiaci
555 4367 817 4421 ambitum
881 4366 1093 4420 lustrat.
1153 4367 1314 4420 Juxta
1370 4367 1676 4436 allegoriam
1730 4383 1855 4422 vero

289 4462 512 4528 mensis,
536 4461 630 4530 qui
661 4476 691 4514 a
718 4459 844 4514 luna
871 4474 1069 4514 nomen
1097 4467 1152 4514 et
1170 4460 1414 4516 ordinem
1436 4460 1663 4530 accepit,
1688 4460 1855 4531 signi-

285 4550 405 4606 ﬁcat
429 4558 632 4606 sancta:
655 4550 909 4605 Ecclesiae
930 4551 1378 4605 coadunationem
1399 4552 1510 4606 sive
1529 4549 1851 4622 profectum.

285 4643 431 4700 Unde
459 4637 561 4698 Job
591 4643 666 4696 ait
697 4661 710 4697 :
742 4643 871 4708 Quis
895 4644 1023 4697 mihi
1054 4645 1282 4711 tribuat,
1315 4655 1369 4698 ut
1397 4648 1497 4700 sim
1519 4647 1681 4716 juxta
1707 4664 1851 4702 men-

285 4750 360 4787 ses
392 4733 679 4801 pristinos?
725 4731 864 4803 (Job.
906 4734 1078 4804 xxxv.)
1106 4735 1243 4800 Quid
1270 4737 1485 4790 nomine
1511 4737 1686 4807 signat
1715 4755 1857 4792 men-

288 4824 447 4888 sium,
487 4823 594 4878 nisi
644 4821 985 4877 collectiones
1038 4824 1359 4888 animarum,
1409 4825 1522 4879 sive
1570 4825 1855 4894 aliquando

287 4915 480 4969 mensis
509 4923 610 4984 pro
643 4913 1007 4984 perfectione?
1037 4912 1432 4969 Reminiscatur
1468 4932 1595 4986 ergo
1631 4933 1728 4986 per
1759 4934 1851 4973 vo-

289 5015 395 5058 cem
432 5004 533 5059 Job
581 4999 824 5060 Ecclesia
867 5003 1210 5074 perfectionis
1238 5005 1500 5075 pristinae,
1537 5017 1592 5062 et
1631 5011 1856 5064 reducat

291 5093 353 5148 ad
397 5094 733 5156 memoriam,
778 5103 980 5163 quanta
1011 5094 1270 5165 perfectio
1301 5096 1702 5164 praedicationis
1744 5115 1854 5155 suae

293 5185 520 5241 collectis
560 5186 840 5240 animabus
877 5189 1185 5255 reportabat
1210 5187 1376 5244 lucra.
1411 5187 1617 5244 Menses
1647 5191 1852 5246 duode—

293 5276 390 5330 cim
414 5275 654 5344 ejusdem
681 5275 887 5330 numeri
917 5285 1039 5330 sunt
1060 5275 1321 5345 Apostoli,
1355 5287 1411 5332 ut
1441 5279 1492 5332 in
1521 5279 1807 5351 Apocalysi
1835 5297 1848 5334 :

294 5358 391 5414 Per
415 5363 646 5433 singulos
677 5380 872 5417 menses
909 5363 1176 5416 reddentia
1209 5367 1438 5433 fructum
1471 5383 1622 5420 suum
1646 5357 1847 5438 (Apoc.

294 5465 398 5505 mi
411 5452 450 5522 ).
466 5453 596 5508 Item
620 5454 841 5520 mensis,
858 5455 995 5509 sicut
1008 5462 1061 5508 et
1074 5455 1354 5510 sabbatum
1367 5498 1380 5520 ν
1396 5474 1493 5526 pro
1509 5460 1694 5529 requie
1707 5477 1852 5515 sem-

295 5543 489 5610 piterna
519 5547 694 5616 posita
724 5548 1086 5611 inveniuntur,
1110 5555 1168 5601 ut
1189 5559 1272 5603 est
1291 5550 1418 5605 illud
1439 5552 1589 5607 Isaia)
1622 5571 1632 5606 :
1660 5552 1730 5606 Et
1751 5555 1852 5608 erit

296 5635 469 5687 mensis
502 5652 568 5688 ex
605 5631 778 5689 mense
806 5647 851 5690 et
877 5637 1145 5691 sabbatum
1176 5655 1239 5692 ea:
1267 5640 1477 5712 sabbato
1502 5643 1645 5714 (Isa.
1677 5645 1849 5718 LxVI),

298 5728 352 5777 ut
368 5723 746 5784 decarnalibus
769 5728 1003 5787 sabbatis
1027 5730 1410 5801 mensibusque
1432 5735 1563 5790 ﬁant
1585 5736 1848 5804 spiritalia

1878 4506 1934 4570 D

1960 3261 2104 3346 quod
2127 3273 2266 3327 viret
2294 3291 2306 3326 :
2347 3272 2472 3326 tunc
2515 3272 2662 3327 enim
2693 3279 2815 3340 post
2849 3270 3086 3325 hiemem
3118 3267 3344 3323 vestitur
3384 3264 3539 3320 tellus

1959 3345 2174 3430 herbis,
2203 3374 2260 3420 et
2292 3365 2346 3418 in
2374 3364 2563 3418 florem
2586 3372 2780 3420 cuncta
2807 3370 3149 3432 rumpuntur.
3182 3357 3370 3414 Estas
3391 3345 3534 3410 'dici-

1961 3464 2069 3522 tur,
2096 3454 2249 3525 quasi
2276 3463 2430 3520 usta,
2462 3454 2516 3509 id
2541 3462 2656 3520 est,
2695 3463 2885 3510 exusta
2921 3462 2977 3507 et
3016 3452 3169 3506 arida
3194 3467 3209 3504 :
3240 3464 3366 3504 nam
3391 3445 3541 3503 calor

1960 3548 2144 3604 aridus
2171 3555 2273 3604 est.
2309 3545 2615 3604 Autumnus
2639 3563 2671 3603 a
2700 3556 3020 3619 tempestate
3049 3552 3290 3607 vocatus,
3325 3541 3538 3612 quando

1961 3651 2016 3699 et
2067 3643 2196 3698 folia
2241 3644 2494 3700 arborum
2542 3644 2763 3709 cadunt,
2818 3652 2874 3698 et
2918 3641 3101 3696 omnia
3143 3643 3534 3694 maturescunt.

1961 3734 2206 3791 Hiemem
2243 3737 2383 3790 ratio
2433 3733 2783 3805 hemispherii
2823 3733 3185 3803 nuncupavit,
3232 3731 3359 3801 quia
3411 3738 3542 3784 tunc

1958 3827 2196 3882 breviori
2241 3827 2322 3882 sol
2375 3826 2610 3881 volvitur
2645 3824 2868 3882 circulo.
2913 3824 3064 3880 Unde
3108 3832 3161 3878 et
3196 3823 3298 3876 hoc
3326 3830 3539 3889 tempus

1960 3918 2152 3973 bruma
2179 3918 2397 3984 dicitur,
2421 3919 2577 3987 quasi
2596 3918 2789 3971 braxin
2815 3913 3112 3988 [brachys],
3138 3915 3190 3969 id
3204 3922 3306 3979 est,
3324 3913 3535 3968 brevis:

1959 4008 2047 4062 vel
2086 4024 2112 4061 a
2145 4009 2267 4064 cibo
2293 4050 2306 4075 ,
2341 4009 2484 4078 quod
2515 4007 2688 4078 major
2716 4009 2789 4063 sit
2809 4017 2937 4062 tunc
2959 4006 3208 4062 vescendi
3246 4004 3536 4075 appetitus.

1960 4100 2212 4155 Edacitas
2254 4100 2397 4154 enim
2444 4098 2630 4154 Graece
2678 4099 2867 4154 broma
2920 4097 3237 4167 appellatur.
3295 4095 3441 4150 Unde
3484 4102 3542 4149 et

1963 4189 2274 4244 imbrumati
2319 4189 2590 4252 dicuntur,
2624 4187 2817 4256 quibus
2844 4186 3118 4241 fastidium
3150 4194 3233 4240 est
3269 4186 3536 4246 ciborum.

1961 4279 2234 4334 Hibernus
2261 4288 2442 4334 autem
2472 4281 2614 4333 inter
2645 4280 2878 4334 hiemem
2901 4287 2957 4332 et
2984 4294 3209 4333 vernum
3235 4287 3338 4344 est,
3382 4279 3537 4348 quasi

1960 4367 2270 4434 hievernus,
2286 4369 2376 4438 qui
2392 4368 2707 4438 plerumque
2729 4383 2759 4420 a
2774 4377 2928 4438 parte
2943 4377 3109 4422 totam
3125 4369 3357 4423 hiemem
3375 4369 3540 4439 signi-

1960 4454 2108 4512 ﬁcat.
2167 4457 2295 4514 Haec
2351 4466 2590 4529 tempora
2642 4459 2870 4530 singulis
2914 4459 3077 4512 etiam
3117 4457 3238 4512 caeli
3294 4457 3538 4527 partibus

1961 4549 2325 4603 ascribuntur.
2370 4549 2478 4603 Ver
2523 4550 2721 4619 quippe
2767 4548 2973 4604 Orienti
3013 4548 3202 4614 datur,
3251 4549 3377 4618 quia
3411 4557 3539 4603 tunc

1961 4654 2029 4695 ex
2059 4639 2218 4694 terris
2253 4639 2433 4693 omnia
2467 4638 2735 4693 oriuntur.
2765 4637 2954 4692 Estas
2986 4653 3114 4692 vero
3148 4637 3439 4693 Meridiano
3473 4652 3537 4694 eo

1960 4719 2102 4801 quod
2128 4746 2252 4800 pars
2282 4731 2399 4800 ejus
2425 4730 2604 4785 calore
2634 4729 2942 4801 ﬂagrantior
2966 4729 3057 4784 sit.
3104 4728 3287 4784 Hiems
3314 4729 3534 4801 Septen-

1960 4825 2144 4890 trioni,
2171 4825 2314 4893 quod
2341 4823 2632 4894 frigoribus
2652 4834 2706 4879 et
2729 4833 2989 4894 perpetuo
3010 4824 3132 4894 gelu
3165 4833 3395 4894 torpeat.
3417 4825 3531 4881 Au-

1961 4923 2178 4969 tumnus
2200 4914 2434 4970 Occiduo
2455 4925 2674 4983 propter
2694 4931 2884 4984 graves
2909 4915 3150 4980 morbos,
3174 4931 3309 4984 quos
3334 4916 3532 4973 habet:

1965 5005 2106 5059 unde
2126 5013 2179 5058 et
2209 5013 2335 5058 tunc
2357 5005 2596 5058 omnium
2626 5003 2748 5057 folia
2777 5006 3032 5059 arborum
3060 5005 3315 5059 defluunt.
3343 5004 3410 5060 Ut
3440 5021 3534 5061 au-

1967 5105 2076 5151 tem
2102 5106 2394 5150 autumnus
2417 5097 2655 5152 abundet
2685 5097 2906 5162 morbis,
2945 5095 3076 5151 facit
3104 5098 3207 5152 hoc
3241 5097 3532 5152 confinium

1966 5188 2185 5258 frigoris
2207 5199 2260 5245 et
2285 5189 2499 5254 caloris,
2531 5199 2585 5244 et
2610 5190 3023 5260 compugnantia
3061 5190 3200 5243 intra
3227 5206 3283 5244 se
3315 5198 3530 5244 contra-

1967 5279 2170 5332 riarum
2211 5296 2408 5334 rerum.
2448 5280 2670 5351 Mystice
2697 5289 2875 5333 autem
2907 5295 3002 5334 ver
3034 5278 3291 5349 Baptismi
3327 5281 3534 5334 novita-

1969 5379 2076 5426 tem
2096 5372 2378 5440 signiﬁcat,
2405 5382 2495 5426 aut
2525 5374 2924 5427 renovationem
2949 5372 3071 5425 vitae
3103 5381 3222 5440 post
3250 5370 3421 5443 frigus
3446 5372 3533 5424 in-

1965 5461 2260 5528 ﬁdelitatis,
2285 5472 2339 5519 ct
2357 5464 2586 5534 pigritiae
2603 5471 2873 5533 torporem
2900 5477 2913 5515 :
2942 5462 3055 5516 sive
3083 5463 3535 5516 resurrectionem

1962 5571 2246 5625 corporum
2294 5565 2417 5628 post
2461 5557 2649 5612 mortis
2690 5556 3015 5611 occubitum.
3073 5554 3222 5610 Unde
3276 5551 3533 5607 Dominus

1959 5647 2218 5717 praecepit
2243 5646 2294 5699 in
2321 5646 2437 5716 lege
2458 5661 2698 5701 mensem
2723 5659 2981 5700 novarum
2997 5643 3287 5697 observare
3307 5651 3361 5696 et
3380 5641 3529 5695 verni

1960 5739 2301 5810 principium,
2342 5740 2556 5809 quando
2593 5738 2775 5794 eduxit
2805 5737 3060 5792 Dominus
3098 5734 3237 5790 ﬁlios
3273 5732 3437 5788 lsrael
3464 5732 3530 5786 de
