3930 6386
353 315 466 371 503

357 441 505 486 terra
532 429 754 501 Egypti
785 444 881 500 per
906 445 1056 483 mare
1090 431 1355 495 Rubrum,
1383 432 1436 485 in
1460 446 1568 501 quo
1593 440 1648 486 et
1675 430 1951 486 celebrare
1977 431 2031 493 Α

354 523 559 591 pascha
580 522 744 592 jussit
769 520 964 592 (Exod.
992 522 1102 592 xtv)
1125 538 1139 588 ;
1171 539 1278 592 quo
1307 525 1472 578 etiam
1500 530 1742 592 tempore
1763 521 1948 577 Salva-

355 622 443 667 tor
478 620 598 682 post
626 612 937 682 passionem
975 627 1007 666 a
1033 621 1209 666 morte
1235 613 1491 679 surrexit,
1527 621 1583 667 et
1615 626 1766 681 spem
1794 611 1949 665 nobis

355 704 774 759 resurrectionis
801 703 1012 759 tribuit.
1053 701 1242 758 .lEstas
1273 712 1454 759 autem
1485 713 1725 759 ventura:
1751 700 1948 769 jucun-

352 795 538 851 ditatis
568 794 937 866 prazﬁguratio
971 802 1074 858 est,
1117 802 1175 848 et
1219 792 1490 850 fervorem
1534 793 1817 849 charitatis
1855 808 1950 848 cx-

350 891 557 960 primit.
623 889 776 944 Unde
836 897 921 944 est
982 888 1112 942 illud
1162 889 1217 942 in
1270 889 1479 958 psalmo
1521 888 1832 942 z/Estatem
1899 895 1946 942 ct

351 998 438 1035 rer
464 989 522 1034 tu
548 979 718 1049 fecisti
740 996 802 1032 ea
825 977 997 1056 (Psal.
1023 976 1240 1048 Lxxnt).
1273 978 1341 1033 Et
1362 979 1418 1034 in
1448 977 1738 1033 Salomone
1769 995 1780 1028 :
1819 975 1945 1030 Jam

357 1073 499 1127 enim
530 1072 695 1126 hiems
730 1073 939 1125 transiit
967 1079 1012 1124 ct
1040 1071 1250 1125 recessit
1279 1084 1296 1121 :
1327 1072 1485 1140 ﬂores
1513 1076 1867 1139 apparuerunt
1894 1066 1948 1120 in

357 1175 501 1219 terra
525 1162 702 1235 (Cant.
748 1163 831 1232 ιι).
858 1162 1045 1218 Ᾰέειιιε
1071 1163 1249 1218 futura
1288 1161 1586 1226 beatitudo,
1620 1169 1678 1214 ut
1709 1161 1762 1213 in
1795 1157 1949 1213 Salo-

356 1268 516 1309 mone
543 1271 554 1306 :
589 1251 817 1322 Propter
842 1253 1012 1324 frigus
1036 1255 1183 1325 piger
1207 1270 1363 1307 arare
1396 1252 1563 1306 noluit
1588 1265 1606 1302 :
1630 1249 1947 1305 mendicabit

346 1353 557 1409 aestate,
592 1352 640 1396 et
677 1360 782 1397 non
820 1344 1032 1398 dabitur
1070 1346 1119 1398 ei
1156 1342 1342 1416 (Prov.
1386 1342 1501 1415 xx).
1545 1343 1652 1398 Per
1682 1343 1798 1397 htec
1840 1343 1945 1397 duo

346 1445 594 1505 tempora
628 1433 900 1506 signiﬁcat
938 1434 1122 1490 ﬁdeles
1160 1435 1379 1491 diversa
1415 1450 1629 1490 morum
1684 1434 1946 1502 qualitate

342 1529 631 1597 pollentes.
661 1527 767 1583 Alii
792 1528 937 1584 enim
964 1536 1090 1583 sunt
1113 1536 1377 1599 tanquam
1401 1535 1581 1593 aestas,
1616 1527 1740 1581 ﬁdei
1763 1525 1944 1581 calore

342 1620 618 1675 ferventes
652 1619 719 1673 ad
759 1620 1086 1690 martyrium
1125 1634 1300 1688 usque
1337 1618 1583 1688 perducti
1617 1635 1628 1670 :
1663 1616 1754 1670 alii
1792 1631 1947 1670 man-

341 1712 629 1768 suetudine
651 1712 959 1782 temperati,
996 1722 1255 1781 tanquam
1282 1726 1401 1777 ver,
1433 1709 1684 1781 aaquabili
1715 1708 1942 1764 Domino

1010 318 1069 371 li.
1112 317 1362 373 RABANI
1399 317 1618 374 MAURI
1654 316 1976 372 ARCIHEP.
2016 316 2322 376 MOGUNT.
2364 315 2652 373 OPERUM
2691 317 2871 375 PARS
2907 319 2973 374 ll.

3532 321 3644 376 504

2647 429 2875 487 CAPUT
2925 429 3037 486 ΧΠ.

2706 521 2785 575 De
2814 537 2970 574 anno.

2127 615 2316 670 Annus
2348 613 2435 669 vel
2459 614 2526 669 ab
2552 613 2857 668 innovando
2887 623 3103 678 cuncta,
3134 631 3254 685 qua:
3286 616 3518 670 naturali
3557 632 3651 671 or—

2049 705 2180 760 dine
2217 691 2570 770 transierant,
2601 705 2686 760 vel
2724 721 2753 760 a
2785 706 3018 760 circuitu
3048 707 3306 776 temporis
3330 722 3532 761 nomen
3559 721 3651 762 ac-

2051 798 2193 868 cepit
2225 812 2239 850 :
2275 798 2400 867 quia
2439 805 2651 852 veteres
2677 813 2879 851 annum
2906 813 3005 867 per
3037 797 3242 852 circum
3271 813 3474 866 ponere
3503 798 3649 853 sole-

2050 888 2201 952 bant,
2226 894 2288 940 ut
2317 885 2450 942 Cato
2467 886 2598 941 dicit
2615 887 2669 940 in
2694 885 3058 956 Originalibus
3077 899 3378 942 oratorum.
3405 888 3643 953 Annum,

2051 977 2104 1030 id
2147 983 2263 1038 est,
2307 977 2546 1042 circum,
2590 977 2880 1031 terminum
2916 995 2928 1030 :
2961 986 3017 1032 et
3047 978 3256 1032 ambire
3306 979 3506 1032 dicitur
3543 992 3647 1047 pro

2049 1066 2357 1121 circumire.
2393 1067 2490 1122 Est
2517 1076 2699 1122 autem
2743 1083 2916 1122 annus
2941 1068 3170 1134 lunaris,
3206 1076 3293 1124 est
3332 1077 3386 1123 et
3427 1069 3644 1132 solaris,

2049 1165 2134 1212 est
2156 1165 2211 1212 et
2230 1159 2532 1213 errantium
2549 1159 2815 1213 discretus
2847 1158 3126 1212 stellarum
3159 1177 3172 1213 :
3211 1168 3295 1214 est
3321 1169 3377 1212 et
3400 1159 3648 1213 omnium

2047 1248 2394 1318 planetarum
2430 1264 2593 1315 unus,
2630 1265 2793 1319 quem
2817 1265 3072 1320 magnum
3095 1251 3407 1318 specialiter
3429 1266 3643 1304 nuncu-

2047 1347 2198 1408 pant.
2232 1338 2341 1394 Sed
2363 1339 2569 1396 lunaris
2587 1341 3104 1410 annusquadrifarie
3119 1344 3400 1413 accipitur.
3430 1342 3646 1396 Primus

2055 1439 2139 1486 est
2161 1446 2420 1502 namque,
2452 1448 2574 1487 cum
2599 1432 2724 1486 luna
2748 1449 2896 1486 xxvu
2924 1434 3113 1489 diebus
3139 1442 3194 1488 et
3217 1442 3340 1488 octo
3372 1434 3522 1488 horis
3543 1433 3647 1487 Zo--

2053 1525 2266 1580 diacum
2309 1539 2672 1595 percurrens,
2715 1525 2786 1580 ad
2818 1526 2870 1580 id
2916 1526 3154 1597 signum,
3196 1540 3262 1580 ex
3301 1541 3407 1596 quo
3428 1541 3645 1596 egressa

2053 1624 2156 1690 est,
2199 1616 2516 1671 revertitur.
2563 1615 2845 1671 Secundus
2872 1616 3080 1671 duobus
3113 1617 3304 1671 diebus
3332 1624 3387 1670 et
3408 1624 3644 1685 quatuor

2052 1705 2206 1760 horis
2255 1707 2562 1776 prolixior,
2615 1709 2709 1776 qui
2764 1718 3021 1764 consuete
3065 1710 3269 1764 mensis
3321 1710 3640 1781 appellatur,

340 1809 630 1864 ιιωνοιίοηθ
665 1807 1010 1864 famulantes,
1057 1809 1255 1864 Omnia
1295 1809 1442 1863 enim
1485 1815 1540 1861 ei,
1586 1806 1691 1861 ista
1740 1815 1796 1859 ει
1839 1803 1960 1858 alia
1990 1788 2039 1849 B
2066 1813 2190 1852 cum
2223 1798 2389 1852 solem
2433 1815 2464 1853 a
2492 1814 2598 1868 quo
2637 1815 2773 1854 nova
2810 1801 3052 1871 digressa
3079 1812 3184 1868 est,
3222 1820 3351 1858 xxix
3381 1805 3570 1860 diebus
3593 1812 3647 1859 et

340 1901 456 1968 ipse
482 1897 634 1959 fecit.
667 1897 822 1967 cujus
843 1899 1016 1970 gratia
1039 1899 1379 1963 conceditur,
1401 1897 1545 1967 quod
1575 1897 1630 1950 in
1657 1894 1939 1950 hominum

339 1994 480 2048 bona
500 1993 780 2048 voluntate
807 1999 1166 2047 monstratur.
1202 1992 1512 2046 Autumnus
1532 1988 1720 2052 etiam,
1750 1987 1805 2040 in
1830 1999 1938 2055 quo

337 2081 665 2152 colliguntur
679 2081 882 2152 fruges,
901 2091 1114 2150 tempus
1126 2088 1212 2136 est
1227 2080 1419 2134 messis
1447 2087 1608 2149 atque
1626 2076 1936 2141 vindemiae,

336 2185 552 2244 tempus
595 2171 916 2228 universalis
937 2171 1131 2242 judicii
1185 2170 1490 2242 signiﬁcat,
1519 2168 1738 2240 quando
1771 2181 1940 2222 unus-

334 2266 568 2335 quisque
602 2265 784 2336 operis
816 2265 1122 2320 mercedem
1160 2263 1409 2334 recipiet,
1440 2271 1496 2318 et
1517 2270 1685 2316 metet
1703 2260 1940 2315 fructum

336 2357 545 2412 laboris
579 2356 694 2423 sui,
721 2355 876 2426 juxta
905 2355 1038 2411 illud
1068 2355 1316 2426 Apostoli
1345 2374 1356 2408 :
1386 2352 1579 2409 Omnes
1608 2370 1702 2408 nos
1737 2360 1940 2424 oportet

333 2459 474 2504 stare
501 2459 624 2505 ante
673 2449 907 2504 tribunal
948 2445 1188 2514 Christi,
1231 2456 1287 2501 ut
1332 2447 1546 2516 recipiat
1585 2444 1942 2515 unusquisque

333 2542 550 2613 propria
585 2542 817 2612 corporis
840 2581 854 2606 ,
887 2550 1041 2610 prout
1070 2540 1251 2611 gessit,
1294 2539 1398 2592 sive
1435 2536 1647 2601 bonum,
1688 2537 1794 2591 sive
1820 2551 1938 2588 ma-

334 2635 442 2688 lum
486 2651 506 2689 :
545 2619 803 2705 quoniam.
842 2633 932 2703 qui
960 2632 1184 2687 seminat
1229 2631 1286 2686 in
1319 2645 1477 2685 carne
1517 2645 1637 2693 sua,
1683 2629 1746 2681 de
1786 2644 1943 2682 carne

338 2736 496 2780 metet
529 2725 918 2794 corruptionem
943 2741 961 2780 :
987 2724 1078 2795 qui
1111 2732 1285 2778 autem
1315 2723 1538 2793 seminat
1563 2722 1619 2775 in
1643 2719 1850 2791 spiritu,
1879 2719 1944 2772 de

333 2819 524 2888 spiritu
572 2827 726 2874 metet
770 2819 929 2873 vitam
975 2829 1230 2872 aeternam
1265 2813 1350 2887 (II
1409 2812 1531 2867 Cor.
1571 2829 1623 2876 v,
1680 2809 1802 2866 Gal.
1841 2809 1940 2880 vr).

337 2908 431 2964 Sic
472 2909 620 2963 enim
669 2908 932 2963 Dominus
974 2907 1030 2962 in
1070 2905 1366 2976 Evangelia
1422 2904 1498 2959 ait
1538 2917 1552 2957 :
1585 2901 1774 2957 Messis
1821 2917 1940 2954 vero

336 2999 721 3054 consummatio
761 2999 945 3052 steculi
979 3006 1081 3063 est,
1129 3014 1383 3052 messores
1425 3005 1599 3050 autem
1643 2993 1816 3064 angeli
1846 2993 1944 3047 Dei

280 3095 282 3097 ’
338 3087 558 3160 (Matth.
591 3088 734 3154 xm).
765 3087 832 3141 Et
861 3086 991 3142 alibi
1022 3104 1035 3140 :
1066 3086 1159 3145 Sic
1185 3096 1262 3142 est
1293 3102 1511 3158 regnum
1543 3084 1660 3151 Dei,
1687 3083 1942 3155 quemad-

342 3180 560 3232 modum
604 3179 650 3231 si
689 3179 844 3231 homo
875 3179 1051 3247 jacia't
1093 3187 1372 3233 sementem
1409 3180 1466 3232 in
1487 3188 1704 3240 terram,
1751 3184 1796 3229 et
1823 3175 1945 3229 dor—
1972 3152 2016 3215 (ἶ

343 3269 496 3334 miat,
537 3276 585 3322 et
623 3277 874 3338 exsurgat
913 3277 1064 3324 nocte
1099 3285 1161 3323 ac
1191 3270 1296 3334 die,
1319 3278 1367 3323 et
1403 3284 1579 3323 semen
1604 3267 1853 3339 germinet
1897 3278 1944 3321 et

338 3360 623 3423 increscat,
672 3359 798 3411 dum
841 3360 1004 3413 nescit
1056 3359 1144 3413 ille
1200 3358 1395 3431 (Marc.
1447 3357 1543 3432 tv).
1593 3359 1746 3414 Ultro
1799 3358 1943 3412 enim

345 3458 496 3505 terra
541 3449 874 3515 fructiﬁcat,
914 3451 1158 3520 primum
1192 3451 1441 3517 herbam,
1485 3451 1679 3506 deinde
1715 3452 1941 3520 spicam,

341 3543 538 3598 deinde
557 3543 774 3612 plenum
795 3541 1132 3598 frumentum
1158 3543 1211 3596 in
1239 3545 1465 3612 spicam.
1490 3544 1559 3598 Et
1582 3559 1708 3598 cum
1730 3559 1788 3598 se
1814 3559 1942 3613 pro-

345 3633 565 3688 duxerit
588 3634 821 3700 fructus,
855 3635 1043 3689 statim
1071 3636 1253 3690 mittat
1274 3635 1486 3700 falcem,
1508 3637 1764 3705 quoniam
1792 3635 1947 3689 adest

341 3734 556 3794 tempus
608 3727 821 3781 messis.
872 3726 1022 3780 Tunc
1079 3727 1217 3780 enim
1265 3729 1433 3780 mittet
1490 3725 1667 3780 Filius
1717 3726 1942 3779 hominis

341 3817 555 3888 angelos
576 3835 699 3871 suos
725 3828 773 3871 et
799 3817 1043 3887 colligant
1061 3819 1124 3871 de
1146 3834 1302 3889 regno
1328 3819 1443 3888 ejus
1466 3819 1640 3872 omnia
1664 3816 1940 3881 scandala,

347 3908 672 3978 alligantque
710 3909 920 3961 zizttnia
951 3908 1220 3976 fasciculis
1253 3908 1322 3962 ad
1356 3907 1761 3962 comburendum
1798 3923 1815 3960 :
1848 3907 1942 3959 tri-

359 4001 519 4053 ticum
557 4010 729 4052 autent
767 4009 1082 4068 congregant
1123 4001 1178 4053 in
1205 4000 1389 4052 horrea
1414 4016 1511 4052 sua
1537 3997 1752 4070 (Matth.
1795 3996 1937 4067 xttt).

362 4093 494 4145 Item
521 4100 818 4144 autumnus
845 4091 1134 4159 aliquando
1172 4099 1447 4144 transacta
1479 4089 1671 4145 salutis
1695 4098 1940 4158 tempora

356 4182 654 4252 signiﬁcat,
687 4189 743 4234 ut
776 4181 830 4234 in
865 4179 1072 4235 Michea
1105 4197 1117 4232 :
1156 4179 1248 4234 Va:
1281 4181 1438 4242 mihi,
1473 4182 1594 4250 quia
1622 4180 1794 4249 factus
1823 4197 1939 4235 sum

347 4276 487 4328 sicut
544 4273 633 4343 qui
676 4271 874 4342 colligit
915 4286 1147 4326 racemos
1178 4271 1232 4322 in
1275 4280 1525 4323 autumno
1574 4269 1759 4341 (Mich.
1815 4272 1934 4342 vn).

346 4365 536 4418 llicms
579 4378 712 4418 vero
766 4360 1168 4416 tribulationem
1207 4359 1475 4428 signiﬁcat
1518 4361 1603 4414 vel
1645 4363 1937 4416 terminum

2043 1892 2326 1947 duodecim
2353 1893 2504 1946 horis
2531 1893 2758 1958 exactis,
2782 1893 2896 1963 jam
2919 1893 3129 1950 defecta
3151 1898 3366 1966 repetit.
3406 1897 3641 1966 Tertius,

2043 1983 2138 2051 qui
2181 1997 2258 2036 xu
2295 1983 2576 2038 mensibus
2613 1983 2953 2054 hujusmodi,
2989 1985 3043 2040 id
3084 1993 3190 2052 est,
3229 1987 3419 2042 diebus
3460 2006 3644 2046 cecuv

2044 2073 2311 2143 expletur,
2360 2083 2414 2128 et
2451 2083 2679 2128 vocatur
2723 2075 3047 2141 communis,
3102 2091 3167 2131 eo
3207 2079 3348 2146 quod
3396 2079 3504 2133 duo
3546 2096 3645 2134 sm-

2042 2163 2266 2233 pissime
2313 2163 2453 2218 tales
2489 2165 2698 2233 pariter
2735 2173 2979 2219 currant.
3019 2164 3257 2231 Quartus
3286 2168 3377 2236 qui
3420 2169 3644 2223 emboli-

2045 2270 2196 2309 smus
2232 2253 2420 2310 Graece
2445 2255 2666 2323 dicitur,
2695 2257 2748 2312 id
2771 2265 2874 2322 est,
2905 2267 3438 2328 superaugmentum,
3468 2271 3523 2316 et
3549 2264 3641 2317 ha-

2044 2347 2138 2402 bet
2161 2363 2256 2401 xnt
2289 2363 2524 2413 menses,
2565 2348 2760 2414 id‘est,
2811 2349 2926 2404 dies
2962 2364 3245 2404 cccxxxtv.
3279 2350 3381 2417 Qui
3414 2362 3643 2422 uterque

2045 2438 2187 2508 apud
2220 2437 2475 2494 liehraaos
2509 2456 2540 2493 a
2581 2439 2846 2509 principio
2876 2441 3080 2494 mensis
3114 2442 3388 2510 paschalis
3430 2445 3640 2514 incipit,

2047 2525 2355 2596 ibidemque
2375 2529 2563 2582 ﬁnitur
2598 2547 2610 2581 :
2639 2530 2779 2596 apud
2801 2526 3077 2585 Romanos
3099 2546 3228 2586 vero
3253 2533 3321 2587 ab
3346 2533 3641 2603 incipiente

2045 2620 2174 2676 luna
2219 2623 2422 2678 mensis
2460 2621 2705 2677 Januarii
2748 2624 2913 2678 sumit
2960 2624 3197 2691 initium,
3238 2627 3419 2697 ibique
3464 2631 3644 2684 termi-

2045 2720 2226 2767 natur.
2275 2712 2409 2768 Item
2464 2713 2594 2768 solis
2645 2723 2728 2768 est
2783 2729 2979 2781 annus,
3031 2731 3152 2770 cum
3193 2719 3262 2772 ad
3299 2719 3491 2772 eadem
3525 2720 3642 2775 loca

2048 2803 2285 2858 siderum
2328 2804 2470 2858 redit
2497 2806 2736 2874 peractis
2774 2807 3033 2861 trecentis
3069 2810 3356 2879 sexaginta
3399 2811 3640 2880 quinque

2048 2895 2238 2950 diebus
2270 2903 2325 2950 et
2355 2910 2450 2951 sex
2483 2895 2666 2962 horis,
2706 2897 2760 2952 id
2799 2905 2920 2964 est,
2967 2899 3266 2968 quadrante
3292 2901 3458 2956 totius
3485 2902 3589 2957 diei
3622 2920 3635 2955 :

2047 3001 2168 3056 qua!
2206 3003 2334 3058 pars
2363 2998 2556 3058 quater
2586 2992 2745 3044 ducta
2773 2991 2918 3060 cogit
2945 2992 3219 3063 interponi
3250 3011 3418 3049 unum
3440 2996 3583 3050 diem
3619 3015 3633 3051 :

2048 3095 2210 3148 quem
2235 3080 2463 3135 Romani
2494 3082 2795 3136 bissextum
2825 3091 3038 3146 vocant,
3073 3093 3134 3138 ut
3157 3085 3226 3137 ad
3254 3087 3504 3141 eumdem
3532 3088 3640 3142 cir-

2049 3173 2253 3228 cuitum
2306 3173 2578 3229 redeatur.
2623 3175 2864 3241 Quartus
2904 3169 3107 3231 ‘solaris
3149 3177 3266 3248 gyri
3310 3194 3486 3234 annus
3531 3181 3637 3236 bis-

2049 3266 2259 3320 sextilis
2288 3271 2415 3334 jest,
2449 3268 2662 3322 caeteris
2692 3268 2868 3323 tribus
2915 3283 3026 3324 uno
3069 3268 3156 3324 die
3205 3272 3483 3340 prolixior,
3535 3287 3637 3342 quo

2048 3357 2295 3413 confecto
2357 3357 2438 3414 sol
2507 3360 2573 3413 ad
2640 3369 2832 3414 cuncta
2907 3359 3184 3430 signorum
3253 3362 3368 3417 loca
3435 3364 3635 3418 eisdem

2048 3450 2256 3505 dierum
2304 3451 2693 3519 noctiumque,
2743 3451 2944 3520 quibus
3008 3462 3132 3506 ante
3183 3456 3634 3523 quadriennium,

2049 3541 2342 3596 revertitur
2361 3543 2530 3596 horis.
2559 3541 2748 3597 Annus
2769 3544 3069 3598 errantium
3093 3545 3368 3601 stellarum
3400 3556 3507 3613 est,
3533 3563 3638 3617 quo

2048 3633 2264 3688 illarum
2293 3649 2520 3704 quaeque
2541 3635 2761 3690 Zodiaci
2790 3635 3055 3693 ambitum
3083 3639 3397 3708 perlustrat,
3437 3643 3504 3696 de
3532 3655 3638 3710 quo

2047 3739 2206 3793 supra
2233 3725 2487 3778 diximus.
2514 3724 2702 3780 Annus
2729 3743 2956 3798 magnus
2982 3737 3088 3795 est,
3119 3746 3239 3784 cmn
3265 3733 3446 3786 omnia
3478 3731 3639 3788 simul

2045 3815 2285 3869 errantia
2326 3815 2509 3871 sidera
2557 3819 2623 3871 ad
2671 3834 2766 3874 sua
2818 3835 3044 3891 quaeque
3093 3821 3209 3876 loca
3260 3823 3503 3878 habuere
3560 3837 3640 3878 re-

2043 3915 2271 3960 currunt
2320 3905 2853 3980 [recursum],quem
2906 3911 3069 3965 etiam
3119 3912 3356 3966 circulus
3406 3929 3636 3985 magnus

2044 3996 2257 4064 pascha:
2284 3999 2538 4053 ostendit.
2578 3998 2825 4056 Circulus
2871 4002 3084 4071 paschae
3139 4019 3366 4073 magnus
3414 4010 3635 4077 est,qui

2043 4085 2396 4156 multiplicato
2424 4104 2521 4159 per
2572 4090 2802 4145 invicem
2824 4091 2986 4146 solari
3016 4108 3079 4148 ac
3107 4094 3283 4149 lunari
3307 4097 3459 4166 cyclo
3481 4079 3637 4167 quin-

2043 4177 2217 4248 gentis
2249 4179 2468 4249 triginta
2522 4179 2728 4237 duobus
2777 4183 3063 4238 conﬁcitur
3112 4188 3286 4241 annis.
3334 4187 3460 4242 Sive
3491 4189 3632 4243 enim

2045 4271 2224 4327 decies
2239 4273 2426 4328 novies
2448 4274 2621 4329 viceni
2642 4284 2697 4330 et
2718 4278 2922 4342 octoni,
2939 4293 3031 4332 seu
3045 4279 3211 4334 vicies
3231 4281 3401 4336 octies
3423 4283 3546 4336 deni
3572 4298 3635 4337 ac

2044 4365 2237 4419 noveui
2287 4365 2747 4434 multiplicemur:
2784 4369 3201 4438 quingentorum
3234 4389 3384 4428 xxxii
3445 4391 3631 4430 nume-

347 4456 593 4512 tuortalis
620 4457 763 4510 vitro.
812 4455 964 4510 Unde
993 4455 1253 4508 Dominus
1281 4453 1538 4523 praecepit
1563 4454 1616 4508 in
1644 4455 1938 4526 Evangelio
1963 4487 2018 4547 Β
2048 4470 2166 4508 rum
2190 4456 2481 4524 complent,
2503 4458 2645 4512 unde
2672 4458 2754 4522 ﬁt,
2777 4468 2835 4513 ut
2855 4461 2995 4515 idem
3021 4462 3254 4517 circulus
3281 4479 3509 4535 magnus
3545 4467 3632 4519 de—

348 4549 651 4618 discipulis,
698 4547 887 4601 dicens
930 4564 941 4599 ε
983 4544 1168 4610 Orate,
1217 4554 1273 4596 ut
1325 4560 1428 4597 non
1465 4544 1560 4613 fiat
1601 4546 1727 4616 fuga
1772 4558 1940 4601 vestra

349 4642 516 4693 hieme
557 4638 632 4692 vel
684 4635 897 4689 sabbato
944 4633 1161 4706 (Matth.
1195 4634 1369 4704 xxiv).
1417 4633 1473 4687 Si
1514 4635 1580 4689 de
1627 4637 1940 4704 captivitate

350 4731 690 4786 Hierusalem
733 4730 870 4782 hanc
911 4727 1236 4782 sententiam
1285 4725 1621 4781 voluerimus
1669 4727 1936 4798 accipere,

351 4825 567 4892 quando
611 4837 640 4874 a
673 4821 796 4875 Tito
834 4829 888 4873 et
925 4817 1258 4890 Vespasiano
1297 4827 1454 4890 capta
1495 4825 1618 4884 est,
1660 4833 1818 4874 orare
1850 4822 1942 4875 de-

351 4915 503 4978 bent,
545 4928 613 4966 ne
651 4911 776 4982 fuga
803 4927 992 4966 eorum
1037 4911 1217 4966 hieme
1257 4911 1344 4964 vel
1375 4911 1599 4966 sabbato
1633 4910 1727 4965 ﬁat
1769 4930 1781 4964 :
1813 4911 1942 4982 quia

354 5007 410 5061 in
464 5004 636 5057 altero
685 5003 884 5056 duritia
934 5001 1152 5071 frigoris
1197 5003 1449 5072 prohibet
1489 5003 1557 5056 ad
1591 5003 1936 5058 solitudinem

357 5107 604 5167 pergere,
652 5102 705 5146 et
753 5094 807 5145 in
860 5091 1130 5146 montibus
1181 5092 1518 5162 desertisque
1567 5092 1787 5148 latitare
1825 5109 1840 5146 :
1883 5094 1938 5148 in

358 5188 530 5241 altero
558 5193 739 5238 autem
775 5182 1136 5250 transgressio
1167 5181 1298 5252 legis
1331 5192 1432 5249 est,
1469 5183 1514 5237 si
1543 5181 1731 5253 fugere
1751 5181 1939 5238 volue-

359 5277 490 5340 rint,
533 5283 627 5328 aut
655 5288 804 5328 mors
834 5271 1143 5334 imminens,
1184 5271 1229 5324 si
1259 5272 1640 5327 remanserint.
1671 5273 1726 5326 Si
1755 5283 1938 5330 autem

363 5371 430 5422 de
451 5368 916 5423 consummatione
945 5365 1130 5420 mundi
1157 5365 1491 5436 intelligitur,
1535 5369 1636 5424 hoc
1659 5371 1936 5439 prtecepit,

363 5469 422 5514 ut
451 5474 554 5512 non
586 5458 904 5526 refrigescat
927 5457 1058 5511 ﬁdes
1086 5466 1272 5511 nostra
1291 5498 1304 5523 ,
1336 5457 1468 5510 etin
1493 5457 1768 5514 Christum
1799 5459 1941 5514 cari-

364 5559 484 5603 tas:
517 5562 690 5614 neque
722 5555 774 5598 ut
811 5546 970 5600 otiosi
1011 5547 1065 5600 in
1094 5561 1256 5616 opere
1299 5547 1392 5602 Dei
1423 5556 1733 5617 torpeamus
1776 5551 1945 5605 virtu-

368 5653 477 5696 tum
509 5643 748 5696 sabbato.
919 5645 922 5648 ’

2045 4546 2462 4600 cennovennalis
2487 4547 2626 4602 luna-3
2662 4550 2894 4606 circulus
2933 4552 3119 4621 viginti
3171 4564 3293 4609 octo
3318 4595 3334 4620 ,
3383 4557 3512 4612 solis
3541 4573 3633 4611 au-

2049 4642 2178 4700 tem,
2201 4635 2294 4704 qui
2318 4636 2522 4690 vicenis
2550 4638 2869 4705 octonisque
2891 4643 3253 4696 consummari
3288 4644 3424 4699 solet
3448 4646 3630 4712 anuis,

2046 4726 2232 4780 decem
2260 4734 2315 4780 et
2338 4741 2528 4781 novem
2555 4727 2750 4783 habeat
2781 4730 3016 4785 circulus
3042 4733 3310 4789 hissextos
3333 4710 3514 4791 decies
3539 4710 3629 4792 nos

2045 4817 2164 4872 nies
2209 4827 2477 4888 septenos,
2519 4819 2571 4874 id
2609 4829 2712 4886 est,
2742 4830 2956 4875 centum
3011 4825 3231 4894 triginta
3263 4835 3373 4881 tres
3416 4844 3629 4884 menses

2045 4908 2249 4964 solares
2285 4909 2450 4965 vicies
2490 4912 2658 4966 octies
2686 4911 2943 4967 ducentos
2971 4913 3160 4982 viginti
3192 4924 3247 4968 et
3267 4925 3410 4982 octo,
3440 4919 3495 4972 id
3525 4929 3630 4986 est,

2046 5007 2172 5055 octo
2195 5000 2362 5055 millia
2399 5002 2658 5057 ducentos
2684 5005 2956 5073 octoginta
2995 5015 3244 5074 quatuor.
3291 5007 3501 5066 Menses
3536 5028 3631 5066 au-

2047 5100 2155 5145 tem
2189 5092 2406 5147 lunares
2439 5095 2605 5149 vicies
2627 5094 2795 5149 octies
2825 5109 3054 5160 cexxxv,
3084 5097 3138 5150 id
3165 5106 3277 5163 est,
3324 5115 3417 5155 sex
3463 5102 3624 5155 tnillia

2049 5195 2222 5236 anxx
2257 5183 2407 5248 dies,
2463 5183 2703 5252 exceptis
2757 5184 3038 5250 bissextis,
3088 5185 3254 5240 vicies
3298 5187 3471 5242 octies
3521 5205 3623 5255 ut,

2050 5288 2341 5338 nccccxxv,
2393 5273 2447 5327 id
2501 5279 2618 5338 est,
2667 5287 3083 5339 exetvu,et.xxx.
3135 5275 3406 5345 Appositis
3449 5289 3625 5333 autem

2050 5364 2302 5419 hissextis
2336 5378 2772 5431 exetvu,cccxnt,
2820 5365 2911 5434 qui
2955 5367 3043 5420 ubi
3073 5375 3426 5421 memoratam
3456 5385 3523 5424 ex
3546 5349 3628 5424 o'r-

2050 5454 2173 5508 dine
2239 5454 2505 5508 mensium
2565 5452 2882 5523 dierumque
2926 5470 3191 5510 summam
3245 5457 3622 5528 compleverit,

2050 5559 2175 5598 mox
2218 5545 2272 5598 in
2291 5559 2350 5600 se
2376 5545 2549 5614 ipsum
2578 5544 2853 5600 revolutus
2883 5554 3077 5599 cuncta
3099 5585 3113 5611 ,
3153 5561 3272 5615 quae
3293 5547 3359 5601 ad
3385 5547 3516 5604 solis
3540 5548 3622 5604 vel

2052 5633 2189 5687 lunae
2217 5648 2432 5690 cursum
2487 5635 2778 5702 pertinent,
2811 5634 2999 5689 eodem
3021 5673 3035 5698 ,
3081 5649 3188 5703 quo
3215 5637 3586 5705 prazterieraut
3605 5675 3622 5700 ,

2055 5739 2267 5795 semper
2304 5735 2484 5780 tenore
2537 5732 2822 5779 rcstaurat.
2882 5723 3111 5779 Tantum
3161 5726 3283 5780 anni
3335 5726 3619 5781 Dominiec
