  <div class='ocr_page' id='page_1' title='image "/cluster/home/n/w/nwhite01/storage/ocr_20150623/111/uva.x000827067/160.png"; bbox 0 0 3930 6344; ppageno 0'>
   <div class='ocr_carea' id='block_1_1' title="bbox 236 501 342 560">
    <p class='ocr_par' dir='ltr' id='par_1_1' title="bbox 236 501 342 560">
     <span class='ocr_line' id='line_1_1' title="bbox 236 501 342 560; baseline 0 0"><span class='ocrx_word' id='word_1_1' title='bbox 236 501 342 560; x_wconf 72' lang='grc'><strong>305</strong></span> 
     </span>
    </p>
   </div>
   <div class='ocr_carea' id='block_1_2' title="bbox 235 709 1824 780">
    <p class='ocr_par' dir='ltr' id='par_1_2' title="bbox 235 709 1824 780">
     <span class='ocr_line' id='line_1_2' title="bbox 235 709 1824 780; baseline -0.001 -16"><span class='ocrx_word' id='word_1_2' title='bbox 235 722 285 764; x_wconf 86' lang='lat' dir='ltr'><strong>et</strong></span> <span class='ocrx_word' id='word_1_3' title='bbox 321 711 668 775; x_wconf 87' lang='lat' dir='ltr'><strong>iudictiones,</strong></span> <span class='ocrx_word' id='word_1_4' title='bbox 699 726 912 780; x_wconf 92' lang='lat' dir='ltr'><strong>quoquo</strong></span> <span class='ocrx_word' id='word_1_5' title='bbox 937 709 1180 765; x_wconf 81' lang='lat' dir='ltr'><strong>ferantur</strong></span> <span class='ocrx_word' id='word_1_6' title='bbox 1203 710 1256 764; x_wconf 92' lang='lat' dir='ltr'><strong>in</strong></span> <span class='ocrx_word' id='word_1_7' title='bbox 1279 710 1466 764; x_wconf 83' lang='lat' dir='ltr'><strong>ordine</strong></span> <span class='ocrx_word' id='word_1_8' title='bbox 1490 709 1564 764; x_wconf 90' lang='lat' dir='ltr'><strong>nil</strong></span> <span class='ocrx_word' id='word_1_9' title='bbox 1587 709 1824 765; x_wconf 87' lang='lat' dir='ltr'><strong>siderum</strong></span> 
     </span>
    </p>
   </div>
   <div class='ocr_carea' id='block_1_3' title="bbox 234 800 1824 872">
    <p class='ocr_par' dir='ltr' id='par_1_3' title="bbox 234 800 1824 872">
     <span class='ocr_line' id='line_1_3' title="bbox 234 800 1824 872; baseline -0.001 -15"><span class='ocrx_word' id='word_1_10' title='bbox 234 816 472 867; x_wconf 87' lang='lat' dir='ltr'><strong>cursum,</strong></span> <span class='ocrx_word' id='word_1_11' title='bbox 503 811 671 872; x_wconf 86' lang='lat' dir='ltr'><strong>atque</strong></span> <span class='ocrx_word' id='word_1_12' title='bbox 693 801 812 858; x_wconf 89' lang='lat' dir='ltr'><strong>ideo</strong></span> <span class='ocrx_word' id='word_1_13' title='bbox 833 801 908 856; x_wconf 89' lang='lat' dir='ltr'><strong>nil</strong></span> <span class='ocrx_word' id='word_1_14' title='bbox 929 801 1198 872; x_wconf 76' lang='lat' dir='ltr'><strong>paschalis</strong></span> <span class='ocrx_word' id='word_1_15' title='bbox 1225 800 1413 855; x_wconf 85' lang='lat' dir='ltr'><strong>calculi</strong></span> <span class='ocrx_word' id='word_1_16' title='bbox 1435 800 1680 854; x_wconf 86' lang='lat' dir='ltr'><strong>ordinem</strong></span> <span class='ocrx_word' id='word_1_17' title='bbox 1715 815 1824 855; x_wconf 89' lang='lat' dir='ltr'><strong>mo-</strong></span> 
     </span>
    </p>
   </div>
   <div class='ocr_carea' id='block_1_4' title="bbox 233 892 1825 965">
    <p class='ocr_par' dir='ltr' id='par_1_4' title="bbox 233 892 1825 965">
     <span class='ocr_line' id='line_1_4' title="bbox 233 892 1825 965; baseline 0.004 -22"><span class='ocrx_word' id='word_1_18' title='bbox 233 900 375 946; x_wconf 87' lang='lat' dir='ltr'><strong>vent.</strong></span> <span class='ocrx_word' id='word_1_19' title='bbox 405 892 552 946; x_wconf 89' lang='lat' dir='ltr'><strong>Anni</strong></span> <span class='ocrx_word' id='word_1_20' title='bbox 593 895 738 948; x_wconf 92' lang='lat' dir='ltr'><strong>enim</strong></span> <span class='ocrx_word' id='word_1_21' title='bbox 762 894 916 964; x_wconf 82' lang='lat' dir='ltr'><strong>juxta</strong></span> <span class='ocrx_word' id='word_1_22' title='bbox 952 893 1261 965; x_wconf 92' lang='lat' dir='ltr'><strong>allegoriam</strong></span> <span class='ocrx_word' id='word_1_23' title='bbox 1297 894 1587 964; x_wconf 83' lang='lat' dir='ltr'><strong>aliquando</strong></span> <span class='ocrx_word' id='word_1_24' title='bbox 1611 895 1825 950; x_wconf 63' lang='lat' dir='ltr'><strong>tutemi-</strong></span> 
     </span>
    </p>
   </div>
   <div class='ocr_carea' id='block_1_5' title="bbox 233 983 1823 1055">
    <p class='ocr_par' dir='ltr' id='par_1_5' title="bbox 233 983 1823 1055">
     <span class='ocr_line' id='line_1_5' title="bbox 233 983 1823 1055; baseline 0.001 -19"><span class='ocrx_word' id='word_1_25' title='bbox 233 990 414 1045; x_wconf 85' lang='lat' dir='ltr'><strong>tatem,</strong></span> <span class='ocrx_word' id='word_1_26' title='bbox 455 983 751 1052; x_wconf 84' lang='lat' dir='ltr'><strong>aliquando</strong></span> <span class='ocrx_word' id='word_1_27' title='bbox 781 983 1100 1039; x_wconf 77' lang='lat' dir='ltr'><strong>brevitatem</strong></span> <span class='ocrx_word' id='word_1_28' title='bbox 1135 985 1386 1039; x_wconf 67' lang='lat' dir='ltr'><strong>humana:</strong></span> <span class='ocrx_word' id='word_1_29' title='bbox 1433 985 1558 1040; x_wconf 62' lang='lat' dir='ltr'><strong>vitm</strong></span> <span class='ocrx_word' id='word_1_30' title='bbox 1614 983 1823 1055; x_wconf 83' lang='lat' dir='ltr'><strong>signifi-</strong></span> 
     </span>
    </p>
   </div>
   <div class='ocr_carea' id='block_1_6' title="bbox 230 1073 1820 1144">
    <p class='ocr_par' dir='ltr' id='par_1_6' title="bbox 230 1073 1820 1144">
     <span class='ocr_line' id='line_1_6' title="bbox 230 1073 1820 1144; baseline 0.002 -17"><span class='ocrx_word' id='word_1_31' title='bbox 230 1079 390 1127; x_wconf 89' lang='lat' dir='ltr'><strong>cant:</strong></span> <span class='ocrx_word' id='word_1_32' title='bbox 423 1073 479 1126; x_wconf 92' lang='lat' dir='ltr'><strong>in</strong></span> <span class='ocrx_word' id='word_1_33' title='bbox 514 1073 611 1129; x_wconf 90' lang='lat' dir='ltr'><strong>illo</strong></span> <span class='ocrx_word' id='word_1_34' title='bbox 635 1074 780 1128; x_wconf 91' lang='lat' dir='ltr'><strong>enim</strong></span> <span class='ocrx_word' id='word_1_35' title='bbox 804 1074 1138 1144; x_wconf 91' lang='lat' dir='ltr'><strong>prophetico,</strong></span> <span class='ocrx_word' id='word_1_36' title='bbox 1170 1074 1261 1128; x_wconf 92' lang='lat' dir='ltr'><strong>ubi</strong></span> <span class='ocrx_word' id='word_1_37' title='bbox 1288 1075 1352 1128; x_wconf 90' lang='lat' dir='ltr'><strong>ad</strong></span> <span class='ocrx_word' id='word_1_38' title='bbox 1376 1074 1543 1131; x_wconf 92' lang='lat' dir='ltr'><strong>Deum</strong></span> <span class='ocrx_word' id='word_1_39' title='bbox 1586 1074 1820 1130; x_wconf 90' lang='lat' dir='ltr'><strong>dicitur:</strong></span> 
     </span>
    </p>
   </div>
   <div class='ocr_carea' id='block_1_7' title="bbox 232 1160 1824 1236">
    <p class='ocr_par' dir='ltr' id='par_1_7' title="bbox 232 1160 1824 1236">
     <span class='ocr_line' id='line_1_7' title="bbox 232 1160 1824 1236; baseline 0.003 -22"><span class='ocrx_word' id='word_1_40' title='bbox 232 1160 307 1215; x_wconf 78' lang='lat' dir='ltr'><strong>Ta</strong></span> <span class='ocrx_word' id='word_1_41' title='bbox 331 1170 510 1215; x_wconf 87' lang='lat' dir='ltr'><strong>autem</strong></span> <span class='ocrx_word' id='word_1_42' title='bbox 531 1163 673 1216; x_wconf 89' lang='lat' dir='ltr'><strong>idem</strong></span> <span class='ocrx_word' id='word_1_43' title='bbox 693 1164 802 1232; x_wconf 87' lang='lat' dir='ltr'><strong>ipse</strong></span> <span class='ocrx_word' id='word_1_44' title='bbox 827 1179 879 1217; x_wconf 85' lang='lat' dir='ltr'><strong>es</strong></span> <span class='ocrx_word' id='word_1_45' title='bbox 895 1203 909 1228; x_wconf 96' lang='lat'><strong>,</strong></span> <span class='ocrx_word' id='word_1_46' title='bbox 945 1173 993 1217; x_wconf 84' lang='lat' dir='ltr'><strong>et</strong></span> <span class='ocrx_word' id='word_1_47' title='bbox 1022 1165 1145 1217; x_wconf 87' lang='lat' dir='ltr'><strong>anni</strong></span> <span class='ocrx_word' id='word_1_48' title='bbox 1170 1163 1249 1216; x_wconf 87' lang='lat' dir='ltr'><strong>tui</strong></span> <span class='ocrx_word' id='word_1_49' title='bbox 1269 1179 1373 1216; x_wconf 83' lang='lat' dir='ltr'><strong>non</strong></span> <span class='ocrx_word' id='word_1_50' title='bbox 1395 1161 1824 1236; x_wconf 80' lang='lat' dir='ltr'><strong>deﬁcient(Psal.</strong></span> 
     </span>
    </p>
   </div>
   <div class='ocr_carea' id='block_1_8' title="bbox 225 1251 1828 1326">
    <p class='ocr_par' dir='ltr' id='par_1_8' title="bbox 225 1251 1828 1326">
     <span class='ocr_line' id='line_1_8' title="bbox 225 1251 1828 1326; baseline 0.005 -22"><span class='ocrx_word' id='word_1_51' title='bbox 225 1251 334 1320; x_wconf 84' lang='lat' dir='ltr'><strong>Cl),</strong></span> <span class='ocrx_word' id='word_1_52' title='bbox 365 1259 569 1306; x_wconf 86' lang='lat' dir='ltr'><strong>natura</strong></span> <span class='ocrx_word' id='word_1_53' title='bbox 597 1251 714 1322; x_wconf 89' lang='lat' dir='ltr'><strong>ejus</strong></span> <span class='ocrx_word' id='word_1_54' title='bbox 748 1253 848 1309; x_wconf 88' lang='lat' dir='ltr'><strong>sub</strong></span> <span class='ocrx_word' id='word_1_55' title='bbox 882 1252 1146 1308; x_wconf 81' lang='lat' dir='ltr'><strong>brevitate</strong></span> <span class='ocrx_word' id='word_1_56' title='bbox 1167 1253 1510 1309; x_wconf 82' lang='lat' dir='ltr'><strong>declaratur:</strong></span> <span class='ocrx_word' id='word_1_57' title='bbox 1546 1256 1673 1326; x_wconf 87' lang='lat' dir='ltr'><strong>quia</strong></span> <span class='ocrx_word' id='word_1_58' title='bbox 1711 1256 1828 1326; x_wconf 89' lang='lat' dir='ltr'><strong>ipse</strong></span> 
     </span>
    </p>
   </div>
   <div class='ocr_carea' id='block_1_9' title="bbox 227 1342 1824 1415">
    <p class='ocr_par' dir='ltr' id='par_1_9' title="bbox 227 1342 1824 1415">
     <span class='ocr_line' id='line_1_9' title="bbox 227 1342 1824 1415; baseline 0.001 -17"><span class='ocrx_word' id='word_1_59' title='bbox 227 1342 374 1398; x_wconf 86' lang='lat' dir='ltr'><strong>solus</strong></span> <span class='ocrx_word' id='word_1_60' title='bbox 398 1343 558 1396; x_wconf 88' lang='lat' dir='ltr'><strong>novit</strong></span> <span class='ocrx_word' id='word_1_61' title='bbox 590 1358 731 1410; x_wconf 85' lang='lat' dir='ltr'><strong>esse,</strong></span> <span class='ocrx_word' id='word_1_62' title='bbox 758 1343 850 1414; x_wconf 88' lang='lat' dir='ltr'><strong>qui</strong></span> <span class='ocrx_word' id='word_1_63' title='bbox 876 1352 937 1398; x_wconf 87' lang='lat' dir='ltr'><strong>ut</strong></span> <span class='ocrx_word' id='word_1_64' title='bbox 961 1345 1052 1409; x_wconf 87' lang='lat' dir='ltr'><strong>sit,</strong></span> <span class='ocrx_word' id='word_1_65' title='bbox 1081 1344 1187 1398; x_wconf 89' lang='lat' dir='ltr'><strong>alio</strong></span> <span class='ocrx_word' id='word_1_66' title='bbox 1208 1359 1316 1400; x_wconf 90' lang='lat' dir='ltr'><strong>non</strong></span> <span class='ocrx_word' id='word_1_67' title='bbox 1349 1353 1533 1415; x_wconf 90' lang='lat' dir='ltr'><strong>egeret</strong></span> <span class='ocrx_word' id='word_1_68' title='bbox 1557 1344 1824 1415; x_wconf 89' lang='lat' dir='ltr'><strong>adjutore.</strong></span> 
     </span>
    </p>
   </div>
   <div class='ocr_carea' id='block_1_10' title="bbox 225 1432 1827 1503">
    <p class='ocr_par' dir='ltr' id='par_1_10' title="bbox 225 1432 1827 1503">
     <span class='ocr_line' id='line_1_10' title="bbox 225 1432 1827 1503; baseline 0.002 -17"><span class='ocrx_word' id='word_1_69' title='bbox 225 1432 365 1486; x_wconf 92' lang='lat' dir='ltr'><strong>Alibi</strong></span> <span class='ocrx_word' id='word_1_70' title='bbox 401 1440 616 1499; x_wconf 89' lang='lat' dir='ltr'><strong>autem,</strong></span> <span class='ocrx_word' id='word_1_71' title='bbox 645 1433 735 1488; x_wconf 86' lang='lat' dir='ltr'><strong>ubi</strong></span> <span class='ocrx_word' id='word_1_72' title='bbox 789 1434 1049 1503; x_wconf 88' lang='lat' dir='ltr'><strong>scriptum</strong></span> <span class='ocrx_word' id='word_1_73' title='bbox 1099 1442 1217 1488; x_wconf 90' lang='lat' dir='ltr'><strong>est:</strong></span> <span class='ocrx_word' id='word_1_74' title='bbox 1258 1433 1399 1488; x_wconf 82' lang='lat' dir='ltr'><strong>Anni</strong></span> <span class='ocrx_word' id='word_1_75' title='bbox 1428 1436 1594 1490; x_wconf 84' lang='lat' dir='ltr'><strong>nostri</strong></span> <span class='ocrx_word' id='word_1_76' title='bbox 1617 1475 1632 1500; x_wconf 93' lang='lat'><strong>,</strong></span> <span class='ocrx_word' id='word_1_77' title='bbox 1692 1437 1827 1490; x_wconf 86' lang='lat' dir='ltr'><strong>sicut</strong></span> 
     </span>
    </p>
   </div>
   <div class='ocr_carea' id='block_1_11' title="bbox 225 1522 1826 1595">
    <p class='ocr_par' dir='ltr' id='par_1_11' title="bbox 225 1522 1826 1595">
     <span class='ocr_line' id='line_1_11' title="bbox 225 1522 1826 1595; baseline 0.002 -18"><span class='ocrx_word' id='word_1_78' title='bbox 225 1541 446 1587; x_wconf 83' lang='lat' dir='ltr'><strong>aranea,</strong></span> <span class='ocrx_word' id='word_1_79' title='bbox 489 1524 890 1578; x_wconf 76' lang='lat' dir='ltr'><strong>meditabantur</strong></span> <span class='ocrx_word' id='word_1_80' title='bbox 930 1522 1104 1595; x_wconf 85' lang='lat' dir='ltr'><strong>(Psal.</strong></span> <span class='ocrx_word' id='word_1_81' title='bbox 1145 1525 1403 1595; x_wconf 81' lang='lat' dir='ltr'><strong>Lxxx1x);</strong></span> <span class='ocrx_word' id='word_1_82' title='bbox 1436 1524 1826 1594; x_wconf 88' lang='lat' dir='ltr'><strong>malignitatem</strong></span> 
     </span>
    </p>
   </div>
   <div class='ocr_carea' id='block_1_12' title="bbox 223 1618 1831 1688">
    <p class='ocr_par' dir='ltr' id='par_1_12' title="bbox 223 1618 1831 1688">
     <span class='ocr_line' id='line_1_12' title="bbox 223 1618 1831 1688; baseline 0.003 -17"><span class='ocrx_word' id='word_1_83' title='bbox 223 1618 346 1672; x_wconf 84' lang='lat' dir='ltr'><strong>vitae</strong></span> <span class='ocrx_word' id='word_1_84' title='bbox 395 1625 608 1673; x_wconf 69' lang='lat' dir='ltr'><strong>nostra!</strong></span> <span class='ocrx_word' id='word_1_85' title='bbox 637 1619 812 1688; x_wconf 90' lang='lat' dir='ltr'><strong>posita</strong></span> <span class='ocrx_word' id='word_1_86' title='bbox 862 1618 1160 1674; x_wconf 87' lang='lat' dir='ltr'><strong>similitudo</strong></span> <span class='ocrx_word' id='word_1_87' title='bbox 1204 1619 1462 1675; x_wconf 83' lang='lat' dir='ltr'><strong>declarat.</strong></span> <span class='ocrx_word' id='word_1_88' title='bbox 1491 1620 1705 1676; x_wconf 82' lang='lat' dir='ltr'><strong>Aranea</strong></span> <span class='ocrx_word' id='word_1_89' title='bbox 1745 1630 1831 1676; x_wconf 90' lang='lat' dir='ltr'><strong>est</strong></span> 
     </span>
    </p>
   </div>
   <div class='ocr_carea' id='block_1_13' title="bbox 223 1710 1827 1780">
    <p class='ocr_par' dir='ltr' id='par_1_13' title="bbox 223 1710 1827 1780">
     <span class='ocr_line' id='line_1_13' title="bbox 223 1710 1827 1780; baseline 0.001 -15"><span class='ocrx_word' id='word_1_90' title='bbox 223 1711 365 1766; x_wconf 92' lang='lat' dir='ltr'><strong>enim</strong></span> <span class='ocrx_word' id='word_1_91' title='bbox 420 1710 634 1765; x_wconf 87' lang='lat' dir='ltr'><strong>animal</strong></span> <span class='ocrx_word' id='word_1_92' title='bbox 672 1711 849 1766; x_wconf 87' lang='lat' dir='ltr'><strong>debile</strong></span> <span class='ocrx_word' id='word_1_93' title='bbox 892 1727 957 1766; x_wconf 89' lang='lat' dir='ltr'><strong>ac</strong></span> <span class='ocrx_word' id='word_1_94' title='bbox 1010 1711 1406 1774; x_wconf 89' lang='lat' dir='ltr'><strong>tenuissimum,</strong></span> <span class='ocrx_word' id='word_1_95' title='bbox 1451 1712 1595 1780; x_wconf 90' lang='lat' dir='ltr'><strong>quod</strong></span> <span class='ocrx_word' id='word_1_96' title='bbox 1645 1721 1827 1768; x_wconf 83' lang='lat' dir='ltr'><strong>trans-</strong></span> 
     </span>
    </p>
   </div>
   <div class='ocr_carea' id='block_1_14' title="bbox 221 1803 1830 1873">
    <p class='ocr_par' dir='ltr' id='par_1_14' title="bbox 221 1803 1830 1873">
     <span class='ocr_line' id='line_1_14' title="bbox 221 1803 1830 1873; baseline 0.002 -17"><span class='ocrx_word' id='word_1_97' title='bbox 221 1803 477 1857; x_wconf 85' lang='lat' dir='ltr'><strong>euntibus</strong></span> <span class='ocrx_word' id='word_1_98' title='bbox 501 1803 712 1858; x_wconf 87' lang='lat' dir='ltr'><strong>muscis</strong></span> <span class='ocrx_word' id='word_1_99' title='bbox 735 1803 801 1856; x_wconf 90' lang='lat' dir='ltr'><strong>ad</strong></span> <span class='ocrx_word' id='word_1_100' title='bbox 821 1817 1000 1857; x_wconf 88' lang='lat' dir='ltr'><strong>escam</strong></span> <span class='ocrx_word' id='word_1_101' title='bbox 1029 1803 1130 1856; x_wconf 86' lang='lat' dir='ltr'><strong>sibi</strong></span> <span class='ocrx_word' id='word_1_102' title='bbox 1157 1803 1554 1873; x_wconf 91' lang='lat' dir='ltr'><strong>procurandam</strong></span> <span class='ocrx_word' id='word_1_103' title='bbox 1582 1803 1830 1872; x_wconf 72' lang='lat' dir='ltr'><strong>quazdam</strong></span> 
     </span>
    </p>
   </div>
   <div class='ocr_carea' id='block_1_15' title="bbox 222 1893 1830 1963">
    <p class='ocr_par' dir='ltr' id='par_1_15' title="bbox 222 1893 1830 1963">
     <span class='ocr_line' id='line_1_15' title="bbox 222 1893 1830 1963; baseline 0.002 -15"><span class='ocrx_word' id='word_1_104' title='bbox 222 1894 353 1948; x_wconf 87' lang='lat' dir='ltr'><strong>retia</strong></span> <span class='ocrx_word' id='word_1_105' title='bbox 385 1893 585 1948; x_wconf 89' lang='lat' dir='ltr'><strong>dolosa</strong></span> <span class='ocrx_word' id='word_1_106' title='bbox 607 1893 864 1948; x_wconf 82' lang='lat' dir='ltr'><strong>contexit.</strong></span> <span class='ocrx_word' id='word_1_107' title='bbox 907 1893 996 1948; x_wconf 91' lang='lat' dir='ltr'><strong>Sic</strong></span> <span class='ocrx_word' id='word_1_108' title='bbox 1028 1894 1155 1947; x_wconf 90' lang='lat' dir='ltr'><strong>anni</strong></span> <span class='ocrx_word' id='word_1_109' title='bbox 1183 1909 1394 1960; x_wconf 89' lang='lat' dir='ltr'><strong>eorum,</strong></span> <span class='ocrx_word' id='word_1_110' title='bbox 1433 1895 1525 1963; x_wconf 87' lang='lat' dir='ltr'><strong>qui</strong></span> <span class='ocrx_word' id='word_1_111' title='bbox 1549 1893 1830 1951; x_wconf 88' lang='lat' dir='ltr'><strong>sceleratis</strong></span> 
     </span>
    </p>
   </div>
   <div class='ocr_carea' id='block_1_16' title="bbox 1245 498 2518 560">
    <p class='ocr_par' dir='ltr' id='par_1_16' title="bbox 1245 498 2518 560">
     <span class='ocr_line' id='line_1_16' title="bbox 1245 498 2518 560; baseline 0.003 -4"><span class='ocrx_word' id='word_1_112' title='bbox 1245 501 1333 557; x_wconf 90' lang='lat' dir='ltr'><strong>DE</strong></span> <span class='ocrx_word' id='word_1_113' title='bbox 1373 498 1718 560; x_wconf 82' lang='lat' dir='ltr'><strong>UNIVERSO</strong></span> <span class='ocrx_word' id='word_1_114' title='bbox 1756 503 1933 560; x_wconf 83' lang='lat' dir='ltr'><strong>LIBRI</strong></span> <span class='ocrx_word' id='word_1_115' title='bbox 1971 502 2134 559; x_wconf 90' lang='lat' dir='ltr'><strong>XXII.</strong></span> <span class='ocrx_word' id='word_1_116' title='bbox 2173 533 2244 544; x_wconf 91' lang='lat'><strong>-—</strong></span> <span class='ocrx_word' id='word_1_117' title='bbox 2280 504 2407 560; x_wconf 86' lang='lat' dir='ltr'><strong>LIB.</strong></span> <span class='ocrx_word' id='word_1_118' title='bbox 2453 504 2518 560; x_wconf 86' lang='lat' dir='ltr'><strong>X.</strong></span> 
     </span>
    </p>
   </div>
   <div class='ocr_carea' id='block_1_17' title="bbox 235 614 1904 690">
    <p class='ocr_par' dir='ltr' id='par_1_17' title="bbox 235 614 1904 690">
     <span class='ocr_line' id='line_1_17' title="bbox 235 614 1904 690; baseline -0.003 -15"><span class='ocrx_word' id='word_1_119' title='bbox 235 617 634 675; x_wconf 88' lang='lat' dir='ltr'><strong>Incarnationis</strong></span> <span class='ocrx_word' id='word_1_120' title='bbox 667 631 764 674; x_wconf 92' lang='lat' dir='ltr'><strong>suo</strong></span> <span class='ocrx_word' id='word_1_121' title='bbox 795 625 941 672; x_wconf 90' lang='lat' dir='ltr'><strong>certo</strong></span> <span class='ocrx_word' id='word_1_122' title='bbox 973 619 1188 673; x_wconf 89' lang='lat' dir='ltr'><strong>tramite</strong></span> <span class='ocrx_word' id='word_1_123' title='bbox 1216 614 1502 685; x_wconf 88' lang='lat' dir='ltr'><strong>proﬁciunt</strong></span> <span class='ocrx_word' id='word_1_124' title='bbox 1530 617 1583 670; x_wconf 94' lang='lat' dir='ltr'><strong>in</strong></span> <span class='ocrx_word' id='word_1_125' title='bbox 1611 617 1819 686; x_wconf 85' lang='lat' dir='ltr'><strong>majus:</strong></span> <span class='ocrx_word' id='word_1_126' title='bbox 1850 632 1904 690; x_wconf 70' lang='grc' dir='ltr'><strong>Α</strong></span> 
     </span>
    </p>
   </div>
   <div class='ocr_carea' id='block_1_18' title="bbox 3402 504 3507 560">
    <p class='ocr_par' dir='ltr' id='par_1_18' title="bbox 3402 504 3507 560">
     <span class='ocr_line' id='line_1_18' title="bbox 3402 504 3507 560; baseline -0.019 0"><span class='ocrx_word' id='word_1_127' title='bbox 3402 504 3507 560; x_wconf 78' lang='lat'><strong>306</strong></span> 
     </span>
    </p>
   </div>
   <div class='ocr_carea' id='block_1_19' title="bbox 2521 616 2920 674">
    <p class='ocr_par' dir='ltr' id='par_1_19' title="bbox 2521 616 2920 674">
     <span class='ocr_line' id='line_1_19' title="bbox 2521 616 2920 674; baseline -0.01 0"><span class='ocrx_word' id='word_1_128' title='bbox 2521 617 2746 674; x_wconf 81' lang='lat' dir='ltr'><strong>CAPUT</strong></span> <span class='ocrx_word' id='word_1_129' title='bbox 2786 616 2920 671; x_wconf 89' lang='lat' dir='ltr'><strong>XIII.</strong></span> 
     </span>
    </p>
   </div>
   <div class='ocr_carea' id='block_1_20' title="bbox 2554 707 2876 762">
    <p class='ocr_par' dir='ltr' id='par_1_20' title="bbox 2554 707 2876 762">
     <span class='ocr_line' id='line_1_20' title="bbox 2554 707 2876 762; baseline -0.009 0"><span class='ocrx_word' id='word_1_130' title='bbox 2554 707 2632 762; x_wconf 89' lang='lat' dir='ltr'><strong>De</strong></span> <span class='ocrx_word' id='word_1_131' title='bbox 2665 707 2876 761; x_wconf 79' lang='lat' dir='ltr'><strong>swculo.</strong></span> 
     </span>
    </p>
   </div>
   <div class='ocr_carea' id='block_1_21' title="bbox 1997 799 3510 873">
    <p class='ocr_par' dir='ltr' id='par_1_21' title="bbox 1997 799 3510 873">
     <span class='ocr_line' id='line_1_21' title="bbox 1997 799 3510 873; baseline -0.005 -15"><span class='ocrx_word' id='word_1_132' title='bbox 1997 801 2206 858; x_wconf 67' lang='lat' dir='ltr'><strong>Stecula</strong></span> <span class='ocrx_word' id='word_1_133' title='bbox 2231 803 2665 873; x_wconf 78' lang='lat' dir='ltr'><strong>generationibus</strong></span> <span class='ocrx_word' id='word_1_134' title='bbox 2709 809 2988 866; x_wconf 88' lang='lat' dir='ltr'><strong>constant,</strong></span> <span class='ocrx_word' id='word_1_135' title='bbox 3022 808 3076 855; x_wconf 92' lang='lat' dir='ltr'><strong>et</strong></span> <span class='ocrx_word' id='word_1_136' title='bbox 3133 801 3255 855; x_wconf 91' lang='lat' dir='ltr'><strong>inde</strong></span> <span class='ocrx_word' id='word_1_137' title='bbox 3293 799 3510 866; x_wconf 76' lang='lat' dir='ltr'><strong>saecula,</strong></span> 
     </span>
    </p>
   </div>
   <div class='ocr_carea' id='block_1_22' title="bbox 1926 886 3515 964">
    <p class='ocr_par' dir='ltr' id='par_1_22' title="bbox 1926 886 3515 964">
     <span class='ocr_line' id='line_1_22' title="bbox 1926 886 3515 964; baseline -0.006 -16"><span class='ocrx_word' id='word_1_138' title='bbox 1926 895 2070 962; x_wconf 92' lang='lat' dir='ltr'><strong>quod</strong></span> <span class='ocrx_word' id='word_1_139' title='bbox 2104 909 2162 950; x_wconf 88' lang='lat' dir='ltr'><strong>se</strong></span> <span class='ocrx_word' id='word_1_140' title='bbox 2191 900 2502 964; x_wconf 86' lang='lat' dir='ltr'><strong>sequantur.</strong></span> <span class='ocrx_word' id='word_1_141' title='bbox 2557 892 2894 948; x_wconf 77' lang='lat' dir='ltr'><strong>Abeuntibus</strong></span> <span class='ocrx_word' id='word_1_142' title='bbox 2935 890 3080 944; x_wconf 90' lang='lat' dir='ltr'><strong>enim</strong></span> <span class='ocrx_word' id='word_1_143' title='bbox 3111 887 3228 942; x_wconf 88' lang='lat' dir='ltr'><strong>aliis</strong></span> <span class='ocrx_word' id='word_1_144' title='bbox 3257 886 3348 942; x_wconf 89' lang='lat' dir='ltr'><strong>alii</strong></span> <span class='ocrx_word' id='word_1_145' title='bbox 3398 902 3515 941; x_wconf 89' lang='lat' dir='ltr'><strong>suc-</strong></span> 
     </span>
    </p>
   </div>
   <div class='ocr_carea' id='block_1_23' title="bbox 1927 983 3515 1054">
    <p class='ocr_par' dir='ltr' id='par_1_23' title="bbox 1927 983 3515 1054">
     <span class='ocr_line' id='line_1_23' title="bbox 1927 983 3515 1054; baseline -0.004 -17"><span class='ocrx_word' id='word_1_146' title='bbox 1927 983 2144 1040; x_wconf 89' lang='lat' dir='ltr'><strong>cedunt.</strong></span> <span class='ocrx_word' id='word_1_147' title='bbox 2178 984 2316 1039; x_wconf 84' lang='lat' dir='ltr'><strong>Hinc</strong></span> <span class='ocrx_word' id='word_1_148' title='bbox 2349 984 2564 1054; x_wconf 87' lang='lat' dir='ltr'><strong>quidam</strong></span> <span class='ocrx_word' id='word_1_149' title='bbox 2590 983 3093 1054; x_wconf 90' lang='lat' dir='ltr'><strong>quinquagesimum</strong></span> <span class='ocrx_word' id='word_1_150' title='bbox 3109 993 3321 1033; x_wconf 85' lang='lat' dir='ltr'><strong>&#39;annum</strong></span> <span class='ocrx_word' id='word_1_151' title='bbox 3346 994 3515 1033; x_wconf 59' lang='lat' dir='ltr'><strong>saecu-</strong></span> 
     </span>
    </p>
   </div>
   <div class='ocr_carea' id='block_1_24' title="bbox 1927 1068 3514 1145">
    <p class='ocr_par' dir='ltr' id='par_1_24' title="bbox 1927 1068 3514 1145">
     <span class='ocr_line' id='line_1_24' title="bbox 1927 1068 3514 1145; baseline -0.002 -18"><span class='ocrx_word' id='word_1_152' title='bbox 1927 1073 2039 1128; x_wconf 92' lang='lat' dir='ltr'><strong>lum</strong></span> <span class='ocrx_word' id='word_1_153' title='bbox 2079 1075 2313 1140; x_wconf 89' lang='lat' dir='ltr'><strong>dicunt,</strong></span> <span class='ocrx_word' id='word_1_154' title='bbox 2368 1090 2526 1145; x_wconf 90' lang='lat' dir='ltr'><strong>quem</strong></span> <span class='ocrx_word' id='word_1_155' title='bbox 2576 1073 2789 1130; x_wconf 67' lang='lat' dir='ltr'><strong>Hebraei</strong></span> <span class='ocrx_word' id='word_1_156' title='bbox 2839 1071 3121 1127; x_wconf 63' lang='lat' dir='ltr'><strong>Jubilaeum</strong></span> <span class='ocrx_word' id='word_1_157' title='bbox 3159 1078 3374 1126; x_wconf 90' lang='lat' dir='ltr'><strong>vocant.</strong></span> <span class='ocrx_word' id='word_1_158' title='bbox 3432 1068 3514 1125; x_wconf 91' lang='lat' dir='ltr'><strong>Ob</strong></span> 
     </span>
    </p>
   </div>
   <div class='ocr_carea' id='block_1_25' title="bbox 1928 1148 3510 1233">
    <p class='ocr_par' dir='ltr' id='par_1_25' title="bbox 1928 1148 3510 1233">
     <span class='ocr_line' id='line_1_25' title="bbox 1928 1148 3510 1233; baseline -0.003 -15"><span class='ocrx_word' id='word_1_159' title='bbox 1928 1163 2069 1220; x_wconf 91' lang='lat' dir='ltr'><strong>hanc</strong></span> <span class='ocrx_word' id='word_1_160' title='bbox 2093 1180 2312 1221; x_wconf 90' lang='lat' dir='ltr'><strong>causam</strong></span> <span class='ocrx_word' id='word_1_161' title='bbox 2357 1173 2413 1220; x_wconf 90' lang='lat' dir='ltr'><strong>et</strong></span> <span class='ocrx_word' id='word_1_162' title='bbox 2451 1165 2539 1220; x_wconf 88' lang='lat' dir='ltr'><strong>ille</strong></span> <span class='ocrx_word' id='word_1_163' title='bbox 2569 1163 2848 1229; x_wconf 58' lang='lat' dir='ltr'><strong>Hebraeus,</strong></span> <span class='ocrx_word' id='word_1_164' title='bbox 2881 1148 2976 1233; x_wconf 89' lang='lat' dir='ltr'><strong>qui</strong></span> <span class='ocrx_word' id='word_1_165' title='bbox 3017 1169 3237 1232; x_wconf 88' lang='lat' dir='ltr'><strong>propter</strong></span> <span class='ocrx_word' id='word_1_166' title='bbox 3283 1175 3510 1216; x_wconf 75' lang='lat' dir='ltr'><strong>uxorem</strong></span> 
     </span>
    </p>
   </div>
   <div class='ocr_carea' id='block_1_26' title="bbox 1929 1255 3514 1318">
    <p class='ocr_par' dir='ltr' id='par_1_26' title="bbox 1929 1255 3514 1318">
     <span class='ocr_line' id='line_1_26' title="bbox 1929 1255 3514 1318; baseline -0.004 -9"><span class='ocrx_word' id='word_1_167' title='bbox 1929 1263 1985 1309; x_wconf 89' lang='lat' dir='ltr'><strong>et</strong></span> <span class='ocrx_word' id='word_1_168' title='bbox 2035 1255 2232 1312; x_wconf 89' lang='lat' dir='ltr'><strong>liberos</strong></span> <span class='ocrx_word' id='word_1_169' title='bbox 2289 1267 2476 1310; x_wconf 90' lang='lat' dir='ltr'><strong>amans</strong></span> <span class='ocrx_word' id='word_1_170' title='bbox 2528 1255 2804 1310; x_wconf 89' lang='lat' dir='ltr'><strong>dominum</strong></span> <span class='ocrx_word' id='word_1_171' title='bbox 2866 1268 3059 1317; x_wconf 90' lang='lat' dir='ltr'><strong>suum,</strong></span> <span class='ocrx_word' id='word_1_172' title='bbox 3111 1266 3241 1305; x_wconf 88' lang='lat' dir='ltr'><strong>aure</strong></span> <span class='ocrx_word' id='word_1_173' title='bbox 3296 1259 3514 1318; x_wconf 85' lang='lat' dir='ltr'><strong>pertusa</strong></span> 
     </span>
    </p>
   </div>
   <div class='ocr_carea' id='block_1_27' title="bbox 1930 1341 3517 1419">
    <p class='ocr_par' dir='ltr' id='par_1_27' title="bbox 1930 1341 3517 1419">
     <span class='ocr_line' id='line_1_27' title="bbox 1930 1341 3517 1419; baseline -0.006 -15"><span class='ocrx_word' id='word_1_174' title='bbox 1930 1349 2149 1404; x_wconf 84' lang='lat' dir='ltr'><strong>servitio</strong></span> <span class='ocrx_word' id='word_1_175' title='bbox 2172 1348 2507 1419; x_wconf 88' lang='lat' dir='ltr'><strong>subjugatur,</strong></span> <span class='ocrx_word' id='word_1_176' title='bbox 2540 1345 2744 1402; x_wconf 83' lang='lat' dir='ltr'><strong>servire</strong></span> <span class='ocrx_word' id='word_1_177' title='bbox 2777 1343 2998 1413; x_wconf 85' lang='lat' dir='ltr'><strong>jubetur</strong></span> <span class='ocrx_word' id='word_1_178' title='bbox 3021 1345 3077 1398; x_wconf 90' lang='lat' dir='ltr'><strong>in</strong></span> <span class='ocrx_word' id='word_1_179' title='bbox 3114 1341 3390 1405; x_wconf 69' lang='lat' dir='ltr'><strong>smculum,</strong></span> <span class='ocrx_word' id='word_1_180' title='bbox 3414 1341 3517 1394; x_wconf 89' lang='lat' dir='ltr'><strong>hoc</strong></span> 
     </span>
    </p>
   </div>
   <div class='ocr_carea' id='block_1_28' title="bbox 1929 1431 3512 1510">
    <p class='ocr_par' dir='ltr' id='par_1_28' title="bbox 1929 1431 3512 1510">
     <span class='ocr_line' id='line_1_28' title="bbox 1929 1431 3512 1510; baseline -0.007 -16"><span class='ocrx_word' id='word_1_181' title='bbox 1929 1449 2033 1501; x_wconf 88' lang='lat' dir='ltr'><strong>est,</strong></span> <span class='ocrx_word' id='word_1_182' title='bbox 2065 1453 2235 1510; x_wconf 89' lang='lat' dir='ltr'><strong>usque</strong></span> <span class='ocrx_word' id='word_1_183' title='bbox 2264 1441 2329 1494; x_wconf 89' lang='lat' dir='ltr'><strong>ad</strong></span> <span class='ocrx_word' id='word_1_184' title='bbox 2355 1453 2553 1494; x_wconf 90' lang='lat' dir='ltr'><strong>annum</strong></span> <span class='ocrx_word' id='word_1_185' title='bbox 2594 1435 3096 1508; x_wconf 79' lang='lat' dir='ltr'><strong>quinquagesimum</strong></span> <span class='ocrx_word' id='word_1_186' title='bbox 3126 1433 3323 1505; x_wconf 75' lang='lat' dir='ltr'><strong>(Exod.</strong></span> <span class='ocrx_word' id='word_1_187' title='bbox 3372 1431 3512 1502; x_wconf 72' lang='lat' dir='ltr'><strong>XXI).</strong></span> 
     </span>
    </p>
   </div>
   <div class='ocr_carea' id='block_1_29' title="bbox 1929 1524 3517 1598">
    <p class='ocr_par' dir='ltr' id='par_1_29' title="bbox 1929 1524 3517 1598">
     <span class='ocr_line' id='line_1_29' title="bbox 1929 1524 3517 1598; baseline -0.007 -14"><span class='ocrx_word' id='word_1_188' title='bbox 1929 1527 2234 1598; x_wconf 82' lang='lat' dir='ltr'><strong>Aliquando</strong></span> <span class='ocrx_word' id='word_1_189' title='bbox 2279 1543 2377 1597; x_wconf 91' lang='lat' dir='ltr'><strong>pro</strong></span> <span class='ocrx_word' id='word_1_190' title='bbox 2414 1528 2664 1598; x_wconf 83' lang='lat' dir='ltr'><strong>praesenti</strong></span> <span class='ocrx_word' id='word_1_191' title='bbox 2715 1527 2826 1581; x_wconf 90' lang='lat' dir='ltr'><strong>vita</strong></span> <span class='ocrx_word' id='word_1_192' title='bbox 2876 1524 3110 1597; x_wconf 87' lang='lat' dir='ltr'><strong>positum</strong></span> <span class='ocrx_word' id='word_1_193' title='bbox 3148 1531 3265 1587; x_wconf 92' lang='lat' dir='ltr'><strong>est,</strong></span> <span class='ocrx_word' id='word_1_194' title='bbox 3320 1532 3380 1574; x_wconf 89' lang='lat' dir='ltr'><strong>ut</strong></span> <span class='ocrx_word' id='word_1_195' title='bbox 3433 1531 3517 1575; x_wconf 91' lang='lat' dir='ltr'><strong>est</strong></span> 
     </span>
    </p>
   </div>
   <div class='ocr_carea' id='block_1_30' title="bbox 1929 1613 3514 1688">
    <p class='ocr_par' dir='ltr' id='par_1_30' title="bbox 1929 1613 3514 1688">
     <span class='ocr_line' id='line_1_30' title="bbox 1929 1613 3514 1688; baseline -0.008 -13"><span class='ocrx_word' id='word_1_196' title='bbox 1929 1619 2060 1675; x_wconf 87' lang='lat' dir='ltr'><strong>illud</strong></span> <span class='ocrx_word' id='word_1_197' title='bbox 2087 1637 2100 1674; x_wconf 91' lang='lat'><strong>:</strong></span> <span class='ocrx_word' id='word_1_198' title='bbox 2137 1618 2469 1688; x_wconf 81' lang='lat' dir='ltr'><strong>Conﬁtemini</strong></span> <span class='ocrx_word' id='word_1_199' title='bbox 2494 1617 2742 1682; x_wconf 89' lang='lat' dir='ltr'><strong>Domino,</strong></span> <span class='ocrx_word' id='word_1_200' title='bbox 2775 1617 3024 1688; x_wconf 84' lang='lat' dir='ltr'><strong>quoniam</strong></span> <span class='ocrx_word' id='word_1_201' title='bbox 3045 1616 3209 1668; x_wconf 78' lang='lat' dir='ltr'><strong>bonus</strong></span> <span class='ocrx_word' id='word_1_202' title='bbox 3229 1655 3241 1676; x_wconf 95' lang='lat'><strong>,</strong></span> <span class='ocrx_word' id='word_1_203' title='bbox 3268 1613 3514 1682; x_wconf 84' lang='lat' dir='ltr'><strong>quoniam</strong></span> 
     </span>
    </p>
   </div>
   <div class='ocr_carea' id='block_1_31' title="bbox 1927 1703 3516 1777">
    <p class='ocr_par' dir='ltr' id='par_1_31' title="bbox 1927 1703 3516 1777">
     <span class='ocr_line' id='line_1_31' title="bbox 1927 1703 3516 1777; baseline -0.008 -11"><span class='ocrx_word' id='word_1_204' title='bbox 1927 1711 2275 1772; x_wconf 57' lang='lat' dir='ltr'><strong>immanium</strong></span> <span class='ocrx_word' id='word_1_205' title='bbox 2301 1709 2662 1765; x_wconf 77' lang='lat' dir='ltr'><strong>misericordia</strong></span> <span class='ocrx_word' id='word_1_206' title='bbox 2714 1711 2828 1777; x_wconf 84' lang='lat' dir='ltr'><strong>ejus</strong></span> <span class='ocrx_word' id='word_1_207' title='bbox 2875 1705 3046 1776; x_wconf 88' lang='lat' dir='ltr'><strong>(Psal.</strong></span> <span class='ocrx_word' id='word_1_208' title='bbox 3080 1704 3302 1774; x_wconf 62' lang='lat' dir='ltr'><strong>cxx“).</strong></span> <span class='ocrx_word' id='word_1_209' title='bbox 3337 1703 3516 1757; x_wconf 68' lang='lat' dir='ltr'><strong>Saecu-</strong></span> 
     </span>
    </p>
   </div>
   <div class='ocr_carea' id='block_1_32' title="bbox 1929 1794 3517 1872">
    <p class='ocr_par' dir='ltr' id='par_1_32' title="bbox 1929 1794 3517 1872">
     <span class='ocr_line' id='line_1_32' title="bbox 1929 1794 3517 1872; baseline -0.008 -16"><span class='ocrx_word' id='word_1_210' title='bbox 1929 1802 2064 1867; x_wconf 90' lang='lat' dir='ltr'><strong>lum,</strong></span> <span class='ocrx_word' id='word_1_211' title='bbox 2095 1801 2254 1872; x_wconf 85' lang='lat' dir='ltr'><strong>hujus</strong></span> <span class='ocrx_word' id='word_1_212' title='bbox 2277 1802 2401 1855; x_wconf 66' lang='lat' dir='ltr'><strong>vita:</strong></span> <span class='ocrx_word' id='word_1_213' title='bbox 2444 1799 2711 1869; x_wconf 90' lang='lat' dir='ltr'><strong>signiﬁcat</strong></span> <span class='ocrx_word' id='word_1_214' title='bbox 2743 1812 2987 1860; x_wconf 88' lang='lat' dir='ltr'><strong>cursum,</strong></span> <span class='ocrx_word' id='word_1_215' title='bbox 3033 1796 3121 1849; x_wconf 90' lang='lat' dir='ltr'><strong>ubi</strong></span> <span class='ocrx_word' id='word_1_216' title='bbox 3153 1794 3334 1847; x_wconf 88' lang='lat' dir='ltr'><strong>miseri</strong></span> <span class='ocrx_word' id='word_1_217' title='bbox 3391 1799 3517 1846; x_wconf 89' lang='lat' dir='ltr'><strong>sunt</strong></span> 
     </span>
    </p>
   </div>
   <div class='ocr_carea' id='block_1_33' title="bbox 1929 1884 3516 1963">
    <p class='ocr_par' dir='ltr' id='par_1_33' title="bbox 1929 1884 3516 1963">
     <span class='ocr_line' id='line_1_33' title="bbox 1929 1884 3516 1963; baseline -0.01 -15"><span class='ocrx_word' id='word_1_218' title='bbox 1929 1894 2236 1963; x_wconf 90' lang='lat' dir='ltr'><strong>quicunque</strong></span> <span class='ocrx_word' id='word_1_219' title='bbox 2289 1890 2607 1958; x_wconf 90' lang='lat' dir='ltr'><strong>delinquunt</strong></span> <span class='ocrx_word' id='word_1_220' title='bbox 2643 1906 2655 1942; x_wconf 93' lang='lat'><strong>:</strong></span> <span class='ocrx_word' id='word_1_221' title='bbox 2690 1887 2781 1942; x_wconf 92' lang='lat' dir='ltr'><strong>ubi</strong></span> <span class='ocrx_word' id='word_1_222' title='bbox 2839 1886 2922 1940; x_wconf 82' lang='lat' dir='ltr'><strong>fas</strong></span> <span class='ocrx_word' id='word_1_223' title='bbox 2979 1893 3063 1940; x_wconf 85' lang='lat' dir='ltr'><strong>est</strong></span> <span class='ocrx_word' id='word_1_224' title='bbox 3114 1884 3275 1938; x_wconf 86' lang='lat' dir='ltr'><strong>corda</strong></span> <span class='ocrx_word' id='word_1_225' title='bbox 3332 1891 3516 1936; x_wconf 81' lang='lat' dir='ltr'><strong>nostra</strong></span> 
     </span>
    </p>
   </div>
   <div class='ocr_carea' id='block_1_34' title="bbox 220 1975 3516 2054">
    <p class='ocr_par' dir='ltr' id='par_1_34' title="bbox 220 1975 3516 2054">
     <span class='ocr_line' id='line_1_34' title="bbox 220 1975 3516 2054; baseline -0.004 -17"><span class='ocrx_word' id='word_1_226' title='bbox 220 1986 477 2054; x_wconf 89' lang='lat' dir='ltr'><strong>operibus</strong></span> <span class='ocrx_word' id='word_1_227' title='bbox 508 1983 681 2038; x_wconf 90' lang='lat' dir='ltr'><strong>dediti</strong></span> <span class='ocrx_word' id='word_1_228' title='bbox 705 1993 850 2049; x_wconf 88' lang='lat' dir='ltr'><strong>sunt,</strong></span> <span class='ocrx_word' id='word_1_229' title='bbox 887 1986 940 2040; x_wconf 90' lang='lat' dir='ltr'><strong>in</strong></span> <span class='ocrx_word' id='word_1_230' title='bbox 969 1985 1177 2040; x_wconf 90' lang='lat' dir='ltr'><strong>artibus</strong></span> <span class='ocrx_word' id='word_1_231' title='bbox 1199 1994 1253 2040; x_wconf 92' lang='lat' dir='ltr'><strong>et</strong></span> <span class='ocrx_word' id='word_1_232' title='bbox 1277 1985 1516 2040; x_wconf 88' lang='lat' dir='ltr'><strong>subdolis</strong></span> <span class='ocrx_word' id='word_1_233' title='bbox 1546 1987 1824 2041; x_wconf 90' lang='lat' dir='ltr'><strong>machina-</strong></span> <span class='ocrx_word' id='word_1_234' title='bbox 1855 1984 1902 2043; x_wconf 92' lang='lat' dir='ltr'><strong>B</strong></span> <span class='ocrx_word' id='word_1_235' title='bbox 1930 1986 2190 2050; x_wconf 86' lang='lat' dir='ltr'><strong>converti,</strong></span> <span class='ocrx_word' id='word_1_236' title='bbox 2222 1994 2277 2038; x_wconf 92' lang='lat' dir='ltr'><strong>et</strong></span> <span class='ocrx_word' id='word_1_237' title='bbox 2299 1982 2720 2038; x_wconf 89' lang='lat' dir='ltr'><strong>miscricordiam</strong></span> <span class='ocrx_word' id='word_1_238' title='bbox 2764 1979 3043 2049; x_wconf 87' lang='lat' dir='ltr'><strong>postulari.</strong></span> <span class='ocrx_word' id='word_1_239' title='bbox 3075 1977 3148 2030; x_wconf 89' lang='lat' dir='ltr'><strong>lbi</strong></span> <span class='ocrx_word' id='word_1_240' title='bbox 3179 1976 3322 2030; x_wconf 84' lang='lat' dir='ltr'><strong>enim</strong></span> <span class='ocrx_word' id='word_1_241' title='bbox 3369 1975 3516 2029; x_wconf 81' lang='lat' dir='ltr'><strong>dam-</strong></span> 
     </span>
    </p>
   </div>
   <div class='ocr_carea' id='block_1_35' title="bbox 225 2075 1835 2146">
    <p class='ocr_par' dir='ltr' id='par_1_35' title="bbox 225 2075 1835 2146">
     <span class='ocr_line' id='line_1_35' title="bbox 225 2075 1835 2146; baseline 0.002 -17"><span class='ocrx_word' id='word_1_242' title='bbox 225 2077 460 2130; x_wconf 90' lang='lat' dir='ltr'><strong>tionibus</strong></span> <span class='ocrx_word' id='word_1_243' title='bbox 499 2083 863 2145; x_wconf 86' lang='lat' dir='ltr'><strong>occupantur.</strong></span> <span class='ocrx_word' id='word_1_244' title='bbox 894 2075 1049 2142; x_wconf 83' lang='lat' dir='ltr'><strong>Quod</strong></span> <span class='ocrx_word' id='word_1_245' title='bbox 1070 2086 1254 2132; x_wconf 90' lang='lat' dir='ltr'><strong>autem</strong></span> <span class='ocrx_word' id='word_1_246' title='bbox 1281 2079 1675 2146; x_wconf 89' lang='lat' dir='ltr'><strong>subsequenter</strong></span> <span class='ocrx_word' id='word_1_247' title='bbox 1699 2078 1835 2133; x_wconf 86' lang='lat' dir='ltr'><strong>dici-</strong></span> 
     </span>
    </p>
   </div>
   <div class='ocr_carea' id='block_1_36' title="bbox 223 2165 1833 2238">
    <p class='ocr_par' dir='ltr' id='par_1_36' title="bbox 223 2165 1833 2238">
     <span class='ocr_line' id='line_1_36' title="bbox 223 2165 1833 2238; baseline -0.002 -17"><span class='ocrx_word' id='word_1_248' title='bbox 223 2176 340 2221; x_wconf 91' lang='lat' dir='ltr'><strong>tur:</strong></span> <span class='ocrx_word' id='word_1_249' title='bbox 367 2165 498 2220; x_wconf 85' lang='lat' dir='ltr'><strong>Dies</strong></span> <span class='ocrx_word' id='word_1_250' title='bbox 530 2182 796 2220; x_wconf 83' lang='lat' dir='ltr'><strong>annorum</strong></span> <span class='ocrx_word' id='word_1_251' title='bbox 843 2176 1141 2220; x_wconf 81' lang='lat' dir='ltr'><strong>nostrorum</strong></span> <span class='ocrx_word' id='word_1_252' title='bbox 1190 2168 1246 2220; x_wconf 82' lang='lat' dir='ltr'><strong>in</strong></span> <span class='ocrx_word' id='word_1_253' title='bbox 1274 2169 1402 2238; x_wconf 84' lang='lat' dir='ltr'><strong>ipsis</strong></span> <span class='ocrx_word' id='word_1_254' title='bbox 1449 2183 1553 2222; x_wconf 80' lang='lat' dir='ltr'><strong>Lxx</strong></span> <span class='ocrx_word' id='word_1_255' title='bbox 1590 2168 1756 2223; x_wconf 87' lang='lat' dir='ltr'><strong>anni:</strong></span> <span class='ocrx_word' id='word_1_256' title='bbox 1787 2166 1833 2223; x_wconf 88' lang='lat' dir='ltr'><strong>si</strong></span> 
     </span>
    </p>
   </div>
   <div class='ocr_carea' id='block_1_37' title="bbox 220 2258 1833 2328">
    <p class='ocr_par' dir='ltr' id='par_1_37' title="bbox 220 2258 1833 2328">
     <span class='ocr_line' id='line_1_37' title="bbox 220 2258 1833 2328; baseline 0.001 -17"><span class='ocrx_word' id='word_1_257' title='bbox 220 2268 394 2312; x_wconf 84' lang='lat' dir='ltr'><strong>autem</strong></span> <span class='ocrx_word' id='word_1_258' title='bbox 425 2259 486 2311; x_wconf 84' lang='lat' dir='ltr'><strong>in</strong></span> <span class='ocrx_word' id='word_1_259' title='bbox 531 2258 907 2328; x_wconf 83' lang='lat' dir='ltr'><strong>potentatibus,</strong></span> <span class='ocrx_word' id='word_1_260' title='bbox 936 2274 1080 2313; x_wconf 75' lang='lat' dir='ltr'><strong>Lux</strong></span> <span class='ocrx_word' id='word_1_261' title='bbox 1127 2262 1252 2314; x_wconf 83' lang='lat' dir='ltr'><strong>armi</strong></span> <span class='ocrx_word' id='word_1_262' title='bbox 1285 2267 1336 2316; x_wconf 86' lang='lat' dir='ltr'><strong>et</strong></span> <span class='ocrx_word' id='word_1_263' title='bbox 1383 2267 1577 2314; x_wconf 56' lang='lat' dir='ltr'><strong>cetera</strong></span> <span class='ocrx_word' id='word_1_264' title='bbox 1606 2277 1619 2312; x_wconf 94' lang='lat'><strong>:</strong></span> <span class='ocrx_word' id='word_1_265' title='bbox 1657 2260 1702 2314; x_wconf 92' lang='lat' dir='ltr'><strong>si</strong></span> <span class='ocrx_word' id='word_1_266' title='bbox 1732 2274 1833 2313; x_wconf 86' lang='lat' dir='ltr'><strong>an-</strong></span> 
     </span>
    </p>
   </div>
   <div class='ocr_carea' id='block_1_38' title="bbox 219 2347 1835 2416">
    <p class='ocr_par' dir='ltr' id='par_1_38' title="bbox 219 2347 1835 2416">
     <span class='ocr_line' id='line_1_38' title="bbox 219 2347 1835 2416; baseline -0.001 -12"><span class='ocrx_word' id='word_1_267' title='bbox 219 2365 317 2405; x_wconf 89' lang='lat' dir='ltr'><strong>nos</strong></span> <span class='ocrx_word' id='word_1_268' title='bbox 340 2349 478 2404; x_wconf 88' lang='lat' dir='ltr'><strong>istos</strong></span> <span class='ocrx_word' id='word_1_269' title='bbox 510 2349 586 2402; x_wconf 88' lang='lat' dir='ltr'><strong>ad</strong></span> <span class='ocrx_word' id='word_1_270' title='bbox 620 2349 862 2404; x_wconf 85' lang='lat' dir='ltr'><strong>litteram</strong></span> <span class='ocrx_word' id='word_1_271' title='bbox 889 2349 1122 2405; x_wconf 84' lang='lat' dir='ltr'><strong>velimus</strong></span> <span class='ocrx_word' id='word_1_272' title='bbox 1170 2350 1481 2416; x_wconf 85' lang='lat' dir='ltr'><strong>advertere,</strong></span> <span class='ocrx_word' id='word_1_273' title='bbox 1507 2347 1706 2404; x_wconf 87' lang='lat' dir='ltr'><strong>multos</strong></span> <span class='ocrx_word' id='word_1_274' title='bbox 1737 2348 1835 2403; x_wconf 83' lang='lat' dir='ltr'><strong>ho-</strong></span> 
     </span>
    </p>
   </div>
   <div class='ocr_carea' id='block_1_39' title="bbox 219 2439 1834 2510">
    <p class='ocr_par' dir='ltr' id='par_1_39' title="bbox 219 2439 1834 2510">
     <span class='ocr_line' id='line_1_39' title="bbox 219 2439 1834 2510; baseline -0.002 -15"><span class='ocrx_word' id='word_1_275' title='bbox 219 2441 426 2495; x_wconf 90' lang='lat' dir='ltr'><strong>minum</strong></span> <span class='ocrx_word' id='word_1_276' title='bbox 453 2449 512 2496; x_wconf 90' lang='lat' dir='ltr'><strong>et</strong></span> <span class='ocrx_word' id='word_1_277' title='bbox 547 2441 952 2510; x_wconf 86' lang='lat' dir='ltr'><strong>nonagenarios</strong></span> <span class='ocrx_word' id='word_1_278' title='bbox 996 2439 1135 2495; x_wconf 87' lang='lat' dir='ltr'><strong>bene</strong></span> <span class='ocrx_word' id='word_1_279' title='bbox 1177 2440 1427 2495; x_wconf 83' lang='lat' dir='ltr'><strong>viventes</strong></span> <span class='ocrx_word' id='word_1_280' title='bbox 1483 2439 1746 2502; x_wconf 87' lang='lat' dir='ltr'><strong>invenies,</strong></span> <span class='ocrx_word' id='word_1_281' title='bbox 1781 2446 1834 2493; x_wconf 87' lang='lat' dir='ltr'><strong>et</strong></span> 
     </span>
    </p>
   </div>
   <div class='ocr_carea' id='block_1_40' title="bbox 220 2528 1829 2601">
    <p class='ocr_par' dir='ltr' id='par_1_40' title="bbox 220 2528 1829 2601">
     <span class='ocr_line' id='line_1_40' title="bbox 220 2528 1829 2601; baseline -0.003 -15"><span class='ocrx_word' id='word_1_282' title='bbox 220 2533 416 2586; x_wconf 87' lang='lat' dir='ltr'><strong>iterum</strong></span> <span class='ocrx_word' id='word_1_283' title='bbox 446 2531 689 2586; x_wconf 89' lang='lat' dir='ltr'><strong>necdum</strong></span> <span class='ocrx_word' id='word_1_284' title='bbox 723 2531 1162 2601; x_wconf 87' lang='lat' dir='ltr'><strong>septuagenarios</strong></span> <span class='ocrx_word' id='word_1_285' title='bbox 1198 2529 1476 2584; x_wconf 87' lang='lat' dir='ltr'><strong>debilitate</strong></span> <span class='ocrx_word' id='word_1_286' title='bbox 1507 2528 1787 2584; x_wconf 82' lang='lat' dir='ltr'><strong>conlectos</strong></span> <span class='ocrx_word' id='word_1_287' title='bbox 1817 2547 1829 2581; x_wconf 90' lang='lat'><strong>:</strong></span> 
     </span>
    </p>
   </div>
   <div class='ocr_carea' id='block_1_41' title="bbox 221 2617 1837 2689">
    <p class='ocr_par' dir='ltr' id='par_1_41' title="bbox 221 2617 1837 2689">
     <span class='ocr_line' id='line_1_41' title="bbox 221 2617 1837 2689; baseline -0.003 -15"><span class='ocrx_word' id='word_1_288' title='bbox 221 2630 299 2686; x_wconf 90' lang='lat' dir='ltr'><strong>ut,</strong></span> <span class='ocrx_word' id='word_1_289' title='bbox 330 2620 480 2689; x_wconf 90' lang='lat' dir='ltr'><strong>quod</strong></span> <span class='ocrx_word' id='word_1_290' title='bbox 534 2619 627 2675; x_wconf 92' lang='lat' dir='ltr'><strong>hic</strong></span> <span class='ocrx_word' id='word_1_291' title='bbox 666 2619 885 2684; x_wconf 89' lang='lat' dir='ltr'><strong>dicitur,</strong></span> <span class='ocrx_word' id='word_1_292' title='bbox 919 2626 1168 2672; x_wconf 82' lang='lat' dir='ltr'><strong>constare</strong></span> <span class='ocrx_word' id='word_1_293' title='bbox 1207 2617 1432 2672; x_wconf 90' lang='lat' dir='ltr'><strong>minime</strong></span> <span class='ocrx_word' id='word_1_294' title='bbox 1466 2631 1627 2687; x_wconf 90' lang='lat' dir='ltr'><strong>posse</strong></span> <span class='ocrx_word' id='word_1_295' title='bbox 1656 2617 1837 2670; x_wconf 87' lang='lat' dir='ltr'><strong>videa-</strong></span> 
     </span>
    </p>
   </div>
   <div class='ocr_carea' id='block_1_42' title="bbox 225 2707 1837 2778">
    <p class='ocr_par' dir='ltr' id='par_1_42' title="bbox 225 2707 1837 2778">
     <span class='ocr_line' id='line_1_42' title="bbox 225 2707 1837 2778; baseline -0.003 -13"><span class='ocrx_word' id='word_1_296' title='bbox 225 2721 308 2765; x_wconf 91' lang='lat' dir='ltr'><strong>tur</strong></span> <span class='ocrx_word' id='word_1_297' title='bbox 337 2729 351 2764; x_wconf 91' lang='lat'><strong>:</strong></span> <span class='ocrx_word' id='word_1_298' title='bbox 386 2712 486 2766; x_wconf 91' lang='lat' dir='ltr'><strong>sed</strong></span> <span class='ocrx_word' id='word_1_299' title='bbox 535 2725 826 2765; x_wconf 89' lang='lat' dir='ltr'><strong>numerum</strong></span> <span class='ocrx_word' id='word_1_300' title='bbox 881 2708 1354 2777; x_wconf 86' lang='lat' dir='ltr'><strong>septuagenarium</strong></span> <span class='ocrx_word' id='word_1_301' title='bbox 1403 2707 1507 2778; x_wconf 88' lang='lat' dir='ltr'><strong>legi</strong></span> <span class='ocrx_word' id='word_1_302' title='bbox 1538 2707 1717 2775; x_wconf 87' lang='lat' dir='ltr'><strong>potius</strong></span> <span class='ocrx_word' id='word_1_303' title='bbox 1747 2707 1837 2761; x_wconf 90' lang='lat' dir='ltr'><strong>de-</strong></span> 
     </span>
    </p>
   </div>
   <div class='ocr_carea' id='block_1_43' title="bbox 224 2795 1836 2871">
    <p class='ocr_par' dir='ltr' id='par_1_43' title="bbox 224 2795 1836 2871">
     <span class='ocr_line' id='line_1_43' title="bbox 224 2795 1836 2871; baseline -0.005 -14"><span class='ocrx_word' id='word_1_304' title='bbox 224 2811 412 2858; x_wconf 88' lang='lat' dir='ltr'><strong>center</strong></span> <span class='ocrx_word' id='word_1_305' title='bbox 436 2808 716 2871; x_wconf 89' lang='lat' dir='ltr'><strong>aptamus,</strong></span> <span class='ocrx_word' id='word_1_306' title='bbox 750 2813 856 2867; x_wconf 92' lang='lat' dir='ltr'><strong>quo</strong></span> <span class='ocrx_word' id='word_1_307' title='bbox 890 2799 1101 2853; x_wconf 85' lang='lat' dir='ltr'><strong>sabbati</strong></span> <span class='ocrx_word' id='word_1_308' title='bbox 1131 2798 1273 2851; x_wconf 91' lang='lat' dir='ltr'><strong>diem</strong></span> <span class='ocrx_word' id='word_1_309' title='bbox 1296 2795 1836 2850; x_wconf 87' lang='lat' dir='ltr'><strong>observandum-esse</strong></span> 
     </span>
    </p>
   </div>
   <div class='ocr_carea' id='block_1_44' title="bbox 223 2883 1837 2963">
    <p class='ocr_par' dir='ltr' id='par_1_44' title="bbox 223 2883 1837 2963">
     <span class='ocr_line' id='line_1_44' title="bbox 223 2883 1837 2963; baseline -0.005 -17"><span class='ocrx_word' id='word_1_310' title='bbox 223 2893 541 2963; x_wconf 62' lang='lat' dir='ltr'><strong>praecepit:</strong></span> <span class='ocrx_word' id='word_1_311' title='bbox 596 2889 1006 2960; x_wconf 87' lang='lat' dir='ltr'><strong>octogenarium</strong></span> <span class='ocrx_word' id='word_1_312' title='bbox 1068 2901 1196 2940; x_wconf 88' lang='lat' dir='ltr'><strong>vero</strong></span> <span class='ocrx_word' id='word_1_313' title='bbox 1267 2885 1464 2956; x_wconf 93' lang='lat' dir='ltr'><strong>populo</strong></span> <span class='ocrx_word' id='word_1_314' title='bbox 1529 2883 1837 2939; x_wconf 85' lang='lat' dir='ltr'><strong>Christiano</strong></span> 
     </span>
    </p>
   </div>
   <div class='ocr_carea' id='block_1_45' title="bbox 225 2977 1836 3054">
    <p class='ocr_par' dir='ltr' id='par_1_45' title="bbox 225 2977 1836 3054">
     <span class='ocr_line' id='line_1_45' title="bbox 225 2977 1836 3054; baseline -0.004 -16"><span class='ocrx_word' id='word_1_315' title='bbox 225 2985 508 3054; x_wconf 85' lang='lat' dir='ltr'><strong>aptissime</strong></span> <span class='ocrx_word' id='word_1_316' title='bbox 539 2983 883 3052; x_wconf 88' lang='lat' dir='ltr'><strong>deputamus,</strong></span> <span class='ocrx_word' id='word_1_317' title='bbox 926 2981 1016 3050; x_wconf 91' lang='lat' dir='ltr'><strong>qui</strong></span> <span class='ocrx_word' id='word_1_318' title='bbox 1044 2989 1294 3035; x_wconf 84' lang='lat' dir='ltr'><strong>octavum</strong></span> <span class='ocrx_word' id='word_1_319' title='bbox 1325 2979 1467 3033; x_wconf 90' lang='lat' dir='ltr'><strong>diem</strong></span> <span class='ocrx_word' id='word_1_320' title='bbox 1492 2977 1836 3033; x_wconf 90' lang='lat' dir='ltr'><strong>resurrectio-</strong></span> 
     </span>
    </p>
   </div>
   <div class='ocr_carea' id='block_1_46' title="bbox 227 3067 1835 3138">
    <p class='ocr_par' dir='ltr' id='par_1_46' title="bbox 227 3067 1835 3138">
     <span class='ocr_line' id='line_1_46' title="bbox 227 3067 1835 3138; baseline -0.005 -9"><span class='ocrx_word' id='word_1_321' title='bbox 227 3077 309 3130; x_wconf 85' lang='lat' dir='ltr'><strong>nis</strong></span> <span class='ocrx_word' id='word_1_322' title='bbox 339 3075 652 3128; x_wconf 84' lang='lat' dir='ltr'><strong>Dominicae</strong></span> <span class='ocrx_word' id='word_1_323' title='bbox 705 3081 889 3127; x_wconf 84' lang='lat' dir='ltr'><strong>sancta</strong></span> <span class='ocrx_word' id='word_1_324' title='bbox 931 3071 1228 3127; x_wconf 83' lang='lat' dir='ltr'><strong>festivitate</strong></span> <span class='ocrx_word' id='word_1_325' title='bbox 1267 3078 1577 3124; x_wconf 88' lang='lat' dir='ltr'><strong>veneratur.</strong></span> <span class='ocrx_word' id='word_1_326' title='bbox 1605 3067 1835 3138; x_wconf 89' lang='lat' dir='ltr'><strong>Octoge-</strong></span> 
     </span>
    </p>
   </div>
   <div class='ocr_carea' id='block_1_47' title="bbox 225 3159 1832 3231">
    <p class='ocr_par' dir='ltr' id='par_1_47' title="bbox 225 3159 1832 3231">
     <span class='ocr_line' id='line_1_47' title="bbox 225 3159 1832 3231; baseline -0.005 -12"><span class='ocrx_word' id='word_1_327' title='bbox 225 3166 436 3221; x_wconf 87' lang='lat' dir='ltr'><strong>narium</strong></span> <span class='ocrx_word' id='word_1_328' title='bbox 466 3179 606 3219; x_wconf 89' lang='lat' dir='ltr'><strong>vero</strong></span> <span class='ocrx_word' id='word_1_329' title='bbox 636 3163 841 3217; x_wconf 87' lang='lat' dir='ltr'><strong>addidit</strong></span> <span class='ocrx_word' id='word_1_330' title='bbox 884 3161 939 3215; x_wconf 91' lang='lat' dir='ltr'><strong>in</strong></span> <span class='ocrx_word' id='word_1_331' title='bbox 968 3161 1368 3231; x_wconf 88' lang='lat' dir='ltr'><strong>potentatibus:</strong></span> <span class='ocrx_word' id='word_1_332' title='bbox 1400 3159 1528 3229; x_wconf 90' lang='lat' dir='ltr'><strong>quia</strong></span> <span class='ocrx_word' id='word_1_333' title='bbox 1577 3165 1706 3212; x_wconf 90' lang='lat' dir='ltr'><strong>tunc</strong></span> <span class='ocrx_word' id='word_1_334' title='bbox 1742 3171 1832 3211; x_wconf 90' lang='lat' dir='ltr'><strong>re-</strong></span> 
     </span>
    </p>
   </div>
   <div class='ocr_carea' id='block_1_48' title="bbox 226 3245 1838 3324">
    <p class='ocr_par' dir='ltr' id='par_1_48' title="bbox 226 3245 1838 3324">
     <span class='ocr_line' id='line_1_48' title="bbox 226 3245 1838 3324; baseline -0.004 -17"><span class='ocrx_word' id='word_1_335' title='bbox 226 3271 351 3311; x_wconf 90' lang='lat' dir='ltr'><strong>vera</strong></span> <span class='ocrx_word' id='word_1_336' title='bbox 380 3255 661 3324; x_wconf 72' lang='lat' dir='ltr'><strong>ctrpimus</strong></span> <span class='ocrx_word' id='word_1_337' title='bbox 707 3251 904 3305; x_wconf 88' lang='lat' dir='ltr'><strong>habere</strong></span> <span class='ocrx_word' id='word_1_338' title='bbox 929 3251 1250 3319; x_wconf 87' lang='lat' dir='ltr'><strong>potentiam,</strong></span> <span class='ocrx_word' id='word_1_339' title='bbox 1286 3248 1500 3317; x_wconf 92' lang='lat' dir='ltr'><strong>quando</strong></span> <span class='ocrx_word' id='word_1_340' title='bbox 1535 3247 1690 3302; x_wconf 89' lang='lat' dir='ltr'><strong>nobis</strong></span> <span class='ocrx_word' id='word_1_341' title='bbox 1737 3245 1838 3300; x_wconf 86' lang='lat' dir='ltr'><strong>Do-</strong></span> 
     </span>
    </p>
   </div>
   <div class='ocr_carea' id='block_1_49' title="bbox 1933 2063 3518 2140">
    <p class='ocr_par' dir='ltr' id='par_1_49' title="bbox 1933 2063 3518 2140">
     <span class='ocr_line' id='line_1_49' title="bbox 1933 2063 3518 2140; baseline -0.009 -10"><span class='ocrx_word' id='word_1_342' title='bbox 1933 2076 2082 2130; x_wconf 89' lang='lat' dir='ltr'><strong>natio</strong></span> <span class='ocrx_word' id='word_1_343' title='bbox 2110 2084 2194 2130; x_wconf 89' lang='lat' dir='ltr'><strong>est</strong></span> <span class='ocrx_word' id='word_1_344' title='bbox 2218 2073 2462 2130; x_wconf 89' lang='lat' dir='ltr'><strong>conﬁteri</strong></span> <span class='ocrx_word' id='word_1_345' title='bbox 2507 2081 2813 2140; x_wconf 87' lang='lat' dir='ltr'><strong>peccatum,</strong></span> <span class='ocrx_word' id='word_1_346' title='bbox 2839 2070 2928 2124; x_wconf 93' lang='lat' dir='ltr'><strong>ubi</strong></span> <span class='ocrx_word' id='word_1_347' title='bbox 2954 2075 3166 2124; x_wconf 86' lang='lat' dir='ltr'><strong>constat</strong></span> <span class='ocrx_word' id='word_1_348' title='bbox 3204 2081 3322 2120; x_wconf 88' lang='lat' dir='ltr'><strong>esse</strong></span> <span class='ocrx_word' id='word_1_349' title='bbox 3368 2063 3518 2135; x_wconf 89' lang='lat' dir='ltr'><strong>judi-</strong></span> 
     </span>
    </p>
   </div>
   <div class='ocr_carea' id='block_1_50' title="bbox 1934 2158 3520 2235">
    <p class='ocr_par' dir='ltr' id='par_1_50' title="bbox 1934 2158 3520 2235">
     <span class='ocr_line' id='line_1_50' title="bbox 1934 2158 3520 2235; baseline -0.009 -13"><span class='ocrx_word' id='word_1_350' title='bbox 1934 2168 2098 2222; x_wconf 88' lang='lat' dir='ltr'><strong>cium.</strong></span> <span class='ocrx_word' id='word_1_351' title='bbox 2154 2165 2454 2235; x_wconf 87' lang='lat' dir='ltr'><strong>Aliquando</strong></span> <span class='ocrx_word' id='word_1_352' title='bbox 2506 2178 2604 2234; x_wconf 91' lang='lat' dir='ltr'><strong>pro</strong></span> <span class='ocrx_word' id='word_1_353' title='bbox 2658 2161 2956 2216; x_wconf 63' lang='lat' dir='ltr'><strong>aeternitate</strong></span> <span class='ocrx_word' id='word_1_354' title='bbox 3009 2158 3265 2230; x_wconf 87' lang='lat' dir='ltr'><strong>ponitur,</strong></span> <span class='ocrx_word' id='word_1_355' title='bbox 3323 2166 3382 2210; x_wconf 93' lang='lat' dir='ltr'><strong>ut</strong></span> <span class='ocrx_word' id='word_1_356' title='bbox 3437 2163 3520 2210; x_wconf 78' lang='lat' dir='ltr'><strong>est.</strong></span> 
     </span>
    </p>
   </div>
   <div class='ocr_carea' id='block_1_51' title="bbox 1935 2245 3512 2324">
    <p class='ocr_par' dir='ltr' id='par_1_51' title="bbox 1935 2245 3512 2324">
     <span class='ocr_line' id='line_1_51' title="bbox 1935 2245 3512 2324; baseline -0.009 -13"><span class='ocrx_word' id='word_1_357' title='bbox 1935 2256 2065 2312; x_wconf 88' lang='lat' dir='ltr'><strong>illud</strong></span> <span class='ocrx_word' id='word_1_358' title='bbox 2094 2274 2107 2310; x_wconf 90' lang='lat'><strong>:</strong></span> <span class='ocrx_word' id='word_1_359' title='bbox 2138 2256 2343 2311; x_wconf 80' lang='lat' dir='ltr'><strong>Memor</strong></span> <span class='ocrx_word' id='word_1_360' title='bbox 2373 2255 2473 2324; x_wconf 80' lang='lat' dir='ltr'><strong>fuit</strong></span> <span class='ocrx_word' id='word_1_361' title='bbox 2511 2254 2563 2306; x_wconf 85' lang='lat' dir='ltr'><strong>in</strong></span> <span class='ocrx_word' id='word_1_362' title='bbox 2591 2253 2843 2306; x_wconf 77' lang='lat' dir='ltr'><strong>stvculum</strong></span> <span class='ocrx_word' id='word_1_363' title='bbox 2877 2249 3191 2304; x_wconf 84' lang='lat' dir='ltr'><strong>Tcstamenti</strong></span> <span class='ocrx_word' id='word_1_364' title='bbox 3228 2249 3310 2301; x_wconf 87' lang='lat' dir='ltr'><strong>sui</strong></span> <span class='ocrx_word' id='word_1_365' title='bbox 3343 2245 3512 2317; x_wconf 84' lang='lat' dir='ltr'><strong>(Psal.</strong></span> 
     </span>
    </p>
   </div>
   <div class='ocr_carea' id='block_1_52' title="bbox 1935 2341 3517 2420">
    <p class='ocr_par' dir='ltr' id='par_1_52' title="bbox 1935 2341 3517 2420">
     <span class='ocr_line' id='line_1_52' title="bbox 1935 2341 3517 2420; baseline -0.009 -16"><span class='ocrx_word' id='word_1_366' title='bbox 1935 2348 2074 2420; x_wconf 78' lang='lat' dir='ltr'><strong>Civ);</strong></span> <span class='ocrx_word' id='word_1_367' title='bbox 2109 2349 2234 2418; x_wconf 91' lang='lat' dir='ltr'><strong>quia</strong></span> <span class='ocrx_word' id='word_1_368' title='bbox 2285 2345 2544 2418; x_wconf 85' lang='lat' dir='ltr'><strong>quidquid</strong></span> <span class='ocrx_word' id='word_1_369' title='bbox 2598 2344 2856 2397; x_wconf 89' lang='lat' dir='ltr'><strong>Dominus</strong></span> <span class='ocrx_word' id='word_1_370' title='bbox 2909 2341 3190 2412; x_wconf 89' lang='lat' dir='ltr'><strong>promisit,</strong></span> <span class='ocrx_word' id='word_1_371' title='bbox 3246 2353 3344 2410; x_wconf 88' lang='lat' dir='ltr'><strong>per</strong></span> <span class='ocrx_word' id='word_1_372' title='bbox 3395 2351 3517 2390; x_wconf 87' lang='lat' dir='ltr'><strong>eum</strong></span> 
     </span>
    </p>
   </div>
   <div class='ocr_carea' id='block_1_53' title="bbox 1937 2429 3519 2511">
    <p class='ocr_par' dir='ltr' id='par_1_53' title="bbox 1937 2429 3519 2511">
     <span class='ocr_line' id='line_1_53' title="bbox 1937 2429 3519 2511; baseline -0.009 -18"><span class='ocrx_word' id='word_1_373' title='bbox 1937 2435 2206 2511; x_wconf 91' lang='lat' dir='ltr'><strong>[perenni]</strong></span> <span class='ocrx_word' id='word_1_374' title='bbox 2239 2435 2492 2489; x_wconf 84' lang='lat' dir='ltr'><strong>ﬁrmitate</strong></span> <span class='ocrx_word' id='word_1_375' title='bbox 2536 2446 2851 2488; x_wconf 86' lang='lat' dir='ltr'><strong>mansurum</strong></span> <span class='ocrx_word' id='word_1_376' title='bbox 2886 2438 2988 2484; x_wconf 86' lang='lat' dir='ltr'><strong>est.</strong></span> <span class='ocrx_word' id='word_1_377' title='bbox 3033 2429 3334 2498; x_wconf 88' lang='lat' dir='ltr'><strong>Aliquando</strong></span> <span class='ocrx_word' id='word_1_378' title='bbox 3382 2442 3519 2494; x_wconf 65' lang='lat' dir='ltr'><strong>prsc-</strong></span> 
     </span>
    </p>
   </div>
   <div class='ocr_carea' id='block_1_54' title="bbox 1935 2516 3521 2594">
    <p class='ocr_par' dir='ltr' id='par_1_54' title="bbox 1935 2516 3521 2594">
     <span class='ocr_line' id='line_1_54' title="bbox 1935 2516 3521 2594; baseline -0.011 -10"><span class='ocrx_word' id='word_1_379' title='bbox 1935 2529 2158 2584; x_wconf 86' lang='lat' dir='ltr'><strong>teritum</strong></span> <span class='ocrx_word' id='word_1_380' title='bbox 2205 2535 2416 2594; x_wconf 89' lang='lat' dir='ltr'><strong>tempus</strong></span> <span class='ocrx_word' id='word_1_381' title='bbox 2462 2523 2749 2593; x_wconf 86' lang='lat' dir='ltr'><strong>signiﬁcat,</strong></span> <span class='ocrx_word' id='word_1_382' title='bbox 2773 2529 2830 2574; x_wconf 92' lang='lat' dir='ltr'><strong>ut</strong></span> <span class='ocrx_word' id='word_1_383' title='bbox 2850 2529 2932 2574; x_wconf 87' lang='lat' dir='ltr'><strong>est</strong></span> <span class='ocrx_word' id='word_1_384' title='bbox 2959 2519 3124 2572; x_wconf 91' lang='lat' dir='ltr'><strong>illud:</strong></span> <span class='ocrx_word' id='word_1_385' title='bbox 3157 2516 3521 2571; x_wconf 79' lang='lat' dir='ltr'><strong>Misericordia</strong></span> 
     </span>
    </p>
   </div>
   <div class='ocr_carea' id='block_1_55' title="bbox 1935 2608 3521 2685">
    <p class='ocr_par' dir='ltr' id='par_1_55' title="bbox 1935 2608 3521 2685">
     <span class='ocr_line' id='line_1_55' title="bbox 1935 2608 3521 2685; baseline -0.01 -12"><span class='ocrx_word' id='word_1_386' title='bbox 1935 2617 2148 2673; x_wconf 86' lang='lat' dir='ltr'><strong>Domini</strong></span> <span class='ocrx_word' id='word_1_387' title='bbox 2168 2619 2208 2670; x_wconf 65' lang='lat' dir='ltr'><strong>&#39;a</strong></span> <span class='ocrx_word' id='word_1_388' title='bbox 2237 2614 2428 2670; x_wconf 77' lang='lat' dir='ltr'><strong>steculo</strong></span> <span class='ocrx_word' id='word_1_389' title='bbox 2459 2613 2630 2685; x_wconf 88' lang='lat' dir='ltr'><strong>(Psal.</strong></span> <span class='ocrx_word' id='word_1_390' title='bbox 2666 2612 2754 2680; x_wconf 75' lang='lat' dir='ltr'><strong>xi.)</strong></span> <span class='ocrx_word' id='word_1_391' title='bbox 2781 2654 2794 2676; x_wconf 94' lang='lat'><strong>,</strong></span> <span class='ocrx_word' id='word_1_392' title='bbox 2849 2612 2952 2665; x_wconf 87' lang='lat' dir='ltr'><strong>hoc</strong></span> <span class='ocrx_word' id='word_1_393' title='bbox 2987 2621 3090 2674; x_wconf 90' lang='lat' dir='ltr'><strong>est,</strong></span> <span class='ocrx_word' id='word_1_394' title='bbox 3149 2625 3178 2663; x_wconf 85' lang='lat' dir='ltr'><strong>a</strong></span> <span class='ocrx_word' id='word_1_395' title='bbox 3226 2608 3521 2679; x_wconf 78' lang='lat' dir='ltr'><strong>primordio</strong></span> 
     </span>
    </p>
   </div>
   <div class='ocr_carea' id='block_1_56' title="bbox 1937 2698 3520 2769">
    <p class='ocr_par' dir='ltr' id='par_1_56' title="bbox 1937 2698 3520 2769">
     <span class='ocr_line' id='line_1_56' title="bbox 1937 2698 3520 2769; baseline -0.011 -3"><span class='ocrx_word' id='word_1_396' title='bbox 1937 2711 2123 2766; x_wconf 88' lang='lat' dir='ltr'><strong>mundi</strong></span> <span class='ocrx_word' id='word_1_397' title='bbox 2153 2708 2418 2763; x_wconf 90' lang='lat' dir='ltr'><strong>declarata</strong></span> <span class='ocrx_word' id='word_1_398' title='bbox 2450 2714 2533 2760; x_wconf 87' lang='lat' dir='ltr'><strong>est</strong></span> <span class='ocrx_word' id='word_1_399' title='bbox 2569 2706 2620 2759; x_wconf 93' lang='lat' dir='ltr'><strong>in</strong></span> <span class='ocrx_word' id='word_1_400' title='bbox 2679 2703 2924 2758; x_wconf 89' lang='lat' dir='ltr'><strong>ﬁdelibus</strong></span> <span class='ocrx_word' id='word_1_401' title='bbox 2965 2703 3112 2756; x_wconf 90' lang='lat' dir='ltr'><strong>suis:</strong></span> <span class='ocrx_word' id='word_1_402' title='bbox 3157 2699 3225 2752; x_wconf 76' lang='lat' dir='ltr'><strong>Et</strong></span> <span class='ocrx_word' id='word_1_403' title='bbox 3263 2715 3421 2769; x_wconf 78' lang='lat' dir='ltr'><strong>usque</strong></span> <span class='ocrx_word' id='word_1_404' title='bbox 3468 2698 3520 2749; x_wconf 85' lang='lat' dir='ltr'><strong>in</strong></span> 
     </span>
    </p>
   </div>
   <div class='ocr_carea' id='block_1_57' title="bbox 1938 2789 3522 2864">
    <p class='ocr_par' dir='ltr' id='par_1_57' title="bbox 1938 2789 3522 2864">
     <span class='ocr_line' id='line_1_57' title="bbox 1938 2789 3522 2864; baseline -0.011 -7"><span class='ocrx_word' id='word_1_405' title='bbox 1938 2803 2187 2857; x_wconf 77' lang='lat' dir='ltr'><strong>steculum</strong></span> <span class='ocrx_word' id='word_1_406' title='bbox 2217 2799 2416 2864; x_wconf 76' lang='lat' dir='ltr'><strong>strculi,</strong></span> <span class='ocrx_word' id='word_1_407' title='bbox 2447 2801 2549 2853; x_wconf 91' lang='lat' dir='ltr'><strong>hoc</strong></span> <span class='ocrx_word' id='word_1_408' title='bbox 2575 2805 2658 2852; x_wconf 90' lang='lat' dir='ltr'><strong>est</strong></span> <span class='ocrx_word' id='word_1_409' title='bbox 2683 2835 2699 2861; x_wconf 96' lang='lat'><strong>,</strong></span> <span class='ocrx_word' id='word_1_410' title='bbox 2736 2797 2789 2850; x_wconf 94' lang='lat' dir='ltr'><strong>in</strong></span> <span class='ocrx_word' id='word_1_411' title='bbox 2828 2793 3077 2864; x_wconf 73' lang='lat' dir='ltr'><strong>przesenti</strong></span> <span class='ocrx_word' id='word_1_412' title='bbox 3127 2802 3182 2846; x_wconf 89' lang='lat' dir='ltr'><strong>et</strong></span> <span class='ocrx_word' id='word_1_413' title='bbox 3237 2792 3291 2844; x_wconf 93' lang='lat' dir='ltr'><strong>in</strong></span> <span class='ocrx_word' id='word_1_414' title='bbox 3342 2789 3522 2842; x_wconf 81' lang='lat' dir='ltr'><strong>futuro</strong></span> 
     </span>
    </p>
   </div>
   <div class='ocr_carea' id='block_1_58' title="bbox 1939 2879 3523 2960">
    <p class='ocr_par' dir='ltr' id='par_1_58' title="bbox 1939 2879 3523 2960">
     <span class='ocr_line' id='line_1_58' title="bbox 1939 2879 3523 2960; baseline -0.011 -13"><span class='ocrx_word' id='word_1_415' title='bbox 1939 2891 2152 2947; x_wconf 66' lang='lat' dir='ltr'><strong>smoulo.</strong></span> <span class='ocrx_word' id='word_1_416' title='bbox 2183 2890 2271 2946; x_wconf 90' lang='lat' dir='ltr'><strong>Sic</strong></span> <span class='ocrx_word' id='word_1_417' title='bbox 2303 2905 2431 2960; x_wconf 88' lang='lat' dir='ltr'><strong>ergo</strong></span> <span class='ocrx_word' id='word_1_418' title='bbox 2462 2897 2545 2942; x_wconf 91' lang='lat' dir='ltr'><strong>ter</strong></span> <span class='ocrx_word' id='word_1_419' title='bbox 2563 2887 2664 2942; x_wconf 76' lang='lat' dir='ltr'><strong>&#39;hic</strong></span> <span class='ocrx_word' id='word_1_420' title='bbox 2695 2886 2929 2956; x_wconf 84' lang='lat' dir='ltr'><strong>positum</strong></span> <span class='ocrx_word' id='word_1_421' title='bbox 2959 2883 3215 2937; x_wconf 81' lang='lat' dir='ltr'><strong>saeculum</strong></span> <span class='ocrx_word' id='word_1_422' title='bbox 3253 2879 3523 2934; x_wconf 62' lang='lat' dir='ltr'><strong>mternita-</strong></span> 
     </span>
    </p>
   </div>
   <div class='ocr_carea' id='block_1_59' title="bbox 1937 2969 3523 3048">
    <p class='ocr_par' dir='ltr' id='par_1_59' title="bbox 1937 2969 3523 3048">
     <span class='ocr_line' id='line_1_59' title="bbox 1937 2969 3523 3048; baseline -0.011 -10"><span class='ocrx_word' id='word_1_423' title='bbox 1937 2992 2046 3039; x_wconf 90' lang='lat' dir='ltr'><strong>tem</strong></span> <span class='ocrx_word' id='word_1_424' title='bbox 2072 2982 2283 3036; x_wconf 90' lang='lat' dir='ltr'><strong>Domini</strong></span> <span class='ocrx_word' id='word_1_425' title='bbox 2313 2981 2554 3036; x_wconf 89' lang='lat' dir='ltr'><strong>absolute</strong></span> <span class='ocrx_word' id='word_1_426' title='bbox 2588 2979 2831 3048; x_wconf 88' lang='lat' dir='ltr'><strong>designat</strong></span> <span class='ocrx_word' id='word_1_427' title='bbox 2858 2996 2870 3028; x_wconf 93' lang='lat'><strong>:</strong></span> <span class='ocrx_word' id='word_1_428' title='bbox 2903 2975 3157 3044; x_wconf 87' lang='lat' dir='ltr'><strong>quoniam</strong></span> <span class='ocrx_word' id='word_1_429' title='bbox 3188 2980 3243 3025; x_wconf 87' lang='lat' dir='ltr'><strong>et</strong></span> <span class='ocrx_word' id='word_1_430' title='bbox 3285 2969 3371 3026; x_wconf 87' lang='lat' dir='ltr'><strong>ille</strong></span> <span class='ocrx_word' id='word_1_431' title='bbox 3398 2978 3523 3022; x_wconf 90' lang='lat' dir='ltr'><strong>ante</strong></span> 
     </span>
    </p>
   </div>
   <div class='ocr_carea' id='block_1_60' title="bbox 1939 3059 3524 3138">
    <p class='ocr_par' dir='ltr' id='par_1_60' title="bbox 1939 3059 3524 3138">
     <span class='ocr_line' id='line_1_60' title="bbox 1939 3059 3524 3138; baseline -0.009 -10"><span class='ocrx_word' id='word_1_432' title='bbox 1939 3073 2214 3138; x_wconf 74' lang='lat' dir='ltr'><strong>saeculum,</strong></span> <span class='ocrx_word' id='word_1_433' title='bbox 2254 3081 2309 3126; x_wconf 93' lang='lat' dir='ltr'><strong>et</strong></span> <span class='ocrx_word' id='word_1_434' title='bbox 2331 3071 2386 3125; x_wconf 92' lang='lat' dir='ltr'><strong>in</strong></span> <span class='ocrx_word' id='word_1_435' title='bbox 2420 3068 2631 3132; x_wconf 71' lang='lat' dir='ltr'><strong>saeculo,</strong></span> <span class='ocrx_word' id='word_1_436' title='bbox 2662 3075 2716 3122; x_wconf 89' lang='lat' dir='ltr'><strong>et</strong></span> <span class='ocrx_word' id='word_1_437' title='bbox 2740 3074 2861 3137; x_wconf 88' lang='lat' dir='ltr'><strong>post</strong></span> <span class='ocrx_word' id='word_1_438' title='bbox 2901 3065 3044 3118; x_wconf 88' lang='lat' dir='ltr'><strong>istud</strong></span> <span class='ocrx_word' id='word_1_439' title='bbox 3079 3061 3332 3116; x_wconf 83' lang='lat' dir='ltr'><strong>sacculum</strong></span> <span class='ocrx_word' id='word_1_440' title='bbox 3361 3059 3524 3113; x_wconf 89' lang='lat' dir='ltr'><strong>mise-</strong></span> 
     </span>
    </p>
   </div>
   <div class='ocr_carea' id='block_1_61' title="bbox 1940 3148 3524 3246">
    <p class='ocr_par' dir='ltr' id='par_1_61' title="bbox 1940 3148 3524 3246">
     <span class='ocr_line' id='line_1_61' title="bbox 1940 3148 3524 3246; baseline -0.009 -29"><span class='ocrx_word' id='word_1_441' title='bbox 1940 3165 2112 3219; x_wconf 90' lang='lat' dir='ltr'><strong>ricors</strong></span> <span class='ocrx_word' id='word_1_442' title='bbox 2161 3167 2660 3246; x_wconf 42' lang='lat' dir='ltr'><strong>csselmonstratur.</strong></span> <span class='ocrx_word' id='word_1_443' title='bbox 2702 3155 2859 3210; x_wconf 61' lang='lat' dir='ltr'><strong>A‘Jtas</strong></span> <span class='ocrx_word' id='word_1_444' title='bbox 2899 3153 3216 3224; x_wconf 90' lang='lat' dir='ltr'><strong>plerumque</strong></span> <span class='ocrx_word' id='word_1_445' title='bbox 3244 3148 3438 3205; x_wconf 88' lang='lat' dir='ltr'><strong>dicitur</strong></span> <span class='ocrx_word' id='word_1_446' title='bbox 3469 3157 3524 3202; x_wconf 92' lang='lat' dir='ltr'><strong>et</strong></span> 
     </span>
    </p>
   </div>
   <div class='ocr_carea' id='block_1_62' title="bbox 1940 3241 3570 3327">
    <p class='ocr_par' dir='ltr' id='par_1_62' title="bbox 1940 3241 3570 3327">
     <span class='ocr_line' id='line_1_62' title="bbox 1940 3241 3570 3327; baseline -0.01 -16"><span class='ocrx_word' id='word_1_447' title='bbox 1940 3271 2041 3327; x_wconf 91' lang='lat' dir='ltr'><strong>pro</strong></span> <span class='ocrx_word' id='word_1_448' title='bbox 2063 3270 2171 3310; x_wconf 91' lang='lat' dir='ltr'><strong>uno</strong></span> <span class='ocrx_word' id='word_1_449' title='bbox 2203 3241 2344 3308; x_wconf 91' lang='lat' dir='ltr'><strong>anno</strong></span> <span class='ocrx_word' id='word_1_450' title='bbox 2393 3263 2452 3308; x_wconf 90' lang='lat' dir='ltr'><strong>ut</strong></span> <span class='ocrx_word' id='word_1_451' title='bbox 2487 3253 2541 3307; x_wconf 90' lang='lat' dir='ltr'><strong>in</strong></span> <span class='ocrx_word' id='word_1_452' title='bbox 2593 3250 2910 3306; x_wconf 89' lang='lat' dir='ltr'><strong>annalibus:</strong></span> <span class='ocrx_word' id='word_1_453' title='bbox 2969 3256 3023 3302; x_wconf 90' lang='lat' dir='ltr'><strong>et</strong></span> <span class='ocrx_word' id='word_1_454' title='bbox 3060 3260 3157 3315; x_wconf 87' lang='lat' dir='ltr'><strong>pro</strong></span> <span class='ocrx_word' id='word_1_455' title='bbox 3194 3252 3423 3313; x_wconf 88' lang='lat' dir='ltr'><strong>septem,</strong></span> <span class='ocrx_word' id='word_1_456' title='bbox 3465 3250 3524 3296; x_wconf 92' lang='lat' dir='ltr'><strong>ut</strong></span> <span class='ocrx_word' id='word_1_457' title='bbox 3567 3241 3570 3246; x_wconf 85' lang='grc'><em>’</em></span> 
     </span>
    </p>
   </div>
   <div class='ocr_carea' id='block_1_63' title="bbox 227 3331 3522 3414">
    <p class='ocr_par' dir='ltr' id='par_1_63' title="bbox 227 3331 3522 3414">
     <span class='ocr_line' id='line_1_63' title="bbox 227 3331 3522 3414; baseline -0.008 -13"><span class='ocrx_word' id='word_1_458' title='bbox 227 3347 404 3400; x_wconf 89' lang='lat' dir='ltr'><strong>minus</strong></span> <span class='ocrx_word' id='word_1_459' title='bbox 447 3343 710 3398; x_wconf 87' lang='lat' dir='ltr'><strong>Salvator</strong></span> <span class='ocrx_word' id='word_1_460' title='bbox 738 3341 1006 3409; x_wconf 85' lang='lat' dir='ltr'><strong>apparuit.</strong></span> <span class='ocrx_word' id='word_1_461' title='bbox 1039 3339 1131 3392; x_wconf 90' lang='lat' dir='ltr'><strong>Isti</strong></span> <span class='ocrx_word' id='word_1_462' title='bbox 1177 3354 1309 3408; x_wconf 87' lang='lat' dir='ltr'><strong>ergo</strong></span> <span class='ocrx_word' id='word_1_463' title='bbox 1355 3346 1480 3392; x_wconf 91' lang='lat' dir='ltr'><strong>sunt</strong></span> <span class='ocrx_word' id='word_1_464' title='bbox 1525 3337 1643 3392; x_wconf 89' lang='lat' dir='ltr'><strong>dies</strong></span> <span class='ocrx_word' id='word_1_465' title='bbox 1670 3351 1835 3392; x_wconf 80' lang='lat' dir='ltr'><strong>anno-</strong></span> <span class='ocrx_word' id='word_1_466' title='bbox 1859 3337 1905 3400; x_wconf 86' lang='lat' dir='ltr'><strong>C</strong></span> <span class='ocrx_word' id='word_1_467' title='bbox 1937 3346 2172 3403; x_wconf 75' lang='lat' dir='ltr'><strong>hominis</strong></span> <span class='ocrx_word' id='word_1_468' title='bbox 2200 3363 2212 3398; x_wconf 73' lang='grc' dir='ltr'>ε</span> <span class='ocrx_word' id='word_1_469' title='bbox 2244 3359 2343 3414; x_wconf 68' lang='lat' dir='ltr'><strong>pro</strong></span> <span class='ocrx_word' id='word_1_470' title='bbox 2375 3351 2610 3408; x_wconf 59' lang='lat' dir='ltr'><strong>centum,</strong></span> <span class='ocrx_word' id='word_1_471' title='bbox 2641 3350 2700 3396; x_wconf 58' lang='lat' dir='ltr'><strong>ut</strong></span> <span class='ocrx_word' id='word_1_472' title='bbox 2737 3355 2836 3409; x_wconf 75' lang='grc' dir='ltr'><strong>ριιο</strong></span> <span class='ocrx_word' id='word_1_473' title='bbox 2865 3337 3056 3408; x_wconf 78' lang='lat' dir='ltr'><strong>quovis</strong></span> <span class='ocrx_word' id='word_1_474' title='bbox 3084 3343 3340 3403; x_wconf 68' lang='lat' dir='ltr'><strong>tempore.</strong></span> <span class='ocrx_word' id='word_1_475' title='bbox 3367 3331 3522 3386; x_wconf 77' lang='lat' dir='ltr'><strong>Unde</strong></span> 
     </span>
    </p>
   </div>
   <div class='ocr_carea' id='block_1_64' title="bbox 228 3429 1822 3506">
    <p class='ocr_par' dir='ltr' id='par_1_64' title="bbox 228 3429 1822 3506">
     <span class='ocr_line' id='line_1_64' title="bbox 228 3429 1822 3506; baseline -0.008 -14"><span class='ocrx_word' id='word_1_476' title='bbox 228 3452 366 3500; x_wconf 83' lang='lat' dir='ltr'><strong>rum,</strong></span> <span class='ocrx_word' id='word_1_477' title='bbox 393 3437 491 3506; x_wconf 93' lang='lat' dir='ltr'><strong>qui</strong></span> <span class='ocrx_word' id='word_1_478' title='bbox 527 3434 686 3488; x_wconf 89' lang='lat' dir='ltr'><strong>nobis</strong></span> <span class='ocrx_word' id='word_1_479' title='bbox 715 3431 1010 3503; x_wconf 85' lang='lat' dir='ltr'><strong>probabilis</strong></span> <span class='ocrx_word' id='word_1_480' title='bbox 1032 3431 1156 3484; x_wconf 79' lang='lat' dir='ltr'><strong>vitae</strong></span> <span class='ocrx_word' id='word_1_481' title='bbox 1183 3429 1470 3485; x_wconf 77' lang='lat' dir='ltr'><strong>conferunt</strong></span> <span class='ocrx_word' id='word_1_482' title='bbox 1499 3429 1822 3483; x_wconf 82' lang='lat' dir='ltr'><strong>claritatem.</strong></span> 
     </span>
    </p>
   </div>
   <div class='ocr_carea' id='block_1_65' title="bbox 226 3519 1828 3590">
    <p class='ocr_par' dir='ltr' id='par_1_65' title="bbox 226 3519 1828 3590">
     <span class='ocr_line' id='line_1_65' title="bbox 226 3519 1828 3590; baseline -0.008 -5"><span class='ocrx_word' id='word_1_483' title='bbox 226 3531 416 3584; x_wconf 81' lang='lat' dir='ltr'><strong>Annus</strong></span> <span class='ocrx_word' id='word_1_484' title='bbox 443 3525 717 3580; x_wconf 88' lang='lat' dir='ltr'><strong>Dominus</strong></span> <span class='ocrx_word' id='word_1_485' title='bbox 742 3520 899 3578; x_wconf 77' lang='lat' dir='ltr'><strong>Iesus</strong></span> <span class='ocrx_word' id='word_1_486' title='bbox 934 3521 1184 3576; x_wconf 83' lang='lat' dir='ltr'><strong>Christus</strong></span> <span class='ocrx_word' id='word_1_487' title='bbox 1228 3537 1259 3574; x_wconf 89' lang='lat' dir='ltr'><strong>a</strong></span> <span class='ocrx_word' id='word_1_488' title='bbox 1303 3519 1626 3590; x_wconf 90' lang='lat' dir='ltr'><strong>quibusdam</strong></span> <span class='ocrx_word' id='word_1_489' title='bbox 1676 3528 1828 3588; x_wconf 87' lang='lat' dir='ltr'><strong>puta-</strong></span> 
     </span>
    </p>
   </div>
   <div class='ocr_carea' id='block_1_66' title="bbox 228 3607 1830 3685">
    <p class='ocr_par' dir='ltr' id='par_1_66' title="bbox 228 3607 1830 3685">
     <span class='ocr_line' id='line_1_66' title="bbox 228 3607 1830 3685; baseline -0.01 -11"><span class='ocrx_word' id='word_1_490' title='bbox 228 3630 335 3683; x_wconf 86' lang='lat' dir='ltr'><strong>tur,</strong></span> <span class='ocrx_word' id='word_1_491' title='bbox 372 3626 435 3672; x_wconf 91' lang='lat' dir='ltr'><strong>ut</strong></span> <span class='ocrx_word' id='word_1_492' title='bbox 477 3617 536 3670; x_wconf 87' lang='lat' dir='ltr'><strong>in</strong></span> <span class='ocrx_word' id='word_1_493' title='bbox 567 3612 813 3685; x_wconf 83' lang='lat' dir='ltr'><strong>psalmo:</strong></span> <span class='ocrx_word' id='word_1_494' title='bbox 848 3609 1128 3664; x_wconf 85' lang='lat' dir='ltr'><strong>Benedices</strong></span> <span class='ocrx_word' id='word_1_495' title='bbox 1163 3624 1410 3662; x_wconf 84' lang='lat' dir='ltr'><strong>coronam</strong></span> <span class='ocrx_word' id='word_1_496' title='bbox 1433 3607 1557 3660; x_wconf 83' lang='lat' dir='ltr'><strong>anni</strong></span> <span class='ocrx_word' id='word_1_497' title='bbox 1595 3607 1830 3676; x_wconf 85' lang='lat' dir='ltr'><strong>benigni-</strong></span> 
     </span>
    </p>
   </div>
   <div class='ocr_carea' id='block_1_67' title="bbox 228 3697 1823 3774">
    <p class='ocr_par' dir='ltr' id='par_1_67' title="bbox 228 3697 1823 3774">
     <span class='ocr_line' id='line_1_67' title="bbox 228 3697 1823 3774; baseline -0.009 -10"><span class='ocrx_word' id='word_1_498' title='bbox 228 3711 348 3765; x_wconf 81' lang='lat' dir='ltr'><strong>tatis</strong></span> <span class='ocrx_word' id='word_1_499' title='bbox 392 3719 525 3770; x_wconf 70' lang='lat' dir='ltr'><strong>tute,</strong></span> <span class='ocrx_word' id='word_1_500' title='bbox 555 3716 605 3761; x_wconf 84' lang='lat' dir='ltr'><strong>et</strong></span> <span class='ocrx_word' id='word_1_501' title='bbox 643 3707 812 3774; x_wconf 85' lang='lat' dir='ltr'><strong>campi</strong></span> <span class='ocrx_word' id='word_1_502' title='bbox 856 3705 933 3757; x_wconf 84' lang='lat' dir='ltr'><strong>tui</strong></span> <span class='ocrx_word' id='word_1_503' title='bbox 989 3702 1320 3771; x_wconf 80' lang='lat' dir='ltr'><strong>i&#39;eplcbuntnr</strong></span> <span class='ocrx_word' id='word_1_504' title='bbox 1368 3702 1598 3753; x_wconf 67' lang='lat' dir='ltr'><strong>ubertate</strong></span> <span class='ocrx_word' id='word_1_505' title='bbox 1643 3697 1823 3769; x_wconf 85' lang='lat' dir='ltr'><strong>(Psal.</strong></span> 
     </span>
    </p>
   </div>
   <div class='ocr_carea' id='block_1_68' title="bbox 229 3784 1829 3872">
    <p class='ocr_par' dir='ltr' id='par_1_68' title="bbox 229 3784 1829 3872">
     <span class='ocr_line' id='line_1_68' title="bbox 229 3784 1829 3872; baseline -0.01 -16"><span class='ocrx_word' id='word_1_506' title='bbox 229 3784 667 3872; x_wconf 21' lang='lat' dir='ltr'><strong>inv)..Annus,</strong></span> <span class='ocrx_word' id='word_1_507' title='bbox 697 3810 931 3867; x_wconf 81' lang='lat' dir='ltr'><strong>praesens</strong></span> <span class='ocrx_word' id='word_1_508' title='bbox 971 3803 1182 3864; x_wconf 86' lang='lat' dir='ltr'><strong>tempus</strong></span> <span class='ocrx_word' id='word_1_509' title='bbox 1229 3792 1296 3845; x_wconf 92' lang='lat' dir='ltr'><strong>ab</strong></span> <span class='ocrx_word' id='word_1_510' title='bbox 1343 3791 1574 3845; x_wconf 88' lang='lat' dir='ltr'><strong>adventu</strong></span> <span class='ocrx_word' id='word_1_511' title='bbox 1616 3788 1829 3843; x_wconf 89' lang='lat' dir='ltr'><strong>Domini</strong></span> 
     </span>
    </p>
   </div>
   <div class='ocr_carea' id='block_1_69' title="bbox 230 3878 1830 3963">
    <p class='ocr_par' dir='ltr' id='par_1_69' title="bbox 230 3878 1830 3963">
     <span class='ocr_line' id='line_1_69' title="bbox 230 3878 1830 3963; baseline -0.011 -15"><span class='ocrx_word' id='word_1_512' title='bbox 230 3909 399 3963; x_wconf 89' lang='lat' dir='ltr'><strong>usque</strong></span> <span class='ocrx_word' id='word_1_513' title='bbox 429 3892 486 3946; x_wconf 92' lang='lat' dir='ltr'><strong>in</strong></span> <span class='ocrx_word' id='word_1_514' title='bbox 523 3890 690 3944; x_wconf 90' lang='lat' dir='ltr'><strong>ﬁnem</strong></span> <span class='ocrx_word' id='word_1_515' title='bbox 728 3887 933 3952; x_wconf 92' lang='lat' dir='ltr'><strong>mundi,</strong></span> <span class='ocrx_word' id='word_1_516' title='bbox 958 3885 1014 3939; x_wconf 87' lang='lat' dir='ltr'><strong>in</strong></span> <span class='ocrx_word' id='word_1_517' title='bbox 1049 3898 1156 3954; x_wconf 94' lang='lat' dir='ltr'><strong>quo</strong></span> <span class='ocrx_word' id='word_1_518' title='bbox 1179 3881 1498 3955; x_wconf 85' lang='lat' dir='ltr'><strong>poenitentia</strong></span> <span class='ocrx_word' id='word_1_519' title='bbox 1529 3888 1582 3934; x_wconf 90' lang='lat' dir='ltr'><strong>et</strong></span> <span class='ocrx_word' id='word_1_520' title='bbox 1635 3878 1830 3932; x_wconf 83' lang='lat' dir='ltr'><strong>remis-</strong></span> 
     </span>
    </p>
   </div>
   <div class='ocr_carea' id='block_1_70' title="bbox 231 3967 1828 4052">
    <p class='ocr_par' dir='ltr' id='par_1_70' title="bbox 231 3967 1828 4052">
     <span class='ocr_line' id='line_1_70' title="bbox 231 3967 1828 4052; baseline -0.012 -15"><span class='ocrx_word' id='word_1_521' title='bbox 231 3985 309 4038; x_wconf 88' lang='lat' dir='ltr'><strong>sio</strong></span> <span class='ocrx_word' id='word_1_522' title='bbox 336 3988 699 4052; x_wconf 83' lang='lat' dir='ltr'><strong>peccatorum</strong></span> <span class='ocrx_word' id='word_1_523' title='bbox 755 3975 1078 4048; x_wconf 66' lang='lat' dir='ltr'><strong>praedicatur</strong></span> <span class='ocrx_word' id='word_1_524' title='bbox 1103 4015 1117 4039; x_wconf 93' lang='lat'><strong>,</strong></span> <span class='ocrx_word' id='word_1_525' title='bbox 1151 3982 1211 4026; x_wconf 90' lang='lat' dir='ltr'><strong>ut</strong></span> <span class='ocrx_word' id='word_1_526' title='bbox 1255 3978 1336 4026; x_wconf 91' lang='lat' dir='ltr'><strong>est</strong></span> <span class='ocrx_word' id='word_1_527' title='bbox 1383 3969 1511 4025; x_wconf 88' lang='lat' dir='ltr'><strong>illud</strong></span> <span class='ocrx_word' id='word_1_528' title='bbox 1567 3968 1620 4024; x_wconf 86' lang='lat' dir='ltr'><strong>in</strong></span> <span class='ocrx_word' id='word_1_529' title='bbox 1652 3967 1787 4020; x_wconf 87' lang='lat' dir='ltr'><strong>Isaia</strong></span> <span class='ocrx_word' id='word_1_530' title='bbox 1812 4006 1828 4031; x_wconf 96' lang='lat'><strong>,</strong></span> 
     </span>
    </p>
   </div>
   <div class='ocr_carea' id='block_1_71' title="bbox 233 4059 1832 4139">
    <p class='ocr_par' dir='ltr' id='par_1_71' title="bbox 233 4059 1832 4139">
     <span class='ocr_line' id='line_1_71' title="bbox 233 4059 1832 4139; baseline -0.011 -11"><span class='ocrx_word' id='word_1_531' title='bbox 233 4075 548 4128; x_wconf 71' lang='lat' dir='ltr'><strong>Prwdicare</strong></span> <span class='ocrx_word' id='word_1_532' title='bbox 576 4087 773 4126; x_wconf 79' lang='lat' dir='ltr'><strong>annum</strong></span> <span class='ocrx_word' id='word_1_533' title='bbox 797 4067 1104 4139; x_wconf 83' lang='lat' dir='ltr'><strong>placabilem</strong></span> <span class='ocrx_word' id='word_1_534' title='bbox 1138 4065 1381 4129; x_wconf 85' lang='lat' dir='ltr'><strong>Domino,</strong></span> <span class='ocrx_word' id='word_1_535' title='bbox 1417 4073 1466 4116; x_wconf 89' lang='lat' dir='ltr'><strong>et</strong></span> <span class='ocrx_word' id='word_1_536' title='bbox 1519 4061 1654 4115; x_wconf 87' lang='lat' dir='ltr'><strong>diem</strong></span> <span class='ocrx_word' id='word_1_537' title='bbox 1679 4059 1832 4113; x_wconf 88' lang='lat' dir='ltr'><strong>retri-</strong></span> 
     </span>
    </p>
   </div>
   <div class='ocr_carea' id='block_1_72' title="bbox 232 4149 1832 4233">
    <p class='ocr_par' dir='ltr' id='par_1_72' title="bbox 232 4149 1832 4233">
     <span class='ocr_line' id='line_1_72' title="bbox 232 4149 1832 4233; baseline -0.01 -14"><span class='ocrx_word' id='word_1_538' title='bbox 232 4165 460 4219; x_wconf 78' lang='lat' dir='ltr'><strong>butionis</strong></span> <span class='ocrx_word' id='word_1_539' title='bbox 485 4161 629 4233; x_wconf 83' lang='lat' dir='ltr'><strong>(Isa.</strong></span> <span class='ocrx_word' id='word_1_540' title='bbox 661 4161 791 4230; x_wconf 78' lang='lat' dir='ltr'><strong>in).</strong></span> <span class='ocrx_word' id='word_1_541' title='bbox 834 4158 979 4212; x_wconf 81' lang='lat' dir='ltr'><strong>Hinc</strong></span> <span class='ocrx_word' id='word_1_542' title='bbox 994 4157 1122 4210; x_wconf 88' lang='lat' dir='ltr'><strong>etin</strong></span> <span class='ocrx_word' id='word_1_543' title='bbox 1165 4153 1453 4224; x_wconf 89' lang='lat' dir='ltr'><strong>Evangelio</strong></span> <span class='ocrx_word' id='word_1_544' title='bbox 1484 4150 1719 4221; x_wconf 85' lang='lat' dir='ltr'><strong>agricola</strong></span> <span class='ocrx_word' id='word_1_545' title='bbox 1763 4149 1832 4203; x_wconf 87' lang='lat' dir='ltr'><strong>ad</strong></span> 
     </span>
    </p>
   </div>
   <div class='ocr_carea' id='block_1_73' title="bbox 234 4241 1833 4310">
    <p class='ocr_par' dir='ltr' id='par_1_73' title="bbox 234 4241 1833 4310">
     <span class='ocr_line' id='line_1_73' title="bbox 234 4241 1833 4310; baseline -0.013 -1"><span class='ocrx_word' id='word_1_546' title='bbox 234 4255 528 4310; x_wconf 86' lang='lat' dir='ltr'><strong>Dominum</strong></span> <span class='ocrx_word' id='word_1_547' title='bbox 564 4266 722 4305; x_wconf 81' lang='lat' dir='ltr'><strong>suum</strong></span> <span class='ocrx_word' id='word_1_548' title='bbox 755 4249 833 4302; x_wconf 88' lang='lat' dir='ltr'><strong>ait</strong></span> <span class='ocrx_word' id='word_1_549' title='bbox 873 4264 887 4300; x_wconf 86' lang='lat'><strong>:</strong></span> <span class='ocrx_word' id='word_1_550' title='bbox 931 4245 1147 4300; x_wconf 81' lang='lat' dir='ltr'><strong>Dimitte</strong></span> <span class='ocrx_word' id='word_1_551' title='bbox 1175 4242 1321 4295; x_wconf 79' lang='lat' dir='ltr'><strong>illam</strong></span> <span class='ocrx_word' id='word_1_552' title='bbox 1359 4252 1406 4294; x_wconf 86' lang='lat' dir='ltr'><strong>et</strong></span> <span class='ocrx_word' id='word_1_553' title='bbox 1450 4241 1545 4293; x_wconf 83' lang='lat' dir='ltr'><strong>hoc</strong></span> <span class='ocrx_word' id='word_1_554' title='bbox 1569 4254 1707 4291; x_wconf 87' lang='lat' dir='ltr'><strong>anno</strong></span> <span class='ocrx_word' id='word_1_555' title='bbox 1748 4252 1833 4289; x_wconf 66' lang='lat' dir='ltr'><strong>uso</strong></span> 
     </span>
    </p>
   </div>
   <div class='ocr_carea' id='block_1_74' title="bbox 232 4329 1830 4416">
    <p class='ocr_par' dir='ltr' id='par_1_74' title="bbox 232 4329 1830 4416">
     <span class='ocr_line' id='line_1_74' title="bbox 232 4329 1830 4416; baseline -0.013 -16"><span class='ocrx_word' id='word_1_556' title='bbox 232 4348 460 4416; x_wconf 76' lang='lat' dir='ltr'><strong>quedam</strong></span> <span class='ocrx_word' id='word_1_557' title='bbox 506 4343 716 4412; x_wconf 80' lang='lat' dir='ltr'><strong>fodiam</strong></span> <span class='ocrx_word' id='word_1_558' title='bbox 754 4341 893 4393; x_wconf 87' lang='lat' dir='ltr'><strong>circa</strong></span> <span class='ocrx_word' id='word_1_559' title='bbox 949 4337 1135 4400; x_wconf 78' lang='lat' dir='ltr'><strong>illaut,</strong></span> <span class='ocrx_word' id='word_1_560' title='bbox 1197 4343 1242 4387; x_wconf 88' lang='lat' dir='ltr'><strong>et</strong></span> <span class='ocrx_word' id='word_1_561' title='bbox 1289 4333 1492 4385; x_wconf 89' lang='lat' dir='ltr'><strong>mittam</strong></span> <span class='ocrx_word' id='word_1_562' title='bbox 1552 4329 1830 4398; x_wconf 73' lang='lat' dir='ltr'><strong>cup/tinum</strong></span> 
     </span>
    </p>
   </div>
   <div class='ocr_carea' id='block_1_75' title="bbox 231 4418 1832 4505">
    <p class='ocr_par' dir='ltr' id='par_1_75' title="bbox 231 4418 1832 4505">
     <span class='ocr_line' id='line_1_75' title="bbox 231 4418 1832 4505; baseline -0.013 -15"><span class='ocrx_word' id='word_1_563' title='bbox 231 4435 476 4490; x_wconf 83' lang='lat' dir='ltr'><strong>stercoris</strong></span> <span class='ocrx_word' id='word_1_564' title='bbox 507 4431 665 4505; x_wconf 82' lang='lat' dir='ltr'><strong>(Luc.</strong></span> <span class='ocrx_word' id='word_1_565' title='bbox 686 4427 825 4500; x_wconf 85' lang='lat' dir='ltr'><strong>xm).</strong></span> <span class='ocrx_word' id='word_1_566' title='bbox 857 4426 998 4481; x_wconf 87' lang='lat' dir='ltr'><strong>Anni</strong></span> <span class='ocrx_word' id='word_1_567' title='bbox 1029 4439 1145 4489; x_wconf 82' lang='lat' dir='ltr'><strong>sex,</strong></span> <span class='ocrx_word' id='word_1_568' title='bbox 1171 4423 1236 4477; x_wconf 92' lang='lat' dir='ltr'><strong>de</strong></span> <span class='ocrx_word' id='word_1_569' title='bbox 1265 4421 1458 4490; x_wconf 89' lang='lat' dir='ltr'><strong>quibus</strong></span> <span class='ocrx_word' id='word_1_570' title='bbox 1479 4420 1534 4472; x_wconf 89' lang='lat' dir='ltr'><strong>in</strong></span> <span class='ocrx_word' id='word_1_571' title='bbox 1560 4418 1675 4487; x_wconf 83' lang='lat' dir='ltr'><strong>lege</strong></span> <span class='ocrx_word' id='word_1_572' title='bbox 1696 4431 1832 4486; x_wconf 76' lang='lat' dir='ltr'><strong>pra:-</strong></span> 
     </span>
    </p>
   </div>
   <div class='ocr_carea' id='block_1_76' title="bbox 232 4513 1830 4598">
    <p class='ocr_par' dir='ltr' id='par_1_76' title="bbox 232 4513 1830 4598">
     <span class='ocr_line' id='line_1_76' title="bbox 232 4513 1830 4598; baseline -0.016 -15"><span class='ocrx_word' id='word_1_573' title='bbox 232 4529 433 4598; x_wconf 91' lang='lat' dir='ltr'><strong>cipitur</strong></span> <span class='ocrx_word' id='word_1_574' title='bbox 461 4524 669 4596; x_wconf 72' lang='lat' dir='ltr'><strong>(Exod.</strong></span> <span class='ocrx_word' id='word_1_575' title='bbox 698 4519 833 4589; x_wconf 81' lang='lat' dir='ltr'><strong>xxi),</strong></span> <span class='ocrx_word' id='word_1_576' title='bbox 864 4527 922 4570; x_wconf 92' lang='lat' dir='ltr'><strong>ut</strong></span> <span class='ocrx_word' id='word_1_577' title='bbox 947 4517 991 4570; x_wconf 90' lang='lat' dir='ltr'><strong>si</strong></span> <span class='ocrx_word' id='word_1_578' title='bbox 1022 4529 1156 4584; x_wconf 91' lang='lat' dir='ltr'><strong>puer</strong></span> <span class='ocrx_word' id='word_1_579' title='bbox 1182 4513 1437 4566; x_wconf 75' lang='lat' dir='ltr'><strong>Hebraeus</strong></span> <span class='ocrx_word' id='word_1_580' title='bbox 1466 4516 1677 4576; x_wconf 87' lang='lat' dir='ltr'><strong>emptus</strong></span> <span class='ocrx_word' id='word_1_581' title='bbox 1705 4520 1830 4576; x_wconf 89' lang='lat' dir='ltr'><strong>pre-</strong></span> 
     </span>
    </p>
   </div>
   <div class='ocr_carea' id='block_1_77' title="bbox 234 4597 1836 4675">
    <p class='ocr_par' dir='ltr' id='par_1_77' title="bbox 234 4597 1836 4675">
     <span class='ocr_line' id='line_1_77' title="bbox 234 4597 1836 4675; baseline -0.017 -1"><span class='ocrx_word' id='word_1_582' title='bbox 234 4620 306 4675; x_wconf 85' lang='lat' dir='ltr'><strong>tio</strong></span> <span class='ocrx_word' id='word_1_583' title='bbox 337 4616 510 4671; x_wconf 83' lang='lat' dir='ltr'><strong>fuerit</strong></span> <span class='ocrx_word' id='word_1_584' title='bbox 536 4611 758 4668; x_wconf 92' lang='lat' dir='ltr'><strong>domino</strong></span> <span class='ocrx_word' id='word_1_585' title='bbox 795 4623 891 4661; x_wconf 88' lang='lat' dir='ltr'><strong>suo</strong></span> <span class='ocrx_word' id='word_1_586' title='bbox 913 4605 1128 4664; x_wconf 82' lang='lat' dir='ltr'><strong>serviat,</strong></span> <span class='ocrx_word' id='word_1_587' title='bbox 1159 4611 1213 4656; x_wconf 88' lang='lat' dir='ltr'><strong>et</strong></span> <span class='ocrx_word' id='word_1_588' title='bbox 1242 4602 1293 4654; x_wconf 92' lang='lat' dir='ltr'><strong>in</strong></span> <span class='ocrx_word' id='word_1_589' title='bbox 1314 4599 1540 4668; x_wconf 87' lang='lat' dir='ltr'><strong>septimo</strong></span> <span class='ocrx_word' id='word_1_590' title='bbox 1567 4598 1630 4651; x_wconf 86' lang='lat' dir='ltr'><strong>ad</strong></span> <span class='ocrx_word' id='word_1_591' title='bbox 1673 4597 1836 4650; x_wconf 89' lang='lat' dir='ltr'><strong>liber-</strong></span> 
     </span>
    </p>
   </div>
   <div class='ocr_carea' id='block_1_78' title="bbox 1931 3424 3516 3504">
    <p class='ocr_par' dir='ltr' id='par_1_78' title="bbox 1931 3424 3516 3504">
     <span class='ocr_line' id='line_1_78' title="bbox 1931 3424 3516 3504; baseline -0.013 -10"><span class='ocrx_word' id='word_1_592' title='bbox 1931 3448 1986 3494; x_wconf 93' lang='lat' dir='ltr'><strong>et</strong></span> <span class='ocrx_word' id='word_1_593' title='bbox 2013 3446 2144 3493; x_wconf 66' lang='lat' dir='ltr'><strong>aatas</strong></span> <span class='ocrx_word' id='word_1_594' title='bbox 2180 3446 2410 3504; x_wconf 89' lang='lat' dir='ltr'><strong>tempus,</strong></span> <span class='ocrx_word' id='word_1_595' title='bbox 2440 3435 2582 3503; x_wconf 88' lang='lat' dir='ltr'><strong>quod</strong></span> <span class='ocrx_word' id='word_1_596' title='bbox 2611 3434 2676 3488; x_wconf 89' lang='lat' dir='ltr'><strong>de</strong></span> <span class='ocrx_word' id='word_1_597' title='bbox 2729 3430 2912 3485; x_wconf 88' lang='lat' dir='ltr'><strong>multis</strong></span> <span class='ocrx_word' id='word_1_598' title='bbox 2953 3426 3164 3484; x_wconf 69' lang='lat' dir='ltr'><strong>saeculis</strong></span> <span class='ocrx_word' id='word_1_599' title='bbox 3196 3424 3478 3478; x_wconf 89' lang='lat' dir='ltr'><strong>instruitur</strong></span> <span class='ocrx_word' id='word_1_600' title='bbox 3505 3440 3516 3474; x_wconf 93' lang='lat'><strong>:</strong></span> 
     </span>
    </p>
   </div>
   <div class='ocr_carea' id='block_1_79' title="bbox 1931 3513 3517 3594">
    <p class='ocr_par' dir='ltr' id='par_1_79' title="bbox 1931 3513 3517 3594">
     <span class='ocr_line' id='line_1_79' title="bbox 1931 3513 3517 3594; baseline -0.012 -10"><span class='ocrx_word' id='word_1_601' title='bbox 1931 3537 1987 3584; x_wconf 90' lang='lat' dir='ltr'><strong>et</strong></span> <span class='ocrx_word' id='word_1_602' title='bbox 2024 3528 2167 3583; x_wconf 92' lang='lat' dir='ltr'><strong>dicta</strong></span> <span class='ocrx_word' id='word_1_603' title='bbox 2210 3534 2364 3590; x_wconf 70' lang='lat' dir='ltr'><strong>mtas,</strong></span> <span class='ocrx_word' id='word_1_604' title='bbox 2389 3524 2542 3594; x_wconf 89' lang='lat' dir='ltr'><strong>quasi</strong></span> <span class='ocrx_word' id='word_1_605' title='bbox 2573 3522 2780 3586; x_wconf 80' lang='lat' dir='ltr'><strong>aevitas,</strong></span> <span class='ocrx_word' id='word_1_606' title='bbox 2812 3520 2865 3574; x_wconf 91' lang='lat' dir='ltr'><strong>id</strong></span> <span class='ocrx_word' id='word_1_607' title='bbox 2903 3526 3027 3582; x_wconf 88' lang='lat' dir='ltr'><strong>est,</strong></span> <span class='ocrx_word' id='word_1_608' title='bbox 3077 3513 3368 3571; x_wconf 90' lang='lat' dir='ltr'><strong>similitudo</strong></span> <span class='ocrx_word' id='word_1_609' title='bbox 3397 3513 3517 3567; x_wconf 67' lang='lat' dir='ltr'><strong>aivi.</strong></span> 
     </span>
    </p>
   </div>
   <div class='ocr_carea' id='block_1_80' title="bbox 1933 3603 3523 3682">
    <p class='ocr_par' dir='ltr' id='par_1_80' title="bbox 1933 3603 3523 3682">
     <span class='ocr_line' id='line_1_80' title="bbox 1933 3603 3523 3682; baseline -0.01 -12"><span class='ocrx_word' id='word_1_610' title='bbox 1933 3617 2066 3671; x_wconf 84' lang='lat' dir='ltr'><strong>Nam</strong></span> <span class='ocrx_word' id='word_1_611' title='bbox 2084 3631 2257 3671; x_wconf 68' lang='lat' dir='ltr'><strong>aevum</strong></span> <span class='ocrx_word' id='word_1_612' title='bbox 2281 3625 2363 3670; x_wconf 91' lang='lat' dir='ltr'><strong>est</strong></span> <span class='ocrx_word' id='word_1_613' title='bbox 2383 3623 2513 3668; x_wconf 70' lang='lat' dir='ltr'><strong>tetas</strong></span> <span class='ocrx_word' id='word_1_614' title='bbox 2533 3620 2812 3682; x_wconf 88' lang='lat' dir='ltr'><strong>perpetua,</strong></span> <span class='ocrx_word' id='word_1_615' title='bbox 2829 3610 2981 3679; x_wconf 79' lang='lat' dir='ltr'><strong>cujus</strong></span> <span class='ocrx_word' id='word_1_616' title='bbox 2995 3620 3169 3676; x_wconf 89' lang='lat' dir='ltr'><strong>neque</strong></span> <span class='ocrx_word' id='word_1_617' title='bbox 3192 3603 3405 3659; x_wconf 90' lang='lat' dir='ltr'><strong>initium</strong></span> <span class='ocrx_word' id='word_1_618' title='bbox 3430 3617 3523 3656; x_wconf 88' lang='lat' dir='ltr'><strong>ne-</strong></span> 
     </span>
    </p>
   </div>
   <div class='ocr_carea' id='block_1_81' title="bbox 1932 3699 3518 3777">
    <p class='ocr_par' dir='ltr' id='par_1_81' title="bbox 1932 3699 3518 3777">
     <span class='ocr_line' id='line_1_81' title="bbox 1932 3699 3518 3777; baseline -0.01 -15"><span class='ocrx_word' id='word_1_619' title='bbox 1932 3723 2036 3777; x_wconf 89' lang='lat' dir='ltr'><strong>que</strong></span> <span class='ocrx_word' id='word_1_620' title='bbox 2057 3717 2358 3762; x_wconf 74' lang='lat' dir='ltr'><strong>extremum</strong></span> <span class='ocrx_word' id='word_1_621' title='bbox 2384 3705 2630 3760; x_wconf 88' lang='lat' dir='ltr'><strong>noscitur</strong></span> <span class='ocrx_word' id='word_1_622' title='bbox 2667 3722 2679 3756; x_wconf 89' lang='lat'><strong>:</strong></span> <span class='ocrx_word' id='word_1_623' title='bbox 2717 3700 2860 3771; x_wconf 88' lang='lat' dir='ltr'><strong>quod</strong></span> <span class='ocrx_word' id='word_1_624' title='bbox 2882 3699 3057 3755; x_wconf 82' lang='lat' dir='ltr'><strong>Graeci</strong></span> <span class='ocrx_word' id='word_1_625' title='bbox 3087 3707 3283 3751; x_wconf 89' lang='lat' dir='ltr'><strong>vocant</strong></span> <span class='ocrx_word' id='word_1_626' title='bbox 3310 3710 3476 3750; x_wconf 85' lang='lat' dir='ltr'><strong>eonas</strong></span> <span class='ocrx_word' id='word_1_627' title='bbox 3507 3712 3518 3746; x_wconf 92' lang='lat'><strong>:</strong></span> 
     </span>
    </p>
   </div>
   <div class='ocr_carea' id='block_1_82' title="bbox 1937 3790 3522 3871">
    <p class='ocr_par' dir='ltr' id='par_1_82' title="bbox 1937 3790 3522 3871">
     <span class='ocr_line' id='line_1_82' title="bbox 1937 3790 3522 3871; baseline -0.009 -15"><span class='ocrx_word' id='word_1_628' title='bbox 1937 3803 2080 3871; x_wconf 78' lang='lat' dir='ltr'><strong>quod</strong></span> <span class='ocrx_word' id='word_1_629' title='bbox 2105 3801 2398 3870; x_wconf 91' lang='lat' dir='ltr'><strong>aliquando</strong></span> <span class='ocrx_word' id='word_1_630' title='bbox 2435 3797 2575 3869; x_wconf 88' lang='lat' dir='ltr'><strong>apud</strong></span> <span class='ocrx_word' id='word_1_631' title='bbox 2611 3813 2705 3854; x_wconf 90' lang='lat' dir='ltr'><strong>eos</strong></span> <span class='ocrx_word' id='word_1_632' title='bbox 2732 3811 2830 3866; x_wconf 87' lang='lat' dir='ltr'><strong>pro</strong></span> <span class='ocrx_word' id='word_1_633' title='bbox 2861 3792 3078 3857; x_wconf 68' lang='lat' dir='ltr'><strong>sazculo,</strong></span> <span class='ocrx_word' id='word_1_634' title='bbox 3111 3790 3396 3859; x_wconf 88' lang='lat' dir='ltr'><strong>aliquando</strong></span> <span class='ocrx_word' id='word_1_635' title='bbox 3423 3802 3522 3855; x_wconf 89' lang='lat' dir='ltr'><strong>pro</strong></span> 
     </span>
    </p>
   </div>
   <div class='ocr_carea' id='block_1_83' title="bbox 1936 3881 3514 3960">
    <p class='ocr_par' dir='ltr' id='par_1_83' title="bbox 1936 3881 3514 3960">
     <span class='ocr_line' id='line_1_83' title="bbox 1936 3881 3514 3960; baseline -0.008 -14"><span class='ocrx_word' id='word_1_636' title='bbox 1936 3901 2138 3947; x_wconf 79' lang='lat' dir='ltr'><strong>aeterno</strong></span> <span class='ocrx_word' id='word_1_637' title='bbox 2167 3890 2406 3960; x_wconf 89' lang='lat' dir='ltr'><strong>ponitur.</strong></span> <span class='ocrx_word' id='word_1_638' title='bbox 2441 3888 2591 3944; x_wconf 88' lang='lat' dir='ltr'><strong>Unde</strong></span> <span class='ocrx_word' id='word_1_639' title='bbox 2619 3895 2671 3942; x_wconf 89' lang='lat' dir='ltr'><strong>et</strong></span> <span class='ocrx_word' id='word_1_640' title='bbox 2696 3887 2832 3956; x_wconf 91' lang='lat' dir='ltr'><strong>apud</strong></span> <span class='ocrx_word' id='word_1_641' title='bbox 2855 3885 3049 3937; x_wconf 86' lang='lat' dir='ltr'><strong>latinos</strong></span> <span class='ocrx_word' id='word_1_642' title='bbox 3080 3891 3162 3935; x_wconf 90' lang='lat' dir='ltr'><strong>est</strong></span> <span class='ocrx_word' id='word_1_643' title='bbox 3188 3881 3514 3935; x_wconf 82' lang='lat' dir='ltr'><strong>derivatum.</strong></span> 
     </span>
    </p>
   </div>
   <div class='ocr_carea' id='block_1_84' title="bbox 1937 3970 3525 4046">
    <p class='ocr_par' dir='ltr' id='par_1_84' title="bbox 1937 3970 3525 4046">
     <span class='ocr_line' id='line_1_84' title="bbox 1937 3970 3525 4046; baseline -0.008 -12"><span class='ocrx_word' id='word_1_644' title='bbox 1937 3980 2095 4035; x_wconf 61' lang='lat' dir='ltr'><strong>[Etas</strong></span> <span class='ocrx_word' id='word_1_645' title='bbox 2127 3987 2306 4032; x_wconf 86' lang='lat' dir='ltr'><strong>autem</strong></span> <span class='ocrx_word' id='word_1_646' title='bbox 2361 3992 2526 4046; x_wconf 93' lang='lat' dir='ltr'><strong>prope</strong></span> <span class='ocrx_word' id='word_1_647' title='bbox 2552 3976 2759 4031; x_wconf 88' lang='lat' dir='ltr'><strong>duobus</strong></span> <span class='ocrx_word' id='word_1_648' title='bbox 2791 3974 2967 4028; x_wconf 91' lang='lat' dir='ltr'><strong>modis</strong></span> <span class='ocrx_word' id='word_1_649' title='bbox 3017 3972 3227 4026; x_wconf 86' lang='lat' dir='ltr'><strong>dicitur.</strong></span> <span class='ocrx_word' id='word_1_650' title='bbox 3285 3970 3392 4021; x_wconf 82' lang='lat' dir='ltr'><strong>Aut</strong></span> <span class='ocrx_word' id='word_1_651' title='bbox 3440 3977 3525 4022; x_wconf 81' lang='lat' dir='ltr'><strong>est</strong></span> 
     </span>
    </p>
   </div>
   <div class='ocr_carea' id='block_1_85' title="bbox 1934 4063 3524 4135">
    <p class='ocr_par' dir='ltr' id='par_1_85' title="bbox 1934 4063 3524 4135">
     <span class='ocr_line' id='line_1_85' title="bbox 1934 4063 3524 4135; baseline -0.008 -8"><span class='ocrx_word' id='word_1_652' title='bbox 1934 4071 2081 4127; x_wconf 89' lang='lat' dir='ltr'><strong>enim</strong></span> <span class='ocrx_word' id='word_1_653' title='bbox 2105 4071 2358 4135; x_wconf 87' lang='lat' dir='ltr'><strong>hominis,</strong></span> <span class='ocrx_word' id='word_1_654' title='bbox 2376 4070 2516 4124; x_wconf 90' lang='lat' dir='ltr'><strong>sicut</strong></span> <span class='ocrx_word' id='word_1_655' title='bbox 2545 4067 2793 4129; x_wconf 79' lang='lat' dir='ltr'><strong>infantia,</strong></span> <span class='ocrx_word' id='word_1_656' title='bbox 2811 4063 3091 4132; x_wconf 85' lang='lat' dir='ltr'><strong>juventus,</strong></span> <span class='ocrx_word' id='word_1_657' title='bbox 3121 4072 3403 4117; x_wconf 89' lang='lat' dir='ltr'><strong>senectus:</strong></span> <span class='ocrx_word' id='word_1_658' title='bbox 3430 4069 3524 4114; x_wconf 90' lang='lat' dir='ltr'><strong>aut</strong></span> 
     </span>
    </p>
   </div>
   <div class='ocr_carea' id='block_1_86' title="bbox 1935 4153 3522 4232">
    <p class='ocr_par' dir='ltr' id='par_1_86' title="bbox 1935 4153 3522 4232">
     <span class='ocr_line' id='line_1_86' title="bbox 1935 4153 3522 4232; baseline -0.008 -14"><span class='ocrx_word' id='word_1_659' title='bbox 1935 4163 2153 4228; x_wconf 90' lang='lat' dir='ltr'><strong>mundi,</strong></span> <span class='ocrx_word' id='word_1_660' title='bbox 2200 4162 2352 4232; x_wconf 89' lang='lat' dir='ltr'><strong>cujus</strong></span> <span class='ocrx_word' id='word_1_661' title='bbox 2382 4161 2555 4232; x_wconf 86' lang='lat' dir='ltr'><strong>prima</strong></span> <span class='ocrx_word' id='word_1_662' title='bbox 2603 4169 2734 4214; x_wconf 67' lang='lat' dir='ltr'><strong>aatas</strong></span> <span class='ocrx_word' id='word_1_663' title='bbox 2787 4165 2871 4212; x_wconf 91' lang='lat' dir='ltr'><strong>est</strong></span> <span class='ocrx_word' id='word_1_664' title='bbox 2920 4157 2986 4210; x_wconf 90' lang='lat' dir='ltr'><strong>ab</strong></span> <span class='ocrx_word' id='word_1_665' title='bbox 3022 4154 3193 4209; x_wconf 87' lang='lat' dir='ltr'><strong>Adam</strong></span> <span class='ocrx_word' id='word_1_666' title='bbox 3253 4168 3423 4222; x_wconf 88' lang='lat' dir='ltr'><strong>usque</strong></span> <span class='ocrx_word' id='word_1_667' title='bbox 3455 4153 3522 4206; x_wconf 89' lang='lat' dir='ltr'><strong>ad</strong></span> 
     </span>
    </p>
   </div>
   <div class='ocr_carea' id='block_1_87' title="bbox 1934 4247 3522 4320">
    <p class='ocr_par' dir='ltr' id='par_1_87' title="bbox 1934 4247 3522 4320">
     <span class='ocr_line' id='line_1_87' title="bbox 1934 4247 3522 4320; baseline -0.006 -10"><span class='ocrx_word' id='word_1_668' title='bbox 1934 4256 2084 4312; x_wconf 88' lang='lat' dir='ltr'><strong>Noe:</strong></span> <span class='ocrx_word' id='word_1_669' title='bbox 2116 4256 2346 4310; x_wconf 91' lang='lat' dir='ltr'><strong>secunda</strong></span> <span class='ocrx_word' id='word_1_670' title='bbox 2384 4270 2414 4307; x_wconf 89' lang='lat' dir='ltr'><strong>a</strong></span> <span class='ocrx_word' id='word_1_671' title='bbox 2449 4252 2560 4307; x_wconf 87' lang='lat' dir='ltr'><strong>Noe</strong></span> <span class='ocrx_word' id='word_1_672' title='bbox 2587 4265 2757 4320; x_wconf 89' lang='lat' dir='ltr'><strong>usque</strong></span> <span class='ocrx_word' id='word_1_673' title='bbox 2807 4251 2874 4303; x_wconf 90' lang='lat' dir='ltr'><strong>ad</strong></span> <span class='ocrx_word' id='word_1_674' title='bbox 2914 4249 3184 4303; x_wconf 88' lang='lat' dir='ltr'><strong>Abraham</strong></span> <span class='ocrx_word' id='word_1_675' title='bbox 3218 4266 3230 4300; x_wconf 95' lang='lat'><strong>:</strong></span> <span class='ocrx_word' id='word_1_676' title='bbox 3268 4247 3425 4306; x_wconf 85' lang='lat' dir='ltr'><strong>tertia</strong></span> <span class='ocrx_word' id='word_1_677' title='bbox 3453 4247 3522 4300; x_wconf 87' lang='lat' dir='ltr'><strong>ab</strong></span> 
     </span>
    </p>
   </div>
   <div class='ocr_carea' id='block_1_88' title="bbox 1934 4333 3518 4412">
    <p class='ocr_par' dir='ltr' id='par_1_88' title="bbox 1934 4333 3518 4412">
     <span class='ocr_line' id='line_1_88' title="bbox 1934 4333 3518 4412; baseline -0.009 -12"><span class='ocrx_word' id='word_1_678' title='bbox 1934 4345 2208 4400; x_wconf 81' lang='lat' dir='ltr'><strong>Abraham</strong></span> <span class='ocrx_word' id='word_1_679' title='bbox 2242 4355 2413 4412; x_wconf 90' lang='lat' dir='ltr'><strong>usque</strong></span> <span class='ocrx_word' id='word_1_680' title='bbox 2441 4342 2507 4396; x_wconf 88' lang='lat' dir='ltr'><strong>ad</strong></span> <span class='ocrx_word' id='word_1_681' title='bbox 2537 4340 2705 4394; x_wconf 89' lang='lat' dir='ltr'><strong>David</strong></span> <span class='ocrx_word' id='word_1_682' title='bbox 2731 4357 2743 4390; x_wconf 91' lang='lat'><strong>:</strong></span> <span class='ocrx_word' id='word_1_683' title='bbox 2778 4345 2970 4406; x_wconf 89' lang='lat' dir='ltr'><strong>quarta</strong></span> <span class='ocrx_word' id='word_1_684' title='bbox 2997 4351 3028 4388; x_wconf 90' lang='lat' dir='ltr'><strong>a</strong></span> <span class='ocrx_word' id='word_1_685' title='bbox 3056 4334 3224 4388; x_wconf 85' lang='lat' dir='ltr'><strong>David</strong></span> <span class='ocrx_word' id='word_1_686' title='bbox 3251 4347 3418 4400; x_wconf 90' lang='lat' dir='ltr'><strong>usque</strong></span> <span class='ocrx_word' id='word_1_687' title='bbox 3450 4333 3518 4386; x_wconf 84' lang='lat' dir='ltr'><strong>ad</strong></span> 
     </span>
    </p>
   </div>
   <div class='ocr_carea' id='block_1_89' title="bbox 1935 4423 3521 4508">
    <p class='ocr_par' dir='ltr' id='par_1_89' title="bbox 1935 4423 3521 4508">
     <span class='ocr_line' id='line_1_89' title="bbox 1935 4423 3521 4508; baseline -0.01 -17"><span class='ocrx_word' id='word_1_688' title='bbox 1935 4436 2313 4508; x_wconf 89' lang='lat' dir='ltr'><strong>migrationem</strong></span> <span class='ocrx_word' id='word_1_689' title='bbox 2370 4432 2506 4488; x_wconf 84' lang='lat' dir='ltr'><strong>Juda</strong></span> <span class='ocrx_word' id='word_1_690' title='bbox 2558 4433 2612 4485; x_wconf 92' lang='lat' dir='ltr'><strong>in</strong></span> <span class='ocrx_word' id='word_1_691' title='bbox 2667 4427 3054 4499; x_wconf 86' lang='lat' dir='ltr'><strong>Babyloniam:</strong></span> <span class='ocrx_word' id='word_1_692' title='bbox 3107 4425 3292 4494; x_wconf 84' lang='lat' dir='ltr'><strong>quinta</strong></span> <span class='ocrx_word' id='word_1_693' title='bbox 3329 4423 3521 4478; x_wconf 89' lang='lat' dir='ltr'><strong>deinde</strong></span> 
     </span>
    </p>
   </div>
   <div class='ocr_carea' id='block_1_90' title="bbox 1937 4520 3522 4596">
    <p class='ocr_par' dir='ltr' id='par_1_90' title="bbox 1937 4520 3522 4596">
     <span class='ocr_line' id='line_1_90' title="bbox 1937 4520 3522 4596; baseline -0.009 -14"><span class='ocrx_word' id='word_1_694' title='bbox 1937 4543 2106 4596; x_wconf 90' lang='lat' dir='ltr'><strong>usque</strong></span> <span class='ocrx_word' id='word_1_695' title='bbox 2137 4527 2202 4580; x_wconf 92' lang='lat' dir='ltr'><strong>ad</strong></span> <span class='ocrx_word' id='word_1_696' title='bbox 2226 4525 2516 4579; x_wconf 90' lang='lat' dir='ltr'><strong>adventum</strong></span> <span class='ocrx_word' id='word_1_697' title='bbox 2551 4520 2848 4577; x_wconf 84' lang='lat' dir='ltr'><strong>Salvatoris</strong></span> <span class='ocrx_word' id='word_1_698' title='bbox 2879 4520 2932 4573; x_wconf 89' lang='lat' dir='ltr'><strong>in</strong></span> <span class='ocrx_word' id='word_1_699' title='bbox 2958 4532 3121 4572; x_wconf 89' lang='lat' dir='ltr'><strong>carne</strong></span> <span class='ocrx_word' id='word_1_700' title='bbox 3147 4534 3160 4569; x_wconf 87' lang='lat'><strong>:</strong></span> <span class='ocrx_word' id='word_1_701' title='bbox 3191 4523 3364 4579; x_wconf 76' lang='lat' dir='ltr'><strong>sexta,</strong></span> <span class='ocrx_word' id='word_1_702' title='bbox 3402 4529 3522 4582; x_wconf 61' lang='lat' dir='ltr'><strong>quae</strong></span> 
     </span>
    </p>
   </div>
   <div class='ocr_carea' id='block_1_91' title="bbox 1939 4605 3518 4687">
    <p class='ocr_par' dir='ltr' id='par_1_91' title="bbox 1939 4605 3518 4687">
     <span class='ocr_line' id='line_1_91' title="bbox 1939 4605 3518 4687; baseline -0.009 -15"><span class='ocrx_word' id='word_1_703' title='bbox 1939 4633 2084 4672; x_wconf 90' lang='lat' dir='ltr'><strong>nunc</strong></span> <span class='ocrx_word' id='word_1_704' title='bbox 2111 4618 2309 4687; x_wconf 83' lang='lat' dir='ltr'><strong>agitur,</strong></span> <span class='ocrx_word' id='word_1_705' title='bbox 2341 4629 2509 4684; x_wconf 90' lang='lat' dir='ltr'><strong>usque</strong></span> <span class='ocrx_word' id='word_1_706' title='bbox 2544 4629 2649 4683; x_wconf 91' lang='lat' dir='ltr'><strong>quo</strong></span> <span class='ocrx_word' id='word_1_707' title='bbox 2687 4611 2917 4666; x_wconf 88' lang='lat' dir='ltr'><strong>mundus</strong></span> <span class='ocrx_word' id='word_1_708' title='bbox 2972 4610 3073 4663; x_wconf 82' lang='lat' dir='ltr'><strong>iste</strong></span> <span class='ocrx_word' id='word_1_709' title='bbox 3132 4607 3370 4661; x_wconf 82' lang='lat' dir='ltr'><strong>ﬁniatur.</strong></span> <span class='ocrx_word' id='word_1_710' title='bbox 3428 4605 3518 4659; x_wconf 87' lang='lat' dir='ltr'><strong>Sie</strong></span> 
     </span>
    </p>
   </div>
   <div class='ocr_carea' id='block_1_92' title="bbox 233 4678 3518 4785">
    <p class='ocr_par' dir='ltr' id='par_1_92' title="bbox 233 4678 3518 4785">
     <span class='ocr_line' id='line_1_92' title="bbox 233 4678 3518 4785; baseline -0.01 0"><span class='ocrx_word' id='word_1_711' title='bbox 233 4719 401 4766; x_wconf 63' lang='grc' dir='ltr'>ιδιεω</span> <span class='ocrx_word' id='word_1_712' title='bbox 437 4712 622 4766; x_wconf 57' lang='lat' dir='ltr'><strong>“emt</strong></span> <span class='ocrx_word' id='word_1_713' title='bbox 651 4714 886 4772; x_wconf 35' lang='lat' dir='ltr'><strong>praise“</strong></span> <span class='ocrx_word' id='word_1_714' title='bbox 911 4694 1218 4785; x_wconf 60' lang='lat' dir='ltr'><strong>Signiﬁcam</strong></span> <span class='ocrx_word' id='word_1_715' title='bbox 1240 4701 1452 4785; x_wconf 65' lang='lat' dir='ltr'><strong>‘emPl‘S</strong></span> <span class='ocrx_word' id='word_1_716' title='bbox 1483 4707 1495 4743; x_wconf 77' lang='grc'><strong><em>⁵</em></strong></span> <span class='ocrx_word' id='word_1_717' title='bbox 1527 4689 1652 4758; x_wconf 54' lang='lat' dir='ltr'><strong>qum</strong></span> <span class='ocrx_word' id='word_1_718' title='bbox 1679 4703 1834 4742; x_wconf 72' lang='lat' dir='ltr'><strong>mun&#39;</strong></span> <span class='ocrx_word' id='word_1_719' title='bbox 1857 4678 1913 4738; x_wconf 72' lang='grc' dir='ltr'>Β</span> <span class='ocrx_word' id='word_1_720' title='bbox 1936 4730 2066 4785; x_wconf 87' lang='lat' dir='ltr'><strong>ergo</strong></span> <span class='ocrx_word' id='word_1_721' title='bbox 2096 4720 2273 4783; x_wconf 88' lang='lat' dir='ltr'><strong>potest</strong></span> <span class='ocrx_word' id='word_1_722' title='bbox 2301 4711 2483 4765; x_wconf 92' lang='lat' dir='ltr'><strong>mundi</strong></span> <span class='ocrx_word' id='word_1_723' title='bbox 2510 4678 2640 4762; x_wconf 64' lang='lat' dir='ltr'><strong>aetas</strong></span> <span class='ocrx_word' id='word_1_724' title='bbox 2666 4707 2732 4760; x_wconf 89' lang='lat' dir='ltr'><strong>ad</strong></span> <span class='ocrx_word' id='word_1_725' title='bbox 2784 4702 3187 4761; x_wconf 88' lang='lat' dir='ltr'><strong>similitudinem</strong></span> <span class='ocrx_word' id='word_1_726' title='bbox 3212 4700 3311 4754; x_wconf 58' lang='lat' dir='ltr'><strong>aevi</strong></span> <span class='ocrx_word' id='word_1_727' title='bbox 3344 4698 3518 4754; x_wconf 81' lang='lat' dir='ltr'><strong>homi-</strong></span> 
     </span>
    </p>
   </div>
   <div class='ocr_carea' id='block_1_93' title="bbox 235 4783 1835 4857">
    <p class='ocr_par' dir='ltr' id='par_1_93' title="bbox 235 4783 1835 4857">
     <span class='ocr_line' id='line_1_93' title="bbox 235 4783 1835 4857; baseline -0.016 0"><span class='ocrx_word' id='word_1_728' title='bbox 235 4800 333 4857; x_wconf 87' lang='lat' dir='ltr'><strong>dus</strong></span> <span class='ocrx_word' id='word_1_729' title='bbox 371 4812 472 4854; x_wconf 75' lang='lat' dir='ltr'><strong>sex</strong></span> <span class='ocrx_word' id='word_1_730' title='bbox 513 4794 710 4850; x_wconf 91' lang='lat' dir='ltr'><strong>diebus</strong></span> <span class='ocrx_word' id='word_1_731' title='bbox 743 4791 915 4846; x_wconf 83' lang='lat' dir='ltr'><strong>factus</strong></span> <span class='ocrx_word' id='word_1_732' title='bbox 945 4796 1046 4843; x_wconf 87' lang='lat' dir='ltr'><strong>est.</strong></span> <span class='ocrx_word' id='word_1_733' title='bbox 1073 4784 1328 4840; x_wconf 75' lang='lat' dir='ltr'><strong>Jubilaeus</strong></span> <span class='ocrx_word' id='word_1_734' title='bbox 1352 4783 1734 4851; x_wconf 86' lang='lat' dir='ltr'><strong>interpretatur</strong></span> <span class='ocrx_word' id='word_1_735' title='bbox 1755 4793 1835 4833; x_wconf 81' lang='lat' dir='ltr'><strong>re-</strong></span> 
     </span>
    </p>
   </div>
   <div class='ocr_carea' id='block_1_94' title="bbox 236 4874 1835 4952">
    <p class='ocr_par' dir='ltr' id='par_1_94' title="bbox 236 4874 1835 4952">
     <span class='ocr_line' id='line_1_94' title="bbox 236 4874 1835 4952; baseline -0.016 -5"><span class='ocrx_word' id='word_1_736' title='bbox 236 4890 741 4946; x_wconf 57' lang='lat' dir='ltr'><strong>missionismnnus,</strong></span> <span class='ocrx_word' id='word_1_737' title='bbox 786 4889 869 4935; x_wconf 89' lang='lat' dir='ltr'><strong>est</strong></span> <span class='ocrx_word' id='word_1_738' title='bbox 914 4879 1057 4933; x_wconf 91' lang='lat' dir='ltr'><strong>enim</strong></span> <span class='ocrx_word' id='word_1_739' title='bbox 1094 4874 1392 4952; x_wconf 86' lang='lat' dir='ltr'><strong>llebraicus</strong></span> <span class='ocrx_word' id='word_1_740' title='bbox 1421 4886 1623 4936; x_wconf 89' lang='lat' dir='ltr'><strong>sermo,</strong></span> <span class='ocrx_word' id='word_1_741' title='bbox 1652 4878 1707 4925; x_wconf 90' lang='lat' dir='ltr'><strong>et</strong></span> <span class='ocrx_word' id='word_1_742' title='bbox 1739 4885 1835 4923; x_wconf 81' lang='lat' dir='ltr'><strong>nu-</strong></span> 
     </span>
    </p>
   </div>
   <div class='ocr_carea' id='block_1_95' title="bbox 237 4959 1837 5047">
    <p class='ocr_par' dir='ltr' id='par_1_95' title="bbox 237 4959 1837 5047">
     <span class='ocr_line' id='line_1_95' title="bbox 237 4959 1837 5047; baseline -0.014 -11"><span class='ocrx_word' id='word_1_743' title='bbox 237 4995 441 5043; x_wconf 89' lang='lat' dir='ltr'><strong>merus,</strong></span> <span class='ocrx_word' id='word_1_744' title='bbox 471 4977 571 5047; x_wconf 91' lang='lat' dir='ltr'><strong>qui</strong></span> <span class='ocrx_word' id='word_1_745' title='bbox 621 4971 1146 5043; x_wconf 70' lang='lat' dir='ltr'><strong>septenisannorum</strong></span> <span class='ocrx_word' id='word_1_746' title='bbox 1191 4961 1634 5025; x_wconf 91' lang='lat' dir='ltr'><strong>hebdomadibus,</strong></span> <span class='ocrx_word' id='word_1_747' title='bbox 1663 4959 1714 5014; x_wconf 92' lang='lat' dir='ltr'><strong>id</strong></span> <span class='ocrx_word' id='word_1_748' title='bbox 1753 4967 1837 5014; x_wconf 91' lang='lat' dir='ltr'><strong>est</strong></span> 
     </span>
    </p>
   </div>
   <div class='ocr_carea' id='block_1_96' title="bbox 239 5051 1837 5125">
    <p class='ocr_par' dir='ltr' id='par_1_96' title="bbox 239 5051 1837 5125">
     <span class='ocr_line' id='line_1_96' title="bbox 239 5051 1837 5125; baseline -0.013 0"><span class='ocrx_word' id='word_1_749' title='bbox 239 5086 360 5125; x_wconf 66' lang='grc' dir='ltr'><strong>χιιι</strong></span> <span class='ocrx_word' id='word_1_750' title='bbox 413 5067 580 5122; x_wconf 89' lang='lat' dir='ltr'><strong>annis</strong></span> <span class='ocrx_word' id='word_1_751' title='bbox 626 5063 848 5125; x_wconf 80' lang='lat' dir='ltr'><strong>texitur,</strong></span> <span class='ocrx_word' id='word_1_752' title='bbox 881 5060 934 5114; x_wconf 88' lang='lat' dir='ltr'><strong>in</strong></span> <span class='ocrx_word' id='word_1_753' title='bbox 990 5072 1097 5125; x_wconf 89' lang='lat' dir='ltr'><strong>quo</strong></span> <span class='ocrx_word' id='word_1_754' title='bbox 1152 5053 1538 5125; x_wconf 88' lang='lat' dir='ltr'><strong>clangebantur</strong></span> <span class='ocrx_word' id='word_1_755' title='bbox 1592 5051 1751 5116; x_wconf 67' lang='lat' dir='ltr'><strong>tubae,</strong></span> <span class='ocrx_word' id='word_1_756' title='bbox 1783 5058 1837 5105; x_wconf 89' lang='lat' dir='ltr'><strong>et</strong></span> 
     </span>
    </p>
   </div>
   <div class='ocr_carea' id='block_1_97' title="bbox 241 5136 1832 5215">
    <p class='ocr_par' dir='ltr' id='par_1_97' title="bbox 241 5136 1832 5215">
     <span class='ocr_line' id='line_1_97' title="bbox 241 5136 1832 5215; baseline -0.011 -2"><span class='ocrx_word' id='word_1_757' title='bbox 241 5160 306 5213; x_wconf 87' lang='lat' dir='ltr'><strong>ad</strong></span> <span class='ocrx_word' id='word_1_758' title='bbox 327 5172 525 5212; x_wconf 87' lang='lat' dir='ltr'><strong>omnes</strong></span> <span class='ocrx_word' id='word_1_759' title='bbox 566 5152 936 5208; x_wconf 88' lang='lat' dir='ltr'><strong>revertebatur</strong></span> <span class='ocrx_word' id='word_1_760' title='bbox 965 5147 1186 5215; x_wconf 91' lang='lat' dir='ltr'><strong>antiqua</strong></span> <span class='ocrx_word' id='word_1_761' title='bbox 1221 5142 1512 5212; x_wconf 90' lang='lat' dir='ltr'><strong>possessio,</strong></span> <span class='ocrx_word' id='word_1_762' title='bbox 1532 5136 1711 5195; x_wconf 83' lang='lat' dir='ltr'><strong>debita</strong></span> <span class='ocrx_word' id='word_1_763' title='bbox 1739 5141 1832 5195; x_wconf 89' lang='lat' dir='ltr'><strong>ab-</strong></span> 
     </span>
    </p>
   </div>
   <div class='ocr_carea' id='block_1_98' title="bbox 242 5231 1829 5309">
    <p class='ocr_par' dir='ltr' id='par_1_98' title="bbox 242 5231 1829 5309">
     <span class='ocr_line' id='line_1_98' title="bbox 242 5231 1829 5309; baseline -0.013 -4"><span class='ocrx_word' id='word_1_764' title='bbox 242 5249 620 5309; x_wconf 84' lang='lat' dir='ltr'><strong>solvehantur,</strong></span> <span class='ocrx_word' id='word_1_765' title='bbox 647 5240 1105 5297; x_wconf 80' lang='lat' dir='ltr'><strong>conﬁrmabantur</strong></span> <span class='ocrx_word' id='word_1_766' title='bbox 1133 5234 1430 5288; x_wconf 83' lang='lat' dir='ltr'><strong>libertates.</strong></span> <span class='ocrx_word' id='word_1_767' title='bbox 1465 5231 1620 5286; x_wconf 83' lang='lat' dir='ltr'><strong>Hunc</strong></span> <span class='ocrx_word' id='word_1_768' title='bbox 1641 5247 1829 5287; x_wconf 90' lang='lat' dir='ltr'><strong>nume-</strong></span> 
     </span>
    </p>
   </div>
   <div class='ocr_carea' id='block_1_99' title="bbox 244 5325 1833 5396">
    <p class='ocr_par' dir='ltr' id='par_1_99' title="bbox 244 5325 1833 5396">
     <span class='ocr_line' id='line_1_99' title="bbox 244 5325 1833 5396; baseline -0.011 1"><span class='ocrx_word' id='word_1_769' title='bbox 244 5357 363 5396; x_wconf 88' lang='lat' dir='ltr'><strong>rum</strong></span> <span class='ocrx_word' id='word_1_770' title='bbox 392 5338 566 5395; x_wconf 88' lang='lat' dir='ltr'><strong>etiam</strong></span> <span class='ocrx_word' id='word_1_771' title='bbox 610 5335 667 5390; x_wconf 88' lang='lat' dir='ltr'><strong>in</strong></span> <span class='ocrx_word' id='word_1_772' title='bbox 695 5332 880 5388; x_wconf 88' lang='lat' dir='ltr'><strong>diebus</strong></span> <span class='ocrx_word' id='word_1_773' title='bbox 899 5329 1243 5385; x_wconf 86' lang='lat' dir='ltr'><strong>Pentecostes</strong></span> <span class='ocrx_word' id='word_1_774' title='bbox 1271 5333 1326 5379; x_wconf 89' lang='lat' dir='ltr'><strong>et</strong></span> <span class='ocrx_word' id='word_1_775' title='bbox 1369 5325 1468 5395; x_wconf 89' lang='lat' dir='ltr'><strong>ipsi</strong></span> <span class='ocrx_word' id='word_1_776' title='bbox 1501 5325 1833 5380; x_wconf 85' lang='lat' dir='ltr'><strong>celebramus</strong></span> 
     </span>
    </p>
   </div>
   <div class='ocr_carea' id='block_1_100' title="bbox 246 5413 1832 5502">
    <p class='ocr_par' dir='ltr' id='par_1_100' title="bbox 246 5413 1832 5502">
     <span class='ocr_line' id='line_1_100' title="bbox 246 5413 1832 5502; baseline -0.023 -13"><span class='ocrx_word' id='word_1_777' title='bbox 246 5441 366 5502; x_wconf 87' lang='lat' dir='ltr'><strong>post</strong></span> <span class='ocrx_word' id='word_1_778' title='bbox 412 5426 634 5486; x_wconf 89' lang='lat' dir='ltr'><strong>Domini</strong></span> <span class='ocrx_word' id='word_1_779' title='bbox 673 5421 1144 5484; x_wconf 86' lang='lat' dir='ltr'><strong>resurrectionem,</strong></span> <span class='ocrx_word' id='word_1_780' title='bbox 1174 5415 1397 5470; x_wconf 87' lang='lat' dir='ltr'><strong>remissa</strong></span> <span class='ocrx_word' id='word_1_781' title='bbox 1437 5413 1611 5482; x_wconf 89' lang='lat' dir='ltr'><strong>culpa,</strong></span> <span class='ocrx_word' id='word_1_782' title='bbox 1645 5422 1699 5467; x_wconf 93' lang='lat' dir='ltr'><strong>et</strong></span> <span class='ocrx_word' id='word_1_783' title='bbox 1747 5422 1832 5467; x_wconf 86' lang='lat' dir='ltr'><strong>to.</strong></span> 
     </span>
    </p>
   </div>
   <div class='ocr_carea' id='block_1_101' title="bbox 248 5501 1832 5584">
    <p class='ocr_par' dir='ltr' id='par_1_101' title="bbox 248 5501 1832 5584">
     <span class='ocr_line' id='line_1_101' title="bbox 248 5501 1832 5584; baseline -0.012 -9"><span class='ocrx_word' id='word_1_784' title='bbox 248 5501 351 5575; x_wconf 85' lang='lat' dir='ltr'><strong>tius</strong></span> <span class='ocrx_word' id='word_1_785' title='bbox 371 5519 543 5574; x_wconf 87' lang='lat' dir='ltr'><strong>debiti</strong></span> <span class='ocrx_word' id='word_1_786' title='bbox 583 5511 937 5584; x_wconf 87' lang='lat' dir='ltr'><strong>chirographo</strong></span> <span class='ocrx_word' id='word_1_787' title='bbox 982 5515 1262 5572; x_wconf 89' lang='lat' dir='ltr'><strong>evacuato,</strong></span> <span class='ocrx_word' id='word_1_788' title='bbox 1289 5506 1356 5559; x_wconf 91' lang='lat' dir='ltr'><strong>ab</strong></span> <span class='ocrx_word' id='word_1_789' title='bbox 1383 5502 1528 5558; x_wconf 87' lang='lat' dir='ltr'><strong>omni</strong></span> <span class='ocrx_word' id='word_1_790' title='bbox 1579 5514 1719 5555; x_wconf 83' lang='lat' dir='ltr'><strong>nexu</strong></span> <span class='ocrx_word' id='word_1_791' title='bbox 1765 5501 1832 5556; x_wconf 92' lang='lat' dir='ltr'><strong>li-</strong></span> 
     </span>
    </p>
   </div>
   <div class='ocr_carea' id='block_1_102' title="bbox 247 5594 1838 5679">
    <p class='ocr_par' dir='ltr' id='par_1_102' title="bbox 247 5594 1838 5679">
     <span class='ocr_line' id='line_1_102' title="bbox 247 5594 1838 5679; baseline -0.012 -12"><span class='ocrx_word' id='word_1_792' title='bbox 247 5610 383 5676; x_wconf 88' lang='lat' dir='ltr'><strong>beri,</strong></span> <span class='ocrx_word' id='word_1_793' title='bbox 415 5609 785 5679; x_wconf 84' lang='lat' dir='ltr'><strong>suscipientes</strong></span> <span class='ocrx_word' id='word_1_794' title='bbox 807 5603 1177 5660; x_wconf 89' lang='lat' dir='ltr'><strong>advenientem</strong></span> <span class='ocrx_word' id='word_1_795' title='bbox 1219 5602 1272 5654; x_wconf 88' lang='lat' dir='ltr'><strong>in</strong></span> <span class='ocrx_word' id='word_1_796' title='bbox 1322 5613 1420 5654; x_wconf 89' lang='lat' dir='ltr'><strong>nos</strong></span> <span class='ocrx_word' id='word_1_797' title='bbox 1465 5595 1693 5667; x_wconf 83' lang='lat' dir='ltr'><strong>gratiam</strong></span> <span class='ocrx_word' id='word_1_798' title='bbox 1723 5594 1838 5651; x_wconf 88' lang='lat' dir='ltr'><strong>Sui-</strong></span> 
     </span>
    </p>
   </div>
   <div class='ocr_carea' id='block_1_103' title="bbox 251 5705 629 5764">
    <p class='ocr_par' dir='ltr' id='par_1_103' title="bbox 251 5705 629 5764">
     <span class='ocr_line' id='line_1_103' title="bbox 251 5705 629 5764; baseline -0.019 1"><span class='ocrx_word' id='word_1_799' title='bbox 251 5705 387 5764; x_wconf 80' lang='lat' dir='ltr'><strong>rltns</strong></span> <span class='ocrx_word' id='word_1_800' title='bbox 422 5705 629 5762; x_wconf 83' lang='lat' dir='ltr'><strong>sancti.</strong></span> 
     </span>
    </p>
   </div>
   <div class='ocr_carea' id='block_1_104' title="bbox 934 5839 1165 5855">
    <p class='ocr_par' dir='ltr' id='par_1_104' title="bbox 934 5839 1165 5855">
     <span class='ocr_line' id='line_1_104' title="bbox 934 5839 1165 5855; baseline -0.022 0"><span class='ocrx_word' id='word_1_801' title='bbox 934 5839 1165 5855; x_wconf 45' lang='lat' dir='ltr'><strong>ﬂ</strong></span> 
     </span>
    </p>
   </div>
   <div class='ocr_carea' id='block_1_105' title="bbox 1937 4800 2365 4870">
    <p class='ocr_par' dir='ltr' id='par_1_105' title="bbox 1937 4800 2365 4870">
     <span class='ocr_line' id='line_1_105' title="bbox 1937 4800 2365 4870; baseline -0.016 -10"><span class='ocrx_word' id='word_1_802' title='bbox 1937 4805 2023 4860; x_wconf 90' lang='lat' dir='ltr'><strong>nis</strong></span> <span class='ocrx_word' id='word_1_803' title='bbox 2047 4800 2365 4870; x_wconf 88' lang='lat' dir='ltr'><strong>comparari.</strong></span> 
     </span>
    </p>
   </div>
   <div class='ocr_carea' id='block_1_106' title="bbox 2519 4884 2924 4944">
    <p class='ocr_par' dir='ltr' id='par_1_106' title="bbox 2519 4884 2924 4944">
     <span class='ocr_line' id='line_1_106' title="bbox 2519 4884 2924 4944; baseline -0.02 1"><span class='ocrx_word' id='word_1_804' title='bbox 2519 4886 2746 4944; x_wconf 86' lang='lat' dir='ltr'><strong>CAPUT</strong></span> <span class='ocrx_word' id='word_1_805' title='bbox 2788 4884 2924 4939; x_wconf 78' lang='lat' dir='ltr'><strong>XIV.</strong></span> 
     </span>
    </p>
   </div>
   <div class='ocr_carea' id='block_1_107' title="bbox 2370 4973 3076 5032">
    <p class='ocr_par' dir='ltr' id='par_1_107' title="bbox 2370 4973 3076 5032">
     <span class='ocr_line' id='line_1_107' title="bbox 2370 4973 3076 5032; baseline -0.006 0"><span class='ocrx_word' id='word_1_806' title='bbox 2370 4979 2446 5032; x_wconf 86' lang='lat' dir='ltr'><strong>De</strong></span> <span class='ocrx_word' id='word_1_807' title='bbox 2483 4993 2573 5032; x_wconf 79' lang='lat' dir='ltr'><strong>sea:</strong></span> <span class='ocrx_word' id='word_1_808' title='bbox 2611 4975 2851 5031; x_wconf 73' lang='lat' dir='ltr'><strong>aetatibus</strong></span> <span class='ocrx_word' id='word_1_809' title='bbox 2877 4973 3076 5029; x_wconf 64' lang='lat' dir='ltr'><strong>saeculi.</strong></span> 
     </span>
    </p>
   </div>
   <div class='ocr_carea' id='block_1_108' title="bbox 2011 5063 3519 5139">
    <p class='ocr_par' dir='ltr' id='par_1_108' title="bbox 2011 5063 3519 5139">
     <span class='ocr_line' id='line_1_108' title="bbox 2011 5063 3519 5139; baseline -0.008 -11"><span class='ocrx_word' id='word_1_810' title='bbox 2011 5074 2086 5128; x_wconf 89' lang='lat' dir='ltr'><strong>De</strong></span> <span class='ocrx_word' id='word_1_811' title='bbox 2119 5088 2215 5128; x_wconf 81' lang='lat' dir='ltr'><strong>sex</strong></span> <span class='ocrx_word' id='word_1_812' title='bbox 2245 5071 2400 5139; x_wconf 74' lang='lat' dir='ltr'><strong>hujus</strong></span> <span class='ocrx_word' id='word_1_813' title='bbox 2423 5069 2606 5124; x_wconf 90' lang='lat' dir='ltr'><strong>mundi</strong></span> <span class='ocrx_word' id='word_1_814' title='bbox 2625 5067 2875 5122; x_wconf 69' lang='lat' dir='ltr'><strong>aetatibus</strong></span> <span class='ocrx_word' id='word_1_815' title='bbox 2900 5082 2932 5121; x_wconf 89' lang='lat' dir='ltr'><strong>a</strong></span> <span class='ocrx_word' id='word_1_816' title='bbox 2966 5065 3197 5135; x_wconf 87' lang='lat' dir='ltr'><strong>septima</strong></span> <span class='ocrx_word' id='word_1_817' title='bbox 3222 5063 3308 5117; x_wconf 87' lang='lat' dir='ltr'><strong>vel</strong></span> <span class='ocrx_word' id='word_1_818' title='bbox 3330 5071 3519 5118; x_wconf 89' lang='lat' dir='ltr'><strong>octava</strong></span> 
     </span>
    </p>
   </div>
   <div class='ocr_carea' id='block_1_109' title="bbox 1936 5154 3521 5234">
    <p class='ocr_par' dir='ltr' id='par_1_109' title="bbox 1936 5154 3521 5234">
     <span class='ocr_line' id='line_1_109' title="bbox 1936 5154 3521 5234; baseline -0.008 -16"><span class='ocrx_word' id='word_1_819' title='bbox 1936 5163 2133 5234; x_wconf 89' lang='lat' dir='ltr'><strong>quietis</strong></span> <span class='ocrx_word' id='word_1_820' title='bbox 2171 5162 2402 5230; x_wconf 76' lang='lat' dir='ltr'><strong>vitaeque</strong></span> <span class='ocrx_word' id='word_1_821' title='bbox 2429 5159 2663 5215; x_wconf 70' lang='lat' dir='ltr'><strong>cmlestis</strong></span> <span class='ocrx_word' id='word_1_822' title='bbox 2697 5167 2754 5213; x_wconf 92' lang='lat' dir='ltr'><strong>et</strong></span> <span class='ocrx_word' id='word_1_823' title='bbox 2802 5172 2966 5227; x_wconf 90' lang='lat' dir='ltr'><strong>supra</strong></span> <span class='ocrx_word' id='word_1_824' title='bbox 3017 5156 3073 5210; x_wconf 91' lang='lat' dir='ltr'><strong>in</strong></span> <span class='ocrx_word' id='word_1_825' title='bbox 3117 5154 3521 5223; x_wconf 88' lang='lat' dir='ltr'><strong>comparatione</strong></span> 
     </span>
    </p>
   </div>
   <div class='ocr_carea' id='block_1_110' title="bbox 1937 5248 3517 5327">
    <p class='ocr_par' dir='ltr' id='par_1_110' title="bbox 1937 5248 3517 5327">
     <span class='ocr_line' id='line_1_110' title="bbox 1937 5248 3517 5327; baseline -0.008 -16"><span class='ocrx_word' id='word_1_826' title='bbox 1937 5257 2123 5327; x_wconf 66' lang='lat' dir='ltr'><strong>prima:</strong></span> <span class='ocrx_word' id='word_1_827' title='bbox 2154 5252 2502 5309; x_wconf 86' lang='lat' dir='ltr'><strong>hebdomadis</strong></span> <span class='ocrx_word' id='word_1_828' title='bbox 2530 5292 2544 5317; x_wconf 97' lang='lat'><strong>,</strong></span> <span class='ocrx_word' id='word_1_829' title='bbox 2598 5251 2654 5305; x_wconf 93' lang='lat' dir='ltr'><strong>in</strong></span> <span class='ocrx_word' id='word_1_830' title='bbox 2703 5265 2810 5319; x_wconf 87' lang='lat' dir='ltr'><strong>qua</strong></span> <span class='ocrx_word' id='word_1_831' title='bbox 2857 5248 3092 5303; x_wconf 90' lang='lat' dir='ltr'><strong>mundus</strong></span> <span class='ocrx_word' id='word_1_832' title='bbox 3148 5253 3372 5301; x_wconf 87' lang='lat' dir='ltr'><strong>ornatus</strong></span> <span class='ocrx_word' id='word_1_833' title='bbox 3415 5255 3517 5308; x_wconf 87' lang='lat' dir='ltr'><strong>est,</strong></span> 
     </span>
    </p>
   </div>
   <div class='ocr_carea' id='block_1_111' title="bbox 1939 5335 3520 5414">
    <p class='ocr_par' dir='ltr' id='par_1_111' title="bbox 1939 5335 3520 5414">
     <span class='ocr_line' id='line_1_111' title="bbox 1939 5335 3520 5414; baseline -0.008 -16"><span class='ocrx_word' id='word_1_834' title='bbox 1939 5344 2217 5414; x_wconf 89' lang='lat' dir='ltr'><strong>aliquanta</strong></span> <span class='ocrx_word' id='word_1_835' title='bbox 2243 5341 2692 5412; x_wconf 70' lang='lat' dir='ltr'><strong>perstrinximus:</strong></span> <span class='ocrx_word' id='word_1_836' title='bbox 2733 5347 2788 5392; x_wconf 90' lang='lat' dir='ltr'><strong>et</strong></span> <span class='ocrx_word' id='word_1_837' title='bbox 2839 5351 2983 5392; x_wconf 93' lang='lat' dir='ltr'><strong>nunc</strong></span> <span class='ocrx_word' id='word_1_838' title='bbox 3036 5338 3088 5390; x_wconf 92' lang='lat' dir='ltr'><strong>in</strong></span> <span class='ocrx_word' id='word_1_839' title='bbox 3116 5335 3520 5404; x_wconf 86' lang='lat' dir='ltr'><strong>comparatione</strong></span> 
     </span>
    </p>
   </div>
   <div class='ocr_carea' id='block_1_112' title="bbox 1938 5424 3521 5500">
    <p class='ocr_par' dir='ltr' id='par_1_112' title="bbox 1938 5424 3521 5500">
     <span class='ocr_line' id='line_1_112' title="bbox 1938 5424 3521 5500; baseline -0.009 -9"><span class='ocrx_word' id='word_1_840' title='bbox 1938 5436 2038 5492; x_wconf 54' lang='lat' dir='ltr'><strong>arvi</strong></span> <span class='ocrx_word' id='word_1_841' title='bbox 2071 5435 2230 5490; x_wconf 90' lang='lat' dir='ltr'><strong>unius</strong></span> <span class='ocrx_word' id='word_1_842' title='bbox 2275 5432 2525 5495; x_wconf 90' lang='lat' dir='ltr'><strong>hominis,</strong></span> <span class='ocrx_word' id='word_1_843' title='bbox 2557 5431 2648 5500; x_wconf 90' lang='lat' dir='ltr'><strong>qui</strong></span> <span class='ocrx_word' id='word_1_844' title='bbox 2691 5431 3057 5483; x_wconf 88' lang='lat' dir='ltr'><strong>microcosmos</strong></span> <span class='ocrx_word' id='word_1_845' title='bbox 3080 5426 3265 5482; x_wconf 70' lang='lat' dir='ltr'><strong>Graece</strong></span> <span class='ocrx_word' id='word_1_846' title='bbox 3292 5442 3323 5478; x_wconf 89' lang='lat' dir='ltr'><strong>a</strong></span> <span class='ocrx_word' id='word_1_847' title='bbox 3347 5424 3521 5494; x_wconf 79' lang='lat' dir='ltr'><strong>philo—</strong></span> 
     </span>
    </p>
   </div>
   <div class='ocr_carea' id='block_1_113' title="bbox 1941 5514 3522 5598">
    <p class='ocr_par' dir='ltr' id='par_1_113' title="bbox 1941 5514 3522 5598">
     <span class='ocr_line' id='line_1_113' title="bbox 1941 5514 3522 5598; baseline -0.011 -14"><span class='ocrx_word' id='word_1_848' title='bbox 1941 5529 2145 5598; x_wconf 90' lang='lat' dir='ltr'><strong>sophis,</strong></span> <span class='ocrx_word' id='word_1_849' title='bbox 2172 5527 2272 5580; x_wconf 94' lang='lat' dir='ltr'><strong>hoc</strong></span> <span class='ocrx_word' id='word_1_850' title='bbox 2307 5532 2408 5588; x_wconf 92' lang='lat' dir='ltr'><strong>est,</strong></span> <span class='ocrx_word' id='word_1_851' title='bbox 2441 5524 2612 5576; x_wconf 82' lang='lat' dir='ltr'><strong>minor</strong></span> <span class='ocrx_word' id='word_1_852' title='bbox 2659 5521 2884 5574; x_wconf 83' lang='lat' dir='ltr'><strong>mundus</strong></span> <span class='ocrx_word' id='word_1_853' title='bbox 2925 5519 3059 5574; x_wconf 90' lang='lat' dir='ltr'><strong>solet</strong></span> <span class='ocrx_word' id='word_1_854' title='bbox 3106 5516 3424 5585; x_wconf 88' lang='lat' dir='ltr'><strong>nuncupari,</strong></span> <span class='ocrx_word' id='word_1_855' title='bbox 3456 5514 3522 5567; x_wconf 90' lang='lat' dir='ltr'><strong>de</strong></span> 
     </span>
    </p>
   </div>
   <div class='ocr_carea' id='block_1_114' title="bbox 1940 5609 3518 5684">
    <p class='ocr_par' dir='ltr' id='par_1_114' title="bbox 1940 5609 3518 5684">
     <span class='ocr_line' id='line_1_114' title="bbox 1940 5609 3518 5684; baseline -0.009 -11"><span class='ocrx_word' id='word_1_856' title='bbox 1940 5619 2144 5674; x_wconf 91' lang='lat' dir='ltr'><strong>eisdem</strong></span> <span class='ocrx_word' id='word_1_857' title='bbox 2179 5617 2453 5684; x_wconf 90' lang='lat' dir='ltr'><strong>aliquanto</strong></span> <span class='ocrx_word' id='word_1_858' title='bbox 2507 5615 2662 5667; x_wconf 90' lang='lat' dir='ltr'><strong>latius</strong></span> <span class='ocrx_word' id='word_1_859' title='bbox 2689 5625 3038 5681; x_wconf 80' lang='lat' dir='ltr'><strong>exponemus.</strong></span> <span class='ocrx_word' id='word_1_860' title='bbox 3069 5609 3249 5663; x_wconf 88' lang='lat' dir='ltr'><strong>Prima</strong></span> <span class='ocrx_word' id='word_1_861' title='bbox 3280 5618 3363 5662; x_wconf 91' lang='lat' dir='ltr'><strong>est</strong></span> <span class='ocrx_word' id='word_1_862' title='bbox 3389 5621 3518 5674; x_wconf 89' lang='lat' dir='ltr'><strong>ergo</strong></span> 
     </span>
    </p>
   </div>
   <div class='ocr_carea' id='block_1_115' title="bbox 1942 5695 3520 5772">
    <p class='ocr_par' dir='ltr' id='par_1_115' title="bbox 1942 5695 3520 5772">
     <span class='ocr_line' id='line_1_115' title="bbox 1942 5695 3520 5772; baseline -0.01 -10"><span class='ocrx_word' id='word_1_863' title='bbox 1942 5707 2128 5763; x_wconf 87' lang='lat' dir='ltr'><strong>mundi</strong></span> <span class='ocrx_word' id='word_1_864' title='bbox 2159 5705 2316 5772; x_wconf 90' lang='lat' dir='ltr'><strong>hujus</strong></span> <span class='ocrx_word' id='word_1_865' title='bbox 2342 5713 2472 5758; x_wconf 68' lang='lat' dir='ltr'><strong>anas</strong></span> <span class='ocrx_word' id='word_1_866' title='bbox 2508 5702 2576 5755; x_wconf 88' lang='lat' dir='ltr'><strong>ab</strong></span> <span class='ocrx_word' id='word_1_867' title='bbox 2602 5701 2774 5755; x_wconf 86' lang='lat' dir='ltr'><strong>Adam</strong></span> <span class='ocrx_word' id='word_1_868' title='bbox 2802 5715 2970 5769; x_wconf 91' lang='lat' dir='ltr'><strong>usque</strong></span> <span class='ocrx_word' id='word_1_869' title='bbox 3001 5701 3067 5753; x_wconf 90' lang='lat' dir='ltr'><strong>ad</strong></span> <span class='ocrx_word' id='word_1_870' title='bbox 3084 5698 3213 5759; x_wconf 80' lang='lat' dir='ltr'><strong>Noe,</strong></span> <span class='ocrx_word' id='word_1_871' title='bbox 3239 5695 3520 5750; x_wconf 88' lang='lat' dir='ltr'><strong>continens</strong></span> 
     </span>
    </p>
   </div>
   <div class='ocr_carea' id='block_1_116' title="bbox 1939 5786 3519 5862">
    <p class='ocr_par' dir='ltr' id='par_1_116' title="bbox 1939 5786 3519 5862">
     <span class='ocr_line' id='line_1_116' title="bbox 1939 5786 3519 5862; baseline -0.009 -13"><span class='ocrx_word' id='word_1_872' title='bbox 1939 5810 2129 5858; x_wconf 90' lang='lat' dir='ltr'><strong>annos,</strong></span> <span class='ocrx_word' id='word_1_873' title='bbox 2161 5795 2314 5862; x_wconf 78' lang='lat' dir='ltr'><strong>juxta</strong></span> <span class='ocrx_word' id='word_1_874' title='bbox 2343 5790 2660 5845; x_wconf 84' lang='lat' dir='ltr'><strong>Hebraicam</strong></span> <span class='ocrx_word' id='word_1_875' title='bbox 2694 5790 3006 5852; x_wconf 87' lang='lat' dir='ltr'><strong>veritatem,</strong></span> <span class='ocrx_word' id='word_1_876' title='bbox 3048 5786 3192 5840; x_wconf 89' lang='lat' dir='ltr'><strong>mille</strong></span> <span class='ocrx_word' id='word_1_877' title='bbox 3233 5791 3519 5839; x_wconf 81' lang='lat' dir='ltr'><strong>sexcentos</strong></span> 
     </span>
    </p>
   </div>
   <div class='ocr_carea' id='block_1_117' title="bbox 1944 5880 3520 5955">
    <p class='ocr_par' dir='ltr' id='par_1_117' title="bbox 1944 5880 3520 5955">
     <span class='ocr_line' id='line_1_117' title="bbox 1944 5880 3520 5955; baseline -0.011 -16"><span class='ocrx_word' id='word_1_878' title='bbox 1944 5885 2328 5955; x_wconf 73' lang='lat' dir='ltr'><strong>quinquaginta</strong></span> <span class='ocrx_word' id='word_1_879' title='bbox 2367 5898 2461 5948; x_wconf 86' lang='lat' dir='ltr'><strong>vn,</strong></span> <span class='ocrx_word' id='word_1_880' title='bbox 2509 5885 2657 5952; x_wconf 85' lang='lat' dir='ltr'><strong>juxta</strong></span> <span class='ocrx_word' id='word_1_881' title='bbox 2688 5880 2828 5934; x_wconf 83' lang='lat' dir='ltr'><strong>LXX</strong></span> <span class='ocrx_word' id='word_1_882' title='bbox 2882 5882 3226 5946; x_wconf 82' lang='lat' dir='ltr'><strong>interpretes,</strong></span> <span class='ocrx_word' id='word_1_883' title='bbox 3274 5889 3436 5936; x_wconf 75' lang='lat' dir='ltr'><strong>nucc,</strong></span> <span class='ocrx_word' id='word_1_884' title='bbox 3465 5881 3520 5922; x_wconf 86' lang='lat' dir='ltr'><strong>et</strong></span> 
     </span>
    </p>
   </div>
  </div>
