3930 6368
404 450 507 507 507

1066 446 1126 502 Β.
1169 443 1425 503 RABANI
1463 445 1686 511 MAUR!
1722 446 2048 508 ARCHIEP.
2091 448 2405 517 MOGUNT.
2446 450 2732 513 OPERUM
2770 452 2951 511 PARS
2985 454 3049 511 ll.

3583 460 3685 519 508

403 565 950 637 ntugenerationes,
968 564 1123 634 juxta
1140 564 1752 637 utramque'editionem,
1770 580 1997 622 numero
2023 576 2077 637 Α
2100 569 2187 625 cio
2216 570 2388 643 magis
2420 571 2667 641 apparuit
2695 570 3000 633 adorandus
3046 590 3058 625 :
3088 573 3230 642 quod
3250 572 3351 631 fuit
3382 574 3553 647 ﬁgura
3577 568 3687 650 pri-

404 660 595 715 decem
625 678 636 713 :
667 675 788 730 qua
818 658 1110 715 universali
1154 666 1239 714 est
1261 658 1437 714 deleta
1466 659 1690 727 diluvio,
1716 659 1856 715 sicut
1882 659 1993 729 pri-

403 766 552 808 mam
585 752 847 823 cujusque
888 749 1125 815 hominis
1144 748 1345 806 oblivio
1377 750 1691 825 demergere
1715 749 1995 808 consuevit

403 851 641 900 atatem.
676 842 882 911 Quotus
911 842 1058 899 enim
1096 840 1329 913 quisque
1353 847 1457 910 est,
1482 843 1576 915 qui
1625 858 1779 899 suam
1806 856 1991 898 recor-

404 936 561 991 detur
619 935 945 991 infantiam?
1003 933 1250 990 Secunda
1288 943 1420 990 atas
1476 951 1507 989 a
1547 935 1661 991 Noe
1704 950 1876 1007 usque
1927 934 1996 990 ad

401 1028 709 1094 Abraham,
739 1027 1115 1099 generationes
1159 1025 1311 1096 juxta
1346 1026 1667 1082 Hebraicam
1697 1026 1993 1083 auctorita-

400 1128 513 1177 tem
559 1121 838 1192 complexa
876 1121 1096 1187 decem,
1153 1135 1322 1181 annos
1378 1128 1557 1178 autem
1604 1137 1802 1187 CCXXII,
1832 1135 1995 1192 porro

395 1211 553 1284 juxta
582 1212 911 1282 interpretes
935 1212 1060 1266 anni
1091 1211 1239 1269 mille
1267 1224 1437 1278 Lxxtt,
1466 1214 1844 1285 generationes
1866 1230 1995 1270 vero

400 1321 479 1361 ιι.
512 1305 637 1359 Hac
677 1304 829 1374 quasi
880 1302 1114 1373 pueritia
1168 1302 1268 1363 fuit
1303 1305 1517 1376 generis
1569 1304 1751 1375 populi
1798 1304 1915 1371 Dei,
1943 1314 1998 1360 et

400 1398 523 1453 ideo
554 1398 606 1450 in
634 1396 813 1468 lingua
842 1396 1063 1473 inventa
1092 1404 1196 1461 est,
1224 1397 1278 1451 id
1307 1406 1408 1461 est,
1428 1395 1671 1451 llebraa.
1698 1397 1743 1451 A
1764 1399 1996 1469 pueritia

400 1507 636 1564 namque
667 1492 829 1546 homo
885 1491 1079 1563 incipit
1108 1506 1270 1546 nosse
1322 1491 1470 1560 loqui
1514 1499 1639 1560 post
1690 1491 1995 1560 infantiam,

400 1600 522 1657 qua
542 1584 671 1639 hinc
692 1582 959 1654 appellata
980 1590 1083 1647 est,
1112 1581 1257 1653 quod
1287 1581 1389 1636 fari
1434 1598 1544 1637 non
1568 1590 1763 1653 potest.
1814 1581 1995 1646 Tertia

401 1661 470 1731 ab
508 1676 784 1730 Abraham
840 1688 1013 1743 usque
1058 1672 1127 1727 ad
1157 1672 1358 1739 David,
1414 1674 1789 1743 generationes
1839 1672 1995 1741 juxta

397 1777 689 1839 utramque
736 1768 1117 1823 auctoritatem
1174 1782 1287 1832 x1v,
1330 1782 1501 1822 annos
1542 1780 1673 1820 vero
1717 1781 1995 1821 nccccxut

398 1861 782 1931 complectens.
832 1857 960 1915 Haec
1003 1857 1248 1935 quadam
1296 1855 1444 1911 velut
1481 1855 1844 1911 adolescentia
1893 1857 1996 1913 fuit

2095 663 2263 718 mitia
2315 662 2649 718 credentium
2716 663 2975 735 gentium.
3050 662 3168 731 Quo
3216 665 3302 721 die
3349 666 3686 726 Dominicum

2096 752 2444 822 Baptismatis
2469 751 2883 809 Sacramentum
2907 761 2961 809 et
2984 763 3301 828 permutata
3340 774 3494 828 aqua
3522 760 3577 815 in
3604 761 3685 818 vi-

2097 860 2225 899 num
2255 844 2524 901 factorum
2554 861 2652 916 per
2680 845 2967 902 Dominum
2996 847 3273 918 signorum
3300 852 3565 923 principia
3590 868 3687 911 ex.

2097 939 2343 994 titerunt.
2375 939 2504 994 Duae
2526 946 2652 994 sunt
2679 946 2857 994 autem
2895 940 3245 1011 Epiphania:
3283 943 3476 1013 prima,
3504 945 3559 999 in
3582 961 3688 1017 qua

2098 1042 2258 1087 natus
2289 1031 2540 1088 Christus
2583 1034 2888 1104 pastoribus
2920 1033 3290 1099 Hebraorum,
3323 1036 3517 1107 angelo
3548 1054 3688 1094 nun-

2097 1124 2288 1190 tiante,
2317 1125 2609 1195 apparuit:
2652 1126 2907 1191 secunda,
2956 1123 3009 1180 in
3043 1143 3148 1198 qua
3193 1143 3259 1182 ex
3298 1132 3540 1199 gentium
3597 1147 3690 1204 po-

2095 1215 2245 1287 pulo,
2291 1215 2447 1270 stella
2500 1216 2711 1283 indice,
2768 1217 2836 1271 ad
2887 1219 3146 1288 praesepis
3195 1220 3461 1277 cunabula
3504 1238 3690 1294 magos

2098 1307 2418 1371 adoraturos
2468 1306 2735 1370 exhibuit.
2813 1306 3148 1381 Scenopegia
3202 1311 3519 1377 solemnitas
3587 1313 3692 1371 He-

2096 1400 2367 1457 braorum
2397 1399 2465 1454 de
2485 1399 2674 1456 Graec
2704 1400 2758 1456 in
2784 1400 3033 1464 Latinum
3075 1404 3548 1469 tabernaculorum
3601 1406 3692 1463 de-

2098 1491 2297 1551 dicatio
2320 1491 2724 1563 interpretatur,
2759 1508 2880 1563 qua
2928 1492 3307 1560 celebrabatur
3351 1511 3381 1555 a
3409 1494 3611 1555 Judais
3636 1498 3692 1555 in

2097 1586 2415 1649 memoriam
2451 1586 2826 1657 expeditionis,
2854 1602 2975 1641 eum
3019 1588 3086 1641 ab
3112 1586 3346 1658 Aigypto
3372 1591 3604 1658 promoti
3636 1591 3692 1646 in

2099 1678 2469 1735 tabernaculis
2528 1681 2782 1752 agebant,
2813 1688 2868 1735 et
2895 1695 2963 1735 ex
3006 1696 3071 1735 eo
3119 1679 3472 1753 Scenopegia.
3517 1682 3694 1739 Scena

2097 1768 2241 1824 enim
2269 1766 2457 1824 Graece
2495 1769 2901 1825 tabernaculum
2942 1770 3177 1824 dicitur:
3211 1787 3331 1842 qua
3373 1772 3694 1830 solemnitas

2099 1861 2241 1932 apud
2269 1860 2527 1918 Hebraeos
2556 1859 2861 1931 Septembri
2919 1876 3107 1917 mense
3170 1862 3497 1927 celebratur.
3548 1864 3695 1923 beo-

393 1954 582 2027 populi
604 1955 719 2017 Dei,
746 1970 775 2007 a
802 1968 908 2022 qua
936 1956 1096 2006 atate
1123 1950 1250 2021 quia
1272 1950 1473 2037 ‘ineipit
1522 1950 1684 2006 homo
1710 1966 1871 2022 posse
1897 1966 1993 2023 ge-
2022 1949 2070 2009 Β
2096 1954 2278 2014 menia
2328 1954 2469 2025 apud
2528 1970 2628 2009 nos
2677 1952 2925 2018 Calenda
2954 1994 2970 2021 ,
3019 1957 3159 2024 apud
3206 1954 3459 2012 Hebraos
3510 1966 3695 2013 autem

396 2061 616 2111 nerare,
646 2052 936 2117 propterea
989 2042 1273 2099 Matthaus
1312 2041 1642 2113 evangelista
1692 2043 1995 2114 generatio-

396 2157 528 2198 num
553 2156 622 2196 ex
645 2139 921 2197 Abraham
948 2136 1180 2207 sumpsit
1209 2135 1512 2202 exordium,
1541 2135 1631 2205 qui
1655 2136 1819 2191 etiam
1841 2144 1995 2206 pater

396 2232 640 2305 gentium
692 2230 1022 2287 constitutus
1052 2235 1174 2292 est,
1214 2227 1429 2297 quando
1482 2233 1751 2281 mutatum
1798 2240 1995 2283 nomen

398 2324 613 2394 accepit
650 2319 801 2394 (Gen.
836 2318 991 2390 xvu).
1027 2317 1230 2384 Quarta
1256 2332 1287 2371 a
1316 2315 1485 2371 David
1525 2332 1698 2387 usque
1727 2316 1793 2371 ad
1818 2324 1996 2377 trans-

396 2414 778 2483 migrationem
834 2408 1148 2481 Babylonis,
1188 2424 1360 2464 annos
1412 2407 1638 2473 habens,
1704 2409 1857 2480 juxta
1892 2408 1996 2471 He-

394 2506 639 2563 braieam
677 2503 989 2563 veritatem,
1014 2515 1346 2565 ccccnxxm;
1384 2500 1539 2570 juxta
1574 2497 1720 2557 LXX
1761 2500 1995 2561 transla-

396 2597 603 2652 tionem
624 2593 910 2653 duodecim
940 2590 1172 2661 amplius
1201 2610 1213 2645 :
1242 2591 1620 2661 generationes
1639 2592 1795 2661 juxta
1821 2601 1998 2647 utros-

399 2703 506 2760 que
530 2687 745 2743 codices
764 2700 917 2777 xvm‘,
942 2698 1077 2753 quas
1122 2690 1305 2737 tamen
1356 2682 1688 2755 evangelista
1714 2681 1996 2739 Matthaus

400 2778 537 2834 certi
572 2774 817 2847 mysterii
844 2772 1021 2846 gratia
1047 2788 1137 2829 xw
1180 2772 1359 2843 ponit,
1384 2788 1419 2829 a
1449 2789 1578 2844 qua,
1604 2772 1754 2833 velut
1770 2772 1996 2843 juvenili

397 2878 579 2935 atate,
608 2869 666 2923 in
696 2865 892 2937 populo
918 2865 1015 2925 Dei
1044 2879 1236 2935 regum
1261 2872 1507 2935 tempora
1541 2872 1839 2933 creperum.
1870 2864 1998 2923 Haec

366 2975 632 3031 namque
674 2960 731 3015 in
760 2957 1073 3016 hominibus
1110 2955 1243 3013 atas
1292 2963 1414 3027 apta
1471 2955 1997 3028 gubernando'solet

395 3054 633 3110 existere
661 3064 847 3122 regno.
874 3049 1094 3117 Quinta,
1124 3049 1280 3127 quasi
1306 3048 1491 3107 senilis
1517 3056 1648 3104 atas
1670 3089 1685 3115 ,
1737 3064 1768 3105 a
1817 3057 1995 3109 trans-

396 3146 626 3217 migrari
658 3140 1183 3217 [transmigratione]
1232 3140 1520 3213 Babylonis
1561 3155 1732 3211 usque
1780 3141 1849 3195 ad
1895 3140 1993 3195 ad--

396 3246 622 3295 ventum
660 3237 872 3292 Domini
912 3233 1210 3296 Salvatoris
1255 3233 1313 3290 in
1340 3248 1527 3298 carne,
1557 3232 1994 3305 generationibus

2097 2049 2223 2119 quia
2266 2047 2563 2117 secundum
2612 2048 2855 2115 lunarem
2882 2063 3100 2103 cursum
3126 2065 3339 2105 menses
3390 2060 3690 2123 supputan-

2096 2148 2207 2206 tur,
2238 2147 2293 2197 et
2318 2138 2507 2195 Graece
2536 2153 2691 2201 mene
2716 2139 2842 2195 luna
2865 2138 3206 2209 appellatur:
3232 2142 3358 2202 inde
3384 2143 3691 2211 neomenia,

2097 2232 2153 2287 id
2184 2241 2288 2297 est,
2318 2247 2456 2287 nova
2498 2231 2642 2291 luna.
2692 2230 2861 2286 Erant
2900 2232 3044 2285 enim
3095 2232 3237 2303 apud
3282 2232 3540 2293 Hebraeos
3592 2233 3697 2307 ipsi

2098 2324 2215 2381 dies
2240 2323 2589 2390 calendarum
2616 2336 2683 2385 ex
2716 2323 2871 2394 legali
2918 2324 3255 2389 institutione
3288 2325 3556 2385 solemnes
3579 2366 3595 2394 ,
3627 2326 3696 2385 de

2099 2416 2298 2487 quibus
2323 2414 2376 2469 in
2403 2413 2659 2487 psalterio
2686 2414 2884 2472 dicitur
2917 2432 2929 2467 :
2966 2412 3147 2475 Canite
3199 2416 3253 2475 in
3309 2416 3458 2478 initio
3503 2417 3697 2472 mentis

2099 2511 2248 2573 tuba,
2287 2508 2343 2561 in
2370 2508 2456 2563 die
2486 2507 2706 2578 insignis
2730 2505 3077 2567 salemnitatis
3100 2516 3280 2565 vestrae
3306 2507 3476 2581 (Psal.
3506 2508 3691 2583 Lux).

2098 2600 2371 2665 Encania,
2402 2614 2536 2653 nova
2569 2599 2751 2670 templi
2778 2598 3067 2663 dedicatio.
3098 2599 3284 2668 Graec
3312 2601 3459 2656 enim
3493 2601 3695 2660 kainon

2101 2692 2298 2749 dicitur
2318 2706 2535 2746 novum.
2554 2690 2777 2757 Quando
2793 2693 2937 2748 enim
2961 2691 3163 2761 aliquid
3179 2708 3376 2753 novum
3391 2692 3693 2761 dedicatur,

2097 2782 2339 2845 cncauia
2369 2781 2587 2839 dicitur.
2616 2781 2766 2845 Hanc
2797 2782 3151 2839 dedicationis
3172 2784 3353 2856 templi
3383 2785 3697 2842 solemnita-

2100 2878 2207 2926 tem
2252 2869 2421 2926 Judaei
2452 2869 2675 2927 Octobri
2712 2886 2899 2928 mense
2931 2872 3197 2941 colebant.
3232 2873 3356 2932 Dies
3391 2874 3695 2945 palmarum

2099 2959 2222 3015 ideo
2237 2961 2453 3027 dicitur,
2468 2976 2534 3017 eo
2548 2960 2691 3032 quod
2712 2962 2767 3017 in
2781 2977 2846 3019 eo
2866 2963 3125 3030 Dominus
3147 2972 3202 3020 et
3223 2963 3473 3027 Salvator
3487 2975 3692 3035 noster,

2100 3051 2242 3108 sicut
2277 3054 2541 3125 prepheta
2574 3054 2773 3117 cecinit
2820 3052 3005 3127 (Zach.
3037 3054 3136 3127 ix),
3188 3055 3527 3121 Hierusalem
3573 3066 3691 3115 ten-

2099 3142 2234 3198 dens
2261 3181 2276 3208 ,
2324 3144 2546 3198 asellum
2610 3142 2815 3213 sedisse
2871 3145 3227 3219 perhibetur:
3260 3155 3390 3219 tunc
3440 3148 3695 3219 gradiens

2101 3249 2225 3297 cum
2250 3234 2417 3289 ramis
2464 3234 2769 3305 palmarum
2796 3231 3082 3293 multitudo
3121 3236 3355 3306 plebium
3396 3237 3616 3294 obviam
3647 3236 3695 3295 ei

397 3340 455 3388 et
488 3331 606 3401 ipsa
650 3345 800 3394 xxrv,
831 3343 994 3399 porro
1022 3328 1181 3384 annis
1216 3341 1456 3383 nnxxxrx
1495 3333 1734 3381 extenta.
1776 3324 1834 3379 ln
1866 3339 1994 3394 qua,
2025 3311 2069 3376 Ε
2101 3328 2473 3384 clamaverunt
2504 3342 2519 3391 ξ
2558 3318 2832 3393 Hosunna,
2868 3330 3189 3399 benedictus,
3224 3331 3314 3401 qui
3352 3332 3489 3385 venit
3518 3334 3576 3386 in
3604 3350 3695 3388 no-

396 3433 461 3480 ut
489 3423 641 3494 gravi
669 3433 947 3479 senectute
983 3421 1127 3478 fessa
1153 3460 1169 3487 ,
1221 3420 1378 3475 malis
1430 3417 1799 3479 crebrioribus
1846 3417 1998 3488 plebs

396 3514 628 3571 Hebraea
674 3522 985 3584 quassatur.
1036 3512 1225 3578 Sexta,
1250 3525 1370 3580 qua
1402 3525 1546 3587 nunc
1596 3511 1811 3581 agitur,
1864 3519 1996 3567 aetas

396 3608 546 3664 nulla
562 3608 973 3680 generationum
994 3606 1081 3661 vel
1103 3612 1405 3674 temporum
1433 3603 1575 3660 serie
1592 3611 1738 3659 certa
1765 3618 1779 3656 :
1804 3603 1921 3669 sed,
1938 3610 1996 3657 ut

402 3708 536 3756 atas
557 3699 833 3769 decrepita
853 3699 989 3767 ipsa,
1007 3698 1177 3755 totius
1205 3695 1387 3755 saculi
1411 3705 1585 3752 morte
1607 3697 1989 3761 consumenda.

400 3792 513 3847 llas
524 3790 1175 3861 arumnosas,qu
1188 3790 1676 3856 lahoribus,muudi
1687 3799 1872 3854 aetates
1884 3806 1955 3861 qu
1964 3792 1999 3843 i-

397 3898 505 3952 que
528 3881 673 3938 feliei
686 3890 859 3937 morte
873 3881 1114 3937 vicerunt
1124 3922 1137 3948 ,
1160 3882 1385 3951 septima
1392 3880 1507 3949 jam
1522 3882 1730 3942 sabbati
1744 3881 1997 3951 perennis

402 3984 563 4032 atate
593 3975 831 4046 suscepti
853 3983 1101 4031 octavam
1123 3977 1297 4032 beata
1318 3974 1732 4038 resurrectionis
1755 3981 1990 4041 atatem,

397 4072 454 4128 in
482 4088 590 4143 qua
616 4084 829 4140 semper
851 4084 973 4126 cum
988 4070 1217 4126 Domino
1240 4077 1497 4140 regnent,
1528 4073 1865 4129 exspectant.

1014 4179 1243 4235 CAPUT
1278 4178 1396 4233 XV.

937 4251 1013 4305 De
1063 4249 1454 4319 festivitatibus.

467 4345 759 4402 Festivitas
787 4343 928 4399 dicta
958 4357 989 4395 a
1026 4341 1179 4396 festis
1207 4339 1414 4404 diebus,
1440 4338 1594 4407 quasi
1621 4337 1895 4406 festiditas,
1931 4351 1995 4393 eo

395 4438 613 4509 quodin
640 4437 721 4492 eis
757 4435 868 4493 sola
896 4448 988 4488 res
1013 4431 1196 4497 divina
1218 4430 1297 4497 fit,
1332 4430 1532 4499 quibus
1568 4429 1827 4485 contrarii
1870 4438 1994 4485 sunt

394 4531 545 4595 fasti,
576 4531 631 4584 in
660 4530 856 4598 quibus
896 4526 985 4596 jus
1007 4524 1170 4591 fatur,
1202 4524 1257 4579 id
1285 4532 1387 4589 est,
1416 4524 1633 4579 dicitur.
1669 4522 1994 4591 Solemnitas

395 4639 428 4678 a
460 4624 630 4679 sacris
660 4621 878 4684 dicitur,
904 4619 980 4673 ita
1017 4626 1291 4685 suscepta,
1316 4624 1377 4669 ut
1430 4616 1628 4671 mutari
1671 4617 1739 4672 ob
1771 4616 1991 4686 religio-

395 4678 763 4773 nemChristi
801 4678 909 4769 non
943 4678 1242 4773 debeam-tt
1279 4678 1417 4774 solo,
1463 4707 1517 4764 id
1552 4716 1661 4774 est,
1700 4707 1858 4765 limo
1874 4678 1984 4763 vat—
2016 4678 2069 4741 Β

394 4824 502 4879 que
553 4808 723 4862 solido
780 4804 1080 4861 nominata.
1131 4801 1428 4856 Celebritas
1485 4809 1667 4857 autem
1722 4809 1984 4866 vocatur,

392 4900 538 4972 quod
564 4916 671 4955 non
700 4898 774 4953 ibi
807 4906 1041 4959 terrena,
1071 4896 1166 4950 sed
1190 4892 1429 4949 calestia
1480 4901 1684 4947 tantum
1732 4901 1983 4963 aguntur.

392 4992 617 5048 Pascha
656 4990 1009 5046 festivitatum
1061 4988 1301 5043 omnium
1349 4986 1524 5056 prima
1573 4992 1683 5050 est,
1730 4985 1796 5039 de
1835 4984 1988 5054 cujus

393 5082 660 5137 vocabulo
675 5080 787 5149 jam
816 5077 1281 5149 superiusdictum
1303 5084 1405 5131 est.
1440 5076 1819 5140 Pentecosten,
1850 5076 1989 5129 sicut

392 5185 449 5231 et
473 5174 692 5245 pascha,
711 5172 852 5242 apud
876 5171 1131 5225 Hebraeos
1155 5169 1383 5225 celebris
1409 5170 1523 5224 dies
1547 5177 1682 5233 erat,
1699 5169 1843 5238 quod
1862 5178 1984 5238 post

393 5266 637 5335 quinque
668 5262 898 5318 decadas
927 5260 1144 5330 pascha
1187 5260 1519 5325 celebratur,
1558 5261 1698 5314 unde
1745 5269 1799 5316 et
1822 5275 1982 5315 voca-

392 5353 582 5409 bulum
614 5352 863 5423 sumpsit.
897 5350 1065 5405 Pente
1106 5350 1249 5403 enim
1286 5348 1473 5404 Grace
1502 5352 1757 5419 quinque.
1786 5350 1843 5405 In
1876 5367 1981 5421 quo

398 5443 485 5497 die
514 5444 807 5498 secundum
858 5442 1030 5511 legem
1080 5455 1248 5511 panes
1298 5441 1680 5511 propositionis
1718 5444 1787 5499 de
1827 5443 1981 5498 novis

392 5532 641 5603 frugibus
692 5531 1057 5588 offerebantur
1094 5550 1106 5585 :
1140 5532 1293 5602 cujus
1344 5531 1572 5603 ﬁguram
1611 5548 1783 5589 annus
1832 5532 1981 5601 jubi—

393 5623 526 5678 laus
562 5624 616 5677 in
648 5623 995 5677 Testamento
1024 5624 1204 5679 Veteri
1241 5624 1429 5694 gessit,
1462 5638 1582 5693 qua
1620 5639 1762 5679 nunc
1792 5625 1987 5681 iterum

393 5732 495 5788 per
523 5716 749 5788 figuram
787 5717 1224 5785 repromissionis
1268 5726 1524 5771 aeternam
1558 5717 1801 5786 requiem
1854 5733 1989 5786 pra—

398 5807 614 5877 ﬁgurat.
644 5809 945 5879 Epiphania
970 5808 1176 5875 Grace,
1200 5810 1396 5864 Latine
1422 5810 1687 5880 apparitio
1721 5813 1833 5867 sive
1875 5828 1989 5866 ma-

403 5898 678 5957 nifestatio
705 5912 946 5959 vocatur.
972 5904 1049 5960 Eo
1073 5904 1215 5961 enim
1248 5904 1335 5961 die
1359 5903 1607 5961 Christus
1641 5905 1833 5963 sideris
1853 5907 1987 5965 ἰηᾶί-

2098 3424 2238 3477 mine
2266 3421 2498 3488 Domini,
2533 3438 2625 3477 rex
2653 3419 2825 3477 Israel
2856 3421 3069 3494 (Matth.
3105 3421 3241 3491 xxi).
3273 3422 3473 3493 Vulgus
3510 3432 3692 3483 autem

2096 3514 2221 3569 ideo
2253 3515 2397 3569 hunc
2427 3514 2570 3575 diem
2598 3514 2951 3585 capititavium
3002 3523 3179 3579 vocat,
3211 3515 3336 3586 quia
3365 3524 3497 3571 tunc
3524 3517 3693 3577 moris

2096 3615 2180 3661 est
2200 3605 2413 3665 lavandi
2457 3606 2614 3676 :apita
2636 3606 2944 3670 infantium,
2962 3606 3051 3676 qui
3076 3607 3305 3675 ungendi
3331 3615 3474 3675 sunt,
3499 3625 3569 3666 ne
3597 3610 3693 3667 ob-

2097 3698 2404 3754 servatione
2468 3698 2895 3767 quadragesima:
2945 3698 3215 3761 sordidata
3269 3700 3339 3753 ad
3382 3701 3690 3757 unctionem

2098 3790 2438 3849 accederent.
2466 3789 2581 3846 Hoc
2609 3799 2789 3853 autem
2815 3790 2901 3844 die
2930 3790 3227 3861 symbolum
3257 3793 3690 3863 competentibus

2098 3885 2348 3949 traditur,
2384 3892 2606 3952 propter
2634 3882 2901 3943 confinem
2928 3882 3217 3951 Dominica
3246 3885 3459 3954 pascha
3499 3886 3693 3941 solem-

2096 3977 2343 4039 nitatem,
2361 3984 2419 4029 ut
2442 3976 2533 4044 qui
2544 3975 2656 4044 jam
2674 3976 2741 4029 ad
2758 3974 2849 4031 Dei
2868 3974 3099 4045 gratiam
3115 3975 3515 4044 percipiendam
3539 3976 3689 4035 festi-

2095 4076 2249 4130 nant,
2276 4065 2455 4129 fidem,
2473 4080 2635 4133 quam
2655 4063 3037 4130 confiteantur,
3058 4074 3370 4135 agnoscant.
3404 4064 3577 4122 Cana
3600 4066 3689 4121 do-

2096 4157 2297 4212 minica
2325 4156 2467 4211 dicta
2496 4164 2583 4217 est,
2606 4170 2670 4215 eo
2697 4155 2843 4225 quod
2880 4154 2933 4209 in
2978 4170 3047 4213 eo,
3092 4155 3180 4209 die
3205 4153 3459 4211 Salvator
3487 4155 3688 4229 pascha

2097 4264 2223 4303 cum
2246 4248 2357 4301 suis
2381 4247 2659 4316 discipulis
2687 4245 2893 4306 fecerit.
2928 4245 3082 4313 Quod
3112 4256 3166 4303 et
3213 4247 3508 4318 hodieque,
3546 4248 3689 4303 sicut

2096 4351 2181 4398 est
2209 4342 2485 4404 traditum,
2515 4339 2842 4404 celebratur,
2869 4350 3224 4409 sanctumque
3254 4341 3309 4395 in
3339 4355 3404 4397 eo
3436 4342 3525 4396 die
3554 4340 3689 4397 chri-

2099 4450 2214 4489 sma
2239 4434 2553 4498 conficitur,
2592 4439 2755 4501 atque
2784 4430 2995 4486 initium
3030 4429 3166 4489 Novi
3199 4431 3536 4491 Testamenti
3565 4474 3579 4499 ,
3630 4441 3685 4489 et

2100 4528 2311 4585 Veteris
2342 4527 2671 4585 Testamenti
2709 4525 2942 4581 cessatio
2969 4522 3297 4583 declaratur.

2692 4639 2918 4695 CAPUT
2950 4637 3086 4694 XVI.

2713 4711 2789 4764 De
2830 4709 3063 4764 sabbato.

2170 4802 2463 4858 Sabbatum
2487 4802 2555 4856 ab
2576 4800 2818 4857 Hebraeis
2848 4817 2915 4857 ex
2959 4800 3401 4871 interpretatione
3441 4800 3686 4865 vocabuli

2097 4895 2180 4951 sui
2210 4895 2425 4964 requies
2451 4893 2764 4948 nominatur
2791 4912 2802 4947 :
2851 4892 2994 4960 quod
3024 4892 3164 4947 Deus
3190 4892 3245 4946 in
3278 4891 3420 4961 ipso,
3448 4873 3688 4961 perfecto

2096 4983 2317 5050 mundo,
2347 4983 2720 5053 requievisset.
2770 4980 3048 5051 Siquidem
3079 4982 3137 5037 in
3180 4996 3243 5035 eo
3289 4981 3373 5035 die
3420 4982 3686 5053 requievit

2096 5077 2356 5131 Dominus
2406 5076 2460 5130 in
2501 5074 2779 5143 sepulcro,
2824 5084 2885 5128 ut
2936 5074 3134 5143 quietis
3181 5072 3322 5126 illius
3361 5075 3686 5143 mysterium

2094 5171 2457 5233 conﬁrmaret,
2502 5170 2647 5238 quod
2693 5165 2894 5223 Judais
2943 5166 3338 5221 observandum
3391 5166 3445 5221 in
3491 5167 3686 5221 umbra

2093 5261 2259 5317 futuri
2285 5268 2610 5330 praceptum
2636 5266 2719 5313 est
2748 5275 2763 5312 :
2792 5257 2888 5312 sed
2908 5267 3195 5327 postquam
3223 5256 3471 5312 Christus
3511 5257 3565 5310 in
3598 5271 3685 5311 se—

2090 5353 2278 5424 pulcro
2307 5366 2405 5407 suo
2435 5350 2553 5422 ejus
2580 5351 2809 5421 ﬁguram
2856 5347 3185 5420 adimplevit,
3226 5348 3531 5405 observatio
3562 5347 3681 5418 ejus

2092 5444 2311 5514 quievit.

2674 5532 2902 5589 CAPUT
2940 5532 3101 5591 XVIL

2621 5625 2698 5679 De
2738 5626 3013 5680 Dominico
3039 5625 3141 5679 die.

2166 5720 2476 5775 Dominicus
2492 5717 2606 5773 dies
2638 5719 2867 5788 proinde
2894 5726 3146 5784 vocatur,
3170 5718 3303 5788 quia
3328 5717 3383 5772 in
3408 5732 3473 5774 eo
3502 5730 3686 5773 resur-

2097 5814 2262 5868 rectio
2290 5811 2500 5865 Domini
2531 5811 2701 5864 nostri
2742 5811 3016 5866 declarata
3044 5820 3146 5866 est.
3179 5810 3278 5877 Qui
3303 5809 3419 5863 dies
3449 5822 3557 5861 non
3584 5806 3685 5860 Ju-

2097 5906 2368 5977 dais,secl
2402 5904 2725 5963 Christianis
2779 5906 2829 5961 in
2890 5905 3292 5963 resurrectione
3342 5899 3556 5960 Domini
3588 5898 3688 5964 de-
