3930 6388
1372 381 1462 444 DE
1499 380 1851 443 UNIVERSO
1883 381 2063 441 LIBRI
2099 384 2351 441 XXIl.-—
2386 384 2515 443 LIB.
2553 384 2644 442 XI.

3527 388 3635 447 310

346 498 595 557 claratus
616 507 804 568 est,et
822 516 892 561 ex
905 501 993 561 illa
1010 501 1209 559 habere
1227 502 1392 575 coepit
1412 500 1762 558 festivitatem
1782 517 1953 558 suam.
1984 508 2039 570 Α
2062 517 2169 557 non
2204 512 2527 558 moreretur.
2578 501 2872 572 Postquam
2898 509 3077 558 autem
3109 499 3253 559 facta
3279 508 3365 558 est
3384 502 3506 559 talis
3541 520 3631 561 re-

349 590 465 647 lllis
515 591 671 646 enim
719 594 897 649 solum
943 592 1320 649 celebrandum
1366 593 1645 649 sabbatum
1699 591 1951 648 traditum

357 692 443 741 est
471 702 483 736 :
509 683 640 753 quia
658 693 788 740 erat
813 694 970 743 antea
987 687 1203 756 requies
1228 694 1563 746 mortuorum
1590 704 1603 739 :
1629 684 1953 741 resurrectio

360 782 545 830 autem
622 775 831 834 nullius
894 785 1057 844 erat,
1108 779 1203 848 qui
1268 794 1559 850 resurgens
1627 792 1661 832 a
1726 777 1954 833 mortuis

2059 595 2394 651 surrectioin
2414 609 2640 665 corpore
2652 595 2882 663 Domini,
2905 604 2962 651 ut
2975 596 3191 666 praeiret
3209 596 3263 653 in
3278 597 3471 668 capite,
3491 598 3635 668 quod

2060 702 2255 758 corpus
2265 686 2522 743 Ecclesiae
2534 696 2776 758 speraret
2794 690 2850 744 in
2876 688 2983 743 ﬁne
3002 704 3016 743 :
3033 688 3149 758 jam
3159 689 3282 745 dies
3299 688 3630 756 Dominicus,

2058 776 2115 833 id
2158 789 2258 845 est,
2290 784 2534 846 octavus,
2575 780 2665 849 qui
2694 788 2748 835 et
2764 780 2990 850 primus,
3017 778 3281 837 celebrari
3304 779 3488 851 erepit.

367 938 3630 970 ———I————-———-—-—————_———_——-—-—d

1503 1070 1803 1152 LIBER
1860 1071 2495 1156 UNDECIMUS.

888 1393 1112 1452 CAPUT
1141 1395 1431 1453 PRIMUM.

808 1486 888 1541 De
925 1488 1222 1545 diversitate
1250 1506 1526 1560 aquarum.

438 1575 717 1647 Aquarum
740 1584 947 1632 naturae
971 1577 1255 1635 diversitas
1284 1579 1450 1634 multa
1498 1588 1599 1635 est.
1626 1579 1760 1636 Alite
1811 1581 1955 1638 enim

363 1667 518 1734 talis,
547 1670 666 1724 aliae
700 1670 855 1736 nitri,
886 1669 1003 1725 alia:
1027 1670 1303 1738 aluminis,
1333 1671 1452 1727 aliae
1490 1672 1795 1743 sulphuris,
1837 1673 1956 1729 aliae

362 1762 674 1829 bituminis,
716 1762 847 1858 alias
881 1778 1066 1818 curam
1122 1765 1432 1821 morborum
1482 1765 1835 1821 adhibentes:
1868 1767 1955 1858 de
1984 1798 2033 1858 B

364 1872 479 1927 quo
507 1858 753 1913 historici
798 1856 952 1927 plura
1002 1873 1253 1913 narrasse
1278 1859 1639 1930 reperiuntur.
1672 1858 1805 1915 Nam
1830 1857 1958 1930 (fer—

365 1948 481 2020 tur)
509 1948 664 2018 juxta
687 1946 918 2009 Bomam
946 1947 1152 2009 Albula:
1175 1965 1329 2019 aquae
1378 1950 1695 2007 vulneribus
1740 1951 1960 2006 meden-

361 2046 477 2094 tur.
540 2038 601 2092 In
662 2038 815 2093 Italia
876 2038 998 2095 fons
1055 2039 1334 2096 Ciceronis
1395 2042 1673 2098 oculorum
1735 2042 1960 2097 vulnera

362 2138 549 2188 curat.
587 2128 647 2185 In
702 2128 987 2203 Ethiopia
1042 2130 1193 2187 locus
1238 2139 1357 2199 est,
1408 2147 1514 2202 quo
1569 2130 1787 2203 perfusa
1837 2148 1959 2188 cor-

360 2238 506 2296 pora
530 2224 680 2281 velut
703 2224 824 2279 oleo
854 2225 1144 2279 nitescunt.
1182 2224 1362 2279 Zamae
1407 2224 1527 2282 fons
1566 2226 1625 2281 in
1665 2224 1847 2279 Africa
1873 2240 1960 2280 ca-

364 2332 538 2372 noras
600 2330 759 2372 voces
810 2316 960 2372 facit.
1014 2317 1096 2373 Ex
1141 2316 1393 2384 Clitorio,
1444 2318 1564 2374 lacu
1615 2319 1812 2384 Italiae,
1868 2319 1960 2389 qui

366 2407 653 2474 biberint,
692 2409 802 2463 vini
835 2409 1056 2464 taedium
1103 2408 1323 2466 habent.
1360 2409 1420 2464 In
1454 2408 1589 2464 Chio
1628 2410 1801 2465 insula
1841 2410 1960 2465 fon-

370 2506 488 2555 tem
551 2514 673 2555 esse
731 2498 975 2573 [aiunt],
1035 2515 1151 2571 quo
1203 2500 1426 2555 hebetes
1482 2501 1633 2557 ﬁant.
1694 2500 1753 2555 ιιι
1802 2499 1962 2557 Baso-

366 2590 449 2647 tia
506 2590 612 2649 duo
670 2590 876 2658 fontes,
950 2591 1090 2648 alter
1133 2594 1491 2660 memoriam,
1541 2592 1677 2649 alter
1733 2594 1961 2650 oblivio-

366 2698 500 2740 nem
526 2681 700 2738 aﬂ‘ert.
720 2684 902 2757 Cyzici
926 2683 1050 2743 fons
1075 2701 1317 2743 amorem
1349 2688 1579 2745 Veneris
1611 2689 1767 2745 tollit.
1803 2689 1963 2745 Baec-

369 2779 464 2836 tize
512 2779 665 2836 lacus
689 2779 900 2837 furialis
936 2788 1048 2849 est;
1098 2781 1165 2835 de
1207 2796 1314 2853 quo
1359 2782 1452 2852 qui
1493 2784 1727 2849 biberit,
1770 2784 1966 2839 ardore

372 2867 615 2925 libidinis
657 2871 981 2926 exardescit.
1029 2870 1088 2927 ln
1119 2871 1414 2943 Campania
1458 2882 1586 2929 sunt
1637 2890 1813 2945 aqua},
1845 2889 1965 2944 quae

370 2958 717 3015 sterilitatem
756 2958 1101 3026 feminarum,
1143 2968 1197 3015 et
1241 2963 1481 3017 virorum
1534 2963 1802 3020 insaniam
1831 2964 1962 3019 abo-

372 3049 487 3108 lere
529 3053 804 3109 dicuntur.
847 3051 907 3108 In
937 3052 1235 3123 Ethiopian
1260 3052 1410 3110 fonte
1436 3056 1603 3111 rubro
1627 3057 1720 3125 qui
1744 3055 1963 3122 biberit,

2062 1413 2192 1454 vero
2217 1398 2273 1454 in
2292 1396 2477 1455 multis
2514 1395 2649 1454 locis
2674 1410 2829 1469 aquae
2850 1403 3075 1458 manant
3097 1397 3387 1469 perpetim,
3420 1396 3639 1456 ferven-

2064 1500 2145 1547 tes
2182 1497 2392 1546 tantum
2435 1496 2497 1542 ut
2543 1488 2739 1545 balnea
2778 1487 3119 1547 calefaciant.
3171 1488 3428 1557 Quaedam
3479 1499 3642 1547 term

2062 1590 2209 1647 sunt,
2251 1596 2369 1652 qua:
2414 1579 2641 1634 multum
2691 1580 2966 1650 sulphuris
3010 1588 3065 1637 et
3113 1580 3366 1637 aluminis
3417 1582 3637 1639 habent.

2060 1672 2245 1743 Itaque
2290 1687 2412 1727 cum
2439 1687 2538 1742 per
2567 1686 2734 1727 venas
2770 1670 3007 1727 calentes
3055 1687 3194 1742 aqua
3224 1673 3418 1745 frigida
3472 1675 3641 1742 venit,

2060 1765 2237 1819 vicino
2277 1764 2548 1835 sulphuris
2590 1763 2770 1820 calore
2817 1772 3067 1819 contacta
3109 1766 3455 1821 excandescit
3493 1782 3507 1819 :
3541 1780 3643 1821 nec

2061 1858 2183 1914 talis
2209 1858 2277 1913 ab
2304 1858 2513 1927 origine
2542 1856 2729 1923 ellluit,
2771 1859 2866 1914 sed
2906 1867 3261 1927 permutatur,
3314 1859 3441 1914 dum
3468 1860 3637 1915 venit.

2061 1948 2384 2017 Sulphurem
2413 1948 2733 2019 alumenque
2761 1962 2944 2003 secum
2968 1948 3147 2003 ferunt
3167 1964 3321 2019 aquae
3348 1958 3640 2019 utramque

2061 2038 2343 2097 materiem
2378 2038 2502 2111 igne
2528 2037 2763 2107 plenam,
2795 2038 3143 2109 minimisque
3173 2041 3409 2096 motibus
3440 2039 3641 2097 incale-

2062 2138 2321 2190 scentem.
2372 2130 2609 2189 Diversae
2654 2131 2800 2185 enim
2840 2132 3049 2200 species
3102 2148 3363 2203 aquarum
3400 2133 3644 2189 diversos

2060 2221 2283 2276 eﬂ‘ectus
2308 2220 2591 2287 habentes,
2624 2235 2890 2292 congruas
2918 2221 3341 2292 signiﬁcationes
3367 2225 3422 2280 in
3454 2223 3626 2294 Scrip.

2061 2315 2222 2381 turis,
2248 2314 2340 2369 ubi
2374 2326 2597 2368 necesse
2642 2321 2744 2379 est,
2789 2314 3099 2383 exprimere
3146 2325 3391 2385 possunt.
3423 2316 3644 2371 Illarum

2063 2407 2207 2463 enim
2244 2420 2447 2472 rerum,
2472 2421 2591 2475 quae
2632 2406 2687 2459 in
2716 2404 3012 2476 Scripturis
3050 2406 3417 2471 inveniuntur,
3449 2423 3645 2464 conve-

2063 2497 2161 2562 nit,
2198 2506 2258 2553 ut
2305 2496 2723 2575 significationes
2766 2496 3049 2567 diligenter
3090 2498 3441 2565 exquirantur
3475 2515 3489 2552 :
3523 2513 3645 2567 quae

2065 2596 2246 2644 autem
2275 2587 2429 2653 alias,
2462 2601 2568 2642 non
2596 2594 2678 2642 est
2700 2602 2922 2642 necesse
2944 2587 3163 2656 exponi.
3188 2587 3357 2658 Aquae
3376 2588 3431 2642 in
3459 2585 3643 2658 Scrip-

2064 2688 2187 2736 tura
2232 2695 2389 2736 sacra
2423 2679 2711 2749 aliquando
2740 2678 2999 2749 Spiritum
3054 2686 3323 2745 sanctum,
3355 2678 3645 2749 aliquando

2066 2771 2350 2831 scientiam
2379 2787 2613 2837 sacram,
2645 2771 2935 2842 aliquando
2964 2773 3245 2828 scientiam
3277 2786 3518 2841 pravam,
3554 2771 3648 2825 ali-

2066 2866 2281 2937 quando
2310 2864 2735 2931 tribulationem,
2766 2865 3056 2937 aliquando
3080 2863 3375 2921 deﬂueutes
3398 2864 3642 2935 populos,

2067 2959 2354 3029 aliquando
2380 2967 2593 3017 mentes
2618 2958 2777 3015 ﬁdem
2803 2960 3144 3030 sequentium
3166 2957 3540 3012 demonstrare
3562 2973 3647 3011 so-

2068 3049 2198 3105 lcnt.
2226 3048 2330 3105 Per
2352 3065 2547 3119 aquam
2579 3050 2776 3121 quippe
2814 3052 2984 3105 sancti
3017 3048 3251 3120 Spiritus
3277 3048 3474 3103 infusio
3502 3046 3647 3102 desi-

372 3140 737 3215 iymphaticus
765 3142 847 3196 ﬁt.
871 3142 1121 3199 Lechnus
1162 3145 1283 3201 fons
1309 3146 1556 3203 Arcadiae
1595 3147 1816 3203 abortus
1847 3148 1966 3206 ﬁeri
1996 3154 2041 3219 ς
2073 3149 2285 3213 gnatur,
2314 3141 2455 3197 sicut
2479 3143 2535 3197 in
2560 3142 2853 3214 Evangelio
2876 3143 3074 3197 dicitur
3106 3160 3118 3194 :
3152 3141 3255 3207 Qui
3286 3140 3445 3193 credit
3468 3140 3648 3204 inme,

372 3248 481 3291 nan
505 3234 732 3304 patitur.
769 3234 825 3289 ln
852 3234 1035 3291 Sicilia
1059 3235 1235 3292 fontes
1262 3248 1390 3295 sunt
1417 3240 1544 3307 duo,
1570 3256 1801 3310 quorum
1827 3258 1965 3298 unus

376 3325 621 3382 sterilem
648 3325 925 3391 fecundat,
954 3326 1091 3382 alter
1119 3326 1405 3385 fecundam
1431 3330 1671 3391 sterilem
1710 3332 1859 3388 facit.
1908 3334 1967 3390 In

375 3415 661 3472 Thessalia
689 3417 794 3472 duo
826 3416 1069 3483 ﬂumina,
1107 3433 1175 3473 ex
1203 3435 1311 3475 uno
1354 3421 1603 3479 bibentes
1628 3438 1755 3479 oves
1781 3426 1966 3495 nigras

376 3506 493 3562 ﬂeri
510 3505 719 3572 ferunt,
735 3522 801 3561 ex
818 3505 990 3562 altera
1011 3506 1180 3574 albas,
1197 3524 1265 3564 ex
1278 3516 1509 3579 utroque
1522 3512 1721 3567 varias.
1741 3512 1967 3571 Clitum-

376 3609 476 3648 nus
498 3594 651 3649 lacus
678 3595 736 3649 in
759 3594 985 3651 Umbria
1018 3597 1286 3653 maximos
1310 3598 1475 3655 boves
1501 3600 1691 3671 gignit.
1720 3601 1966 3658 Reatinis

372 3685 660 3761 paludibus
670 3686 1041 3757 jumentorum
1059 3688 1288 3760 ungulas
1301 3690 1542 3746 iudurari
1568 3691 1773 3748 dicunt.
1791 3692 1849 3747 In
1863 3695 1968 3750 As-

375 3780 619 3852 phaltide
645 3781 767 3837 lacu
786 3780 983 3837 Iudaeae
1003 3780 1137 3837 nihil
1161 3784 1331 3853 mergi
1352 3792 1548 3852 potest,
1566 3786 1827 3855 quidquid
1853 3788 1969 3842 ani-

379 3887 521 3928 mam
547 3873 731 3929 habet.
762 3872 820 3927 ln
845 3873 1010 3929 lndiis
1038 3873 1203 3932 Siden
1225 3883 1451 3929 vocatur
1476 3884 1751 3947 stagnum,
1774 3879 1829 3932 in
1862 3895 1967 3947 quo

378 3962 513 4017 nihil
552 3963 795 4028 innatat,
838 3963 932 4018 sed
964 3964 1144 4019 omnia
1186 3972 1519 4035 merguntur.
1568 3964 1638 4019 At
1675 3974 1866 4029 contra
1912 3968 1965 4021 in

378 4050 579 4108 Africa:
609 4052 730 4108 lacu
753 4053 1118 4123 Apuscidamo
1140 4055 1321 4111 omnia
1347 4054 1578 4121 ﬂuitant,
1608 4056 1742 4112 nihil
1771 4059 1969 4128 mergi-

379 4152 483 4199 tur.
518 4142 771 4199 Marsidae
800 4143 923 4199 fons
944 4145 997 4199 in
1024 4144 1257 4216 Phrygia
1291 4162 1423 4201 saxa
1456 4147 1734 4217 egerit,'.in
1766 4148 1969 4203 Achaia

381 4249 521 4305 aqua
546 4234 766 4306 proﬂuit
782 4250 813 4290 e
828 4236 994 4291 saxis.
1013 4233 1145 4307 Styx
1160 4237 1443 4307 appellata,
1471 4238 1614 4307 quod
1631 4237 1776 4293 illico
1787 4248 1969 4308 potata

380 4326 659 4383 interﬁcit.
712 4327 997 4383 Gelonium
1048 4338 1300 4399 stagnum
1352 4328 1551 4385 Siciliae
1604 4339 1743 4386 tetro
1797 4332 1967 4387 odore

380 4418 549 4491 abigit
570 4420 958 4489 proximantes.
980 4419 1123 4475 Fons
1142 4430 1225 4477 est
1244 4422 1300 4475 in
1320 4420 1505 4477 Africa
1534 4424 1680 4478 circa
1706 4424 1963 4494 templum

2073 3234 2213 3289 sicut
2242 3234 2371 3289 dicit
2414 3232 2693 3305 Scriptura
2726 3234 2906 3305 (Joan.
2949 3233 3072 3303 vn),
3127 3232 3347 3302 flumina
3375 3232 3439 3285 de
3475 3240 3651 3284 ventre

2069 3325 2233 3394 ﬂuent
2274 3341 2422 3395 aqua:
2451 3326 2593 3379 vivw.
2645 3324 2748 3381 Ubi
2776 3324 3117 3396 Evangelista
3167 3338 3323 3378 secus
3363 3321 3648 3389 adjunxit:

2072 3412 2188 3468 Hoc
2218 3424 2389 3469 autem
2418 3414 2552 3468 dixit
2568 3414 2630 3468 de
2654 3412 2877 3484 Spiritu,
2901 3430 3058 3485 quem
3082 3412 3344 3483 accepturi
3368 3420 3514 3465 erant
3543 3425 3653 3464 cre-

2069 3506 2244 3559 dentes
2286 3507 2341 3558 in
2382 3523 2499 3560 eum
2552 3506 2763 3577 (Ibid.).
2814 3506 3051 3564 Rursum
3099 3520 3197 3575 per
3226 3517 3420 3572 aquam
3462 3508 3648 3555 sancta

2068 3600 2294 3655 scientia
2332 3599 2664 3670 designatur,
2696 3600 2836 3654 sicut
2883 3598 3081 3655 dicitur
3136 3618 3149 3651 :
3198 3598 3349 3668 Aqua
3378 3597 3650 3665 sapientia!

2070 3691 2319 3745 salutaris
2358 3694 2547 3757 potavit
2588 3708 2672 3745 eos
2729 3689 2858 3763 (Sir.
2892 3690 3005 3761 xv).
3052 3689 3157 3746 Per
3203 3704 3396 3759 aquam
3438 3703 3651 3757 quoque

2069 3800 2232 3853 prava
2260 3784 2485 3837 scicntia
2510 3783 2766 3853 appellari
2790 3783 2947 3849 solet,
2973 3784 3112 3838 sicut
3136 3782 3276 3853 apud
3304 3781 3647 3836 Salomonem

2069 3876 2279 3937 mulier,
2306 3891 2424 3943 qua:
2472 3884 2655 3943 typum
2688 3877 2957 3930 haereseos
2992 3884 3156 3939 tenet,
3202 3876 3404 3930 callidis
3444 3875 3649 3928 suasio-

2069 3964 2226 4017 nibus
2270 3963 2561 4028 blanditur,
2624 3964 2808 4017 dicens
2853 3982 2865 4015 :
2922 3966 3086 4034 Aqua:
3135 3965 3341 4033 furtiva:
3390 3966 3647 4020 dulciores

2069 4064 2187 4109 sunt
2220 4053 2402 4125 (Prov.
2461 4053 2558 4123 1x).
2611 4054 2888 4123 Aquarum
2918 4069 3046 4125 ergo
3086 4056 3301 4109 nomine
3349 4071 3456 4110 non
3507 4072 3646 4109 nun-

2070 4163 2234 4217 quam
2262 4146 2435 4201 solent
2465 4147 2842 4201 trihulationes
2889 4146 3137 4217 intelligi,
3165 4147 3305 4202 sicut
3354 4163 3451 4217 per
3501 4147 3649 4203 Psal-

2070 4240 2287 4295 mistam
2320 4240 2518 4297 dicitur
2572 4257 2584 4292 :
2638 4236 2853 4292 Salvum
2896 4255 2977 4292 me
3026 4238 3133 4307 fac,
3182 4239 3343 4305 Deus,
3398 4242 3645 4310 quoniam

2070 4334 2392 4386 intraverunt
2448 4347 2598 4400 aqua:
2646 4346 2806 4400 usque
2857 4330 2925 4383 ad
2986 4331 3215 4384 animam
3272 4347 3439 4385 meam
3470 4328 3642 4399 (Psal.

2069 4420 2283 4487 LXVI“).
2336 4419 2441 4475 Per
2480 4435 2675 4490 aquam
2721 4418 2901 4488 populi
2959 4419 3327 4488 designantur,
3378 4421 3518 4475 sicut
3551 4436 3649 4490 per

380 4510 680 4575 Ammonis,
737 4512 831 4581 qui
864 4512 1108 4567 humoris
1144 4514 1373 4581 nexibus
1421 4516 1647 4571 humum
1703 4518 1921 4590 stringit
1948 4539 1961 4574 :
1992 4510 2042 4570 D
2067 4514 2329 4570 Joannem
2349 4514 2545 4569 dicitur
2571 4532 2582 4568 :
2608 4514 2771 4584 Aqua
2790 4529 2907 4568 vero
2935 4522 3055 4567 sunt
3079 4512 3256 4583 populi
3280 4512 3460 4583 (Apoc.
3491 4514 3643 4585 xvu).

380 4602 593 4658 favillas
623 4605 787 4658 etiam
820 4604 874 4659 in
913 4605 1174 4675 cespitem
1214 4606 1428 4662 solidat.
1461 4607 1611 4665 Fons
1639 4608 1741 4665 Job
1767 4611 1821 4665 in
1848 4611 1968 4665 ldu-

380 4713 513 4754 tnaea
543 4705 737 4769 quater
762 4697 819 4753 in
845 4714 984 4754 anno
1011 4699 1247 4755 colorem
1277 4709 1492 4757 mutare
1535 4703 1754 4773 dicitur,
1789 4704 1843 4758 id
1864 4712 1965 4770 est,

378 4790 838 4861 pulverulentum,
902 4792 1273 4861 sanguineum,
1338 4791 1588 4856 viridem,
1665 4793 1963 4862 limpidum,

380 4882 550 4936 ternis
577 4882 853 4935 mensibus
880 4882 935 4935 in
956 4897 1097 4936 anno
1126 4889 1313 4936 tenens
1340 4895 1407 4935 ex
1432 4881 1519 4938 his
1538 4899 1702 4937 unum
1733 4884 1969 4940 colorem

378 4969 438 5026 1n
470 4971 817 5043 Troglodytis
847 4972 996 5026 lacus
1050 4979 1153 5036 est,
1216 4978 1299 5025 ter
1340 4970 1397 5025 in
1436 4972 1522 5026 die
1548 4973 1609 5027 ﬁt
1653 4990 1890 5039 amarus,
1917 4984 1971 5029 et

381 5060 576 5117 deinde
617 5063 779 5117 toties
808 5063 999 5119 dulcis.
1029 5062 1173 5117 Fons
1202 5061 1347 5118 Siloa
1395 5064 1461 5117 ad
1492 5064 1731 5120 radicem
1772 5067 1969 5121 montis

382 5152 511 5210 Sion
542 5172 651 5211 non
674 5155 894 5224 jugibus
938 5156 1112 5225 aquis,
1155 5157 1248 5211 sed
1302 5156 1354 5210 in
1382 5157 1545 5213 certis
1576 5157 1723 5212 horis
1752 5158 1968 5213 diebus-

380 5263 487 5318 que
513 5247 724 5303 ebullit.
752 5247 810 5301 ln
841 5246 1025 5303 Iudaea
1048 5251 1322 5317 quondam
1348 5250 1494 5304 rivus
1517 5250 1759 5305 sabbatis
1786 5251 1931 5304 omni
1949 5280 1963 5288 -

380 5337 481 5394 bus
506 5337 840 5394 siccabatur.
868 5336 928 5391 In
956 5336 1205 5392 Sardinia
1254 5338 1429 5392 fontes
1466 5338 1625 5393 calidi
1656 5340 1827 5393 oculis
1856 5356 1968 5393 mc-

383 5430 603 5496 déntur,
618 5430 769 5484 fures
790 5436 1022 5499 arguunt
1047 5446 1059 5481 :
1090 5444 1216 5484 nam
1236 5431 1479 5485 accitate
1496 5431 1761 5501 detegitur
1781 5447 1967 5487 eorum

383 5518 611 5577 facinus.
646 5522 705 5575 In
736 5521 900 5591 Epiro
931 5536 1047 5576 esse
1080 5519 1300 5593 (ferunt)
1338 5520 1563 5588 fontem,
1594 5523 1646 5576 in
1686 5539 1793 5591 quo
1823 5524 1969 5579 faces

385 5613 775 5683 extinguuntur
801 5628 1061 5677 accensae,
1122 5612 1491 5667 accenduntur
1516 5614 1787 5669 extinctae.
1811 5614 1969 5685 Apud

383 5705 748 5762 Garamantas
770 5702 975 5759 fontem
1002 5719 1123 5760 esse
1140 5702 1359 5775 (aiunt),
1382 5703 1456 5758 ita
1478 5704 1743 5776 algentem
1772 5705 1877 5771 die,
1910 5715 1969 5761 ut

384 5810 491 5860 non
503 5798 758 5869 bibatur;
775 5798 852 5857 ita
876 5798 1153 5856 ardentem
1168 5805 1347 5868 nocte,
1359 5806 1420 5854 ut
1431 5813 1539 5856 non
1554 5806 1824 5877 tangatur.
1845 5797 1969 5857 .lam

2073 4609 2177 4663 Per
2206 4624 2400 4677 aquam
2432 4624 2645 4677 quoque
2690 4624 2797 4663 non
2841 4607 3014 4663 solum
3045 4606 3221 4662 ﬂuxus
3247 4606 3648 4663 decurrentium

2074 4700 2412 4769 populorum,
2446 4698 2539 4754 sed
2576 4698 2740 4753 etiam
2764 4699 3028 4755 bonorum
3061 4706 3270 4753 mentes
3307 4696 3430 4751 ﬁdei
3459 4695 3647 4766 praedi-

2074 4800 2320 4847 canieuta
2378 4792 2718 4860 sequentium
2768 4791 3137 4861 designantur,
3193 4790 3334 4844 sicut
3385 4788 3647 4857 propheta

2073 4887 2189 4939 ait:
2221 4884 2372 4937 Beati
2425 4886 2514 4953 qui
2555 4884 2821 4937 seminatis
2857 4899 3009 4952 super
3068 4898 3244 4935 omnes
3300 4897 3465 4951 aquas
3508 4876 3644 4950 (lsa.

2073 4976 2263 5047 xxxii).
2318 4975 2383 5029 Et
2438 4990 2535 5044 per
2580 4972 2923 5027 Psalmistam
2959 4973 3157 5027 dicitur
3204 4989 3216 5024 :
3285 4969 3395 5026 νοω
3438 4970 3649 5023 Domini

2070 5082 2225 5135 super
2276 5081 2440 5135 aquas
2488 5061 2662 5135 (Psul.
2716 5063 2930 5136 xxvm).
2980 5064 3147 5132 Aqua:
3177 5071 3303 5118 sunt
3351 5061 3545 5131 angeli,
3591 5070 3652 5116 ut

2072 5156 2291 5227 quidam
2338 5156 2546 5221 volunt,
2601 5165 2661 5210 ut
2688 5164 2771 5211 est
2810 5154 2939 5210 illud
2962 5154 3154 5225 psalmi
3182 5176 3194 5207 ;
3224 5153 3293 5207 Et
3325 5169 3498 5223 aquae,
3533 5169 3648 5221 qua:

2070 5264 2223 5317 super
2272 5245 2423 5300 caelos
2474 5254 2614 5310 sunt,
2672 5245 2884 5300 laudent
2949 5260 3136 5299 nomen
3172 5243 3420 5309 ,Domini
3474 5240 3643 5313 (Psal.

2072 5337 2313 5407 cxnvm).
2345 5336 2510 5406 Aquae
2530 5344 2715 5406 gentes
2745 5345 2889 5401 sunt,
2914 5344 2974 5390 ut
2994 5337 3048 5390 in
3071 5333 3389 5405 Apocalypsi
3412 5348 3425 5385 :
3448 5333 3611 5402 Aquae
3632 5369 3648 5397 ,

2070 5447 2199 5500 quas
2230 5428 2424 5493 vidisti,
2452 5428 2630 5498 populi
2657 5438 2777 5482 sunt
2806 5437 2852 5482 et
2878 5436 3052 5498 gentes
3078 5426 3261 5497 (Apoc.
3288 5423 3443 5494 xvu).
3469 5422 3645 5491 Aqua,

2073 5520 2331 5575 Dominus
2360 5520 2515 5575 Jesus
2545 5519 2793 5576 Christus
2827 5535 2891 5575 eo
2928 5518 3071 5590 quod
3104 5517 3320 5573 sordida
3361 5516 3560 5576 abluat,
3592 5522 3647 5567 et

2074 5614 2278 5669 reﬁciat
2326 5614 2595 5679 sitientes,
2642 5623 2701 5669 ut
2744 5613 2797 5666 in
2823 5610 3059 5666 Ieremia
3095 5628 3108 5664 :
3153 5609 3240 5663 Me
3263 5606 3649 5677 dereliquerunt

2074 5706 2263 5775 fontem
2324 5722 2473 5777 aqua
2516 5707 2641 5759 viva:
2684 5704 2817 5777 (Jer.
2876 5704 2961 5774 ιι).
3010 5702 3077 5756 Et
3118 5701 3171 5755 in
3196 5697 3447 5769 psalmo:
3498 5693 3649 5749 Sicut

2072 5814 2231 5873 aqua,
2286 5799 2481 5870 eﬁusus
2512 5814 2630 5854 sum
2682 5795 2858 5873 (Psal.
2893 5794 3029 5868 xxx).
3059 5794 3237 5865 Aqua,
3272 5790 3469 5846 ﬂuenta
3508 5786 3648 5845 divi-
