3930 6394
355 393 453 448 511

999 388 1064 446 Β.
1107 390 1367 449 RABANI
1403 390 1626 448 MAURI
1665 391 1984 448 ARCIIIEP.
2028 391 2340 451 MOGUN'I‘.
2381 390 2665 451 OPERUM
2703 393 2882 452 PARS
2919 398 2981 453 II.

3527 398 3653 456 512

355 524 438 565 me
469 507 893 581 prmdicationis,
923 519 984 566 ut
1007 510 1062 567 in
1085 509 1223 567 Isaia
1252 531 1264 567 :
1290 513 1444 567 Dedit
1465 515 1520 570 in
1558 516 1758 570 deserto
1780 534 1944 587 aquas
1971 520 2023 581 Α
2053 524 2376 572 vertuntur:
2408 518 2504 574 sed
2527 528 2674 576 terra
2699 534 2888 576 eorum
2916 520 3257 579 multitudine
3287 539 3397 581 non
3442 525 3653 599 imple-

355 599 491 674 (Isa.
527 602 706 676 XLIII),
730 602 783 657 id
813 610 917 669 est,
951 603 1009 659 in
1037 604 1254 674 populo.
1298 605 1476 676 Aqua,
1509 617 1818 664 sanctorum
1850 611 1944 665 oh—

352 708 514 748 scura
541 692 879 763 praedicatio,
915 704 975 750 ut
1008 695 1064 749 in
1090 694 1306 751 Psalmo
1346 716 1357 751 :
1409 697 1700 754 Tenebrosa
1726 717 1864 770 aqua
1889 702 1944 755 in

354 785 575 840 nubibus
621 787 759 840 aeris
804 785 978 858 (Psal.
1027 787 1183 858 xvu).
1222 787 1290 842 Et
1317 787 1445 842 alibi
1484 808 1496 842 :
1530 792 1573 844 Α
1611 789 1945 845 multitudine

351 875 556 931 sonitus
624 893 885 947 aquarum
962 893 1137 933 uocem
1200 879 1457 934 dederunt
1517 882 1676 935 nubes
1765 879 1940 954 (Psal.

351 967 559 1041 Lxxw).
585 969 741 1040 Aqua
771 969 1093 1041 baptismus,
1131 980 1190 1026 ut
1227 971 1282 1026 in
1310 971 1449 1028 Isaia
1482 991 1492 1025 :
1530 974 1723 1029 Omnes
1756 975 1942 1028 sitien-

350 1072 424 1117 tes
447 1063 612 1118 venite
632 1063 701 1117 ad
730 1081 895 1135 aquas
919 1063 1058 1136 (Isa.
1083 1063 1195 1137 ιν).
1225 1065 1293 1121 Ει
1315 1065 1368 1120 in
1394 1066 1678 1124 Ezechiele
1706 1082 1721 1120 :
1751 1066 1944 1138 Effun-

349 1159 475 1213 dam
499 1175 656 1230 super
683 1176 771 1216 vos
801 1176 994 1231 aquam
1024 1160 1277 1220 mundam
1305 1161 1524 1230 (Ezech.
1564 1161 1774 1232 xxxvr).
1811 1162 1945 1217 Item

349 1251 425 1306 ibi
479 1271 493 1306 :
556 1252 627 1307 Et
689 1270 805 1309 ecce
854 1270 993 1326 aqua
1031 1255 1096 1310 de
1148 1254 1310 1312 latere
1365 1259 1546 1312 dextro
1583 1258 1945 1328 egrediebatur

349 1343 567 1413 (Ezeclt.
623 1345 816 1418 xnvn),
873 1347 929 1404 id
973 1355 1079 1414 est,
1110 1347 1322 1404 Domini
1368 1347 1494 1404 Jesu
1519 1348 1744 1404 Christi.
1789 1349 1943 1420 Aqua

347 1435 537 1493 effusio
578 1438 976 1512 Iacrymarum,
1023 1450 1086 1496 ut
1139 1442 1358 1511 quidam
1404 1442 1592 1497 volunt
1631 1461 1643 1497 :
1698 1441 1756 1496 Si
1805 1443 1942 1496 lotus

347 1530 498 1599 fuero
541 1534 695 1604 quasi
735 1535 885 1604 aquis
941 1535 1074 1590 nivis
1129 1535 1272 1607 (Job.
1331 1535 1428 1607 ιχ).
1489 1535 1643 1607 Aqua
1695 1536 1940 1592 doctrina

341 1618 499 1691 justi,
535 1632 595 1678 ut
634 1623 688 1678 in
725 1623 1017 1682 Salomone
1047 1643 1062 1680 :
1090 1609 1241 1698 Aqua
1269 1626 1535 1698 profunda
1576 1626 1730 1680 verba
1765 1643 1830 1680 ea:
1852 1641 1943 1681 ore

345 1714 446 1767 viri
494 1713 675 1787 (Prov.
708 1715 890 1788 xvm).
932 1717 1066 1773 Item
1099 1719 1174 1774 ibi
1221 1738 1233 1773 :
1277 1719 1405 1773 Bibe
1437 1724 1628 1790 aquam
1654 1719 1720 1773 de
1749 1728 1841 1774 tua
1869 1719 1943 1773 ci-

345 1815 522 1859 sterna
564 1803 747 1878 (Prov.
777 1807 854 1877 v).
886 1808 1044 1877 Aqua
1082 1809 1323 1863 charitas
1352 1824 1381 1862 a
1410 1809 1736 1879 quibusdam
1778 1817 1940 1880 puta—

2053 613 2158 660 tur.

2577 700 2888 760 CAPUT
2952 703 3104 758 III.

2658 793 2737 847 De
2793 793 3026 850 Oceano.

2119 881 2392 939 Oceanum
2437 883 2614 940 Graeci
2643 893 2697 940 et
2731 885 2911 942 Latini
2938 887 3060 943 ideo
3089 887 3373 944 nominant
3398 903 3463 946 eo
3490 888 3654 960 quod

2047 975 2102 1029 in
2135 974 2322 1062 circuli
2354 976 2512 1031 modo
2538 978 2741 1033 ambiat
2765 979 2975 1035 orbem.
3005 979 3136 1036 Item
3187 981 3316 1065 quia
3342 991 3404 1037 ut
3433 982 3649 1038 caelum

2046 1053 2319 1139 purpureo
2365 1068 2545 1124 colore
2596 1070 2732 1125 nitet
2780 1085 2796 1124 :
2847 1069 3117 1138 Oceanus,
3173 1054 3330 1142 quasi
3378 1089 3647 1145 cyaneos.

2045 1154 2154 1212 Iste
2181 1165 2284 1223 est,
2322 1158 2414 1228 qui
2443 1173 2569 1214 oras
2597 1168 2867 1215 terrarum
2896 1161 3262 1231 amplectitur,
3305 1164 3654 1235 alternisque

2046 1250 2266 1306 aestibus
2309 1253 2518 1307 accedit
2567 1260 2729 1322 atque
2757 1253 2982 1309 recedit.
3028 1254 3444 1326 Respirantibus
3492 1257 3650 1312 enim

2046 1340 2101 1395 in
2137 1341 2464 1411 profundum
2508 1343 2707 1410 ventis,
2757 1352 2853 1400 aut
2897 1355 3141 1402 removet
3186 1350 3380 1412 maria,
3431 1356 3527 1403 aut
3554 1362 3652 1406 re-

2045 1431 2248 1490 sorbet.

2649 1527 2878 1585 CAPUT
2916 1528 3008 1585 IV.

2578 1619 2657 1675 De
2694 1620 3100 1676 Mediterraneo.

2116 1709 2263 1766 Mare
2285 1709 2536 1781 Magnum
2557 1719 2661 1777 est,
2691 1711 2832 1781 quod
2854 1711 2922 1765 ab
2946 1725 3142 1766 occasu
3165 1727 3233 1766 ex
3260 1711 3477 1770 Oceano
3498 1712 3645 1781 ﬂuit;

2045 1813 2101 1859 et
2124 1803 2180 1858 in
2206 1803 2488 1859 meridiem
2523 1805 2718 1875 vergit,
2748 1805 2942 1860 deinde
2971 1806 3038 1860 ad
3064 1808 3496 1876 septentrionem
3523 1817 3648 1865 ten-

345 1905 454 1962 tur,
487 1906 546 1951 ut
573 1896 627 1950 in
653 1897 861 1968 psalmo
888 1916 900 1952 :
931 1898 1035 1964 Qui
1063 1900 1184 1970 tegit
1211 1901 1266 1954 in
1297 1901 1447 1972 aquis
1477 1903 1751 1972 superiora
1798 1901 1941 1971 ejus-
1969 1882 2017 1941 Β
2045 1895 2142 1950 dit.
2171 1894 2325 1962 Quod
2352 1895 2477 1950 inde
2507 1895 2760 1967 Magnum
2785 1896 3109 1966 appellatur,
3139 1899 3267 1969 quia
3291 1908 3489 1955 caztera
3519 1915 3646 1956 ma-

345 1987 463 2042 dem
493 1988 667 2060 (Psal.
699 1989 842 2062 cm),
871 1991 1069 2045 coelum
1113 1991 1307 2046 divinae
1329 1991 1649 2060 Scripturae,
1694 1993 1822 2061 quia
1857 2008 1942 2048 se-

345 2080 581 2136 cundum
609 2080 961 2152 Evangelium
988 2082 1040 2135 in
1087 2083 1296 2136 duobus
1334 2084 1616 2151 praeceptis
1661 2083 1942 2138 charitatis

345 2180 458 2228 tota
491 2173 578 2229 lex
618 2175 817 2244 pendet
861 2182 917 2230 et
956 2174 1259 2245 PrOphetae.
1306 2165 1475 2246 Aquae
1530 2179 1940 2247 persecutiones

344 2263 505 2334 hujus
545 2264 756 2329 mundi,
784 2271 845 2319 ut
872 2264 928 2318 in
951 2262 1052 2320 Job
1083 2283 1096 2319 :
1133 2263 1391 2336 Nunquid
1417 2264 1640 2321 elevabis
1668 2269 1724 2322 in
1749 2269 1940 2323 nebula

344 2372 538 2421 vocem,
565 2366 614 2410 et
640 2357 864 2424 impetus
909 2373 1168 2427 aquarum
1198 2359 1393 2428 aperiet
1431 2368 1478 2412 te
1511 2357 1654 2428 (Job.
1683 2361 1934 2432 xxxviii).

342 2447 532 2514 Aqme,
561 2447 942 2516 temptationes
971 2447 1191 2513 diaboli,
1223 2458 1282 2501 ut
1332 2449 1387 2503 in
1419 2448 1633 2504 Psalmo
1663 2469 1676 2504 :
1708 2449 1938 2505 Probavi

342 2547 391 2590 te
438 2537 506 2590 ad
562 2554 728 2608 aquas
769 2537 1198 2591 contradictiouis
1223 2535 1396 2608 (Psal.
1437 2539 1621 2609 Lxxx).
1651 2539 1819 2609 Aqua:
1843 2541 1940 2595 ba-

341 2629 603 2697 ptismum
622 2629 1027 2694 haereticorum,
1049 2637 1110 2683 ut
1141 2629 1194 2683 in
1218 2629 1484 2684 Psalterio
1516 2649 1528 2684 :
1560 2629 1745 2685 Libera
1770 2649 1850 2685 me
1873 2632 1937 2686 de

344 2723 496 2793 aquis
529 2721 709 2776 multis
739 2709 912 2793 (P'sal.
938 2722 1149 2795 cxuu).
1196 2723 1363 2794 Aqua:
1399 2724 1772 2796 multiplicatio
1811 2741 1937 2796 pec-

342 2824 607 2878 catorum,
660 2821 719 2866 ut
766 2814 817 2868 in
859 2814 1125 2871 Psalterio
1159 2833 1171 2870 :
1214 2815 1360 2870 Misit
1402 2834 1466 2871 ea:
1492 2818 1620 2883 alto,
1664 2829 1710 2872 et
1739 2820 1936 2888 accepit

345 2921 446 2972 me,
495 2915 543 2957 et
580 2905 860 2976 assumpsit
903 2924 986 2960 me
1009 2907 1073 2960 de
1101 2908 1437 2962 multitudine
1473 2925 1734 2979 aquarum
1759 2907 1932 2978 (Psal.

345 2995 501 3065 xvn).
543 2995 718 3065 Aqua,
748 2995 941 3066 dogma
969 2997 1368 3064 haereticorum,
1409 3008 1468 3056 ut
1497 3000 1549 3054 in
1597 3000 1886 3057 Salomone
1918 3020 1931 3055 :

345 3091 508 3162 Aqua:
538 3092 746 3160 furtivw
782 3092 1043 3148 dulciores
1079 3104 1199 3148 sunt
1231 3093 1412 3164 (Prov.
1445 3094 1544 3166 lx).
1576 3095 1643 3149 Et
1666 3095 1719 3149 in
1749 3094 1887 3150 Isaia
1919 3114 1932 3150 :

344 3181 620 3254 Caupones
673 3187 749 3239 tui
798 3186 1015 3241 miscent
1060 3205 1251 3258 aquam
1297 3189 1414 3243 uino
1469 3188 1603 3259 (Isa.
1654 3189 1716 3259 ι).
1754 3190 1934 3259 Aqua,

345 3275 700 3329 immoderata
741 3275 963 3343 locutio,
999 3285 1058 3331 ut
1106 3278 1159 3331 in
1204 3277 1492 3333 Salomone
1525 3297 1537 3332 :
1573 3279 1678 3344 Qui
1718 3280 1936 3333 dimittit

343 3381 557 3435 aquam,
589 3367 641 3420 id
673 3377 775 3432 est,
815 3367 1074 3436 linguam,
1106 3379 1261 3438 caput
1291 3378 1365 3422 est
1396 3369 1703 3438 jurgiorum
1749 3368 1929 3435 (Prov.

343 3455 501 3525 xvu).
527 3455 683 3525 Aqua
728 3445 942 3511 luxuria
974 3458 1176 3522 carnis,
1209 3466 1270 3511 ut
1297 3459 1353 3511 in
1382 3455 1671 3513 Salomone
1707 3476 1717 3511 :
1750 3457 1932 3524 Terra,

341 3565 458 3618 qua:
505 3567 608 3603 non
659 3551 940 3605 satiabitur
987 3569 1124 3622 aqua
1158 3549 1342 3624 (Prov.
1393 3553 1546 3622 xxx),
1581 3553 1634 3606 id
1671 3562 1775 3619 est,
1806 3570 1934 3610 caro

343 3639 602 3705 hominis,
627 3656 749 3710 quae
779 3655 888 3698 non
921 3641 1169 3712 expletur
1197 3642 1432 3696 luxuria.
1457 3643 1526 3698 Et
1565 3645 1617 3698 in
1643 3644 1934 3716 Evangelio

344 3750 440 3801 pro
477 3737 711 3803 quodam
761 3736 998 3793 lunatico
1025 3738 1224 3793 dicitur
1256 3757 1266 3790 :
1298 3736 1447 3807 Swpe
1473 3737 1612 3791 cadit
1655 3739 1709 3790 in
1737 3739 1931 3807 ignem,

342 3825 521 3878 crebro
555 3835 725 3881 autem
757 3829 812 3883 in
863 3845 1057 3899 aquam
1090 3828 1305 3900 (Matth.
1336 3827 1490 3900 xvu).

930 3955 1226 4014 CAPUT
1265 3957 1338 4012 II.

1006 4072 1084 4126 De
1112 4072 1247 4125 mari
1254 4110 1268 4123 .

409 4185 556 4241 Mare
583 4195 665 4240 est
689 4201 954 4256 aquarum
975 4185 1245 4255 generalis
1271 4184 1516 4241 collectio
1545 4203 1557 4238 :
1583 4185 1762 4242 omnis
1788 4187 1933 4241 enim

337 4277 688 4346 congregatio
717 4291 1004 4345 aquarum,
1041 4277 1157 4332 sive
1197 4277 1372 4342 salsae,
1415 4275 1530 4332 sive
1565 4276 1771 4341 dulces,
1803 4275 1934 4330 abu-

339 4368 452 4422 sive
467 4368 635 4421 maria
653 4377 1036 4435 nuncupantur
1049 4409 1063 4432 ,
1074 4369 1229 4438 juxta
1247 4368 1375 4424 illud
1396 4387 1407 4421 :
1425 4368 1496 4422 Et
1509 4367 1934 4438 congregatione:

338 4475 599 4528 aquarum
620 4457 818 4512 vocavit
840 4459 1011 4512 maria
1036 4457 1185 4529 (Gen.
1213 4460 1273 4530 ι).
1315 4459 1542 4529 Proprie
1575 4468 1756 4513 autem
1783 4473 1934 4514 mare

2046 1988 2126 2041 ri'a
2157 1987 2212 2041 in
2237 1987 2642 2056 comparatione
2667 1988 2783 2058 ejus
2813 1979 3024 2043 minora
3046 1996 3193 2044 sunt.
3217 1988 3366 2044 Istud
3392 1997 3449 2045 et
3467 1989 3645 2046 Medi-

2044 2088 2378 2143 terraneum,
2405 2079 2533 2149 quia
2551 2093 2649 2148 per
2676 2079 2910 2133 mediam
2934 2087 3138 2135 terram
3159 2094 3333 2150 usque
3354 2079 3424 2135 ad
3447 2079 3646 2135 Orien-

2044 2178 2150 2222 tem
2201 2167 2564 2238 profunditur,
2621 2168 2895 2240 Europam
2947 2179 3003 2225 et
3049 2169 3292 2226 Africam
3345 2170 3645 2241 Asiamque

2043 2259 2448 2314 disterminans.

2668 2349 2898 2408 CAPUT
2935 2349 3003 2405 ν.

2595 2440 2675 2497 De
2709 2441 2888 2496 Rubro
2920 2441 3078 2497 mari.

2111 2534 2358 2588 Rubrum
2409 2542 2590 2588 autem
2619 2549 2769 2588 mare
2811 2542 3062 2589 vocatum
3102 2547 3168 2589 eo
3194 2533 3340 2604 quod
3365 2533 3437 2589 sit
3461 2533 3637 2590 roseis

2040 2626 2198 2680 undis
2237 2626 2516 2681 infectum.
2549 2624 2666 2680 Non
2716 2634 2897 2680 tamen
2934 2625 3098 2681 talem
3150 2634 3400 2681 naturam
3445 2626 3635 2694 habet,

2040 2717 2254 2786 qualem
2283 2717 2498 2772 videtur
2529 2717 2817 2772 ostendere
2850 2735 2863 2771 :
2894 2717 2988 2771 sed
3019 2717 3212 2773 vicinis
3241 2717 3517 2774 littoribus
3543 2717 3633 2771 vi-

2040 2809 2206 2862 tiatur
2253 2824 2448 2879 gurges
2508 2817 2670 2879 atque
2718 2809 2986 2876 inlicitur;
3049 2811 3177 2882 quia
3233 2812 3412 2867 omnis
3460 2818 3631 2879 terra,

2039 2916 2159 2970 quae
2183 2901 2498 2956 circumstat
2526 2902 2737 2972 pelago,
2786 2901 2951 2956 rubra
2982 2910 3086 2968 est,
3117 2910 3173 2957 et
3203 2903 3506 2973 sanguineo
3534 2917 3630 2959 co-

2038 2991 2141 3047 lori
2187 2992 2433 3061 proxima
2464 3007 2478 3046 :
2509 2993 2738 3064 ideoque
2797 2993 2919 3048 inde
2972 2993 3198 3048 minium
3253 2993 3630 3063 acutissimum

2039 3081 2301 3146 cernitur,
2348 3089 2403 3136 et
2446 3081 2535 3136 alii
2563 3082 2792 3149 colores,
2847 3083 3042 3152 quibus
3089 3084 3302 3154 pictura
3362 3084 3628 3139 variatur.

2042 3172 2183 3243 Ergo
2196 3188 2320 3227 cum
2342 3180 2486 3226 terra
2511 3174 2711 3228 habeat
2726 3183 2998 3239 naturam,
3022 3173 3276 3229 fluctibus
3303 3174 3534 3229 subinde
3551 3175 3632 3230 di-

2042 3263 2226 3330 luitur,
2244 3273 2298 3319 et
2312 3265 2570 3335 quidquid
2595 3266 2853 3320 adhesum
2873 3265 2991 3337 (sic)
3008 3274 3110 3332 est,
3139 3267 3194 3321 in
3209 3267 3444 3324 colorem
3461 3267 3626 3323 cadit.

2040 3353 2120 3411 0b
2161 3354 2263 3408 hoc
2292 3355 2458 3409 etiam
2510 3356 2562 3409 in
2608 3356 2695 3411 his
2718 3354 2992 3411 littoribus
3021 3371 3248 3427 gemma:
3272 3357 3454 3413 rubrae
3480 3359 3628 3414 inve-

2039 3447 2280 3500 niuntur.
2317 3445 2556 3517 Lapillus
2600 3446 2746 3500 enim
2797 3445 3059 3515 ejusmodi
3118 3447 3282 3502 humo
3329 3447 3630 3516 involutus,

2038 3553 2162 3592 cum
2188 3539 2333 3592 inter
2371 3553 2564 3592 arenas
2600 3540 2816 3594 attritus
2861 3548 2961 3604 est,
2989 3549 3045 3594 et
3067 3548 3224 3594 teme
3259 3539 3496 3595 colorem
3523 3542 3621 3596 ha-

2037 3628 2150 3694 bet,
2194 3636 2250 3681 et
2275 3629 2461 3683 maris.
2495 3627 2608 3684 Hoc
2634 3644 2783 3683 mare
2815 3629 2868 3683 iu
2896 3631 3030 3685 duos
3057 3630 3208 3686 sinus
3237 3629 3506 3686 scinditur
3537 3638 3629 3688 :et

2037 3718 2102 3781 is,
2156 3720 2248 3789 qui
2289 3720 2357 3774 ab
2407 3719 2627 3775 Oriente
2677 3729 2779 3785 est,
2825 3720 3076 3776 Persicus
3117 3721 3444 3792 appellatur,
3488 3723 3626 3792 ‘quia

2037 3824 2190 3864 oram
2234 3810 2377 3865 illius
2407 3809 2585 3867 Persa}
2631 3812 2964 3878 inhabitant;
3000 3813 3139 3867 alter
3183 3827 3316 3868 vero
3351 3813 3622 3871 Arabicus

2036 3902 2255 3968 dicitur,
2307 3903 2452 3973 quod
2499 3904 2571 3960 sit
2597 3904 2742 3960 circa
2766 3905 3043 3960 Arabiam.
3071 3904 3219 3961 Mare
3257 3914 3439 3962 autem
3465 3909 3623 3980 juxta

2036 3996 2350 4068 allegoriam
2373 4006 2466 4052 aut
2492 3998 2824 4068 baptismum
2853 3999 3143 4070 signiﬁcat,
3175 4009 3268 4055 aut
3289 4001 3632 4059 mundanam

2035 4088 2381 4159 sapientiam,
2441 4099 2536 4144 aut
2585 4090 2840 4146 sceculum
2887 4107 3128 4161 praesens
3182 4100 3419 4148 aestuans
3465 4093 3626 4151 undis

2034 4183 2495 4251 persecutionum,
2549 4191 2643 4236 aut
2693 4191 3010 4252 peccatores
3059 4181 3310 4239 ﬂuctibus
3365 4183 3625 4238 vitiorum

2036 4276 2445 4332 tumultuantes.
2498 4276 2635 4330 Nam
2668 4293 2816 4332 mare
2861 4277 3195 4348 Baptismum
3223 4278 3518 4347 signiﬁcat,
3567 4288 3626 4335 ut

2035 4376 2118 4422 est
2171 4367 2299 4422 illud
2325 4367 2567 4437 Apostoli
2603 4382 2616 4420 :
2652 4367 2845 4422 Omnes
2875 4368 3128 4437 baptizati
3159 4377 3280 4421 sunt
3308 4368 3363 4421 in
3412 4370 3546 4424 nube
3574 4379 3620 4425 et

2033 4464 2090 4517 in
2122 4463 2258 4515 mari
2300 4461 2352 4532 (ι
2387 4459 2508 4514 Cor.
2541 4461 2628 4529 x);
2656 4461 2747 4514 ubi
2770 4475 2930 4515 verus
2959 4460 3170 4516 Pharao
3214 4475 3338 4515 cum
3379 4462 3622 4517 exercitu

339 4548 665 4619 appellatum
707 4563 772 4603 eo
799 4550 941 4618 quod
970 4564 1123 4617 aquae
1150 4550 1267 4620 ejus
1297 4564 1496 4604 amara:
1531 4552 1657 4604 sint.
1684 4548 1810 4604 Ideo
1835 4564 1931 4603 au-
1955 4587 2008 4646 Β
2035 4567 2132 4607 suo
2174 4552 2558 4621 submergitur,
2614 4560 2670 4606 et
2710 4567 2871 4606 verus
2917 4551 3160 4606 Israelita
3195 4568 3224 4606 a
3258 4565 3623 4622 persequente

338 4651 448 4695 tem
481 4656 633 4694 mare
664 4641 1056 4694 incrementum
1086 4656 1193 4695 non
1222 4653 1432 4710 capere,
1465 4656 1589 4695 cum
1617 4641 1800 4694 omnia
1830 4639 1929 4694 ﬂu-

338 4732 505 4796 mina,
547 4745 735 4784 omnes
767 4731 941 4784 fontes
986 4731 1230 4801 recipiat;
1265 4731 1381 4786 haec
1411 4745 1574 4792 causa
1599 4738 1704 4796 est,
1736 4745 1926 4798 parum
1961 4787 1964 4790 ί

343 4823 625 4896 [primum]
649 4824 794 4894 quod
821 4823 1106 4877 iulluentes
1129 4822 1302 4877 undas
1332 4823 1445 4891 ipsa
1470 4821 1785 4893 magnitudo
1813 4817 1926 4888 ejus

341 4933 448 4972 non
496 4918 697 4973 sentiat
732 4936 742 4970 :
777 4918 990 4983 deinde,
1024 4918 1149 4988 quia
1190 4932 1373 4972 amara
1397 4931 1535 4986 aqua
1557 4915 1714 4970 dulce
1751 4913 1924 4967 llueu-

339 5020 455 5064 tum
499 5020 839 5065 consummat
895 5029 908 5065 :
965 5010 1048 5064 vel
1091 5011 1232 5080 quod
1286 5011 1416 5080 ipsa:
1471 5009 1642 5064 nubes
1693 5006 1921 5062 multum

342 5117 606 5172 aquarum
657 5102 725 5155 ad
782 5116 840 5155 se
877 5103 1098 5155 trahant
1153 5120 1164 5154 :
1216 5102 1327 5156 sive
1356 5100 1500 5169 quod
1538 5098 1686 5152 illam
1723 5096 1926 5168 partim

341 5193 591 5246 auferant
612 5193 780 5255 venti,
799 5192 994 5261 partim
1023 5191 1102 5246 sol
1124 5193 1392 5246 exsiccet:
1413 5199 1761 5262 postremum,
1781 5189 1926 5259 quod

339 5298 435 5351 per
463 5283 674 5337 occulta
715 5283 962 5352 quaedam
995 5290 1151 5337 terra:
1187 5281 1451 5337 foramina
1504 5282 1836 5351 percolatur,
1872 5286 1925 5332 et

342 5375 408 5426 ad
461 5383 624 5442 caput
675 5374 917 5428 omnium
962 5372 1244 5443 fontesque
1301 5372 1600 5427 revolutum
1654 5381 1917 5442 recurrat.

343 5466 480 5520 IIinc
514 5477 566 5519 et
593 5469 646 5521 in
669 5468 896 5523 ecclesia
927 5468 1186 5536 scriptum
1215 5474 1299 5521 est
1328 5486 1339 5519 :
1372 5464 1565 5519 Omnia
1586 5466 1808 5534 ﬂumina
1834 5464 1919 5517 in-

341 5565 484 5608 trant
510 5558 563 5608 in
587 5573 750 5620 mare,
777 5566 822 5610 et
847 5573 990 5611 mare
1013 5574 1114 5610 non
1156 5557 1412 5610 redundat
1437 5569 1455 5608 .'
1479 5555 1547 5608 ad
1582 5554 1751 5609 locum
1784 5555 1922 5608 unde

341 5657 528 5703 exeunt
551 5649 771 5715 [Iuntina
797 5659 1142 5713 revertuntur,
1167 5659 1222 5703 ut
1238 5650 1424 5702 iterum
1445 5649 1613 5717 ﬂuant
1633 5647 1830 5716 (Eccle.
1857 5645 1918 5716 ι).

344 5735 447 5794 Ubi
477 5738 845 5806 metaphorice
872 5753 1024 5807 aqua:
1073 5739 1288 5793 nomine
1319 5749 1373 5792 et
1413 5737 1633 5790 ﬂumina
1673 5735 1921 5791 homines

347 5828 736 5891 intelliguntur,
769 5829 858 5894 qui
905 5831 958 5885 in
1000 5837 1226 5894 terram,
1255 5831 1396 5883 unde
1427 5829 1625 5897 sumpti
1651 5836 1802 5894 sunt,
1837 5842 1921 5879 rc-

2035 4641 2188 4696 hoste
2217 4640 2500 4696 liberatur.
2547 4639 2678 4695 Item
2710 4656 2860 4695 mare
2898 4641 3224 4710 baptismum
3269 4642 3540 4712 signiﬁcat
3563 4645 3619 4699 in

2031 4732 2352 4802 Apocalypsi
2394 4750 2407 4786 :
2455 4732 2523 4786 Et
2567 4743 2687 4786 ante
2719 4733 2891 4787 sedem
2917 4742 3166 4804 tanquam
3212 4751 3356 4787 mare
3400 4738 3618 4791 vitreum

2032 4824 2218 4894 (Apoc.
2253 4824 2350 4894 iv).
2383 4822 2555 4892 Hujus
2607 4824 2857 4892 baptismi
2889 4839 3037 4878 mare
3065 4824 3193 4878 illud
3223 4820 3617 4898 aereum'ligu-

2032 4931 2148 4968 ram
2186 4915 2394 4970 habuit.
2422 4915 2575 4982 Quod
2606 4916 2864 4971 Salomon
2894 4918 2948 4971 in
2992 4919 3191 4988 templo
3216 4917 3429 4974 Domini
3465 4920 3611 4975 lecit.

2028 5006 2158 5060 Item
2188 5021 2338 5061 mare
2367 5005 2647 5075 Scriptura
2678 5007 2857 5061 divina
2881 5017 2963 5062 est
3011 5017 3231 5078 prOpter
3260 5009 3614 5065 inaestimabi-

2037 5096 2139 5150 lem
2161 5097 2276 5168 ejus
2298 5097 2597 5163 scientiam,
2627 5097 2760 5150 utin
2797 5097 3077 5153 Ezechiele
3109 5117 3121 5151 :
3158 5097 3224 5151 Et
3251 5099 3377 5153 visio
3403 5117 3608 5166 earum,

2036 5187 2087 5241 id
2131 5197 2236 5252 est,
2290 5197 2553 5252 rotarum,
2603 5188 2737 5241 sicut
2766 5188 2894 5241 visio
2946 5190 3104 5242 maris
3136 5188 3351 5260 (Ezech.
3387 5190 3446 5263 ι),
3475 5192 3605 5246 Item

2033 5295 2182 5335 mare
2209 5277 2504 5344 Orientale,
2537 5280 2764 5348 populus
2807 5280 3110 5335 .Iudaeorum
3140 5301 3151 5334 :
3190 5297 3341 5336 mare
3377 5284 3602 5340 novissi-

2031 5384 2197 5434 mum,
2247 5369 2472 5440 populus
2511 5369 2771 5438 gentium.
2812 5370 2962 5424 Unde
2992 5371 3188 5440 legitur
3233 5371 3287 5425 in
3319 5373 3600 5443 Zacharia,

2028 5460 2170 5528 quod
2229 5469 2447 5528 propter
2499 5473 2694 5527 aquam
2742 5461 2993 5530 baptismi
3046 5461 3242 5515 dicitur
3301 5481 3314 5517 :
3369 5464 3602 5522 Medium

2026 5567 2206 5604 earum
2265 5551 2334 5602 ad
2354 5566 2496 5603 mare
2525 5553 2857 5604 novissimum
2887 5550 3068 5621 (Zaclt.
3108 5552 3240 5623 xxv).
3283 5552 3416 5608 Nam
3455 5571 3603 5612 mare

2026 5641 2349 5695 mundanam
2407 5642 2726 5710 sapientiam
2778 5642 3042 5710 designat,
3097 5653 3157 5696 ut
3209 5654 3292 5699 est
3355 5645 3484 5702 illud
3543 5649 3599 5705 in

2025 5731 2238 5786 Psalmo
2271 5751 2283 5785 :
2336 5730 2580 5785 Volucres
2616 5732 2748 5796 caeli,
2776 5743 2823 5785 et
2869 5734 3032 5801 pisces
3066 5737 3245 5801 maris,
3281 5739 3370 5807 qui
3397 5755 3600 5808 peram-

2029 5823 2207 5877 buluut
2247 5823 2456 5876 semitas
2488 5824 2648 5876 maris
2681 5821 2849 5892 (Psal.
2878 5825 3016 5893 vui).
3049 5824 3232 5882 Pisces
3272 5841 3401 5883 vero
3432 5829 3599 5884 maris
