3930 6384
213 426 315 482 513

1206 419 1297 475 DE
1334 413 1681 475 UNIVERSO
1718 413 1897 471 LIBRI
1936 404 2115 470 ΧΧΙΙ(
2137 444 2207 456 --
2242 415 2371 471 LIB.
2412 416 2502 472 XI.

3358 427 3460 483 5H

210 536 563 611 philosophos
604 536 832 592 fortasse
867 536 1192 609 signiﬁcant,
1240 534 1332 602 qui
1387 532 1545 601 hujus
1604 529 1787 584 mundi
1814 530 1945 593 Ain
1994 531 2170 586 medio
2201 535 2400 589 mundo
2454 535 2556 589 sita
2599 550 2718 591 esse
2766 537 2995 591 dicatur.
3046 535 3200 591 Unde
3246 541 3298 593 in
3326 539 3465 600 libro

210 636 459 682 naturam
482 627 719 682 erratica
750 628 1063 683 curiositate
1096 631 1449 694 pertractant.
1477 621 1614 676 Nam
1648 620 1788 676 sicut

207 717 301 781 illi,
333 716 516 786 posita
549 715 746 783 fronte,
783 716 977 772 itinera
1000 715 1101 770 sibi
1140 700 1398 778 rcSerant,
1430 710 1604 782 pelagi
1631 710 1789 765 inun-

204 807 421 863 da‘tione
440 806 667 863 confusa
700 826 712 861 :
739 808 813 862 ita
842 816 899 862 et
925 807 1015 862 isti
1042 806 1279 877 capiunt,
1334 812 1449 859 rete
1486 803 1669 868 misso,
1694 816 1787 857 ve-

206 912 302 953 nas
335 912 526 953 rorum
577 898 790 954 ratione
818 898 1056 952 humana
1092 896 1307 952 assiduo
1339 894 1526 948 labare
1568 891 1786 962 perqui-

202 986 388 1041 rendo.
437 985 551 1042 Sed
577 1002 699 1043 cum
726 987 835 1041 sint
856 985 1031 1056 pisces
1062 993 1116 1041 et
1149 984 1450 1047 ﬂuminum,
1476 998 1583 1037 non
1605 989 1781 1048 vacat,

202 1078 341 1147 quod
363 1078 454 1133 hic
476 1080 689 1149 posuit,
725 1080 910 1144 maris,
932 1088 1153 1149 propter
1175 1091 1269 1131 eos
1294 1076 1385 1145 qui
1408 1075 1510 1131 sibi
1533 1074 1784 1129 videntur

198 1184 320 1225 esse
346 1172 649 1241 sapientes.
680 1171 813 1226 Item
852 1187 1002 1227 mare
1027 1186 1265 1241 przesens
1292 1169 1547 1225 saeculum
1573 1168 1779 1240 signiﬁ-

198 1268 304 1326 cat,
335 1270 397 1315 ut
416 1270 505 1315 est
527 1261 657 1316 illud
687 1263 739 1316 in
770 1262 1058 1333 Evangelia
1086 1276 1101 1315 :
1134 1260 1319 1317 Simile
1338 1269 1413 1314 est
1438 1276 1651 1330 regnum
1684 1276 1781 1314 cae-

197 1352 365 1407 lorum
393 1371 607 1423 sugente
634 1356 806 1410 missa
833 1355 887 1409 in
916 1372 1060 1409 mare
1089 1353 1303 1426 (Matth.
1340 1350 1491 1424 xm);
1526 1352 1577 1406 in
1604 1351 1781 1406 Haba-

198 1456 292 1497 cue
322 1460 337 1495 :
364 1442 568 1497 Misisti
606 1461 762 1515 equos
793 1454 910 1519 tuos
962 1446 1019 1498 in
1062 1461 1227 1509 mare,
1259 1445 1314 1499 id
1356 1452 1458 1507 est,
1488 1442 1774 1512 apostolos,

194 1531 457 1586 turbantes
513 1550 678 1603 aquas
721 1533 915 1587 multas
943 1532 1170 1603 (Habac.
1215 1532 1319 1605 Ill),
1354 1531 1407 1587 id
1435 1542 1536 1598 est,
1566 1540 1775 1603 gentes.

193 1619 319 1673 Item
349 1636 507 1675 mare
530 1623 829 1687 desertum,
859 1637 1098 1692 praesens
1120 1624 1348 1678 mundus
1378 1634 1480 1677 est.
1511 1622 1569 1676 In
1595 1622 1732 1678 Isaia
1760 1641 1773 1676 :

194 1706 335 1762 Onus
360 1711 531 1764 maris
556 1703 746 1765 deserii
770 1712 905 1781 (Isa.
929 1712 1064 1784 xiii).
1098 1712 1333 1768 Rursum
1359 1729 1507 1768 mare
1535 1714 1775 1785 gentium

190 1800 415 1869 populus
444 1811 555 1869 est,
596 1812 656 1857 ut
690 1804 745 1857 in
774 1803 1040 1860 Psalterio
1068 1820 1082 1859 :
1119 1802 1405 1875 Propterea
1441 1821 1545 1858 non
1573 1805 1773 1859 timebi-

1891 621 2073 677 Esdrae
2102 637 2201 693 pro
2230 621 2507 681 Salvatore
2545 626 2745 681 dicitur
2772 642 2786 680 :
2819 626 2940 683 Vidi
2972 627 3141 681 virum
3173 631 3465 688 ascenden-

1890 721 1989 765 tem
2044 713 2108 767 de
2160 714 2314 768 corde
2371 718 2532 771 maris
2585 715 2693 789 (IV
2745 717 2904 772 Esdr.
2941 718 3083 789 xui).
3118 719 3186 774 Et
3237 722 3293 776 in
3328 723 3463 783 Eze-

1888 798 2093 856 chiele:
2129 802 2173 855 0
2206 801 2357 872 Tyre,
2403 821 2519 874 qua:
2561 807 2663 879 sita
2700 823 2753 861 es
2784 808 2840 860 in
2863 808 3018 861 corde
3059 809 3217 864 maris
3245 810 3463 883 (Ezech.

1887 892 2080 964 xxvii).
2116 892 2448 950 Profundum
2495 896 2660 953 maris
2697 898 3030 967 sempiterna
3075 899 3369 967 damnatio,
3407 911 3467 957 ut

1886 983 1941 1038 in
1988 986 2277 1057 Evangelia
2312 1005 2324 1040 :
2356 985 2579 1058 Expedit
2624 991 2672 1043 ei
2714 999 2770 1042 ut
2802 990 3153 1061 suspendatur
3188 992 3327 1046 mola
3360 996 3466 1047 asi-

1886 1075 2037 1128 naria
2066 1076 2118 1128 in
2143 1074 2274 1129 collo
2291 1085 2339 1129 et
2365 1077 2498 1146 ejus,
2526 1078 2854 1148 demergatur
2879 1080 2931 1133 in
2960 1080 3280 1150 profundum
3302 1084 3463 1137 maris

1886 1161 2098 1233 (Matth.
2152 1166 2330 1237 xvm).
2372 1165 2579 1236 Lingua
2623 1168 2790 1223 maris
2828 1166 3069 1241 Egypti,
3123 1170 3464 1242 philosophia

1885 1255 2041 1325 hujus
2071 1252 2275 1324 mundi,
2324 1266 2384 1312 ut
2410 1260 2464 1313 in
2493 1258 2630 1315 Isaia
2663 1279 2675 1313 :
2704 1260 2772 1313 Et
2808 1261 3019 1315 siccavit
3048 1260 3307 1317 Dominus
3359 1264 3464 1318 lin-

1882 1361 2039 1414 guam
2095 1348 2257 1401 maris
2307 1347 2527 1419 Egypti
2573 1347 2704 1414 (Isa.
2750 1349 2848 1420 ιιι).
2912 1349 3088 1405 Littus
3119 1352 3287 1407 maris
3333 1352 3461 1409 ﬁnis

1883 1435 2087 1501 mundi,
2106 1444 2164 1490 ut
2184 1440 2239 1491 in
2261 1438 2554 1509 Evangelia
2578 1458 2590 1493 :
2617 1440 2685 1493 Et
2709 1457 2855 1495 secus
2882 1439 3026 1495 littus
3048 1442 3280 1496 sedentes
3303 1442 3465 1514 elege-

1880 1534 2001 1581 runt
2015 1527 2173 1581 bonos
2196 1527 2250 1580 in
2270 1544 2416 1595 vasa,
2435 1530 2599 1585 malos
2620 1540 2793 1586 autem
2808 1532 2953 1600 foras
2973 1534 3225 1588 miserunt
3244 1532 3458 1604 (Matth.

1880 1617 2020 1689 xm).
2065 1616 2337 1675 Oceanum
2381 1628 2581 1682 autem,
2631 1623 2724 1691 qui
2758 1622 3006 1679 circuivit
3048 1625 3236 1679 orbem
3279 1633 3460 1694 terrae,

1878 1711 2045 1766 maris
2088 1712 2309 1768 nomine
2348 1721 2600 1769 vocatum
2628 1714 2719 1769 illa
2766 1718 3031 1771 sententia
3062 1716 3205 1771 beati
3235 1714 3335 1771 Job
3368 1717 3461 1771 de-

1876 1810 2048 1868 notat,
2077 1818 2183 1872 qua
2230 1804 2341 1859 ait:
2374 1804 2632 1876 Nunquid
2684 1822 2829 1863 mare
2855 1822 2947 1876 ego
2982 1823 3118 1872 sum,
3163 1815 3253 1860 aut
3281 1808 3463 1861 cetus?

188 1907 320 1955 mus,
343 1890 474 1945 dum
512 1894 813 1948 turbabitur
851 1904 1014 1963 terra,
1046 1905 1096 1950 et
1129 1896 1514 1974 transferentur
1550 1906 1769 1963 montes,
1800 1885 1850 1947 Β
1876 1894 1997 1966 quia
2025 1895 2413 1950 circumdedisti
2438 1912 2519 1949 me
2554 1912 2762 1950 carcere
2786 1895 2928 1966 (Job.
2962 1894 3078 1969 vn).
3112 1894 3303 1951 Cetum
3330 1910 3460 1966 ergo

189 1982 239 2035 id
297 1991 404 2049 est,
457 1985 711 2055 apostoli,
768 1987 825 2041 in
881 2003 972 2042 cor
1023 1988 1190 2042 maris
1221 1985 1394 2059 (Psal.
1436 1988 1582 2058 xnv).
1611 1987 1679 2042 Et
1716 1989 1770 2042 in

188 2070 476 2141 Evangelia
506 2091 521 2125 :
559 2074 622 2128 Si
652 2074 906 2131 haberetis
951 2076 1111 2144 ﬁdem
1134 2078 1270 2130 sicut
1292 2094 1513 2147 granum
1547 2078 1766 2146 sinapis,

186 2162 427 2217 diceretis
463 2164 592 2217 huic
628 2164 806 2220 arbori
842 2182 990 2221 moro
1021 2183 1040 2221 :
1070 2165 1367 2221 Eradicare
1389 2175 1439 2220 et
1472 2164 1773 2237 transplan-

190 2266 315 2323 tare,
340 2260 398 2335 in
420 2276 573 2314 mare
594 2269 645 2314 et
662 2262 862 2316 obediet
882 2262 1021 2317 vobis
1038 2261 1189 2334 (Luc.
1216 2260 1370 2334 xvu).
1395 2261 1452 2316 In
1478 2262 1582 2316 hoc
1604 2262 1769 2315 etiam

192 2362 332 2404 mare
350 2349 635 2405 diabolicae
658 2350 774 2406 sine
802 2367 1028 2407 numero
1057 2366 1276 2420 serpere
1300 2350 1601 2420 probantur
1640 2349 1771 2404 insi-

188 2438 283 2493 diae
324 2439 663 2510 malitiaeque
710 2441 1035 2507 daemonum,»
1067 2442 1213 2496 velut
1241 2440 1563 2510 quibusdam
1589 2437 1767 2494 ﬂueti-

188 2530 282 2585 bus
310 2530 622 2585 animarum
669 2530 922 2587 voluntas
975 2532 1243 2587 instabilis
1272 2539 1662 2595 commovetur,
1709 2537 1769 2585 ut

188 2627 266 2675 est
307 2620 438 2677 illud
490 2620 797 2678 Psalmistze
825 2640 837 2677 :
867 2621 985 2677 Hoc
1030 2638 1175 2676 mare
1213 2637 1462 2691 magnum
1493 2629 1541 2675 et
1575 2620 1771 2690 spatio-

189 2726 317 2776 sum,
342 2709 452 2765 illic
494 2710 726 2781 reptilia,
755 2728 977 2781 quorum
1005 2728 1110 2765 non
1145 2720 1221 2764 est
1250 2725 1516 2763 numerus.
1552 2708 1771 2762 Anima-

189 2797 257 2851 lia
282 2798 476 2868 pusilla
496 2808 547 2853 et
572 2815 785 2871 magna,
812 2799 922 2873 illic
965 2816 1117 2854 naves
1146 2798 1553 2869 pertransibunt.
1590 2796 1767 2865 Draco

189 2887 296 2955 iste,
324 2904 476 2961 quem
527 2888 773 2959 formasti
821 2889 890 2943 ad
948 2888 1275 2943 illudendum
1321 2888 1368 2942 ei
1396 2884 1569 2959 (Psal.
1624 2886 1764 2957 cur).

196 2978 331 3033 Mare
358 2980 506 3034 enim
536 2979 835 3048 spatiosum
860 2979 991 3047 ipsae
1020 2978 1268 3042 reddunt,
1291 2978 1417 3031 dum
1444 2974 1766 3045 naufragare

192 3068 549 3139 compellunt:
581 3068 711 3138 quia
759 3068 979 3123 dubium
1022 3081 1129 3121 non
1174 3075 1256 3122 est
1283 3064 1432 3119 illum
1467 3065 1638 3119 undas
1668 3065 1768 3118 im-

194 3161 525 3224 manissimas
567 3160 701 3229 pati,
736 3160 828 3228 qui
868 3158 1133 3229 mergitur
1157 3158 1365 3227 gurgite
1393 3164 1761 3226 peccatorum.

1872 1986 2248 2054 cosmographi
2300 1986 2534 2040 maxime
2584 1986 2638 2039 in
2670 1984 2871 2040 Oceani
2914 1985 3283 2055 profunditate
3331 1999 3460 2040 con-

1874 2078 2083 2133 versari
2137 2078 2323 2133 dicunt
2356 2092 2371 2132 :
2401 2076 2555 2147 cujus
2604 2078 2884 2132 sententia:
2925 2077 3051 2132 talis
3102 2092 3219 2132 esse
3284 2085 3461 2146 potest

1873 2186 2083 2237 sensus,
2126 2172 2268 2240 quod
2300 2186 2451 2225 mare
2503 2170 2789 2241 allegorice
2845 2171 3105 2225 mundum
3148 2168 3365 2234 dixerit,
3407 2177 3462 2225 et

1872 2270 2050 2318 cetum
2071 2262 2364 2327 diabolum,
2388 2261 2481 2332 qui
2510 2262 2653 2316 intra
2688 2262 2875 2317 mundi
2906 2261 3063 2317 istius
3100 2261 3336 2315 claustra
3375 2268 3456 2314 te-

1870 2365 2029 2410 netur
2059 2372 2072 2408 :
2106 2354 2161 2408 in
2188 2353 2330 2409 illius
2358 2354 2525 2408 etiam
2566 2353 2907 2409 conclusione
2952 2352 3070 2422 ipse
3119 2351 3457 2407 damnandus

1871 2446 1959 2501 sit.
2013 2444 2301 2500 Carcerem
2326 2459 2455 2515 ergo
2483 2459 2583 2513 pro
2606 2444 2937 2499 cruciatibus
2983 2443 3110 2513 poni
3145 2456 3287 2513 saepe
3319 2442 3455 2513 legi-

1872 2551 1991 2591 mus
2038 2554 2050 2589 :
2088 2536 2215 2605 quia
2270 2536 2339 2590 ad
2379 2550 2653 2590 carcerem
2704 2550 2892 2589 omnes
2935 2534 3210 2604 pertinent
3254 2551 3447 2604 poenae.

1869 2625 1978 2681 Pro
2002 2626 2252 2681 omnibus
2282 2641 2412 2696 ergo
2435 2625 2611 2689 malis,
2640 2640 2758 2695 qua:
2778 2624 3091 2693 patiebatur
3117 2625 3309 2680 beatus
3328 2624 3453 2690 Job,

1872 2719 1988 2786 ipsa
2003 2704 2221 2771 domum
2244 2723 2637 2771 tormentorum
2659 2715 2980 2779 nominavit,
3004 2714 3169 2769 veluti
3193 2714 3240 2769 si
3266 2714 3454 2770 eadem

1870 2805 2031 2861 domo
2060 2805 2248 2860 fuisset
2278 2792 2549 2860 'inclusus.
2577 2803 2724 2858 Mare
2766 2818 2898 2875 ergo
2940 2804 3183 2859 Rubrum
3210 2804 3325 2859 sive
3350 2804 3455 2858 Ba-

1868 2895 2055 2966 ptismi
2108 2894 2375 2966 signiﬁcat
2424 2902 2841 2958 sacramentum,
2899 2909 2995 2949 seu
3045 2893 3210 2948 etiam
3271 2892 3454 2948 saeculi

1871 2985 2029 3039 istius
2050 2982 2308 3037 ﬂuentum
2333 2998 2397 3038 ac
2420 2983 2693 3038 turbidum
2724 2991 2946 3049 statum,
2972 2997 3072 3052 per
3092 2997 3253 3053 quem
3277 2984 3450 3036 sancti

1870 3080 2154 3127 transeunt
2202 3071 2374 3136 ilicesi,
2406 3079 2460 3127 et
2500 3078 2815 3141 peccatores
2863 3072 3167 3126 obruuntur
3203 3071 3453 3124 examine

1870 3163 2036 3218 divini
2066 3162 2276 3230 judicii.
2300 3163 2375 3217 De
2404 3178 2511 3232 quo
2545 3164 2743 3233 legitur
2770 3164 2823 3217 in
2850 3162 3065 3217 Psalmo
3103 3182 3115 3216 :
3150 3162 3254 3227 Qui
3279 3163 3453 3215 divisit

196 3249 331 3305 Mare
356 3251 561 3321 quippe
590 3266 621 3303 a
649 3250 878 3304 meando
907 3250 1108 3303 dictum
1134 3258 1238 3313 est,
1264 3249 1407 3317 quod
1436 3262 1649 3317 semper
1680 3254 1770 3302 eat
1794 3236 1841 3301 C
1866 3270 2015 3312 mare
2046 3253 2280 3307 Rubrum
2308 3255 2364 3306 in
2398 3254 2694 3318 divisiones,
2731 3263 2779 3308 et
2810 3254 2987 3308 eduxit
3023 3252 3194 3307 Israel
3222 3270 3313 3323 per
3340 3270 3451 3306 me-

199 3357 258 3396 ac
284 3342 492 3396 redeat.
528 3339 639 3396 Sed
676 3340 767 3395 isti
798 3339 1021 3409 spiritus
1058 3338 1479 3403 innumerabiles
1529 3338 1685 3393 nobis
1738 3352 1769 3391 a

196 3431 297 3486 Deo
322 3430 703 3500 comprehensi
752 3438 899 3495 sunt,
934 3430 1027 3499 qui
1067 3443 1286 3497 arenam
1337 3428 1504 3482 maris
1560 3435 1616 3484 et
1655 3428 1772 3498 plu-

198 3541 391 3581 vrarnm
443 3531 627 3596 guttas
658 3514 957 3578 enumerat.
1014 3522 1081 3576 Et
1114 3534 1185 3576 ne
1210 3520 1429 3576 omnino
1465 3522 1771 3590 incompre-

196 3614 475 3668 heusibiles
510 3613 907 3683 linquerentur,
940 3612 1241 3683 quantitate
1272 3627 1378 3667 non
1409 3612 1666 3681 qualitate
1702 3627 1767 3668 ea

195 3704 446 3759 diiiinivit.
497 3704 742 3775 Denique
785 3704 860 3759 de
913 3704 993 3759 eis
1022 3703 1254 3759 dicitur:
1283 3701 1547 3756 Animalia
1574 3702 1769 3771 pusilla

195 3804 237 3846 et
257 3810 442 3864 magna
472 3808 490 3847 :
528 3793 782 3863 quoniam
812 3793 953 3847 inter
980 3794 1125 3863 ipsos
1154 3800 1209 3847 et
1243 3791 1475 3863 majores
1508 3780 1638 3847 esse
1675 3805 1769 3847 ne-

197 3885 367 3954 quitiae
394 3885 699 3955 probantur
740 3883 1086 3948 omnimodis,
1115 3890 1171 3935 et
1201 3883 1460 3936 minores.
1491 3880 1634 3947 Illic,
1666 3882 1766 3935 im-

198 3974 384 4030 mundo
425 3975 661 4041 scilicet,
700 3989 860 4045 quem
908 3973 1154 4043 superius
1203 3971 1339 4025 dixit
1375 3984 1541 4024 mare.
1593 3970 1765 4024 Naves

198 4075 365 4121 autem
400 4067 599 4121 merito
630 4064 1005 4136 signiﬁcantur
1043 4062 1320 4126 Ecclesiae,
1353 4076 1471 4131 qure
1496 4060 1764 4130 periculo-

198 4173 278 4213 sos
298 4158 490 4213 ﬂuctus
534 4156 721 4212 mundi
763 4172 861 4226 per
897 4156 1102 4226 lignum
1150 4155 1393 4225 gloriosa:
1419 4153 1598 4206 crucis
1642 4167 1767 4206 eva-

198 4250 332 4313 dunt,
357 4256 639 4320 portantes
668 4248 912 4318 populos,
946 4247 1035 4315 qui
1063 4246 1214 4315 signa
1240 4243 1365 4298 ﬁdei
1397 4242 1759 4297 crediderunt.

201 4341 292 4397 Ubi
313 4351 366 4397 et
387 4345 551 4397 draco
589 4342 859 4412 malignus
885 4348 939 4395 et
955 4337 1178 4409 pestifer
1214 4337 1497 4403 inhabitat,
1527 4334 1619 4403 qui
1642 4333 1763 4386 illu-

200 4432 331 4489 ditur
373 4436 440 4491 ab
473 4435 683 4506 angelis
724 4434 822 4488 Dei
850 4449 947 4502 per
975 4431 1305 4502 justissimas
1345 4429 1759 4499 increpationes,

199 4525 273 4579 vel
293 4528 455 4580 etiam
477 4536 534 4580 et
558 4542 589 4580 a
615 4525 859 4580 ﬁdelibus
882 4524 1035 4588 viris,
1065 4524 1189 4577 dum
1218 4521 1483 4577 incentiva
1508 4520 1759 4575 vitiorum

200 4613 303 4685 eius
341 4613 646 4670 detestabili
673 4628 860 4669 errore
914 4582 1205 4682 refugiunt.
1246 4610 1381 4665 Nam
1431 4611 1574 4679 quod
1612 4626 1760 4665 mare
1786 4582 1840 4643 Β

202 4719 500 4780 peccatores
550 4709 837 4781 signiﬁcet,
901 4708 1138 4763 ostendit
1192 4707 1481 4762 Psalmista
1530 4708 1757 4761 dicens:

203 4800 338 4857 Mare
366 4804 492 4857 vidit
535 4811 584 4856 et
628 4802 805 4871 fugit:
834 4800 1088 4855 Iordanis
1125 4815 1397 4853 conversus
1448 4807 1523 4852 est
1575 4807 1765 4851 retror-

203 4907 306 4944 sum
336 4890 505 4962 (Psal.
562 4894 739 4960 cxiii).
770 4889 915 4944 Mare
955 4887 1267 4957 frequenter
1299 4888 1534 4941 diximus
1574 4903 1766 4956 pecca-

204 4987 334 5034 tores
364 4981 517 5035 istius
553 4979 734 5035 saeculi
790 4978 986 5033 debere
1016 4977 1239 5046 suscipi,
1271 4978 1362 5047 qui
1417 4992 1562 5031 more
1590 4978 1764 5031 unda-

205 5082 312 5120 rum
332 5070 552 5125 tumidis
580 5068 998 5139 cogitationibus
1018 5066 1295 5121 ﬂuctuant.
1328 5066 1615 5121 Jordanem
1633 5081 1763 5121 vero

204 5169 291 5223 pro
316 5156 549 5225 quolibet
576 5157 798 5213 ﬂumine
839 5158 1094 5212 debemus
1143 5158 1385 5227 accipere
1420 5175 1432 5209 :
1465 5158 1555 5226 qui
1598 5158 1765 5213 variis

209 5244 467 5302 desideriis
495 5246 744 5302 homines
767 5250 1053 5319 rapiuutet
1080 5249 1134 5302 in
1172 5263 1320 5301 mare
1351 5248 1479 5303 illud
1509 5265 1761 5319 magnum

208 5335 415 5392 nefanda
434 5338 861 5408 praecipitatione
882 5340 1171 5395 deducunt.
1197 5340 1298 5393 lsta
1326 5340 1468 5393 enim
1490 5341 1617 5405 duo,
1644 5356 1763 5411 qua:

208 5428 359 5497 genus
408 5430 701 5485 humanum
758 5429 969 5483 diversa
1039 5429 1391 5484 delectatione
1462 5430 1759 5497 rapiebant,

209 5518 447 5574 adventus
482 5520 699 5576 Domini
738 5528 1007 5589 respectu,
1039 5536 1069 5573 a
1122 5522 1234 5575 suis
1288 5520 1761 5575 consuetudinibus

214 5616 485 5665 retrorsum
531 5612 868 5683 praecipitata
895 5612 1190 5667 redierunt.
1242 5611 1347 5666 Cor
1376 5612 1557 5675 maris,
1584 5612 1760 5667 homi-

214 5715 324 5754 num
360 5704 539 5768 corda,
591 5714 651 5759 ut
695 5706 749 5761 in
786 5705 1047 5761 Psalterio
1078 5719 1093 5757 :
1128 5703 1171 5757 Τ
1176 5705 1531 5773 ransferentur
1559 5716 1756 5761 montes

215 5788 264 5845 in
296 5810 377 5847 cor
397 5797 553 5851 maris
577 5792 749 5860 (Psal.
774 5797 919 5864 ΜΝ).
944 5796 1049 5851 Cor
1077 5798 1264 5862 maris,
1293 5796 1494 5863 Judcca,
1528 5812 1593 5851 eo
1618 5799 1761 5865 quod

1872 3344 2017 3397 dium
2053 3344 2187 3413 ejus,
2223 3343 2461 3398 excussit
2486 3340 2819 3398 Pharaonem
2846 3352 2893 3397 et
2934 3344 3217 3397 exercitum
3250 3343 3363 3412 ejus
3395 3344 3449 3397 in

1872 3450 2015 3487 mare
2045 3430 2280 3509 Rubrum
2303 3432 2476 3504 (Psal.
2501 3432 2721 3503 cxxxv).
2745 3432 2943 3505 Priscae
2986 3433 3325 3488 auctoritatis
3347 3433 3450 3487 viri

1871 3543 2022 3582 mare
2048 3527 2293 3582 Rubrum
2337 3528 2393 3581 in
2423 3526 2703 3581 duodecim
2734 3526 3026 3580 divisiones
3049 3525 3305 3579 dixerunt
3329 3538 3451 3579 esse

1869 3618 2149 3689 partitum,
2189 3626 2421 3685 quantas
2460 3617 2632 3671 tribus
2676 3614 2845 3670 fuisse
2878 3613 3188 3671 Iudaeorum
3235 3633 3248 3668 :
3297 3615 3447 3670 ideo-

1871 3724 1975 3777 que
2005 3708 2093 3761 hic
2120 3706 2314 3776 plurali
2362 3722 2588 3761 numero
2619 3705 2855 3775 positum
2887 3711 2991 3769 est,
3043 3703 3100 3756 in
3146 3702 3448 3768 divisiones,

1872 3815 1940 3857 ne
1958 3810 2275 3871 putaremur
2298 3813 2448 3853 mare
2470 3798 2713 3852 Rubrum
2734 3812 2843 3852 uno
2869 3797 3061 3853 itinere
3082 3795 3251 3850 fuisse
3270 3803 3451 3849 trans-

1867 3894 2112 3949 missum.
2142 3890 2250 3946 Sed
2288 3899 2465 3960 potest
2491 3892 2593 3946 hoc
2621 3900 2676 3945 et
2709 3889 3025 3959 spiritaliter
3078 3894 3441 3958 congruenter

1869 3982 2095 4037 adverti.
2154 3981 2398 4034 Rubrum
2430 3996 2579 4035 mare
2626 3988 2712 4035 est
2760 3980 2941 4035 saeculi
2984 3980 3142 4033 istius
3178 3979 3445 4049 permixta

1867 4072 2224 4143 profunditas,
2271 4086 2430 4140 quam
2492 4070 2677 4124 multis
2731 4069 3084 4124 divisionibus
3125 4068 3447 4133 transimus,

1867 4164 2082 4232 quando
2122 4161 2368 4216 conversi
2415 4161 2483 4215 ad
2510 4168 2710 4215 terram
2759 4159 3053 4213 viventium
3082 4157 3295 4211 Domini
3322 4172 3443 4211 mu-

1867 4268 1995 4307 nere
2023 4253 2357 4307 festinamus.
2410 4250 2579 4303 Aliter
2607 4250 2752 4303 enim
2785 4264 2883 4319 per
2916 4248 3307 4317 eleemosynas,
3342 4247 3445 4300 ali-

1868 4352 1951 4397 ter
1974 4356 2070 4411 per
2094 4341 2363 4395 assiduam
2404 4339 2871 4409 supplicationem,
2905 4337 3059 4391 aliter
3080 4352 3178 4407 per
3212 4337 3442 4408 virgini-

1864 4442 2051 4499 tatem,
2103 4433 2260 4488 aliter
2284 4446 2380 4501 per
2407 4430 2917 4486 excellentissimam
2958 4429 3281 4485 cbaritatem
3320 4446 3332 4481 :
3367 4430 3445 4483 sic

1866 4526 2049 4581 multis
2084 4524 2436 4578 divisionibus
2457 4538 2553 4591 per
2578 4522 2759 4576 saeculi
2801 4521 2959 4588 hujus
3006 4536 3155 4575 mare
3182 4522 3445 4575 transitur

1867 4620 1933 4673 ad
1978 4617 2280 4679 Dominum,
2316 4613 2409 4683 qui
2441 4612 2710 4667 diabolum
2738 4626 2861 4665 cum
2914 4610 3176 4664 ministris
3220 4611 3331 4663 suis
3388 4610 3441 4663 in

1867 4709 2013 4764 fonte
2044 4707 2232 4762 salutis
2269 4704 2474 4760 excutit
2508 4722 2521 4758 :
2556 4700 2772 4772 quando
2794 4716 2916 4757 eum
2947 4716 2977 4755 a
3005 4699 3158 4755 nobis
3189 4699 3444 4768 potentiae

1866 4818 1976 4857 sum
2006 4802 2201 4855 virtute
2234 4804 2493 4853 removet.
2528 4794 2737 4849 Excutit
2766 4801 2967 4857 autem,
3002 4793 3154 4855 dixit,
3186 4800 3440 4859 tanquam

1868 4889 2145 4945 mulierem
2172 4886 2388 4957 projicit
2420 4904 2431 4939 :
2466 4894 2523 4939 ut
2543 4885 2609 4939 de
2651 4885 2751 4937 hac
2786 4882 3065 4938 celeritate
3107 4888 3161 4935 et
3186 4882 3438 4934 virtutem

1869 4978 2163 5036 divinitatis
2189 4978 2516 5042 ostenderet,
2546 4982 2601 5029 et
2636 4973 2755 5029 illos
2799 4981 3045 5049 terrenas
3094 4971 3281 5028 sordes
3319 4986 3440 5026 esse

1866 5074 2214 5125 monstraret.

2432 5151 2698 5208 CAPUT
2756 5150 2844 5206 VI

2501 5245 2577 5299 De
2605 5246 2809 5313 abysso.

1933 5342 2171 5412 Abyssus
2197 5339 2537 5410 profunditas
2582 5345 2663 5391 est
2692 5349 2951 5405 aquarum
2990 5334 3430 5403 impenetrabilis,

1868 5434 1979 5488 sive
2006 5432 2272 5500 speluncrc
2312 5444 2573 5499 aquarum
2617 5426 2921 5489 latentium,
2950 5425 3143 5493 quibus
3179 5424 3357 5477 fontes
3383 5432 3439 5479 et

1866 5522 2084 5576 ﬂumina
2132 5520 2446 5590 procedunt,
2492 5516 2578 5571 vel
2622 5517 2711 5585 qui
2756 5525 2808 5569 et
2856 5514 3061 5569 occulte
3099 5513 3433 5568 subtereunt.

1868 5614 2018 5671 Unde
2049 5624 2102 5667 et
2131 5613 2355 5684 abyssus
2381 5612 2575 5665 dictus.
2608 5609 2740 5662 Nam
2766 5624 2954 5663 omnes
2990 5624 3142 5677 aquae
3164 5615 3432 5661 torrentes

1863 5722 1959 5775 per
1984 5705 2220 5759 occultas
2265 5718 2426 5757 venas
2454 5704 2521 5754 ad
2560 5701 2841 5753 matricem
2875 5698 3129 5769 abyssum
3159 5705 3433 5751 revertun-

1866 5808 1968 5852 tur.
2001 5798 2236 5867 Abyssus
2266 5794 2578 5863 intelligitur
2626 5792 2961 5861 profunditas
3001 5792 3427 5858 Scripturarum,
