3930 6394
418 414 527 474 515
1056 414 1118 469 Β.
1158 412 1414 469 RABANI
1448 411 1668 468 MAUBI
1703 409 2018 469 A'RCHIEP.
2059 411 2368 473 MOGUNT.
2405 409 2690 470 OPERUM
2726 411 2905 468 PARS
2937 412 2998 468 II.
3568 415 3689 475 3l6

418 541 477 586 ut
520 540 608 584 est
656 529 785 586 illttd
838 531 892 585 in
941 530 1148 601 psalmo
1182 529 1469 600 :‘Abyssus
1513 530 1756 600 abyssum
1791 529 1993 583 invocat
2010 533 2072 595 Α
2294 603 2298 610 1
2683 526 2910 584 CAPUT
2947 527 3076 584 VIII.

417 619 590 695 (Psal.
623 623 768 695 xu);
800 624 852 678 id
881 632 985 690 est,
1018 622 1182 678 Vetus
1211 621 1628 680 Testamentum
1647 621 1854 678 Novum
1904 638 1998 678 an-
2614 620 2692 676 De
2715 621 2843 675 lacis
2869 629 2918 676 ct
2942 621 3162 692 stagnis.

417 715 650 780 nuntiat,
691 720 746 768 et
777 713 983 770 Novum
1029 715 1195 771 Vetus
1232 717 1284 770 in
1318 716 1865 784 testimonium,vocat
1891 733 1904 771 :
1933 715 1999 771 1η
2171 711 2309 768 Sunt
2349 721 2524 767 autem
2570 721 2626 768 et
2653 715 2899 783 quaedam
2926 715 3117 782 maria,
3149 732 3271 788 qua
3297 733 3406 774 non
3438 717 3686 776 miscen-

414 822 536 861 uoce
558 815 947 861 cataractarum
974 817 1184 861 tuarum
1212 807 1418 881 (Ibid.),
1450 809 1553 864 hoc
1579 817 1681 876 est,
1709 809 1762 864 in
1804 807 2000 878 prmdi-
2101 813 2189 859 tur
2207 803 2406 859 Oceani
2435 803 2688 860 fluctibus
2716 816 2806 861 aut
2830 809 2966 862 mari
2988 808 3202 882 Magno,
3230 817 3287 864 et
3314 810 3568 868 dicuntur
3595 813 3686 868 la-

414 897 630 953 catione
664 906 994 952 sanctorum.
1027 897 1156 953 Item
1199 897 1428 970 abyssus
1460 914 1614 968 aqua}
1663 899 1998 954 immensitas
2101 910 2196 950 cus
2226 903 2279 949 et
2303 903 2512 966 stagna.
2554 895 2729 952 Lacus
2755 884 2838 954 est
2866 900 3285 970 receptaculum,
3316 903 3371 957 in
3400 918 3508 976 quo
3534 917 3686 975 aqua

416 997 521 1054 est,
546 990 682 1043 utin
707 987 904 1044 Genesi
931 988 1130 1060 legitur
1161 1008 1174 1043 :
1209 989 1272 1043 Et
1305 991 1445 1060 rupti
1475 999 1594 1044 sunt
1621 990 1789 1059 fontes
1826 989 1999 1058 abyssi
2097 988 2363 1042 retinetur
2383 1001 2482 1043 nec
2505 987 3134 1055 iniseetur'ﬂuctihns,ut
3152 992 3302 1048 lacus
3326 992 3595 1064 Asphalti,
3619 1004 3687 1052 ut

415 1098 618 1152 magna:
634 1078 800 1154 (Gen.
841 1082 963 1153 vn).
1007 1082 1142 1138 Item
1189 1082 1418 1153 abyssus
1458 1079 1743 1160 ineffabilia
1793 1080 1997 1150 judicia
2088 1076 2247 1160 lacus
2273 1078 2534 1143 Benacus,
2558 1088 2613 1134 et
2638 1080 2839 1146 caeteri,
2865 1095 2999 1151 quos
3027 1079 3200 1139 Graeci
3220 1083 3469 1152 limenas,
3495 1085 3551 1141 id
3571 1094 3683 1153 est,

413 1170 508 1225 Dei
538 1171 806 1245 designat,
835 1179 898 1228 ut
925 1173 1136 1228 esthoc
1166 1190 1178 1226 :
1207 1171 1425 1228 Iudicia
1455 1157 1546 1228 tua
1583 1174 1801 1243 abyssus
1831 1173 1997 1227 multa
2079 1157 2288 1240 'stagna
2317 1176 2535 1224 vocant.
2570 1169 2704 1224 Nam
2744 1169 2916 1227 fontes
2945 1171 3201 1228 labuntur
3232 1174 3289 1229 in
3325 1172 3550 1243 ﬂuvios,
3578 1175 3687 1230 ﬂu-

414 1258 588 1350 (Psal.
621 1259 810 1350 xxxv).
857 1262 991 1318 item
1027 1263 1254 1334 ahyssns
1285 1263 1554 1319 infernum
1605 1262 1894 1333 signiﬁcat,
1939 1271 2000 1316 ut
2096 1259 2239 1350 mina
2281 1260 2338 1314 in
2388 1259 2526 1316 freta
2569 1260 2898 1317 discurrunt.
2952 1262 3128 1318 Lacus
3176 1271 3286 1319 stat
3311 1265 3364 1320 in
3395 1265 3534 1330 loco,
3577 1282 3686 1323 nec

409 1349 700 1422 Apostolus
742 1349 818 1407 ait
848 1371 861 1407 :
895 1352 1000 1407 Aut
1049 1355 1166 1425 quis
1207 1354 1471 1409 descendit
1506 1354 1562 1408 in
1618 1353 1904 1424 abyssum?
1941 1352 1998 1406 id
2095 1349 2335 1422 profluit,
2383 1359 2439 1407 et
2479 1352 2655 1408 dictus
2687 1353 2858 1418 lacus,
2904 1354 3252 1424 quasi'aqute
3277 1355 3447 1412 locus.
3498 1355 3685 1413 Lacus

408 1455 506 1510 est,
551 1443 817 1500 Christum
863 1464 896 1500 a
944 1450 1165 1502 mortuis
1214 1448 1457 1502 reducere
1509 1446 1685 1517 (Rom.
1732 1446 1810 1519 x).
1862 1445 1995 1500 item
2098 1450 2278 1497 autem
2313 1443 2457 1499 idem
2481 1451 2537 1499 et
2563 1453 2832 1516 stagnum,
2881 1445 2972 1500 ubi
3004 1445 3269 1503 immensa
3302 1463 3445 1519 aqua
3474 1464 3681 1513 conve-

409 1537 639 1607 abyssus
683 1538 846 1593 corda
890 1540 1166 1595 hominum
1213 1540 1434 1596 denotat
1479 1537 1808 1593 facinerihus
1849 1547 1994 1592 tene-
2097 1533 2196 1588 nit.
2226 1532 2360 1588 Nam
2395 1534 2599 1590 dictum
2623 1546 2706 1592 est
2733 1545 2982 1608 stagnum
3009 1538 3078 1593 ab
3109 1551 3176 1594 eo
3209 1540 3354 1611 quod
3399 1541 3508 1595 illic
3537 1556 3681 1610 aqua

407 1625 593 1690 hrosa,
620 1634 682 1680 ut
711 1634 795 1682 est
822 1627 955 1683 illud
980 1629 1122 1684 beati
1139 1627 1249 1699 Joh
1276 1647 1288 1682 :
1315 1629 1543 1700 Abyssus
1567 1629 1733 1681 dicet:
1766 1625 1888 1681 Non
1920 1637 1994 1681 est
2097 1633 2224 1691 stet,
2283 1641 2384 1681 nec
2429 1627 2701 1683 decurrat.
2750 1627 2924 1683 Lacus
2972 1628 3182 1693 Asfalti,
3237 1633 3378 1686 idem
3423 1641 3478 1686 et
3529 1647 3684 1688 mare

407 1715 464 1769 in
522 1733 622 1782 me,
668 1727 716 1771 et
759 1734 905 1772 mare
939 1719 1182 1790 loquetur
1229 1737 1247 1773 :
1306 1718 1431 1774 Non
1484 1726 1559 1773 cst
1601 1735 1802 1773 mecum
1849 1718 1991 1790 (Job.
2098 1713 2367 1770 Mortuum
2413 1724 2684 1782 vocatum,
2739 1726 2960 1789 propter
3005 1720 3150 1789 quod
3195 1720 3329 1786 nihil
3363 1707 3543 1775 vivum
3591 1722 3681 1792 gi-

410 1810 628 1879 xxvm).
663 1809 774 1866 Nec
819 1825 926 1866 non
980 1821 1037 1867 et
1079 1815 1306 1882 abyssus
1372 1810 1787 1880 superstitiosis
1832 1818 1994 1880 atque
2098 1811 2234 1881 gnit,
2280 1810 2413 1865 nihil
2441 1812 2632 1881 recipit
2658 1825 2725 1867 ex
2755 1828 2950 1882 genere
2979 1814 3290 1870 viventium.
3337 1815 3471 1869 Nam
3501 1830 3684 1888 neque

406 1903 851 1972 persecutoribus
894 1904 1137 1960 ecclesia:
1189 1912 1537 1974 comparatur
1585 1923 1596 1957 :
1653 1905 1780 1974 quia
1851 1905 1991 1959 sicut
2022 1902 2068 1962 B
2095 1901 2270 1972 pisces
2320 1902 2501 1969 habet,
2548 1917 2721 1972 neque
2752 1913 2998 1960 assuetas
3047 1907 3201 1977 aquis
3247 1916 3300 1961 et
3349 1906 3500 1962 laetas
3533 1923 3683 1963 mer-

408 1994 634 2064 pallium
649 1995 890 2065 subjecta
917 1996 1181 2067 cooperit,
1212 1998 1287 2051 ita
1310 1995 1386 2051 iiii
1412 1996 1674 2075 mundum
1697 1996 1992 2052 ftedissima
2099 1993 2257 2062 gendi
2298 2008 2398 2048 usu
2428 1993 2632 2064 patitur
2651 2008 2785 2050 aves
2815 2011 2828 2048 :
2854 1996 2949 2051 sed
2986 2005 3044 2052 et
3076 2011 3410 2067 quaecunque
3439 1997 3682 2053 viventia

406 2089 796 2158 superstitione
848 2098 1102 2145 texerunt
1162 2108 1174 2142 :
1231 2098 1290 2144 ut
1334 2104 1440 2145 non
1477 2089 1650 2145 solum
1694 2090 1994 2146 mediocres
2096 2085 2387 2154 mergenda
2442 2087 2810 2155 temptaveris),
2869 2103 3192 2160 quacunque
3237 2097 3354 2148 arte
3404 2087 3680 2157 demersa,

405 2177 678 2246 homines,
711 2183 806 2237 sed
829 2183 883 2247 in
912 2182 1209 2252 perniciem
1247 2196 1398 2236 suam
1444 2183 1591 2252 ipsos
1617 2194 1830 2251 quoque
1866 2196 1991 2235 san-
2097 2175 2277 2229 statim
2313 2177 2590 2244 resiliunt;
2621 2187 2677 2234 et
2703 2181 2950 2251 quamvis
2977 2180 3323 2258 vehementer
3355 2180 3515 2246 illisa,
3542 2196 3680 2236 con-

403 2280 523 2329 ctos
558 2273 706 2329 viros
752 2283 913 2346 atque
954 2273 1414 2336 eminentissimos
1473 2273 1759 2328 tormentis
1807 2287 1955 2343 θοι-ρ(

2122 2268 2276 2321 ‘estim
2307 2269 2679 2338 excutiuntur;
2727 2273 2824 2327 sed
2851 2286 3025 2342 neque
3051 2275 3228 2328 ventis
3271 2281 3538 2338 movetur,
3579 2288 3674 2329 re-

404 2380 525 2421 rum
577 2365 810 2422 obruere
860 2365 1194 2431 viderentur,
1243 2373 1305 2420 ut
1351 2371 1436 2420 est
1465 2364 1596 2420 illud
1645 2365 1700 2419 in
1729 2363 1944 2420 Psalmo

2133 2357 2319 2412 isteute
2363 2360 2664 2418 turbinibus
2703 2362 2989 2429 bitumine,
3035 2379 3142 2434 quo
3173 2379 3312 2436 aqua
3359 2364 3536 2420 omnis
3569 2371 3685 2418 sta-

404 2456 638 2528 Abyssus
668 2459 803 2512 sicut
843 2456 1065 2526 pallium
1113 2459 1336 2510 amictus
1360 2458 1510 2527 ejus;
1555 2465 1605 2510 et
1626 2458 1760 2510 sicut
1790 2467 1991 2512 montes
2097 2458 2293 2520 gnatur
2324 2469 2336 2504 :
2362 2466 2537 2522 neque
2573 2456 2930 2527 navigationis
2960 2455 3172 2526 patiens
3199 2465 3284 2512 est
3303 2457 3472 2526 ,.quia
3495 2456 3686 2514 omnia

405 2547 617 2602 stabunt
641 2564 793 2619 aqua:
821 2544 992 2618 (Psal.
1026 2545 1166 2618 cui).
1194 2546 1325 2601 Item
1353 2548 1578 2618 abyssus
1608 2548 1770 2602 corda
1812 2548 1989 2602 homi-
2094 2542 2208 2595 Vita
2237 2545 2479 2598 carentia
2512 2545 2565 2599 in
2602 2545 2929 2616 profundum
2960 2532 3291 2619 (merguntur
3320 2567 3332 2603 :
3366 2563 3467 2605 nec
3508 2557 3686 2605 mate-

404 2655 534 2695 num
589 2639 936 2721 facinoribus.
969 2639 1277 2703 tenebrosa,
1313 2646 1372 2693 ut
1408 2638 1465 2693 in
1507 2638 1675 2694 Amos
1721 2657 1733 2691 :
1777 2637 1993 2693 vocavit
2093 2631 2230 2687 riem
2257 2633 2419 2688 ullam
2449 2637 2698 2703 sustinet,
2739 2637 2844 2692 nisi
2883 2653 3004 2708 quae
3029 2638 3292 2700 bitumine
3320 2639 3628 2694 illustratur
3663 2656 3679 2693 :

403 2733 665 2805 iudicium
718 2733 998 2798 Dominus,
1051 2745 1098 2787 et
1159 2733 1423 2788 devoravit
1479 2733 1726 2804 abyssum
1769 2734 1992 2793 multum
2093 2721 2370 2790 lucernam
2427 2741 2710 2803 accensam
2761 2727 2942 2784 rerum
2991 2739 3380 2801 supemalal‘ei
3437 2730 3685 2788 θΧιῖηοιο

411 2827 613 2896 (Amos.
666 2826 783 2898 vn).
821 2826 1066 2896 Abyssus
1097 2823 1374 2879 damnatio
1416 2832 1766 2896 peccatorum
1791 2824 1989 2894 sempi-
2093 2815 2567 2887 demergilumine.
2595 2819 2708 2876 Hoc
2728 2830 2781 2878 et
2800 2824 2950 2876 mare
2979 2822 3287 2878 Salinarum
3318 2823 3538 2888 dicitur,
3565 2823 3685 2878 sive

403 2927 576 2975 terna.
603 2930 662 2970 ut
690 2918 741 2971 in
765 2916 865 2971 Job
897 2936 908 2970 :
949 2916 1252 2970 .‘Estimavit
1278 2919 1523 2988 abyssum
1546 2917 1697 2988 quasi
1721 2932 1990 2971 senesccn-
2092 2908 2242 2966 lacus
2269 2911 2534 2984 ASphalli,
2558 2916 2611 2970 id
2633 2925 2736 2982 est,
2766 2918 3081 2986 bituminis;
3119 2928 3173 2974 et
3193 2931 3275 2981 est
3302 2921 3354 2974 in
3379 2918 3561 2973 Judma
3591 2921 3684 2977 in-

404 3017 505 3063 tcm
550 3008 693 3077 (Job.
728 3008 876 3078 xu);
917 3008 970 3062 id
999 3015 1104 3072 est,
1152 3006 1400 3062 diabolus
1425 3023 1524 3077 per
1559 3007 1839 3062 ministros
1864 3020 1991 3060 suos
2096 3011 2179 3058 ter
2232 3003 2489 3060 Hiericho
2519 3015 2575 3062 et
2609 3008 2819 3064 Zoaran
2855 3027 2867 3063 :
2900 3009 3177 3084 longitudo
3225 3009 3341 3078 ejus
3387 3026 3558 3081 usque
3610 3011 3684 3066 ad

402 3101 616 3174 putabit
668 3102 811 3170 quod
859 3115 1017 3169 poena
1061 3099 1346 3168 impiorum
1403 3099 1566 3152 tinem
1594 3098 1847 3153 habitura
1895 3097 1986 3152 sit.
2094 3093 2296 3148 Zoaras
2344 3095 2557 3151 Arabiae
2611 3098 2862 3168 dirigitur
2923 3101 3111 3156 stadiis
3170 3101 3479 3171 quingentis
3532 3108 3688 3155 octo-

402 3193 648 3265 Abyssus
683 3189 948 3256 infernus,
989 3201 1046 3245 ut
1075 3191 1125 3244 in
1156 3190 1445 3261 Evangelio
1479 3210 1489 3242 :
1540 3190 1608 3243 Et
1644 3188 1990 3261 ιίερνεσαὸαηρ
2030 3258 2063 3265 _
2092 3181 2262 3251 ginta.
2287 3183 2513 3240 latitudo
2535 3187 2725 3242 stadiis
2755 3196 2973 3244 centum
2999 3190 3386 3264 quinquaginta
3414 3205 3584 3262 usque
3609 3191 3687 3247 ad

405 3258 504 3340 tur.
542 3301 660 3338 eum
706 3285 944 3353 spiritus,
1002 3284 1053 3337 id
1103 3292 1204 3348 est,
1237 3258 1526 3349 daemones,
1559 3297 1621 3335 ηε
1646 3258 1721 3334 in‘
1745 3280 1991 3351 abyssum
2021 3258 2070 3320 C
2096 3273 2350 3329 viciniam
2400 3276 2776 3332 Sodomorum.
2827 3258 3032 3351 Stagna
3078 3258 3474 3352 philosophiam
3499 3258 3683 3352 ihujus

405 3387 492 3426 eos
522 3370 741 3426 mitteret
774 3369 988 3441 (Matth.
1022 3372 1163 3436 vni).
2096 3365 2282 3418 mundi
2328 3366 2658 3436 signiﬁcant,
2702 3377 2763 3423 ut
2794 3369 2846 3424 in
2895 3369 3033 3434 Isaia
3069 3389 3081 3424 :
3112 3369 3318 3436 Ponam
3359 3373 3580 3441 ﬂumina
3625 3371 3690 3427 in

1011 3502 1239 3560 CAPUT
1277 3502 1388 3559 vn.
2095 3455 2321 3560 insulas,
2361 3469 2408 3513 et
2435 3469 2622 3560 stagna
2651 3461 2936 3560 arefaciam
3140 3478 3248 3560 aut
3267 3463 3309 3533 ).
3335 3462 3560 3560 hlystice
3586 3477 3692 3560 au:

1102 3541 1234 3628 Συ*
1431 3616 1460 3628 ⁵.
2098 3556 2207 3603 tem
2247 3565 2398 3605 mare
2436 3551 2726 3617 Mortuum,
2772 3554 2915 3628 quod
2942 3554 3075 3608 nihil
3105 3554 3276 3626 gignit
3316 3555 3517 3619 Vivum.
3545 3554 3690 3609 nihil

895 3617 970 3670 De
999 3617 1210 3670 testibus
1235 3617 1310 3670 vel
1340 3616 1504 3685 fretis.
2098 3641 2290 3709 recipit
2334 3655 2401 3695 ex
2446 3697 2447 3700 η

2137 3641 2290 3709 ecipit
2334 3655 2401 3695 ex
2446 3657 2643 3711 genere
2687 3625 2981 3699 viventium
3023 3663 3035 3697 :
3072 3644 3165 3700 sed
3205 3645 3385 3706 omnia
3436 3644 3544 3698 vita
3592 3659 3689 3698 ca-

479 3730 669 3786 IEstus
704 3730 773 3792 ad
792 3728 1063 3790 Oceanum
1095 3729 1352 3798 pertinet,
1386 3727 1581 3780 fretum
1612 3727 1675 3780 ad
1704 3735 1994 3796 utrumque
2101 3732 2271 3786 rentia
2315 3733 2370 3787 in
2398 3734 2721 3804 profundum
2771 3737 2987 3806 mergit,
3030 3745 3085 3791 et
3121 3745 3280 3792 terrae
3326 3735 3687 3793 Sodomorum

348 3867 353 3888 .
409 3841 580 3882 mare.
611 3824 744 3879 Nam
795 3830 960 3877 aestus
1001 3830 1084 3876 est
1122 3821 1286 3875 maris
1317 3836 1568 3875 accessus
1608 3819 1692 3874 vel
1725 3834 1991 3881 secessns,
2101 3831 2261 3895 atque
2305 3823 2621 3889 Gomorrhae
2660 3827 2905 3885 imminet
2933 3830 3089 3900 (quas
3119 3829 3386 3894 civitates,
3419 3829 3594 3899 ignem
3629 3836 3693 3884 et

409 3919 462 3974 id
492 3926 594 3982 est,
627 3915 939 3986 inquietudo,
970 3914 1144 3968 :unde
1175 3914 1426 3966 aestuaria
1455 3913 1726 3972 dimmtur,
1754 3927 1848 3978 per
1877 3926 1995 3979 qtae.
2103 3910 2324 3986 sulphur
2350 3913 2415 3967 de
2441 3914 2578 3968 caelo
2607 3915 2817 3987 pluens,
2854 3919 3112 3974 Dominus
3153 3916 3449 3989 subvertit)
3475 3917 3686 3990 signiﬁ-

411 4026 563 4066 mare
607 4009 846 4065 vicissim
891 4017 1002 4064 tam
1050 4006 1258 4066 accedit
1303 4020 1464 4073 quam
1508 4005 1730 4058 recedit.
1778 4003 1994 4056 Fretum
2101 4011 2188 4057 cat
2218 4006 2494 4074 praesentis
2531 4007 2712 4061 smculi
2761 4001 3174 4076 perversitatem
3220 4010 3312 4066 ubi
3344 4009 3588 4072 diabolus
3623 4009 3686 4064 in

411 4110 593 4156 autem
643 4098 990 4168 appellatum,
1042 4097 1185 4170 quod
1218 4095 1288 4148 ibi
1329 4109 1543 4164 semper
1581 4109 1731 4146 mare
1773 4093 1993 4146 ferveat.
2100 4097 2325 4166 perditis
2354 4111 2559 4168 regnat,
2590 4108 2641 4154 et
2683 4115 2804 4156 cum
2831 4102 2936 4169 his,
2973 4103 3064 4172 qui
3106 4103 3162 4160 in
3186 4101 3300 4159 Deo
3329 4103 3438 4156 vita
3467 4102 3677 4165 vivunt,

408 4193 544 4249 Nam
588 4189 786 4246 fretum
821 4201 905 4244 est
950 4197 1237 4260 angustum
1277 4195 1331 4240 et
1359 4188 1512 4260 quasi
1547 4186 1776 4240 fervens
1827 4202 1995 4248 mare,
2104 4187 2247 4240 nullo
2278 4190 2548 4249 consortio
2579 4192 2825 4263 jungitur
2867 4208 2881 4246 :
2919 4193 3012 4248 sed
3036 4209 3164 4248 vera
3201 4194 3312 4248 vita
3351 4200 3595 4249 carentes
3624 4192 3684 4246 in

410 4287 478 4342 ab
505 4285 772 4349 undarum
819 4281 1032 4336 fervore
1066 4279 1420 4340 nominatum.
1470 4276 1629 4331 Juxta
1685 4277 1995 4347 allegoriam
2102 4276 2427 4344 profundum
2455 4283 2650 4350 mergit
2673 4282 2888 4336 inferni.
2923 4283 2978 4338 In
3007 4285 3265 4354 sulphure
3294 4284 3434 4342 fetor
3472 4286 3683 4350 carnis,

409 4383 602 4432 aestuat
638 4373 871 4435 mundus
912 4370 1068 4426 undis
1118 4370 1589 4450 persecutionum,
1642 4377 1694 4422 et
1727 4383 1824 4437 per
1848 4369 1998 4421 varia
2103 4375 2156 4420 et
2198 4381 2295 4435 per
2341 4369 2519 4440 ignem
2565 4371 2725 4424 ardor
2765 4371 3017 4427 desiderii
3062 4372 3299 4428 carnalis
3339 4373 3684 4444 exprimitur.

411 4468 530 4523 loca
562 4474 654 4520 aut
687 4463 893 4518 accedit
929 4471 1023 4517 aut
1053 4463 1286 4528 recedit,
1329 4460 1499 4516 fervet
1535 4463 1698 4521 etiam
1731 4460 1899 4519 odiis.
1944 4468 1999 4513 et
2105 4457 2345 4528 Sulphur
2371 4461 2568 4533 quippe
2617 4459 2841 4517 fetorem
2873 4464 3056 4530 habet,
3096 4465 3238 4535 ignis
3277 4465 3548 4520 ardorem.
3580 4463 3686 4534 Qui

417 4559 677 4614 tumultus
714 4555 935 4618 excitat,
981 4569 1079 4609 nec
1131 4551 1657 4624 unquam,perfectm
1691 4553 1992 4619 tranquilli-
2023 4612 2071 4624 ﬁ
2106 4549 2286 4616 itaque
2309 4550 2374 4603 ad
2403 4565 2656 4620 perversa
2703 4552 2968 4607 desideria
2993 4569 3055 4607 ex
3081 4554 3265 4611 carnis
3311 4551 3487 4609 fetore
3527 4568 3686 4609 arse-

414 4651 541 4708 tatis
570 4649 623 4702 in
647 4648 817 4701 altero
846 4645 998 4720 [alto]
1031 4644 1175 4698 valet
1197 4612 1398 4697 habere
1425 4650 1644 4697 statum.
1677 4642 1829 4696 Unde.
1867 4651 1921 4695 et
1945 4645 1994 4695 in
2023 4612 2076 4670 D
2105 4649 2244 4702 rant,
2301 4641 2519 4708 dignum
2559 4641 2682 4707 fuit,
2733 4652 2790 4696 ut
2838 4644 2999 4697 simul
3037 4645 3294 4718 sulphure
3342 4645 3588 4714 perirent
3634 4654 3693 4702 et

414 4741 710 4811 Evangelia
740 4738 934 4809 legitur
965 4735 1169 4806 (Marc.
1204 4736 1316 4802 vi),
1354 4733 1564 4788 misisse
1597 4733 1877 4786 Dominum
1914 4749 1996 4785 as-
2103 4734 2256 4796 igne,
2315 4743 2580 4802 quatenus
2641 4750 2708 4788 ex
2753 4736 2897 4804 justa
2951 4751 3112 4805 pmna
3167 4738 3440 4803 discerent
3486 4738 3689 4820 iujpsto

417 4831 649 4885 cendere
696 4827 985 4898 discipulos
1019 4840 1145 4881 suos
1173 4826 1223 4878 in
1252 4823 1574 4887 naviculam,
1611 4832 1662 4877 et
1694 4825 1997 4892 prmcmlere
2104 4823 2368 4877 desiderio
2415 4824 2545 4895 quid
2594 4824 2863 4880 fecissent.
2915 4826 3092 4883 Lacus
3132 4826 3437 4882 Tiiieriadis
3477 4829 3545 4883 ab
3587 4842 3688 4898 op-

417 4937 543 4977 eum
575 4930 724 4976 trans
754 4917 981 4981 fretum,
1025 4917 1193 4971 donec
1223 4915 1517 4969 dimitteret
1565 4913 1779 4976 turbas,
1831 4915 2000 4982 ipsos-
2103 4917 2224 4984 pilo
2269 4917 2552 4973 'l‘iberiade
2590 4930 2831 4987 vocatus,
2874 4923 3016 4991 quod
3050 4923 3318 4991 quondam
3353 4921 3594 4976 Herodes
3627 4924 3684 4977 in

419 5029 524 5083 que
573 5011 888 5082 remigaudo
934 5009 1180 5063 laborare
1221 5017 1441 5078 propter
1488 5007 1818 5060 contrarium
1870 5023 1997 5059 ven-
2104 5011 2360 5065 honorem
2384 5012 2584 5066 Tiberii
2620 5013 2847 5068 Ccesaris
2875 5014 3130 5068 condidit.
3164 5013 3259 5066 Est
3297 5021 3476 5067 autem
3507 5013 3557 5071 iu
3591 5012 3684 5068 Ju-

421 5115 556 5158 tum.
606 5103 758 5168 Quod
784 5101 1010 5172 mystice
1054 5101 1264 5154 labores
1306 5101 1483 5154 varios
1511 5099 1760 5153 Ecclesiae
1800 5109 1999 5152 sancta:
2103 5100 2213 5154 duca
2259 5103 2509 5157 omnibus
2538 5103 2668 5158 lacis
2698 5104 2964 5158 salubrior
2989 5110 3042 5156 ct
3071 5103 3138 5156 ad
3167 5102 3456 5157 sanitatem
3492 5118 3687 5176 corpo-

421 5198 685 5265 dcsiguat,
713 5207 831 5261 qua:
858 5194 999 5246 inter
1026 5193 1194 5245 undas
1225 5191 1401 5246 saeculi
1447 5193 1795 5246 adversantes
1822 5202 1875 5244 et
1903 5193 1999 5245 im-
2103 5208 2220 5244 rum
2268 5194 2498 5261 quodam
2540 5195 2697 5248 modo
2747 5193 3034 5249 cliicacior.
3087 5193 3331 5249 Genesar
3375 5193 3527 5253 lacus
3573 5211 3689 5249 am-

422 5288 747 5342 muudorum
794 5284 952 5339 ﬂatus
978 5283 1261 5353 Spirituum
1294 5284 1360 5336 ad
1389 5285 1621 5352 quietem
1666 5286 1855 5352 patriai
1892 5298 2000 5338 coe-
2060 5348 2073 5356 I
2104 5285 2377 5352 plissimus
2407 5286 2457 5338 iu
2488 5283 2690 5351 Judtea,
2724 5286 3053 5354 longitudine
3078 5293 3295 5340 centum
3327 5285 3689 5356 quadraginta

423 5378 600 5439 lestis,
640 5379 792 5447 quasi
832 5376 896 5429 ad
938 5375 1096 5438 fidam
1136 5375 1332 5429 littoris
1367 5375 1687 5440 stationem,
1719 5377 2001 5445 pervenire
2051 5348 2073 5374 ί
2104 5378 2414 5439 extenditur
2449 5378 2656 5441 stadiis,
2709 5376 2993 5430 latitudine
3035 5375 3393 5448 quadraginta
3436 5348 3690 5431 diffundi-

424 5480 670 5527 (onatur.
709 5470 812 5524 Sed
843 5470 991 5541 prius
1018 5484 1120 5521 non
1152 5478 1329 5523 cessat
1358 5477 1572 5530 ventus,
1617 5484 1776 5537 quam
1811 5468 1993 5522 Salva-
2110 5480 2216 5530 tur,
2249 5470 2608 5538 crispantibus
2637 5471 3004 5538 aquisauram
3037 5485 3141 5523 non
3176 5469 3373 5532 Vr‘lllls,
3409 5469 3508 5527 sed
3537 5469 3603 5523 de
3631 5448 3690 5524 se

428 5575 512 5619 tor
556 5565 799 5619 ascendit
838 5564 886 5617 iu
927 5577 1113 5617 navem
1145 5580 1156 5614 :
1191 5561 1315 5630 quia
1368 5561 1421 5613 in
1475 5577 1794 5631 quocunque
1837 5564 2002 5615 corde
2111 5564 2226 5633 ipso
2253 5564 2348 5616 sibi
2373 5579 2646 5617 excreans.
2673 5563 2823 5617 Unde
2850 5572 2903 5616 ct
2924 5562 3163 5618 Genesar
3183 5561 3380 5621 dicitur
3399 5577 3576 5632 grtcco
3598 5576 3690 5619 vo-

430 5657 572 5712 Deus
615 5671 708 5726 per
741 5655 964 5725 gratiam
999 5653 1079 5706 sui
1121 5654 1273 5706 adest
1303 5651 1531 5714 amoris,
1575 5666 1695 5704 mox
1741 5653 2001 5706 immensa
2111 5655 2320 5716 cahulo,
2345 5655 2496 5723 quasi
2514 5670 2777 5724 generans
2798 5655 2895 5708 sibi
2921 5669 3127 5708 auram.
3157 5653 3394 5722 Denique
3411 5669 3508 5724 per
3529 5651 3690 5707 dili'u-

431 5751 680 5803 vitiorum
707 5756 762 5803 et
789 5745 1124 5800 adversantis
1151 5745 1331 5798 mundi
1363 5745 1476 5799 sive
1511 5745 1800 5814 spirituum
1842 5744 2001 5799 mali-
2113 5747 2253 5800 siora
2306 5749 2476 5816 spatia
2531 5749 2676 5802 lacus
2732 5746 3104 5817 frequentibus
3149 5747 3296 5803 auris
3352 5745 3688 5816 spirantibus

426 5857 655 5919 gnorum
675 5841 813 5898 bella
839 5853 1149 5910 compressa
1178 5839 1480 5909 quiescunt.
2115 5839 2367 5911 agitatur,
2402 5839 2539 5894 unde
2573 5848 2627 5895 et
2664 5839 2849 5915 purior
2888 5839 3113 5896 haustus
3146 5837 3283 5911 ejus,
3314 5851 3370 5894 et
3405 5836 3474 5894 ad
3498 5845 3689 5912 potan‘
