3930 6392
217 445 324 505 διτ

1260 446 1345 502 DE
1386 444 1731 506 UNIVEBSO
1767 446 1947 507 LIBRI
1982 447 2144 507 XXII.
2182 479 2253 493 -—
2287 452 2413 510 LIB.
2455 454 2546 512 XI.

3396 466 3504 527 518

217 572 351 626 dum
397 569 594 625 dulcis
622 570 925 627 et'habilis.
957 568 1221 640 Denique,
1249 568 1297 623 si
1324 569 1587 626 sciremus
1612 568 1742 639 quid
1772 567 1827 623 in
1851 569 1905 632 Α
1927 584 2141 639 aquam,
2169 586 2327 640 quam
2351 589 2442 643 ego
2468 574 2555 640 do,
2590 574 2678 643 ﬁet
2704 577 2760 631 in
2787 592 2846 631 eo
2869 578 2985 646 fons
3011 594 3163 649 aqua:
3186 579 3421 639 salientis
3445 585 3501 643 in

215 659 419 717 Latina
468 661 671 734 lingua
701 669 913 718 resonet
937 659 1198 727 Genesar,
1238 661 1662 733 intelligeremus
1696 678 1828 733 quo-
1928 657 2085 710 υἰιαηι
2114 666 2361 712 attentam
2384 659 2572 731 (Joan.
2598 663 2705 735 iv).
2749 664 3008 735 Baptismi
3036 682 3166 725 vero
3193 685 3501 728 sacramen-

215 751 385 808 modo
420 749 598 808 Iesus
621 768 721 824 per
746 761 927 824 typum
968 751 1348 825 Apostolorum
1375 762 1431 827 et
1460 755 1617 811 navis
1638 755 1825 813 Eccle-

212 846 361 901 siam
395 845 468 899 de
497 846 903 916 persecutionis
937 845 1216 917 naufragio
1249 846 1534 903 liberatam
1570 852 1823 905 transdu~

211 942 306 990 cat
327 934 399 990 ad
428 934 623 1003 littus,
655 944 711 992 et
740 938 793 991 in
822 936 1260 1005 tranquillissime
1289 945 1448 1007 portu
1479 939 1823 1009 requiescere

212 1023 407 1081 faciat.
465 1028 870 1100 Interpretatur
906 1038 1085 1083 autem
1113 1027 1375 1093 Genesar,
1425 1038 1576 1086 ortus
1618 1032 1822 1099 princi-

211 1115 392 1186 pium,
422 1127 489 1172 ut
522 1120 581 1173 in
617 1119 755 1175 libro
775 1120 840 1173 de
861 1121 1165 1176 nominibus
1192 1120 1470 1199 Hebraicis
1494 1122 1816 1180 invenimus.

212 1204 371 1263 Tunc
430 1209 597 1263 enim
657 1210 814 1279 plena
874 1211 1028 1266 nobis
1087 1211 1356 1266 tribuetur
1416 1212 1774 1281 tranquillitas
1801 1254 1851 1282 ,.

208 1299 440 1369 quando
465 1299 721 1356 Paradisi
751 1316 847 1371 per
869 1300 1140 1356 Christum
1167 1302 1322 1357 nobis
1359 1301 1676 1361 restituetur
1705 1303 1816 1359 bte-

209 1389 451 1455 reditas,
478 1405 551 1445 ac
580 1392 769 1460 prima:
808 1392 957 1447 stola:
999 1391 1253 1446 reddetur
1285 1392 1617 1462 jucunditas.
1644 1393 1819 1448 Lacus

208 1480 358 1534 enim
389 1482 650 1551 generali
678 1483 937 1537 vocabulo
965 1490 1057 1536 aut
1081 1497 1179 1551 pro
1210 1482 1419 1538 inferno
1448 1483 1685 1551 ponitur,
1729 1491 1819 1537 aut

206 1587 309 1643 pro
352 1572 653 1641 sepultura
696 1572 911 1638 foveali,
964 1573 1237 1628 autistius
1280 1573 1467 1628 mundi
1511 1571 1817 1643 profundis-

208 1662 350 1718 sima
381 1665 734 1719 calamitate.
789 1666 996 1721 Dicitur
1024 1666 1168 1720 enim
1200 1667 1322 1721 inde
1352 1667 1523 1731 lacus,
1548 1666 1691 1736 quod
1718 1666 1817 1721 sub

209 1754 327 1824 ipsa
366 1766 528 1811 terra
557 1759 745 1812 lateat.
779 1758 912 1815 Nam
939 1759 1088 1815 lacus
1116 1776 1217 1830 pro
1246 1760 1457 1815 inferno
1490 1770 1730 1827 notatur,
1755 1768 1817 1816 ut

206 1856 290 1900 est
328 1848 468 1904 illud
500 1850 809 1908 Psalmistze
837 1869 850 1905 :
880 1851 1178 1906 Posuerunt
1203 1869 1284 1906 me
1310 1844 1367 1906 in
1390 1851 1564 1906 lacum
1589 1852 1809 1921 inferio-

1927 755 2040 807 tum
2069 748 2306 806 ostendit
2330 751 2458 808 illud
2494 754 2767 815 Zachariae
2804 754 3116 827 Prophetre,
3150 760 3258 832 qiio
3284 763 3360 817 ait
3392 763 3501 822 ειη

1922 841 2008 899 die
2036 841 2131 903 illa
2164 843 2262 899 erit
2299 844 2419 913 fons
2449 854 2630 914 patens
2662 848 2844 904 domui
2888 849 3079 913 David,
3122 862 3170 912 et
3210 854 3496 911 habitanti-

1915 932 2015 995 bus
2034 933 2331 995 Jerusalem
2356 936 2412 993 in
2438 936 2752 1002 ablutionem
2781 943 3065 1007 peccatoris
3088 953 3136 1000 et
3161 954 3497 1010 menstruam

1922 1021 2116 1095 (Zach.
2165 1024 2317 1097 xm).
2350 1025 2449 1083 Hic
2471 1024 2591 1089 fons
2611 1029 2677 1083 de
2701 1030 2860 1087 domo
2888 1032 2986 1089 Dei
3014 1036 3297 1104 egrediens
3324 1036 3497 1093 fertur

1919 1114 1989 1170 ad
2014 1115 2330 1182 Ecclesium,
2356 1126 2408 1172 et
2436 1121 2502 1175 ad
2531 1121 2813 1183 scientiam
2840 1122 3261 1194 Scripturarum,
3294 1136 3354 1183 ut
3379 1146 3496 1184 oin-

1917 1220 2015 1261 nes
2036 1222 2384 1267 renascamur
2411 1200 2466 1265 in
2492 1210 2728 1277 Christo,
2778 1222 2834 1269 et
2872 1214 2924 1269 in
2958 1232 3094 1285 aqua
3123 1218 3493 1287 Baptismatis,

1919 1304 2104 1355 nostra
2157 1300 2313 1354 nobis
2361 1310 2581 1369 peccata
2629 1302 2917 1359 donentur.
2972 1306 3114 1361 Nihil
3164 1310 3492 1365 immundius

1916 1397 2268 1455 menstruata,
2304 1406 2423 1461 quae
2466 1393 2720 1463 quicquid
2753 1397 3020 1465 attigerit,
3049 1398 3381 1455 immundum
3408 1400 3490 1455 fa—

1918 1477 1991 1533 cit
2023 1488 2118 1545 :et
2154 1481 2474 1550 injustornm
2517 1486 2702 1541 sordes
2748 1485 2952 1542 Christi
2994 1488 3286 1544 abluuntur
3312 1492 3491 1561 Bapti-

1916 1578 2107 1626 smate.
2159 1571 2303 1627 Fons
2349 1572 2632 1641 Salvator,
2670 1584 2731 1631 ut
2771 1578 2830 1632 in
2871 1577 3148 1635 Ieremia:
3184 1580 3273 1633 Me
3306 1581 3495 1635 dereli-

1912 1671 2135 1733 querunt
2161 1664 2356 1732 fontem
2384 1680 2533 1734 aqum
2560 1667 2685 1721 viva:
2715 1668 2859 1737 (Jer.
2882 1670 2982 1739 ιι).
3026 1670 3169 1725 Fons
3191 1670 3492 1741 haptismus

1912 1754 1967 1809 in
1991 1754 2107 1810 Joel
2140 1769 2154 1808 :
2187 1754 2255 1808 Et
2287 1755 2405 1824 fons
2436 1755 2500 1809 de
2528 1756 2680 1810 domo
2705 1756 2917 1811 Domini
2958 1760 3247 1827 egredietur
3280 1770 3327 1816 et
3365 1762 3491 1815 irri-

1915 1846 2053 1917 gabit
2081 1844 2284 1901 omnem
2310 1856 2503 1901 terram
2536 1847 2705 1917 (laet.
2746 1865 2803 1905 ιιι
2830 1849 2869 1919 ).
2899 1851 2967 1904 Et
2995 1851 3048 1904 in
3074 1851 3233 1905 aliam
3256 1861 3488 1921 partem,

208 1956 341 2005 rem,
385 1943 446 1995 in
496 1945 743 1998 tenebras
777 1951 826 1997 et
853 1943 1035 1998 umbra
1082 1944 1261 1997 mortis
1290 1941 1478 2015 (Psal.
1504 1942 1763 2014 Lxxxvn)
1796 1961 1811 1996 :
1841 1910 1889 1969 Β
1921 1949 1979 1995 ιιι
2003 1942 2057 1995 in
2078 1941 2371 2011 propheta:
2394 1942 2775 1996 Dessiccabitur
2798 1944 2989 2011 ﬂuvius
3010 1962 3041 1998 a
3063 1945 3205 2013 fonte
3225 1962 3320 1999 suo
3342 1945 3487 2017 (Isa.

207 2034 300 2091 Sic
330 2046 389 2092 et
421 2038 485 2092 in
518 2038 615 2093 illo
638 2038 948 2094 testimonio
979 2038 1254 2093 Zachariae
1280 2036 1584 2105 Propheta,
1615 2051 1721 2105 quo
1746 2035 1814 2089 ad

210 2127 388 2197 ipsum
417 2127 721 2182 Dominum
746 2129 849 2182 ait:
868 2128 935 2181 In
954 2128 1205 2199 sanguine
1225 2126 1517 2181 testamenti
1537 2129 1614 2179 tui
1634 2127 1816 2180 eduxit

212 2218 507 2291 [reduxisti]
534 2222 739 2275 vinctos
770 2230 887 2274 tuos
926 2219 989 2273 de
1033 2218 1174 2283 lacu,
1207 2219 1261 2272 iu
1292 2234 1394 2288 quo
1425 2233 1526 2273 non
1564 2224 1637 2270 est
1672 2233 1812 2286 aqua

211 2306 400 2380 (Zach.
438 2310 548 2381 ix).
581 2310 732 2377 Quod
760 2311 833 2363 ita
859 2306 1573 2381 intelligiturzln'sanguine
1599 2306 1808 2375 passio-

209 2398 293 2453 nis
336 2409 469 2464 tuaz,
506 2416 543 2455 o
572 2400 843 2465 Salvator,
877 2415 970 2455 eos
996 2400 1087 2469 qui
1116 2399 1282 2454 vincti
1326 2399 1382 2452 in
1410 2411 1630 2453 carcere
1656 2405 1808 2451 tene-

209 2490 413 2559 bantur
444 2494 674 2558 inferni,
702 2495 755 2548 in
782 2510 887 2563 quo
917 2510 1022 2549 non
1048 2502 1131 2548 est
1156 2494 1263 2547 ulla
1290 2493 1681 2557 misericordia,
1716 2501 1807 2546 tua

214 2582 510 2639 clementia
556 2585 817 2640 litierasti.
862 2586 993 2640 Item
1021 2584 1171 2639 lacus
1208 2599 1310 2653 pro
1345 2583 1617 2652 sepultura
1656 2583 1811 2652 poni-

212 2680 317 2738 tur,
373 2683 434 2729 ut
482 2684 573 2730 est
618 2675 747 2730 illud
793 2676 1090 2731 Psalmista':
1122 2692 1135 2728 :
1171 2672 1490 2728 rEstimatus
1524 2687 1639 2727 sum
1690 2690 1807 2727 cum

214 2763 655 2818 descendentibus
673 2765 726 2818 in
748 2764 920 2818 lacum
946 2768 963 2835 (
986 2765 1132 2818 Psal.
1164 2780 1382 2819 Lxxxvn
1403 2764 1445 2835 ).
1476 2763 1669 2833 Culpat
1689 2779 1803 2828 eos,

217 2854 310 2927 qui
352 2857 632 2926 putabant
668 2852 947 2913 Dominuin
977 2856 1312 2913 Salvatorem
1340 2864 1611 2912 mortuum
1638 2856 1804 2911 fuisse

217 2949 607 3014 communiter,
639 2957 694 3004 et
727 2949 871 3004 illam
902 2950 1224 3019 singularem
1260 2958 1315 3005 et
1341 2948 1643 3004 mirabilem
1681 2965 1805 3019 pas-

220 3035 428 3090 sionem
471 3037 834 3092 morientibus
865 3036 1087 3106 reiiquis
1125 3037 1431 3092 hominibus
1472 3052 1801 3108 comparem.

221 3126 455 3183 Rursum
516 3130 573 3183 in
633 3130 735 3183 laci
780 3129 999 3185 nomine
1054 3129 1473 3200 profundissima
1524 3132 1805 3186 calamitas

1916 2030 2072 2103 nx).
2111 2031 2339 2096 Fontes,
2412 2032 2585 2088 sancti
2629 2034 3040 2102 praedicatores,
3092 2042 3151 2088 ut
3202 2037 3255 2090 in
3304 2036 3486 2091 Isaia:

1918 2120 2191 2176 Haurietis
2232 2141 2396 2195 aquas
2448 2126 2505 2178 in
2557 2126 2749 2194 gaudio
2803 2127 2865 2179 de
2915 2127 3142 2197 fontibus
3198 2128 3489 2184 Saluatoris

1917 2212 2073 2283 (Isa.
2129 2230 2203 2268 ιιιι
2228 2212 2269 2286 ).
2313 2215 2379 2269 Et
2407 2215 2471 2269 in
2516 2216 2677 2270 aliam
2714 2226 2921 2286 partem
2964 2233 3060 2287 per
3100 2218 3257 2275 Joel:
3291 2219 3396 2275 Sed
3438 2230 3486 2274 et

1912 2303 2086 2358 bestia:
2114 2316 2456 2373 suspexerunt
2487 2308 2556 2360 ad
2591 2317 2657 2373 te,
2701 2310 2945 2364 exsiccati
2985 2319 3102 2363 sunt
3134 2311 3298 2378 fontes
3326 2327 3488 2380 aqua-

1909 2411 2046 2448 rum.
2101 2394 2319 2462 Fontes,
2370 2398 2609 2453 haeretici
2652 2399 2704 2452 in
2752 2400 2990 2470 Epistula
3022 2401 3204 2456 Petri:
3241 2400 3315 2455 Hi
3365 2411 3485 2456 sunt

1913 2484 2085 2552 fontes
2131 2488 2239 2539 sine
2276 2504 2412 2557 aqua
2443 2488 2537 2557 (II
2578 2489 2692 2543 Pet.
2732 2491 2824 2562 ιι).
2882 2493 3024 2549 Fons
3070 2494 3221 2563 origo
3272 2493 3484 2564 generis

1910 2581 2129 2635 humani
2164 2582 2215 2635 in
2236 2581 2532 2647 Salomone
2558 2602 2569 2635 :
2597 2588 2887 2654 Antequam
2922 2599 3190 2656 rumpatur
3231 2587 3369 2656 funis
3397 2603 3485 2639 ar-

1908 2680 2141 2741 genteus,
2171 2680 2224 2725 et
2262 2683 2495 2726 recurrat
2536 2676 2685 2738 iuxta
2715 2674 2909 2747 [vitta]
2958 2693 3137 2741 aurea,
3173 2685 3219 2729 et
3249 2684 3485 2729 contera-

1907 2768 1996 2815 tur
2028 2760 2216 2831 Iiydria
2236 2778 2393 2830 super
2411 2762 2607 2830 fontem
2631 2762 2825 2832 (Eecle.
2854 2764 2973 2831 xii),
3014 2764 3065 2816 id
3094 2771 3197 2827 est,
3228 2779 3355 2818 caro
3386 2764 3481 2817 ho-

1907 2853 2072 2906 minis
2097 2868 2195 2921 per
2214 2859 2462 2907 mortem.
2495 2851 2639 2906 Fons
2665 2868 2792 2923 ergo
2832 2853 3094 2923 originem
3122 2854 3377 2907 virtutum
3405 2854 3479 2907 si-

1907 2946 2129 3015 gniﬁcat
2167 2945 2221 2999 in
2262 2944 2352 3011 illo
2374 2943 2674 2999 Psalmistae
2701 2964 2711 2997 :
2740 2944 2999 3008 Quoniam
3028 2945 3165 3013 apud
3187 2954 3232 2997 te
3257 2954 3331 2999 est
3362 2944 3479 3012 fons

1905 3036 2047 3098 vitce,
2075 3043 2122 3087 et
2144 3036 2200 3087 in
2229 3033 2422 3089 lumine
2452 3042 2542 3089 tuo
2580 3034 2864 3090 videbimus
2892 3034 3065 3091 lumen
3092 3031 3261 3104 (Psal.
3293 3032 3478 3104 xxxv).

1908 3123 2123 3180 Christo
2178 3124 2407 3180 Domino
2454 3124 2582 3179 dicit
2622 3140 2635 3178 :
2674 3127 2921 3195 quoniam
2970 3125 3109 3192 apud
3141 3134 3188 3179 te
3239 3133 3313 3185 est
3363 3125 3481 3192 fons

218 3217 374 3271 istius
409 3207 614 3273 mundi
649 3221 989 3289 exprimitur,
1025 3230 1085 3275 ut
1124 3229 1209 3277 est
1250 3222 1384 3277 illud
1414 3241 1426 3276 :
1478 3223 1563 3276 Ad
1580 3204 1633 3277 te
1651 3204 1675 3288 ,ἢ
1698 3223 1802 3277 Do-

1909 3215 2045 3277 vitce,
2072 3214 2125 3267 id
2152 3224 2257 3280 est,
2290 3215 2501 3269 initium
2533 3216 2768 3273 omnium
2799 3215 3083 3277 bonorum,
3112 3223 3165 3267 et
3194 3214 3345 3283 origo
3366 3213 3475 3267 vir-

220 3307 376 3373 mine,
420 3308 685 3362 clamavi:
715 3308 857 3364 Deus
883 3327 1043 3373 mens,
1080 3327 1143 3364 ne
1170 3311 1327 3365 sileas
1362 3330 1393 3365 a
1420 3329 1521 3377 me,
1549 3326 1596 3368 et
1624 3330 1711 3367 ero
1734 3315 1805 3367 si-

219 3399 353 3451 milis
385 3398 819 3453 descendentibus
862 3400 915 3453 in
959 3400 1128 3453 lacum
1177 3399 1198 3472 (
1219 3398 1367 3454 Psal.
1400 3402 1594 3472 cxur).
1628 3402 1803 3458 Lacus

222 3486 361 3539 enim
406 3488 515 3541 hoc
561 3488 812 3541 sarculum
856 3496 956 3550 est,
990 3490 1134 3558 quod
1178 3490 1333 3558 quasi
1376 3489 1691 3544 delectabile
1738 3508 1802 3547 ac

220 3577 571 3646 tranquillum
627 3563 907 3645 creditur;
970 3578 1068 3633 sed
1110 3593 1245 3648 quas
1301 3578 1695 3647 proinnditates
1744 3587 1802 3633 et

221 3680 501 3722 mensuras
580 3652 811 3732 habeat,
891 3668 1188 3738 ignoratur.
1268 3668 1442 3731 Lacus
1511 3668 1663 3723 dolor
1716 3669 1801 3723 vel

220 3752 394 3825 lapsus
446 3759 501 3812 in
554 3767 803 3822 mortem,
832 3758 971 3813 utin
1016 3759 1279 3813 I’salterio
1309 3778 1321 3813 :
1354 3759 1554 3813 Locum
1598 3760 1799 3829 aperuit

220 3856 267 3902 ει
292 3850 470 3918 effodit
518 3866 638 3903 eum
671 3846 863 3920 (Ρωιί
901 3849 1031 3920 vii).
1062 3850 1127 3905 Et
1155 3850 1281 3904 alibi
1314 3869 1327 3903 :
1362 3849 1597 3921 Laqueos
1638 3869 1801 3921 para-

220 3950 396 3993 uerunt
438 3940 659 3994 pedibus
688 3941 813 3994 meis
865 3938 885 4011 (
906 3939 1052 3993 Psal.
1082 3942 1221 4009 Lvi).
1254 3940 1490 4005 Lacuna,
1536 3941 1796 4003 haeretici,

220 4036 278 4082 ut
304 4030 355 4082 in
398 4030 663 4098 propheta
694 4048 706 4083 :
736 4028 838 4096 Qui
873 4030 1133 4100 faciebant
1178 4028 1393 4084 lacunas
1417 4029 1487 4083 ad
1519 4030 1797 4099 capiendos

221 4120 374 4189 pisces
414 4122 432 4192 (
456 4121 575 4176 Isa.
608 4122 754 4193 xix).

830 4212 1059 4268 CAPUT
1096 4211 1188 4266 IX.

824 4302 899 4356 De
936 4304 1185 4373 fontibus.

289 4391 499 4448 Vascho
523 4408 721 4448 nomen
750 4402 833 4448 est
864 4394 1029 4448 fontis
1056 4395 1108 4447 in
1132 4394 1275 4449 tribu
1302 4394 1603 4465 Benjamin,
1632 4403 1687 4449 et
1715 4394 1795 4448 iu-

223 4490 565 4555 terpretatur,
596 4486 858 4537 conversio
890 4486 1254 4555 generationis.
1298 4484 1465 4555 Rogel
1492 4500 1689 4540 nomen
1715 4495 1796 4538 est

1908 3313 2112 3371 tutum;
2145 3307 2285 3361 unde
2321 3304 2710 3375 perfectissime
2754 3305 3105 3376 complemur,
3138 3307 3353 3374 quando
3382 3305 3479 3358 ali.

1904 3396 2050 3467 quod
2096 3412 2290 3451 munus
2334 3398 2399 3450 ah
2429 3396 2546 3464 ejus
2579 3396 2777 3465 pietate
2822 3395 3170 3463 suscepimus.
3218 3394 3479 3451 Similiter

1902 3498 1958 3544 et
2014 3489 2144 3543 illud
2190 3488 2589 3559 intelligendum
2640 3499 2765 3542 est:
2812 3486 2914 3552 Qui
2967 3488 3148 3543 emittit
3203 3488 3371 3555 fontes
3422 3488 3476 3542 in

1901 3579 2257 3651 convallibus”
2332 3579 2693 3633 intermedium
2763 3578 3014 3634 montium
3084 3579 3471 3646 pertransibunt

1901 3687 2049 3739 aqua
2074 3667 2253 3740 (Psal.
2282 3669 2411 3737 cui)
2445 3684 2458 3720 :
2484 3670 2607 3737 quia
2652 3668 2991 3736 omnipotens
3034 3667 3176 3722 Dens
3198 3668 3335 3721 dona
3365 3668 3473 3736 spi-

1902 3761 2073 3815 ritalis
2109 3762 2295 3829 gratiae
2334 3761 2622 3814 humilibus
2660 3768 2900 3829 prmstat,
2935 3774 3039 3827 quo
3073 3760 3192 3813 loco
3221 3760 3308 3813 hic
3338 3774 3471 3812 con-

1900 3850 2064 3904 valles
2103 3862 2395 3920 ponuntur,
2441 3859 2495 3904 et
2529 3866 2679 3918 aqua:
2732 3849 2926 3903 divina:
2957 3849 3030 3902 ibi
3075 3864 3289 3917 semper
3326 3863 3467 3902 exm-

1899 3948 2082 3994 sLuant
2111 3958 2122 3992 :
2152 3957 2269 4008 quae
2300 3942 2661 3993 intermedium
2704 3940 2977 4002 montium,
3017 3939 3119 3995 hoc
3146 3948 3247 4003 est,
3282 3954 3465 4005 super-

1898 4034 2093 4087 borum
2145 4032 2518 4086 haereticorum
2565 4033 2684 4087 sine
2740 4032 2919 4102 aliquo
2973 4032 3151 4088 fructu
3193 4042 3470 4103 pertrans-

1900 4123 2073 4177 ibunt.

2519 4211 2745 4266 CAPUT
2785 4211 2852 4266 Χ.

2466 4300 2540 4353 De
2576 4300 2891 4369 ﬂuminibus.

1967 4392 2183 4446 Flavius
2212 4400 2295 4446 est
2319 4393 2572 4461 perennis
2596 4407 2859 4461 aquarqu
2885 4393 3167 4457 decursus,
3193 4409 3221 4446 a
3253 4393 3465 4451 ﬂuendo

1894 4484 2157 4555 perpetim
2186 4485 2378 4538 dictus.
2431 4483 2650 4551 Proprie
2689 4492 2867 4538 autem
2895 4482 3090 4539 ﬂumen
3131 4500 3267 4555 aqua
3306 4487 3420 4554 ipsa
3452 4506 3461 4538 :

222 4570 378 4627 fontis
402 4574 455 4627 in
492 4572 635 4627 tribu
672 4572 949 4642 Benjamin
978 4588 991 4626 :
1023 4582 1078 4627 et
1106 4574 1511 4643 interpretatur,
1548 4576 1788 4629 deorsum
1817 4590 1868 4650 D
1894 4573 2106 4639 ﬂuvius,
2133 4590 2320 4629 cursus
2346 4589 2515 4643 aque.
2548 4572 2703 4627 Prius
2738 4581 2917 4629 autem
2952 4574 3151 4629 ﬂumen
3178 4590 3339 4643 quam
3370 4574 3467 4629 ilu-

222 4663 399 4731 ferens.
429 4663 626 4718 Sanies
664 4663 789 4717 fons
828 4664 987 4718 estin
1013 4665 1157 4723 tribu
1193 4664 1491 4734 Bcnjamin,
1538 4674 1593 4718 et
1620 4665 1788 4718 inter-

222 4759 475 4823 pretatur,
504 4757 605 4810 sol.
628 4756 797 4810 Arelli
827 4758 963 4819 fons,
996 4759 1137 4826 apud
1158 4774 1316 4828 quem
1342 4757 1555 4814 Gedeon
1580 4768 1788 4813 castra-

225 4861 445 4907 nietatus
494 4862 579 4908 est
630 4852 839 4922 (Judic.
872 4852 1421 4922 vii)interpretatur,
1479 4854 1788 4921 arti/extet

223 4945 425 5008 merito,
462 4944 592 5013 quia
617 4944 688 4997 'rhi
720 4944 924 4997 Domini
958 4943 1210 4996 mandato
1248 4944 1573 5012 probabatur
1620 4957 1787 5010 popu—

225 5027 321 5091 lus,
342 5031 492 5097 juxta
527 5050 711 5103 aquas,
744 5035 831 5104 qui
858 5049 980 5087 cum
1006 5033 1253 5088 Gedeona
1286 5042 1616 5103 pugnaturus
1647 5034 1778 5086 erat.

228 5119 359 5177 Fons
378 5140 593 5199 quoque
617 5137 709 5179 aut
738 5126 1019 5179 Dominum
1052 5124 1321 5179 Christum
1363 5126 1589 5194 mystice
1624 5124 1787 5193 signi-

234 5208 363 5277 ﬁcat,
394 5227 483 5268 aut
517 5218 746 5283 gratiam
780 5215 1011 5283 Spiritus
1052 5216 1244 5279 sancti,
1294 5223 1386 5268 aut
1421 5214 1677 5282 Baptismi
1710 5214 1787 5266 la-

232 5316 454 5370 vacrum,
509 5314 601 5359 aut
628 5306 888 5374 originem
926 5309 1201 5359 virtuqu
1232 5305 1362 5358 Nam
1399 5304 1673 5359 Christum
1708 5305 1783 5356 si-

237 5393 432 5459 gniticat
453 5397 506 5449 in
538 5411 625 5459 eo,
648 5395 787 5464 quod
818 5395 870 5447 in
895 5396 1091 5449 Genesi
1121 5397 1313 5465 legitur
1344 5393 1499 5464 (Cen.
1525 5396 1616 5463 ιι),
1664 5396 1782 5447 fou—

242 5488 333 5533 tem
376 5500 491 5540 esse
520 5487 571 5540 in
601 5486 774 5539 medio
812 5484 1084 5549 Paradisi,
1138 5489 1277 5539 uu.'e
1300 5494 1528 5553 quatuor
1566 5482 1781 5536 ﬂumina

238 5576 598 5639 prece-lebat“,
635 5576 733 5629 hoc
774 5586 890 5639 est,
938 5586 1169 5644 quatuor
1211 5575 1493 5645 Evangelia
1532 5575 1596 5627 de
1642 5574 1782 5627 fonte

242 5662 468 5719 salutaris
521 5670 868 5735 procedentia
916 5669 979 5721 ad
1025 5668 1389 5736 irrigationem
1429 5668 1635 5736 gilineris
1682 5666 1782 5717 liu-

241 5753 382 5806 mani.
410 5755 540 5810 Item
580 5756 697 5811 fons
737 5758 969 5827 Spiritus
995 5759 1163 5811 sancti
1192 5758 1417 5826 gratiam
1459 5757 1701 5826 designat.
1731 5754 1783 5808 in

244 5854 317 5911 εο,
350 5850 485 5918 quod
528 5850 787 5906 Dominus
833 5853 962 5907 dicit
1001 5854 1051 5907 in
1096 5852 1387 5927 Evangelia
1421 5870 1432 5905 :
1463 5851 1563 5917 Qui
1606 5851 1783 5905 biberit

1893 4668 2033 4729 vius,
2062 4666 2239 4730 idest,
2282 4668 2431 4736 prior
2479 4681 2615 4735 aqua
2651 4681 2811 4734 quam
2854 4665 3133 4721 decursus.
3175 4665 3285 4719 Duo
3336 4675 3452 4720 sun“

1893 4770 2068 4814 autem
2100 4760 2375 4813 (luminum
2405 4774 2621 4829 genera,
2662 4773 2827 4811 unum
2865 4766 3100 4821 torrens,
3132 4758 3359 4812 alterum
3385 4758 3465 4810 vi-

1890 4866 2037 4904 vum.
2108 4851 2180 4903 De
2235 4866 2341 4918 quo
2393 4850 2645 4919 Virgilius
2690 4866 2702 4901 :
2746 4850 2921 4903 Donec
2962 4866 3041 4902 me
3089 4850 3301 4916 ﬁuntiue
3352 4848 3459 4901 vivo

1892 4946 2121 4997 abluere.
2184 4945 2416 4997 Torrens
2472 4952 2554 4997 est
2602 4959 2737 5012 aqua
2788 4944 3006 4997 veniens
3054 4959 3179 4997 cum
3233 4944 3456 5011 impetu.

1892 5037 2074 5090 Dictus
2112 5046 2287 5088 autem
2317 5046 2541 5099 torrens,
2595 5037 2715 5104 quia
2745 5037 2920 5105 pluvia
2947 5039 3164 5099 crescit,
3214 5038 3460 5091 siccitate

1894 5128 2162 5188 torrescit,
2209 5127 2259 5179 id
2285 5136 2384 5190 est,
2431 5127 2641 5180 arescit.
2679 5126 2942 5195 Allegoria
2974 5125 3116 5178 ﬂuvii
3154 5140 3243 5179 seu
3279 5124 3456 5178 ﬂumi-

1890 5218 1973 5270 nis
2002 5216 2288 5282 nliquando
2320 5216 2371 5268 in
2402 5217 2593 5269 bonam
2626 5225 2853 5283 partem,
2894 5216 3177 5282 aliquando
3226 5216 3278 5266 in
3329 5228 3456 5267 cou-

1890 5307 2108 5360 trariam
2165 5307 2407 5357 vertitur.
2468 5306 2522 5357 In
2560 5304 2758 5359 bonam
2798 5314 3005 5373 partem
3040 5305 3256 5358 ﬂumina
3308 5306 3453 5359 acci~

1888 5400 2125 5469 piuntur,
2172 5399 2269 5450 ubi
2312 5398 2557 5450 Salvator
2589 5396 2715 5450 dicit
2750 5415 2761 5448 :
2802 5397 2905 5461 Qui
2932 5398 2986 5449 in
3016 5414 3093 5448 me
3127 5399 3306 5459 credit,
3351 5399 3453 5464 ﬂu-

1886 5488 2023 5541 mina
2045 5487 2106 5537 de
2140 5496 2306 5539 ventre
2330 5488 2445 5555 ejus
2471 5489 2630 5555 ﬂuent
2663 5503 2807 5555 aqua:
2836 5487 2959 5539 vivae
2993 5485 3180 5553 (Joan.
3212 5500 3282 5536 ιιι
3310 5485 3326 5552 )
3354 5525 3367 5544 ,
3402 5485 3455 5537 id

1885 5590 1988 5641 est,
2042 5581 2226 5645 gratiae
2274 5580 2538 5647 spiritales
2586 5581 2648 5633 de
2688 5580 2865 5632 cordis
2922 5590 3130 5632 secreto
3172 5588 3445 5633 (unauant.

1888 5670 1975 5723 Sic:
2013 5671 2174 5725 etiam
2209 5671 2258 5721 in
2302 5670 2559 5724 Psalterio
2591 5686 2603 5721 :
2639 5668 2917 5731 Fluminis,
2968 5672 3152 5737 inquit,
3211 5673 3447 5735 impetus,

1888 5765 1988 5817 hoc
2032 5772 2131 5823 est,
2183 5762 2351 5830 gratia
2398 5760 2627 5828 Spiritus
2675 5760 2867 5825 sancti,
2920 5760 3148 5828 lwti/icat
3196 5760 3451 5816 civitatem

1887 5853 1983 5908 Dei
2012 5856 2027 5923 (
2052 5850 2199 5914 Ρωι.
2248 5868 2347 5907 ιιιν
2370 5854 2410 5923 ),
2444 5852 2497 5907 id
2532 5860 2634 5907 est.
2674 5852 2967 5907 Eecles'sam
3008 5852 3121 5909 Dei.
3167 5853 3235 5908 Ει
3279 5852 3450 5910 alibi:
