3930 6368
388 458 498 515 519

1025 456 1084 510 Β.
1125 452 1378 509 RABANI
1417 453 1636 511 MAURI
1674 450 1998 511 ARCHIEP.
2038 450 2654 511 MOGUNT.OPERUM
2694 451 2875 508 PARS
2917 453 2980 508 II.

3556 458 3673 515 520

394 571 623 627 Flumen
650 570 746 626 Dei
782 569 1034 641 repletum
1060 578 1135 624 est
1156 586 1295 639 aqua
1326 566 1513 641 (Psal.
1543 567 1720 641 Lxrv).
1768 564 1975 622 Simili-
1999 570 2055 631 Α
2080 564 2295 635 Ganges
2332 562 2555 629 ﬂuvius,
2584 578 2745 634 quem
2780 562 2981 618 Phison
3018 572 3206 620 sancta
3254 564 3538 638 Scriptura
3576 584 3675 625 eo-

394 671 481 718 ter
520 668 575 716 et
604 661 733 717 illud
774 659 1095 725 Psalmistm,
1133 660 1224 715 ubi
1255 659 1330 714 ait
1361 678 1373 713 :
1407 658 1632 714 Excelsa
1670 668 1762 713 tua
1799 668 1848 712 et
1874 659 1977 727 ﬂu-

395 762 509 808 ctus
552 752 630 805 tui
656 766 813 822 super
844 768 927 806 me
958 752 1281 806 transierunt
1324 748 1507 823 (Psal.
1557 750 1699 822 xu).
1754 748 1978 806 Excelsa

394 856 526 897 vero
573 849 631 898 et
672 840 870 898 ﬂuctus
918 843 989 898 ad
1033 840 1345 912 Scripturas
1379 857 1566 898 sacras
1615 849 1981 913 competenter

398 941 669 1005 aptamus.
697 932 831 1004 Ipsm
859 940 986 989 sunt
1010 934 1177 999 enim,
1204 950 1340 1005 quas
1372 937 1622 1006 superius
1644 936 1867 1007 abyssos
1886 951 1981 993 vo-

396 1022 561 1089 cavit,
588 1022 681 1078 ubi
710 1030 766 1078 et
788 1022 1170 1093 parabolarum
1204 1024 1423 1095 quidem
1446 1023 1645 1081 ﬂuctus
1676 1023 1888 1091 alludit,
1925 1033 1981 1081 et

399 1111 523 1186 [ut]
574 1112 801 1169 altitudo
842 1127 1097 1170 sensuum
1133 1114 1223 1185 pia
1269 1114 1702 1186 perscrutatione
1750 1115 1983 1185 grande-

394 1212 533 1262 scat.
564 1202 693 1261 Haec
714 1218 845 1276 ergo
873 1219 1036 1276 supra
1061 1219 1121 1261 se
1154 1204 1288 1261 dicit
1331 1206 1593 1261 transisse
1628 1203 1830 1274 justus,
1855 1206 1983 1275 quia

398 1297 454 1352 in
493 1310 682 1352 eorum
723 1296 916 1352 notitia
942 1296 1132 1352 avidus
1161 1312 1221 1352 se
1262 1305 1633 1368 perscrutator
1658 1298 1978 1353 immiserat.

394 1385 700 1457 Aliquando
730 1394 911 1441 autem
937 1386 1161 1441 ﬂumina
1190 1387 1499 1460 signiﬁcant
1527 1387 1898 1459 apostolorum
1927 1396 1983 1445 et

394 1475 852 1547 evangelistarum
892 1477 1192 1534 doctrinam
1236 1494 1362 1533 cum
1405 1479 1564 1536 bonis
1601 1481 1877 1551 operibus,
1924 1488 1985 1535 ut

395 1576 479 1622 est
532 1566 662 1624 illud
698 1587 711 1623 :
750 1567 1101 1624 Elevaverunt
1146 1570 1368 1639 ﬂumina
1410 1586 1557 1624 voces
1599 1586 1724 1624 suas
1781 1568 1979 1643 (Psal.

396 1661 572 1732 seu);
606 1669 663 1716 et
708 1660 1012 1717 :Flumina
1046 1662 1299 1733 plaudent
1350 1662 1590 1717 manibus
1645 1664 1700 1717 in
1755 1662 1985 1732 idipsum

397 1749 582 1822 (Psal.
614 1767 760 1807 xcvn
781 1754 822 1824 ).
850 1753 986 1809 Item
1028 1753 1192 1809 Isaias
1215 1772 1238 1828 ,ε
1271 1753 1473 1808 Portam
1502 1754 1726 1822 ﬂumina
1754 1752 1810 1807 in
1832 1755 1982 1809 insu-

394 1839 474 1895 las
503 1840 657 1912 (Isa.
714 1857 822 1898 un
919 1842 976 1897 In
999 1844 1328 1899 contrariam
1355 1858 1485 1897 vero
1512 1851 1721 1913 partem
1760 1842 1984 1898 ﬂumina

2081 656 2373 729 gnominat,
2413 654 2599 710 exiens
2640 656 2705 710 de
2743 652 3024 721 Paradiso,
3073 656 3248 726 pergit
3284 656 3352 711 ad
3381 657 3547 713 Indiae
3581 674 3675 715 re-

2083 752 2288 825 giones.
2352 751 2538 808 Dictus
2594 760 2775 807 autem
2822 749 3024 807 Phison
3047 791 3062 817 ,
3125 751 3180 806 id
3225 760 3346 820 est,
3410 762 3670 823 caterva;

2084 846 2209 915 quia
2231 844 2537 914 quindecim
2563 841 2875 898 ﬂuminibus
2905 842 3118 914 magnis
3141 841 3242 897 sibi
3265 841 3534 913 adjunctis
3559 844 3671 899 im-

2081 938 2257 1007 pletur
2296 944 2352 992 et
2406 935 2634 993 eﬂicitur
2684 950 2844 991 unus.
2881 933 3096 1002 Ganges
3135 942 3316 990 autem
3365 945 3595 992 vocatus
3639 949 3675 991 ι

2084 1029 2268 1100 Gange
2284 1043 2410 1100 rege
2429 1028 2621 1095 Indiae;
2646 1027 2820 1084 fertur
2844 1034 3024 1083 autem
3038 1026 3143 1082 Nili
3164 1027 3323 1083 modo
3342 1029 3590 1094 exaltari,
3614 1035 3676 1085 et

2083 1135 2245 1190 super
2264 1116 2501 1175 Orientis
2534 1127 2706 1175 terras
2732 1130 3036 1186 erumpere.
3067 1115 3245 1187 Tigris
3270 1114 3468 1172 ﬂuvius
3496 1115 3676 1173 Meso-

2082 1211 2334 1280 potamize
2374 1211 2440 1265 de
2491 1208 2751 1266 Paradiso
2800 1208 3072 1274 exoriens,
3109 1216 3166 1263 et
3206 1224 3438 1281 pergens
3478 1217 3677 1265 contra

2084 1301 2357 1371 Assyrios,
2381 1310 2437 1357 et
2459 1310 2584 1371 post
2612 1300 2812 1357 multos
2836 1302 3095 1357 circuitus
3121 1303 3177 1357 in
3207 1317 3358 1357 mare
3391 1301 3674 1358 Mortuum

2082 1390 2331 1447 inﬂuens.
2360 1392 2595 1449 Vocatus
2613 1400 2792 1447 autem
2814 1392 2919 1448 hoc
2940 1394 3157 1449 nomine
3176 1402 3401 1465 propter
3414 1393 3680 1449 velocita-

2089 1491 2218 1548 tem,
2264 1483 2437 1538 instar
2486 1483 2675 1539 bestiae
2704 1484 2921 1554 tigridis
2969 1484 3135 1539 nimia
3182 1484 3506 1555 pernicitate
3549 1500 3680 1541 cur-

2086 1573 2276 1627 rentis.
2300 1572 2602 1642 Euphrates
2631 1572 2825 1628 ﬂuvius
2848 1573 3267 1644 Mesopotamiae,
3315 1574 3383 1630 de
3412 1574 3680 1631 Paradiso

2085 1662 2366 1729 exoriens,
2415 1664 2817 1735 copiosissimus
2861 1666 3122 1734 gemmis,
3164 1668 3255 1737 qui
3308 1682 3406 1737 per
3435 1668 3678 1724 mediam

2087 1750 2437 1823 Babyloniam
2467 1751 2663 1807 inﬂuit.
2718 1752 2817 1807 llic
2855 1768 2886 1805 a
2909 1753 3154 1824 frugibus
3187 1754 3272 1808 vel
3314 1757 3383 1811 ab
3424 1757 3681 1811 ubertate

2090 1855 2287 1895 nomen
2321 1841 2547 1912 accepit.
2591 1840 2726 1895 Nam
2766 1839 3035 1898 Hebraice
3080 1844 3337 1913 euphrata
3362 1883 3376 1908 ,
3426 1844 3681 1914 fertilitas

394 1942 693 2003 ponuntur,
724 1935 941 2006 quando
966 1934 1147 1990 saeculi
1187 1934 1345 1990 istius
1381 1934 1653 1989 turbidum
1680 1948 1900 1989 cursum
1928 1932 2059 1991 etB
2088 1931 2496 2002 interpretatur.
2543 1932 2771 2004 Mystice
2808 1941 2988 1989 autem
3036 1934 3093 1989 hi
3128 1944 3365 2005 quatuor
3405 1935 3554 1991 ﬂuvii
3584 1934 3684 2009 (ut

394 2032 742 2093 peccatorum
784 2026 1194 2082 inundationem
1228 2025 1554 2097 signiﬁcant,
1608 2035 1663 2081 ut
1692 2035 1776 2083 est
1806 2025 1939 2081 illud
1970 2042 1983 2079 :

394 2114 565 2189 Super
605 2118 830 2187 ﬂumina
881 2117 1188 2188 Babylonis,
1244 2116 1356 2172 illic
1397 2117 1628 2173 sedimus
1664 2128 1712 2173 et
1743 2119 1987 2187 ﬂeuimus

395 2204 589 2278 (Psal.
618 2224 816 2263 cum
838 2207 880 2279 ).
929 2207 1418 2279 Cotitemplandum
1452 2217 1655 2275 autem,
1702 2210 1847 2279 quod
1875 2226 1989 2265 non

393 2298 546 2364 dicit,
599 2300 657 2353 in
704 2300 1031 2370 ﬂuminibus,
1076 2300 1190 2365 sed,
1241 2317 1397 2369 super
1443 2301 1689 2370 ﬂumina.
1722 2299 1860 2355 Nam
1894 2301 1987 2370 qui

397 2390 576 2446 adhuc
600 2391 659 2446 in
686 2389 997 2447 ﬂuminibus
1039 2391 1160 2446 istis
1200 2398 1344 2457 sunt,
1385 2399 1731 2460 peccatorum
1759 2392 1990 2447 inunda-

396 2480 546 2537 tione
584 2482 903 2552 rapiuntur;
933 2481 1025 2552 qui
1066 2496 1197 2535 vero
1246 2496 1409 2552 super
1434 2482 1580 2552 ripas
1613 2481 1749 2537 salvi
1773 2482 1986 2549 sedent,

392 2572 508 2642 jam
536 2572 605 2627 ab
648 2570 755 2628 illis
789 2569 1047 2627 ﬂuctibus
1094 2571 1278 2626 divino
1323 2587 1549 2628 munere
1596 2580 1723 2627 sunt
1750 2573 1985 2628 liberati.

399 2663 554 2720 Unde
583 2664 652 2720 de
697 2663 915 2720 Sanctis
943 2664 1073 2720 alibi
1111 2664 1241 2719 dicit
1267 2682 1279 2719 :
1307 2662 1562 2719 Flumina
1600 2666 1990 2735 pertransibunt

397 2751 739 2824 pede(Psal.
793 2746 973 2826 ωδ),
1024 2756 1127 2809 hoc
1156 2763 1276 2819 est,
1328 2756 1514 2810 mundi
1565 2755 1724 2824 hujus
1779 2755 1990 2811 turbida

397 2842 598 2900 ﬂuenta
642 2860 741 2915 per
779 2846 1007 2918 gratiam
1054 2845 1254 2901 Christi
1286 2858 1479 2901 securo
1511 2847 1774 2902 virtutum
1812 2855 1989 2903 trans-

398 2937 553 2994 ibunt
583 2953 773 3008 gressu
817 2939 885 2994 ad
922 2938 1159 2993 futuram
1185 2940 1450 3009 patriam,
1483 2938 1574 2993 ubi
1609 2938 1789 3010 gaudii
1816 2938 1989 2995 nostri

394 3040 484 3088 est
505 3040 561 3089 et
584 3032 774 3088 salutis
800 3039 1016 3087 aeternae
1052 3034 1205 3100 origo
1232 3038 1557 3102 praeparata.
1602 3030 1852 3086 Flumina
1883 3030 1988 3085 im-

398 3133 555 3195 petus
592 3125 984 3194 persecutionis
1032 3124 1086 3178 in
1127 3124 1367 3178 Canticis
1408 3123 1746 3179 canticorum
1782 3140 1795 3175 :
1826 3120 1991 3190 Aqua:

400 3214 579 3271 multm
608 3230 711 3270 non
737 3224 1027 3285 potuerunt.
1046 3217 1347 3285 extinguere
1388 3216 1719 3280 charitatem,
1768 3231 1861 3269 nec
1888 3216 1989 3284 ﬂu-

2090 2038 2253 2095 supra
2296 2024 2502 2081 dictum
2548 2025 2669 2096 est)
2722 2033 2955 2096 quatuor
3002 2024 3293 2095 Evangelia
3343 2026 3677 2097 signiﬁcant,

2090 2129 2210 2184 quae
2239 2123 2470 2184 quatuor
2494 2115 2849 2187 Evangelista:
2876 2115 3336 2185 conscripserunt.
3363 2115 3499 2170 Nam
3522 2117 3679 2173 Geon

2090 2201 2284 2258 ﬂuvius
2310 2244 2325 2269 ,
2377 2206 2466 2274 qui
2508 2206 2898 2275 interpretatur
2930 2208 3145 2275 'pectus,
3178 2206 3292 2261 sive
3325 2216 3679 2276 prwrupturn,

2090 2294 2359 2365 signiﬁcat
2404 2296 2753 2367 Evangelium
2791 2297 3034 2364 Matthei,
3074 2298 3220 2369 quod
3261 2300 3497 2369 primum
3544 2314 3684 2355 con-

2090 2384 2353 2454 scriptum
2380 2395 2464 2442 est
2505 2387 2572 2442 ab
2601 2388 2718 2458 ipso
2749 2396 2971 2444 auctore
3012 2388 3278 2444 Hebraica
3315 2389 3517 2461 lingua,
3564 2398 3621 2445 et
3652 2404 3687 2444 a

2091 2476 2419 2547 genealogiis
2444 2476 2744 2534 Salvatoris
2766 2479 3056 2549 incipiens,
3076 2480 3317 2535 breviter
3336 2480 3686 2535 nativitatem

2091 2564 2304 2619 Domini
2353 2576 2527 2635 notat,
2582 2584 3009 2641 magnorumque
3052 2570 3342 2625 adventum
3391 2570 3460 2625 ad
3505 2571 3689 2641 ipsum

2093 2650 2453 2722 Salvatorem,
2485 2664 2541 2711 et
2563 2657 2913 2727 parvulorum
2952 2659 3021 2713 ab
3066 2657 3279 2713 Herode
3326 2660 3686 2726 occisionem,

2092 2751 2277 2813 postea
2304 2746 2631 2816 baptismum
2660 2747 2777 2825 ejus
2804 2761 3257 2812 commemorans,
3301 2756 3355 2801 et
3387 2748 3441 2801 in
3471 2748 3691 2805 deserto

2085 2829 2350 2903 jejunium
2388 2842 2552 2905 atque
2594 2838 2940 2905 tentationes,
2972 2838 3170 2909 quibus
3200 2854 3231 2892 a
3261 2838 3477 2895 diabolo
3508 2848 3693 2895 tenta-

2092 2936 2179 2981 tus
2204 2935 2305 2992 est,
2337 2942 2464 2983 mox
2494 2929 2561 2983 ad
2599 2931 3043 3000 praedicationem
3084 2931 3395 3004 Evangelii,
3428 2943 3484 2987 et
3510 2934 3685 2988 mira-

2094 3017 2339 3073 culorum
2366 3018 2635 3075 facturam
2656 3022 2891 3087 transit;
2936 3023 3121 3093 sicque
3142 3024 3207 3078 ad
3232 3025 3543 3095 passionem
3566 3023 3686 3094 ejus

2092 3110 2435 3178 perveniens,
2462 3113 2827 3168 resurrexisse
2858 3128 2982 3168 eum
3012 3128 3044 3168 a
3081 3116 3312 3170 mortuis
3334 3117 3591 3181 ostendit,
3629 3124 3688 3173 et

2096 3201 2371 3271 discipulis
2406 3202 2462 3257 in
2500 3202 2720 3258 Galilaza
2762 3205 3099 3275 apparuisse,
3146 3213 3201 3261 et
3241 3206 3309 3261 ad
3340 3207 3689 3277 praedicatio-

399 3307 545 3359 mina
584 3281 803 3361 obruent
848 3307 997 3361 illam
1038 3281 1225 3378 (Cant.
1270 3308 1428 3379 vui).
1478 3306 1705 3361 Flumen
1751 3281 1989 3377 philoso-

2094 3307 2217 3347 nem
2260 3292 2536 3365 Evangelii
2573 3309 2666 3351 eos
2706 3294 2956 3351 misisse:
2986 3305 3041 3351 et
3066 3305 3266 3351 terram
3299 3295 3593 3368 Ethiopiae
3629 3308 3691 3354 et

399 3397 526 3465 phia
555 3397 716 3465 hujus
746 3399 932 3455 mundi
969 3400 1051 3455 vel
1080 3399 1273 3471 dogma
1302 3401 1681 3455 htereticorum
1708 3400 1763 3453 in
1792 3398 1993 3454 Psalte-

402 3487 482 3541 rio
510 3504 522 3539 :
554 3486 631 3540 Tu
658 3488 932 3542 exsiccasti
956 3488 1179 3557 ﬂumina
1210 3488 1386 3542 Ellum
1426 3485 1608 3559 (Psal.
1642 3487 1868 3559 Lxxtu),
1899 3488 1994 3557 qui

400 3577 810 3649 interpretatur,
862 3580 1056 3649 fortis,
1112 3581 1165 3634 id
1214 3588 1316 3645 est,
1364 3579 1629 3644 diabolus,
1676 3581 1741 3635 de
1782 3593 1890 3649 quo
1937 3580 1992 3633 in

401 3668 693 3739 Evangelio
756 3670 994 3725 dicitur:
1036 3669 1169 3726 Cum
1242 3672 1395 3740 fortis
1459 3680 1696 3725 armatus
1766 3670 1994 3724 custodit

402 3761 598 3814 atrium
644 3776 818 3825 suum,
856 3769 959 3815 etc.
1021 3761 1190 3832 (Luc.
1229 3762 1347 3833 x1).
1407 3761 1538 3817 Item
1589 3760 1696 3815 alio
1744 3761 1905 3815 modo
1940 3760 1996 3814 in

400 3850 501 3906 Job
529 3870 541 3905 :
568 3850 869 3905 Absorbebit
899 3854 1137 3922 ﬂuvium,
1173 3862 1219 3906 et
1250 3870 1354 3907 non
1385 3853 1693 3918 mirabitur,
1740 3861 1787 3907 et
1834 3853 1989 3907 habe-

402 3941 471 3995 bit
489 3941 913 4011 ﬁduciam,quod
935 3944 1125 4013 inﬂuat
1149 3942 1404 3997 Iordanis
1431 3944 1483 3997 in
1505 3961 1561 3997 os
1591 3946 1705 4014 ejus
1730 3942 1993 4015 (Job.xr.).

401 4032 575 4087 Fluvii
626 4034 845 4089 nomine
885 4034 1111 4089 humani
1163 4034 1376 4105 generis
1426 4036 1677 4090 decursio
1724 4035 1991 4107 signatur,

401 4138 524 4193 quae
553 4123 699 4177 velut
745 4139 775 4177 a
815 4122 981 4177 fontis
1027 4125 1109 4178 sui
1154 4125 1361 4195 origine
1398 4127 1669 4180 nascendo
1707 4128 1899 4197 surgit,
1940 4136 1996 4182 et

403 4216 471 4271 ad
498 4215 607 4269 ima
643 4213 884 4271 deﬂuens
930 4214 1213 4269 moriendo
1256 4217 1569 4284 pertransit.
1620 4215 1873 4271 Jordanis
1905 4232 1996 4271 au-

404 4316 516 4362 tem
544 4305 901 4377 appellatione
956 4306 1213 4375 baptizati
1261 4307 1627 4375 designantur.
1675 4308 1837 4372 Quasi
1869 4323 1998 4377 ergo

405 4397 609 4454 diceret
637 4414 650 4451 :
678 4396 819 4452 Ante
855 4397 1045 4452 mundi
1078 4396 1497 4466 Redemptorem
1530 4398 1789 4452 mundum
1818 4396 1996 4452 Vehe-

405 4488 554 4543 moth
586 4503 693 4541 non
718 4488 946 4541 miratus
974 4489 1255 4544 absorbuit
1280 4504 1293 4543 :
1326 4489 1419 4543 sed
1449 4488 1625 4561 (quod
1656 4497 1739 4545 cst
1777 4488 1997 4561 acrius)

404 4578 567 4633 etiam
612 4585 733 4648 post
778 4578 1153 4647 Redemptoris
1205 4579 1521 4645 adventum,
1578 4581 1863 4650 quosdam,
1903 4582 1994 4650 qui

405 4670 662 4738 baptizati
712 4676 858 4735 sunt,
892 4669 1155 4740 deglutire
1194 4684 1251 4723 se
1285 4685 1442 4739 posse
1487 4670 1728 4725 conﬁdit.
1762 4671 1993 4738 Quidam

406 4768 588 4814 autem
618 4759 903 4814 ﬂuviorum
939 4760 1171 4829 propriis
1208 4776 1274 4815 ex
1299 4760 1477 4815 causis
1508 4760 1729 4814 nomina
1771 4775 1995 4830 accepe-

406 4857 553 4905 runt.
585 4849 665 4904 Ex
692 4849 885 4920 quibus
912 4849 1151 4904 nonnulli
1181 4850 1403 4904 notandi
1436 4856 1583 4915 sunt,
1619 4848 1710 4920 qui
1744 4849 1796 4901 in
1824 4849 1994 4903 histoo

408 4942 504 4996 riis
532 4940 773 4997 celebres
816 4949 1205 4996 memorantur.
1237 4940 1385 4997 Geon
1415 4940 1609 4995 ﬂuvius
1643 4941 1709 4995 de
1733 4940 1993 4998 Paradiso

408 5032 614 5095 exiens.
646 5041 808 5102 atque
848 5034 1154 5087 universam
1200 5030 1536 5101 Aithiopiam
1559 5032 1797 5100 cingens,
1833 5046 1994 5087 voca-

412 5136 497 5180 tus
522 5124 625 5178 hoc
652 5124 885 5185 nomine,
928 5124 1071 5191 quod
1104 5124 1437 5179 incremento
1472 5138 1581 5177 sure
1617 5124 1997 5179 exundationis

410 5226 611 5273 terram
652 5214 871 5285 Egypti
919 5214 1125 5284 irriget.
1176 5212 1249 5267 Ge
1295 5214 1437 5267 enim
1485 5224 1681 5268 terram
1727 5212 1998 5285 significat

409 5307 632 5365 Graecis.
670 5306 839 5361 Porro
868 5307 1009 5376 apud
1040 5303 1322 5375 Egyptios
1352 5304 1503 5358 Nilus
1527 5313 1751 5359 vocatur
1774 5314 1997 5375 pr0pter

412 5399 619 5463 limum,
652 5411 814 5467 quem
842 5396 1026 5460 trahit,
1059 5395 1148 5464 qui
1188 5393 1351 5449 etlicit
1401 5393 1808 5448 fecunditatem.
1844 5394 1997 5449 Unde

412 5497 467 5544 et
485 5488 635 5543 Nilus
654 5487 831 5542 dictus
854 5494 955 5553 est,
980 5486 1136 5555 quasi
1158 5500 1295 5539 nean
1320 5502 1352 5556 y
1376 5486 1462 5541 len
1486 5486 1725 5539 trahens.
1747 5483 1881 5538 Nam
1898 5501 1995 5539 an-

416 5588 503 5637 tea
532 5579 687 5635 Nilus
713 5579 905 5635 Latine
947 5578 1083 5633 Melo
1106 5579 1401 5633 dicebatur.
1439 5578 1681 5649 Apparet
1721 5587 1901 5634 autem
1939 5578 1996 5633 in

384 5671 591 5727 ‘Nilide
631 5672 783 5735 lacu,
832 5673 899 5725 de
936 5686 1043 5741 quo
1085 5670 1139 5724 in
1179 5669 1461 5724 meridiem
1491 5686 1681 5749 versus
1727 5669 1995 5738 excipitur

415 5763 671 5836 Egypto,
686 5764 777 5820 ubi
792 5764 1057 5833 aquilonis
1073 5764 1292 5818 ﬂatibus
1308 5776 1657 5831 repercussus
1673 5762 1827 5831 aquis
1849 5768 1994 5815 retro

419 5855 746 5913 luctantibus
766 5856 1076 5913 intumescit
1095 5865 1149 5911 et
1171 5854 1577 5912 inundationem
1598 5852 1818 5924 Aigypti
1846 5851 1993 5907 facit.

2095 3383 2368 3453 spiritales
2390 3382 2614 3456 Egypti
2638 3393 2872 3455 quatuor
2889 3384 3105 3441 ﬂuentis
3128 3386 3439 3458 dogmatum
3469 3388 3687 3459 irrigat,

2097 3490 2204 3544 qua
2255 3475 2494 3531 fructum
2552 3476 2780 3541 ﬁdei-et
2829 3476 3094 3533 bonorum
3144 3492 3369 3547 operum
3420 3477 3687 3548 proferat.

2098 3567 2253 3624 Unde
2285 3577 2339 3623 et
2387 3570 2502 3639 ipse
2534 3568 2876 3640 Evangelista
2927 3569 2983 3624 in
3033 3569 3399 3625 ecclesiastica
3456 3570 3691 3625 historia

2095 3658 2420 3714 describitur
2448 3659 2502 3713 in
2530 3657 2826 3727 Ethiopian
2850 3659 3095 3729 partibus
3120 3660 3297 3728 ipsum
3330 3658 3691 3729 Evangelium

2098 3748 2420 3816 praedicasse
2453 3756 2511 3803 et
2555 3748 2815 3819 martyrio
2851 3758 3254 3805 consummatus
3303 3764 3440 3804 esse.
3475 3748 3694 3821 Ganges

2099 3854 2253 3905 vero,
2300 3840 2402 3894 hoc
2449 3846 2530 3895 est
2577 3840 2807 3907 Phison,
2861 3843 2953 3910 qui
3010 3843 3399 3911 interpretatur
3454 3853 3684 3907 caterva,

2098 3931 2211 3986 sive
2289 3932 2396 3985 oris
2462 3932 2684 3984 mutatio
2737 3930 3009 4001 signiﬁcat
3068 3932 3418 4003 Evangelium
3478 3933 3689 4001 Marci,

2098 4021 2242 4091 quod
2289 4020 2356 4075 de
2399 4022 2717 4091 genealogis
2766 4021 3066 4078 Salvatoris
3115 4024 3412 4078 secundum
3465 4038 3691 4079 carnem

2096 4127 2288 4181 parum
2332 4100 2519 4165 narrat
2547 4129 2559 4164 :
2588 4112 2652 4167 de
2700 4113 3084 4182 pradicationc
3132 4122 3311 4168 autem
3362 4112 3501 4181 ejus,
3539 4115 3691 4171 etde

2099 4203 2375 4257 miraculis
2440 4205 2805 4271 catervatim,
2879 4220 3000 4273 qure
3067 4206 3247 4260 ueteri
3326 4206 3691 4274 Eva'ngclistae

2098 4295 2310 4365 plenius
2370 4304 2629 4358 narrant,
2691 4296 2745 4349 in
2799 4312 2967 4350 unum
3040 4298 3283 4352 codicem
3338 4298 3543 4367 colligit
3585 4317 3597 4351 :
3637 4305 3693 4352 et

2100 4388 2177 4442 sic
2224 4386 2291 4440 ad
2333 4387 2641 4456 passionem
2691 4385 2893 4441 Christi
2939 4388 3277 4456 perveniens,
3329 4391 3689 4443 resurrectio-

2100 4492 2333 4547 nemque
2382 4494 2413 4532 a
2446 4478 2697 4543 mortuis,
2759 4478 2813 4532 in
2846 4478 3044 4533 coelum
3083 4493 3209 4532 eum
3248 4480 3577 4546 ascendisse,
3636 4490 3695 4537 et

2102 4572 2374 4642 apostolos
2420 4579 2541 4641 post
2572 4571 2943 4626 ascensionem
2972 4568 3088 4639 ejus
3118 4571 3318 4625 mundo
3364 4573 3693 4641 praedicasse

2099 4667 2453 4722 demonstrat.
2510 4665 2687 4734 Tigris
2725 4680 2941 4736 quoque
2988 4666 3128 4721 bene
3174 4675 3353 4737 potest
3400 4670 3693 4724 convenire

2097 4756 2385 4825 Evangelia
2413 4754 2591 4819 Lucae,
2618 4755 2709 4823 qui
2734 4753 2968 4825 primum
2994 4770 3025 4807 a
3058 4756 3362 4810 sacerdotio
3389 4756 3689 4824 Zacharia,

2096 4854 2151 4901 et
2185 4846 2250 4901 de
2298 4846 2578 4899 nativitate
2620 4843 2843 4899 Joannis
2882 4844 3165 4914 incipiens,
3223 4846 3689 4905 annuntiationem

2098 4933 2272 5005 angeli
2320 4934 2388 4987 ad
2426 4933 2653 4987 Mariam
2682 4932 2967 5003 virginem,
3023 4941 3080 4987 et
3123 4934 3464 4987 nativitatem
3504 4935 3692 4990 Salva-

2096 5027 2229 5083 toris
2284 5034 2679 5097 consequenter
2730 5026 3014 5091 enuntiat;
3068 5026 3253 5096 sicque
3324 5027 3693 5100 genealogiam

2099 5119 2214 5189 ejus
2252 5118 2395 5173 circa
2443 5118 2784 5188 baptismatis
2831 5118 3204 5173 narrationem
3255 5132 3693 5176 commemorans

2102 5210 2298 5264 transit
2328 5210 2396 5263 ad
2425 5210 2801 5278 exponendum
2838 5208 3283 5278 praedicationem
3305 5206 3443 5275 ejus,
3492 5218 3549 5263 et
3589 5210 3695 5264 mi.

2103 5302 2405 5355 raculorum
2434 5299 2701 5354 facturam
2731 5313 2745 5350 :
2776 5306 2833 5353 et
2862 5298 3122 5353 velociter
3151 5307 3533 5353 transcurrens
3569 5315 3689 5355 om-

2102 5392 2211 5457 nia,
2243 5398 2406 5459 atque
2442 5390 2748 5458 passionem
2780 5386 2995 5442 Domini
3024 5396 3079 5441 et
3108 5387 3565 5442 resurrectionem
3592 5387 3690 5442 de—

2107 5483 2375 5547 scribens,
2428 5497 2551 5535 eum
2594 5480 2903 5535 ascendisse
2950 5480 3018 5533 ad
3054 5478 3237 5543 caelos,
3289 5477 3693 5547 discipulosque

2106 5574 2389 5629 Dominum
2429 5571 2763 5626 collaudasse
2805 5571 2860 5624 in
2902 5569 3125 5639 templo,
3180 5568 3421 5623 breviter
3467 5578 3525 5623 et
3570 5584 3695 5624 suc-

2106 5668 2281 5721 cincte
2313 5664 2492 5719 omnia
2517 5662 2944 5733 comprehendit.
2978 5662 3281 5730 Euphrates
3311 5660 3458 5715 enim
3493 5658 3694 5737 ﬂuvius

2106 5758 2196 5828 qui
2246 5758 2637 5825 interpretatur
2691 5753 2934 5823 frugifer,
2992 5752 3106 5807 sive
3171 5768 3431 5817 crescens,
3487 5752 3696 5821 optime

2105 5847 2353 5905 convenit
2387 5846 2674 5915 Evangelio
2713 5844 2955 5909 Joannis,
3009 5843 3101 5913 qui
3138 5844 3207 5899 de
3238 5842 3416 5899 divina
3466 5856 3696 5913 genera-
