3930 6326
196 320 283 375 321
1150 309 1240 365 DE
1278 304 1627 366 UNIVERSO
1664 303 1842 362 LIBRI
1880 303 2047 360 XXII.
2082 333 2155 345 —
2188 303 2317 361 LIB.
2359 303 2451 360 XI.

3331 300 3441 357 322

197 432 329 487 tione
355 426 652 483 Salvatoris
674 424 957 491 inchoans,
988 424 1248 491 maxime,
1275 441 1397 495 quae
1422 426 1489 481 ad
1516 423 1754 479 divinam
1780 427 1836 487 Α
1856 420 2078 475 nomina
2122 417 2400 473 ﬂuminum
2447 419 2502 473 in
2552 425 2693 473 terra
2747 415 3046 480 Medorum,
3094 414 3163 469 ad
3213 430 3440 484 quorum

194 521 300 593 ejus
336 527 578 573 naturam
617 516 985 588 exponendam
1039 514 1403 586 pertinebant,
1450 514 1755 584 descripsit,

191 621 244 670 et
283 611 357 665 sic
389 618 586 663 terram
612 608 869 663 Ecclesiae
918 607 987 661 ad
1015 621 1238 676 germen
1268 604 1509 675 spiritale
1556 613 1613 660 et
1647 604 1758 660 fru-

192 710 325 759 ctum
371 702 627 756 virtutum
660 700 1041 771 proferendum
1089 698 1354 771 irrigavit,
1413 698 1759 769 scientiaeque

191 792 431 864 spiritalis
485 792 563 845 illi
612 806 742 861 opes
782 788 1030 845 contulit.
1094 788 1451 857 Iordanisque
1509 786 1757 843 ﬂuviusa

191 887 380 940 duobus
434 884 673 940 fontibus
718 883 1049 949 nominatur,
1088 896 1319 952 quorum
1358 879 1498 933 alter
1533 887 1759 933 vocatur

188 974 291 1041 Ior,
330 974 465 1030 alter
510 976 647 1029 Dan.
710 974 805 1028 IIis
840 974 1000 1044 igitur
1047 971 1233 1043 procul
1282 986 1313 1024 a
1357 986 1416 1026 se
1441 970 1759 1025 distantibus

190 1068 238 1121 in
266 1082 422 1121 unum
452 1066 664 1122 alveum
708 1066 1004 1131 fmderatis,
1068 1064 1322 1121 Iordanis
1360 1063 1619 1132 deinceps
1665 1076 1760 1132 ap-

186 1157 418 1228 pellatur.
480 1155 733 1210 Nascitur
788 1164 967 1210 autem
1021 1153 1121 1209 sub
1176 1152 1382 1208 Libano
1444 1159 1647 1216 monte,
1703 1156 1761 1204 et

188 1250 365 1305 dividit
388 1248 631 1303 Iudaeam
657 1248 1012 1302 etArabiam:
1038 1246 1129 1316 qui
1156 1261 1254 1316 per
1277 1244 1477 1299 multos
1503 1243 1761 1298 circuitus

182 1339 325 1410 juxta
356 1338 616 1395 Hiericho
642 1338 696 1392 in
728 1353 878 1392 mare
900 1336 1168 1391 Mortuum
1195 1333 1390 1389 inﬂuit.
1420 1331 1643 1403 Mystice
1668 1346 1761 1385 au-

188 1441 286 1485 tem
309 1429 583 1495 Iordanis,
613 1429 707 1497 qui
728 1429 1137 1498 interpretatur,
1171 1425 1437 1479 descensio
1464 1438 1668 1487 eorum,
1707 1429 1764 1477 et

187 1522 237 1575 in
277 1535 381 1590 quo
424 1519 679 1574 Salvator
724 1520 1027 1589 baptizatus
1063 1524 1180 1581 est,
1228 1514 1481 1585 baptismi
1532 1512 1762 1583 gratiam

186 1614 460 1683 signiﬁcat,
511 1612 607 1666 ubi
631 1611 899 1681 deponere
929 1609 1188 1664 debemus
1216 1614 1459 1662 veterem
1485 1604 1762 1660 hominem

186 1720 297 1759 cum
321 1703 537 1758 actibus
556 1703 688 1767 suis,
735 1709 791 1755 et
819 1701 1046 1755 induere
1073 1712 1291 1761 novum,
1339 1697 1432 1767 qui
1466 1694 1763 1750 secundum

1858 518 2072 566 montes
2109 509 2353 579 captivus
2400 509 2592 565 ductus
2637 517 2721 564 est
2756 507 2943 562 Israel.
2997 505 3111 561 Elia
3170 506 3440 574 interpre-

1858 608 2006 655 tatur
2050 600 2332 669 inﬁrmitas
2371 616 2389 654 :
2435 608 2490 655 et
2540 599 2687 655 Aher
2734 598 3116 668 interpretatur
3164 594 3315 660 livor,
3349 602 3443 649 aut

1857 696 2029 751 vultus
2053 712 2073 751 :
2095 704 2151 750 et
2188 682 2394 761 Gozan,
2424 694 2589 748 tonsio
2629 709 2809 747 eorum
2844 692 3226 761 interpretatur
3250 708 3277 759 τ’
3296 688 3443 759 quod

1859 786 2167 856 signiﬁcare
2218 792 2397 856 potest
2442 798 2631 839 eorum
2689 782 2984 847 laesionem,
3045 780 3135 849 qui
3185 781 3250 835 de
3298 788 3443 833 terra

1858 874 2114 933 Eculesiae
2164 878 2345 932 educti
2379 876 2435 931 in
2464 875 2828 944 voluptatibus
2879 874 3060 929 saaculi
3095 872 3303 937 vivunt,
3352 870 3446 925 ubi

1860 966 2070 1022 diversa
2105 966 2330 1021 vulnera
2374 966 2627 1021 vitiorum
2662 966 2957 1035 patiuntur.
3011 964 3199 1018 Abana
3252 960 3447 1017 ﬂuvius

1860 1055 2205 1122 Damasci,et
2247 1056 2659 1124 interpretatur,
2712 1054 2910 1124 lapides
2956 1055 3096 1124 ejus,
3156 1054 3446 1124 designans

1862 1146 2114 1202 duritiam
2136 1147 2438 1203 sterilitatis
2462 1162 2775 1218 pravorum,
2825 1146 2917 1215 qui
2942 1146 3203 1200 virtutum
3227 1145 3445 1216 gignere

1862 1237 2111 1292 nesciunt
2154 1237 2412 1293 fructum.
2445 1236 2661 1293 Cbobar
2698 1236 2911 1301 ﬂuvius,
2933 1235 3087 1305 juxta
3114 1251 3273 1307 quem
3314 1234 3450 1290 Eze-

1862 1326 2003 1383 chiel
2042 1330 2305 1398 propheta
2334 1329 2538 1398 positus
2562 1328 2827 1383 visionem
2858 1329 3009 1393 vidit,
3040 1329 3448 1397 interpretatur,

1863 1422 2192 1493 gravitudo:
2234 1420 2481 1476 Ezechiel
2525 1406 2673 1487 vero,
2707 1422 2962 1492 fortitudo
2983 1420 3101 1475 Dei.
3136 1420 3296 1476 Venit
3321 1436 3451 1491 ergo

1863 1512 2116 1569 Ezechiel
2154 1510 2309 1581 juxta
2361 1512 2583 1568 ﬂuvium
2608 1512 2853 1579 Cbobar;
2883 1514 3011 1583 quia
3057 1513 3317 1569 fortitudo
3356 1513 3452 1569 Dei

1864 1618 1963 1672 per
2001 1604 2391 1659 incarnationis
2439 1619 2551 1659 suae
2598 1605 2917 1675 mysterium
2959 1605 3325 1675 propinquare
3369 1604 3452 1659 di-

1866 1700 2031 1763 gnata
2074 1700 2159 1748 est
2226 1702 2571 1763 peccatorum
2636 1709 2858 1749 suorum
2905 1694 3145 1765 pondera
3216 1691 3453 1764 portanti

188 1798 341 1851 Deum
394 1805 617 1851 creatus
643 1803 726 1850 est
765 1795 819 1848 in
849 1792 1061 1861 justitia
1103 1798 1160 1846 et
1196 1790 1486 1844 sanctitate
1516 1786 1760 1842 veritatis
1787 1795 1836 1855 B
1863 1787 2051 1858 generi
2094 1781 2351 1853 humano,
2410 1787 2554 1857 quod
2591 1787 2659 1842 ab
2694 1796 2816 1842 ortu
2854 1801 2950 1841 suo
3001 1786 3241 1857 quotidie
3270 1784 3457 1841 deﬂuit

189 1887 338 1957 (Eph.
370 1886 479 1958 1v);
510 1886 605 1941 ubi
636 1894 692 1940 et
742 1883 1069 1939 descendere
1105 1882 1171 1936 de
1210 1879 1461 1951 superbia
1498 1877 1763 1934 diabolica

189 1978 454 2041 debemus,
510 1984 569 2029 et
612 1974 932 2029 humilitatis
986 1987 1051 2025 ac
1088 1968 1516 2024 mansuetudinis
1563 1965 1765 2021 Christi

190 2072 473 2143 participes
521 2084 664 2125 esse.
736 2066 1025 2137 Triplicem
1085 2078 1212 2134 ergo
1259 2061 1329 2116 ob
1374 2076 1595 2117 causam
1649 2056 1767 2113 Sal-

186 2172 326 2217 vator
378 2162 447 2215 ab
492 2159 705 2215 Joanne
759 2157 970 2226 accepit
1024 2154 1351 2224 baptismum
1385 2151 1599 2223 (Matth.
1641 2148 1761 2221 in);

186 2253 428 2322 primum,
463 2257 526 2303 ut
564 2248 691 2318 quia
715 2247 877 2301 homo
909 2252 1067 2300 natus
1087 2252 1225 2309 erat,
1254 2255 1474 2297 omnem
1497 2239 1764 2311 justitiam

186 2350 229 2394 et
266 2338 628 2394 humilitatem
672 2337 805 2405 legis
854 2334 1137 2405 impleret;
1170 2332 1427 2397 secundo,
1477 2336 1535 2383 ut
1583 2327 1762 2398 bapti-

186 2437 349 2483 smate
385 2442 485 2483 suo
542 2425 765 2481 Joannis
791 2425 1059 2492 baptisma
1107 2422 1523 2489 comprobaret;
1578 2416 1764 2481 tertio,

188 2530 242 2575 ut
283 2520 540 2577 Iordanis
585 2534 754 2589 aquas
807 2515 1153 2573 sanctiﬁcans
1201 2528 1299 2584 per
1355 2510 1767 2567 descensionem

188 2612 454 2678 columba},
519 2610 758 2682 Spiritus
798 2608 968 2665 sancti
1040 2607 1094 2661 in
1145 2606 1366 2660 lavacro
1422 2601 1765 2658 credentium

189 2711 507 2758 monstraret
559 2700 872 2756 adventum.
930 2697 1083 2765 Quod
1117 2705 1299 2751 autem
1354 2693 1411 2749 in
1440 2691 1568 2748 Iesu
1619 2689 1769 2745 Nave

190 2794 437 2861 scriptum
484 2799 576 2847 est
650 2789 786 2862 (Ias.
834 2788 941 2860 ιιι),
976 2787 1067 2843 ubi
1125 2787 1193 2842 de
1245 2784 1477 2839 transitu
1529 2781 1767 2837 ﬁliorum

188 2879 341 2937 Israel
379 2897 479 2951 per
517 2880 771 2935 Iordanis
813 2879 1027 2934 alveum
1082 2881 1563 2937 commemoratur,
1625 2870 1769 2941 quod

191 2974 513 3037 sacerdotes,
574 2972 666 3040 qui
713 2971 1002 3040 portabant
1041 2982 1223 3021 arcam
1258 2964 1482 3019 foederis
1530 2961 1767 3026 Domini,

190 3080 303 3120 cum
330 3073 634 3133 posuerunt
654 3062 879 3132 vestigia
916 3060 1113 3131 pedum
1140 3072 1360 3114 suorum
1388 3056 1444 3110 in
1465 3054 1620 3126 aquis
1646 3052 1771 3109 Ior-

1869 1879 1938 1934 ad
1965 1886 2218 1933 mortem.
2250 1877 2399 1934 Fons
2427 1888 2610 1934 autem
2648 1880 2761 1934 sive
2792 1879 3064 1933 natatoria
3094 1878 3240 1933 Siloe
3269 1878 3337 1933 ad
3361 1892 3451 1932 ra-

1868 1968 2042 2023 dicem
2073 1971 2273 2023 montis
2295 1968 2425 2025 Sion
2470 1968 2553 2041 (ut
2579 1983 2743 2039 supra
2778 1968 2981 2023 dictum
3011 1966 3118 2040 est)
3161 1976 3217 2024 et
3236 1966 3457 2040 jugibus

1869 2058 2023 2129 aquis
2066 2056 2159 2112 sed
2185 2057 2407 2113 incertis
2446 2057 2596 2113 horis
2626 2058 2919 2127 diebusque
2942 2058 3151 2125 ebullit,
3189 2058 3460 2129 signiﬁcat

1868 2146 2132 2216 Baptismi
2190 2156 2593 2201 sacramentum
2628 2165 2640 2199 :
2687 2147 2830 2202 unde
2864 2147 3124 2203 Dominus
3178 2149 3306 2203 caeci
3340 2146 3458 2202 nati

1866 2234 2050 2289 Oculos
2080 2243 2239 2305 sputo
2274 2251 2398 2291 cum
2439 2235 2554 2291 luto
2596 2236 2768 2291 mixto
2805 2236 3037 2306 desuper
3073 2236 3273 2291 liniens
3323 2235 3457 2292 dicit

1866 2325 1959 2380 ei:
2005 2324 2166 2392 Vade,
2214 2335 2261 2382 et
2296 2326 2413 2381 lava
2458 2336 2507 2381 te
2553 2328 2610 2382 in
2647 2328 2912 2382 natatoria
2950 2325 3115 2393 Siloe,
3176 2328 3319 2397 quod
3369 2328 3455 2382 in-

1868 2426 2220 2488 terpretatur,
2278 2420 2491 2473 missus.
2550 2419 2704 2486 Quod
2750 2419 2876 2474 fecit
2923 2419 3203 2483 Dominus,
3252 2418 3462 2489 perspi-

1870 2524 2031 2565 cuum
2066 2519 2168 2565 est.
2209 2509 2532 2565 llluminatio
2567 2513 2710 2566 enim
2738 2511 2883 2567 facta
2924 2520 3008 2567 est
3039 2512 3097 2567 in
3136 2526 3301 2577 caeco,
3365 2511 3462 2568 sed

1868 2617 2123 2673 magnum
2171 2604 2487 2673 mysterium
2528 2603 2936 2659 commendatur
2988 2604 3044 2659 in
3086 2605 3324 2661 humano
3368 2618 3465 2678 ge-

1870 2709 2001 2749 nere
2034 2712 2047 2747 :
2080 2696 2258 2764 expuit
2282 2696 2337 2749 in
2372 2706 2590 2762 terram,
2644 2696 2708 2751 de
2748 2695 2913 2751 saliva
2939 2693 3109 2749 lutum
3133 2695 3299 2765 fecit:
3334 2693 3464 2765 quin

1885 2782 2105 2837 Verbum
2125 2800 2248 2838 caro
2271 2785 2469 2854 factum
2483 2796 2558 2840 est
2585 2784 2766 2856 (Joan.
2784 2786 2857 2856 1);
2874 2796 2923 2841 et
2944 2786 3091 2839 unxit
3112 2784 3289 2839 oculos
3310 2786 3458 2841 caci.

1868 2874 2128 2929 Inunctus
2163 2882 2282 2930 erat
2330 2884 2384 2929 et
2419 2876 2658 2932 nondum
2694 2876 2911 2931 videbat
2946 2894 2961 2929 :
2994 2876 3161 2930 mittit
3187 2876 3339 2930 illum
3391 2876 3462 2929 ad

1871 2966 2157 3036 piscinam,
2211 2952 2331 3035 quae
2376 2977 2597 3023 vocatur
2647 2966 2812 3022 Siloe.
2860 2966 3125 3023 Pertinuit
3164 2977 3343 3023 autem
3391 2967 3461 3023 ad

1874 3057 2295 3129 Evangelistam,
2353 3060 2735 3114 commendare
2772 3059 2928 3113 nobis
2962 3074 3157 3113 nomen
3188 3058 3349 3129 hujus
3378 3058 3459 3129 pi-

192 3154 351 3216 danis,
384 3168 566 3223 aqua,
591 3166 712 3221 quae
738 3150 1022 3204 inferiores
1048 3156 1172 3203 sunt
1198 3147 1574 3209 decurrerent,
1605 3150 1769 3213 atque
1799 3143 1845 3205 C
1876 3148 2062 3213 scinae,
2116 3158 2170 3203 et
2218 3149 2314 3213 ait,
2378 3149 2521 3219 quod
2574 3150 2979 3219 interpretatur,
3053 3150 3264 3203 missus.
3316 3148 3458 3214 Iam,

195 3242 478 3299 deﬁcerent
505 3259 523 3307 ;
560 3256 679 3311 quae
721 3248 902 3294 autem
932 3238 1164 3307 desuper
1192 3244 1475 3301 venerunt,
1513 3235 1568 3289 in
1601 3234 1769 3289 multa

192 3333 323 3387 mole
364 3332 762 3395 consisterent;
788 3328 879 3382 illa
913 3344 1041 3397 pars
1070 3327 1348 3382 hominum
1371 3326 1463 3395 qui
1485 3331 1771 3395 postquam

191 3433 429 3479 sanctum
464 3422 739 3492 baptisma
766 3428 1188 3490 consequuntur,
1217 3434 1275 3473 se
1304 3418 1449 3487 ipsos
1477 3431 1666 3471 rursus
1703 3416 1771 3471 ad

189 3516 391 3585 negotia
436 3513 650 3577 szrculi,
696 3520 751 3566 et
795 3511 1075 3567 illecebras
1094 3508 1384 3564 libidinum
1429 3508 1667 3573 tradunt,
1715 3515 1771 3562 et

192 3623 305 3662 cum
341 3606 576 3660 avaritia
616 3604 816 3659 salsum
863 3603 1113 3673 poculum
1156 3603 1366 3669 bibunt,
1416 3604 1471 3657 in
1511 3617 1574 3655 ea
1617 3608 1771 3669 parte

192 3714 442 3769 aquarum
486 3696 822 3766 designatur,
874 3710 992 3765 quae
1042 3695 1097 3748 in
1138 3708 1289 3747 mare
1345 3692 1562 3764 proﬂuit
1610 3700 1772 3761 atque

193 3789 242 3843 in
280 3789 435 3843 salsis
487 3786 744 3842 ﬂuctibus
791 3785 1024 3855 deperiit
1076 3799 1248 3853 :pars
1304 3799 1431 3837 vero
1485 3783 1596 3847 illa,
1650 3796 1772 3851 quae

191 3899 306 3940 cum
350 3884 651 3939 stabilitate
692 3888 974 3951 permanet
1019 3888 1075 3933 et
1097 3878 1435 3933 dulcedinem
1460 3892 1613 3932 suam
1651 3891 1769 3932 ser—

192 3986 293 4040 vat,
351 3976 609 4047 designat
650 3989 761 4037 eos,
800 3973 890 4043 qui
925 3980 1205 4042 acceptum
1241 3971 1334 4026 Dei
1377 3986 1572 4025 munus
1614 3970 1768 4023 inde-

191 4068 508 4124 clinabiliter
557 4074 760 4120 tenent.
818 4063 990 4119 ‘Iaboc
1037 4063 1229 4117 ﬂuvius
1281 4070 1366 4117 est
1405 4070 1459 4116 et
1507 4061 1774 4130 interpre-

194 4166 330 4212 tatur
348 4175 536 4221 arena,
562 4155 651 4210 vel
676 4155 935 4208 luctamen
962 4168 979 4205 :
1012 4169 1118 4225 quo
1142 4154 1488 4217 transmisso,
1537 4152 1772 4207 luctatus

197 4243 355 4302 Iacob
418 4246 687 4301 adversus
721 4259 868 4307 eum,
916 4244 1009 4312 qui
1060 4242 1163 4297 sibi
1212 4253 1559 4314 apparuerat,
1614 4254 1773 4295 voca-

191 4346 271 4393 tus
316 4347 400 4393 est
422 4337 615 4393 Israel.
668 4336 792 4391 Fuit
822 4345 1005 4390 autem
1049 4337 1191 4389 inter
1220 4337 1471 4398 Amman,
1510 4336 1613 4389 hoc
1664 4342 1768 4396 est,

188 4427 611 4498 Philadelphiam
650 4436 702 4480 et
731 4426 973 4481 Garasan
1021 4426 1077 4479 in
1107 4434 1302 4495 quarto
1339 4425 1455 4496 ejus
1499 4424 1769 4489 milliario,

1871 3241 1994 3311 quis
2056 3250 2139 3296 est
2168 3242 2385 3307 missus,
2438 3242 2750 3313 agnoscitis.
2810 3241 2926 3297 Nisi
2958 3243 3104 3297 enim
3153 3242 3243 3297 ille
3270 3240 3462 3297 fuisset

1873 3330 2071 3385 missus
2104 3348 2116 3383 :
2149 3346 2309 3386 nemo
2339 3340 2585 3387 nostrum
2638 3331 2833 3387 fuisset
2858 3332 2927 3386 ab
2956 3332 3240 3402 iniquitate
3268 3332 3458 3389 dimis-

1871 3438 1963 3478 sus
1996 3442 2008 3477 :
2055 3424 2185 3478 lavit
2209 3438 2339 3494 ergo
2361 3424 2545 3479 oculos
2578 3425 2631 3479 in
2670 3440 2734 3479 ea
2765 3425 2997 3494 piscin‘a,
3046 3440 3166 3495 qua:
3192 3426 3456 3495 interpre-

1870 3520 2038 3579 tatur,
2090 3514 2301 3579 missus,
2360 3514 2667 3582 baptizatus
2710 3522 2794 3569 est
2841 3514 2895 3568 in
2920 3514 3153 3570 Christo.
3209 3512 3300 3570 Sic
3327 3529 3459 3586 ergo

1871 3604 2085 3674 quando
2141 3620 2265 3659 eum
2314 3605 2369 3659 in
2419 3618 2477 3660 se
2508 3604 2624 3674 ipso
2692 3605 3089 3675 quodammodo
3136 3605 3453 3675 baptizavit,

1874 3705 2003 3751 tunc
2029 3695 2369 3762 illuminavit,
2422 3698 2637 3767 quando
2664 3697 2895 3763 inunxit,
2926 3696 3161 3754 fortasse
3201 3697 3455 3755 catechu-

1872 3804 2091 3845 menum
2161 3788 2306 3845 fecit.

2473 3880 2703 3939 CAPUT
2750 3881 2845 3937 XI.

2444 3968 2523 4023 De
2544 3971 2891 4026 torrentibus;

1943 4058 2178 4115 Torrens
2229 4068 2312 4115 est
2390 4059 2471 4130 (ut
2516 4075 2680 4130 supra
2731 4060 2989 4134 diximus)
3039 4078 3185 4135 aqua
3237 4066 3459 4123 veniens

1872 4162 1993 4203 cum
2031 4149 2249 4216 impetu.
2310 4147 2448 4203 Sunt
2494 4157 2673 4204 autem
2701 4151 2945 4219 quaedam
2992 4154 3210 4208 nomina
3238 4157 3457 4225 propria

1874 4242 2216 4307 torrentium,
2252 4258 2370 4312 qua:
2390 4242 2545 4313 juxta
2592 4245 3094 4315 interpretationem
3123 4262 3296 4312 suam,
3337 4263 3455 4318 my-

1873 4332 2065 4387 sticam
2094 4332 2539 4402 signiﬁcationem
2560 4333 2763 4389 habent
2795 4354 2809 4389 :
2839 4344 2899 4391 ut
2926 4346 3009 4392 est
3032 4346 3245 4393 torrens
3268 4337 3454 4405 Cison,

1873 4425 1965 4494 qui
1994 4425 2379 4493 interpretatur
2428 4426 2628 4480 duritia
2673 4444 2875 4495 eorum,
2904 4439 2959 4485 et
2983 4438 3067 4485 est
3112 4429 3267 4500 juxta
3305 4446 3460 4486 mon-

189 4530 239 4576 et
263 4520 400 4575 ultra
422 4520 731 4591 procedens
756 4517 975 4573 Iordani
1004 4517 1166 4573 ﬂuvio
1211 4520 1614 4574 eommiscetur.
1665 4517 1772 4570 Lu-
1795 4498 1849 4557 Ῑ)
1877 4522 1985 4569 tem
2018 4514 2251 4581 Thabor,
2309 4515 2401 4570 ubi
2427 4524 2612 4571 contra
2644 4515 2883 4573 Sisaram
2928 4498 3239 4577 dimicatum
3266 4528 3368 4585 est,
3404 4529 3459 4575 et

190 4620 395 4667 etamen
424 4613 554 4676 viri,
601 4612 842 4681 quicum
864 4608 1030 4665 Iacob
1082 4611 1402 4675 luctabatur,
1444 4610 1598 4679 juxta
1646 4608 1775 4663 alle-

190 4705 387 4773 goriam
434 4702 712 4773 signiﬁcat
749 4703 1055 4772 passionem
1106 4702 1307 4757 Christi
1340 4719 1353 4756 :
1384 4702 1475 4757 ubi
1504 4701 1653 4755 visus
1691 4707 1775 4755 est

189 4792 346 4850 Iacob
398 4796 454 4849 in
484 4793 798 4849 Iudaeorum
846 4802 989 4865 typo,
1027 4794 1131 4848 hoc
1178 4802 1281 4860 est,
1335 4794 1389 4847 in
1418 4794 1662 4863 corporis
1691 4793 1774 4849 sui

191 4887 364 4942 sobole
401 4886 755 4957 praevaluisse
781 4886 910 4952 Deo,
962 4895 1017 4940 et
1046 4889 1198 4956 quasi
1250 4902 1374 4941 cum
1397 4886 1631 4951 inﬁrmo,
1698 4887 1773 4941 ita

190 4989 307 5029 cum
333 4991 497 5031 carne
524 4976 645 5043 ejus
672 4978 940 5033 luctamen
962 4977 1099 5033 inire
1136 4986 1191 5033 et
1215 4978 1544 5033 invalescere
1568 4977 1621 5031 in
1641 4992 1769 5047 pas-

193 5065 334 5121 sione
352 5066 493 5135 ejus,
539 5067 681 5120 sicut
718 5069 975 5138 scriptum
1008 5077 1112 5134 est,
1160 5083 1283 5123 cum
1313 5067 1592 5123 dicerent:
1630 5064 1768 5121 Cru-

195 5158 354 5229 ciﬁge.
385 5156 554 5212 quta
582 5159 939 5229 trop010giam
966 5174 1095 5213 vero
1148 5158 1336 5222 Iacob,
1364 5160 1455 5228 qui
1494 5174 1619 5213 cum
1675 5174 1769 5213 an-

194 5248 306 5315 gelo
351 5250 655 5313 contendit,
708 5248 1132 5320 uniuscujusque
1187 5250 1411 5321 perfecti
1464 5250 1567 5303 viri
1612 5260 1667 5304 et
1714 5251 1769 5305 in

196 5342 649 5411 contemplatione
685 5341 845 5411 positi
870 5342 1103 5396 animam
1138 5343 1394 5412 exprimit
1427 5340 1589 5411 :quia
1620 5341 1769 5395 vide-

196 5426 318 5483 licet
376 5432 564 5487 anima
632 5448 756 5487 cum
827 5430 1179 5501 contemplari
1235 5432 1522 5487 Dominum
1579 5429 1771 5484 nititur

200 5520 335 5574 velut
380 5521 431 5575 in
456 5524 696 5590 quodam
718 5522 1010 5578 certamine
1036 5522 1231 5592 posita,
1290 5522 1449 5578 modo
1487 5520 1639 5590 quasi
1679 5534 1771 5573 ex-

201 5620 427 5676 superat,
472 5612 597 5680 quia
625 5613 966 5683 intelligendo
993 5622 1045 5667 et
1079 5614 1357 5668 sentiendo
1383 5615 1449 5667 de
1488 5612 1771 5665 incircum—

203 5703 392 5771 scripto
426 5705 627 5759 lumine
661 5705 860 5773 aliquid
893 5706 1150 5774 degustat.
1209 5706 1346 5772 Ella,
1380 5706 1537 5773 Aber,
1568 5705 1768 5763 Gozam

1875 4606 2142 4678 signiﬁcat
2200 4608 2593 4663 contumaciam
2638 4613 3012 4679 superborum,
3075 4629 3195 4684 qua:
3241 4613 3457 4669 Domini

1876 4700 2074 4753 virtute
2109 4700 2423 4755 conteritur.
2475 4698 2692 4755 Cademi
2731 4711 2943 4758 torrens
2973 4712 3071 4768 est,
3116 4702 3271 4771 juxta
3293 4718 3455 4775 quem

1877 4790 2119 4845 Debbora
2186 4791 2385 4845 bellum
2430 4792 2617 4862 gessit.
2665 4792 3055 4863 Interpretatur
3123 4802 3322 4859 autem,
3374 4811 3455 4848 re—

1874 4882 2124 4937 surrectio
2146 4881 2346 4935 inutilis
2368 4899 2386 4935 :
2410 4884 2552 4951 quod
2590 4882 2858 4953 signiﬁcat
2882 4893 3222 4953 peccatorum
3275 4898 3457 4940 resur-

1880 4974 2197 5041 rectionem,
2226 4975 2317 5044 qui
2344 4990 2448 5029 non
2480 4977 2547 5029 ad
2576 4975 2762 5041 vitam,
2794 4976 2889 5030 sed
2919 4976 2987 5030 ad
3016 4991 3233 5045 ptenam
3256 4992 3450 5045 perpe-

1880 5075 2026 5121 tuam
2049 5067 2405 5122 resurrecturi
2449 5075 2626 5123 erunt.
2676 5068 2898 5123 Corathi
2939 5076 3154 5123 torrens
3182 5076 3266 5122 est
3302 5077 3452 5122 trans

1878 5156 2183 5221 Iordanem,
2247 5158 2299 5211 in
2327 5172 2433 5227 quo
2474 5159 2821 5214 absconditus
2848 5165 2931 5214 est
2980 5158 3126 5213 Elias
3171 5160 3202 5214 e
3232 5159 3451 5228 regione

1877 5248 2114 5318 ejusdem
2167 5250 2443 5305 ﬂuminis:
2474 5251 2859 5320 interpretatur
2895 5261 3076 5307 autem
3116 5252 3322 5315 divisio,
3364 5251 3446 5306 vel

1877 5342 2120 5411 cognitio.
2172 5340 2473 5407 Chimarus,
2530 5341 2585 5396 id
2627 5351 2729 5408 est,
2777 5351 2989 5399 torrens
3036 5341 3248 5399 Cedron
3308 5343 3451 5398 inter

1876 5441 2111 5488 montem
2164 5442 2247 5489 est
2286 5432 2501 5499 Oliveti,
2547 5442 2602 5489 et
2651 5434 2967 5500 Ierusalem,
3013 5435 3100 5490 ubi
3152 5434 3440 5489 Dominum

1880 5522 2211 5579 Salvatorem
2258 5522 2492 5580 Ioannes
2532 5526 2854 5595 evangelista
2908 5536 3092 5580 narrat
3149 5526 3442 5581 traditum:

1879 5615 2261 5683 interpretatur
2315 5625 2489 5671 autem
2543 5614 2774 5683 Cedron,
2836 5618 3055 5672 tenebra:
3115 5617 3197 5669 vel
3254 5617 3443 5669 dolor:

1878 5716 1931 5760 et
1974 5706 2235 5776 signiﬁcat
2264 5709 2558 5765 cmcitatem
2580 5707 2902 5777 Iudaeorum,
2942 5711 3033 5777 qui
3071 5725 3189 5763 cum
3219 5705 3446 5762 tumultu
