3930 6368
434 308 544 368 323

437 428 702 480 venerunt
732 421 1196 494 comprehendere
1231 415 1437 480 Iesum.
1495 424 1633 481 Nam
1672 432 1886 483 torrens
1929 426 2027 482 ﬂu-
2054 432 2108 496 Α

434 514 556 572 vius
582 515 821 571 hibernis
849 516 1111 571 imbribus
1140 517 1442 573 concitatur
1475 520 1652 575 subito
1685 539 1697 574 :
1726 520 1817 591 qui
1848 520 1903 576 et
1936 535 2021 575 ra-

434 610 593 681 pidus
631 609 975 679 cognoscitur
1012 614 1066 666 et
1094 624 1367 677 caenosus,
1407 612 1528 682 quia
1571 629 1677 668 non
1708 629 1843 684 puro
1873 612 2021 669 fonte

432 700 797 772 profunditur,
848 702 942 757 sed
998 705 1227 759 terrenis
1265 702 1642 761 infeCtionibus
1690 706 2016 762 sordidatur.

433 786 573 847 Huic
610 793 805 848 merito
851 803 1198 863 comparatur
1225 795 1407 853 smculi
1437 796 1592 853 istius
1627 790 1869 853 turbidus
1898 802 2022 852 eur-

431 899 546 950 sus,
596 886 689 956 qui
718 885 865 941 nullo
898 887 1147 943 veritatis
1175 880 1325 943 fonte
1368 888 1575 957 deﬂuit,
1621 891 1714 946 sed
1752 883 2019 945 malorum

429 976 672 1030 omnium
720 985 1037 1047 tempestate
1072 978 1347 1034 coalescit.
1402 977 1555 1035 Unde
1596 981 1834 1037 dicitur:
1890 979 2019 1035 Tor-

431 1075 628 1121 rentem
684 1068 1017 1137 pertransivit
1080 1070 1259 1123 anima
1325 1079 1507 1125 nostra
1560 1067 1730 1142 (Psal.
1797 1070 2015 1139 cxxm).

428 1155 497 1213 Et
548 1158 679 1213 item
714 1176 726 1211 :
760 1155 837 1212 De
877 1169 1105 1214 torrente
1138 1161 1195 1214 in
1233 1161 1317 1215 via
1362 1152 1506 1228 bibit,
1559 1171 1830 1233 propterea
1871 1153 2019 1219 exal-

429 1252 556 1306 tavit
583 1260 740 1321 caput
779 1249 970 1323 (Psai.
1022 1251 1156 1325 cxx).
1218 1252 1409 1308 Merito
1449 1254 1577 1324 ergo
1620 1261 1675 1309 et
1719 1253 1884 1310 lsrael
1932 1256 2015 1325 ip-

426 1356 546 1396 sum
573 1343 934 1413 pertransisse
966 1358 1025 1399 se
1054 1344 1305 1415 perhibet
1333 1364 1345 1399 :
1392 1342 1533 1401 unde
1562 1354 1723 1418 caput
1747 1346 1877 1418 ejus,
1910 1363 2014 1418 po-

427 1441 573 1491 tasse
608 1434 958 1503 praedicatum
1002 1443 1104 1493 est.
1147 1435 1257 1491 Sed
1284 1437 1341 1491 in
1379 1437 1465 1493 his
1494 1438 1747 1495 omnibus
1800 1454 1908 1494 una
1934 1437 2017 1495 est

424 1539 554 1579 vera
580 1524 869 1592 confessio,
910 1527 1171 1596 quoniam
1195 1526 1261 1582 de
1284 1526 1453 1582 tantis
1480 1526 1738 1597 periculis
1768 1530 1881 1585 sola
1912 1530 2017 1584 Do-

424 1616 557 1670 mini
581 1616 929 1671 miseratione
954 1615 1269 1672 liberamur.
1323 1617 1454 1672 ltem
1493 1620 1727 1683 torrens,
1768 1618 2014 1674 doctrina

424 1719 715 1774 pravorum
768 1705 823 1760 in
849 1703 1150 1761 Psalterio:
1183 1700 1224 1759 Τ
1226 1724 1261 1761 u
1288 1707 1561 1777 disrupisti
1614 1709 1783 1778 fontes
1820 1720 1869 1765 et
1907 1719 2015 1764 tor-

1065 310 1127 367 e.
1165 309 1422 367 nsum
1460 299 1682 391 unum
1717 294 2037 370 ABCHIEP.
2077 298 2389 373 uocum.
2431 300 2720 372 OPERUM
2750 312 2932 371 rans
2965 314 3031 370 ιι.

3600 306 3724 372 32‘

2727 422 2955 484 CAPUT
2991 426 3107 483 XII.

2751 517 2828 573 De
2872 520 3059 590 puteis.

2190 604 2394 664 Puteus
2430 615 2513 664 est
2536 608 2688 665 lacus
2711 602 2977 676 defossus,
3031 625 3098 665 ex
3127 626 3235 682 quo
3260 613 3515 669 hauritur
3542 624 3728 685 aqua,

2122 715 2153 754 a
2182 700 2461 769 potatione
2486 701 2663 756 dictus
2687 719 2700 755 :
2751 703 2843 770 qui
2869 709 2924 756 et
2949 702 3005 757 in
3029 703 3224 759 bonam
3261 705 3731 776 signiﬁcationem

2118 789 2330 860 positus
2392 789 2622 861 intelligi
2676 797 2875 860 potest,
2920 802 2975 847 et
3018 793 3071 847 in
3113 794 3461 849 contrariam.
3512 794 3729 851 Puteus

2113 880 2429 951 juramenti,
2462 896 2623 953 quem
2662 882 2798 938 fodit
2831 883 3107 940 Abraham
3156 880 3306 958 (Cen.
3343 885 3482 959 ut),
3519 888 3573 941 id
3607 900 3723 957 est,

2121 969 2392 1026 Bersabee
2430 972 2485 1026 in
2525 971 2750 1043 regione
2783 970 3105 1030 Geraritica.
3134 972 3337 1031 Puteus
3357 976 3587 1032 visionis
3633 983 3732 1035 est

2119 1062 2172 1117 in
2218 1063 2433 1118 deserto
2489 1065 2627 1133 apud
2678 1078 2839 1134 quem
2896 1064 3156 1120 habitavit
3183 1065 3352 1123 lsaac.
3400 1066 3603 1125 Puteus
3634 1068 3731 1141 ju-

2120 1152 2253 1210 dicii
2298 1162 2573 1224 estusque
2606 1154 2663 1209 in
2686 1162 3006 1225 praesentem
3047 1156 3188 1211 diem
3216 1158 3269 1212 in
3299 1158 3521 1229 regione
3548 1160 3729 1217 Gera-

2118 1247 2296 1303 ritica.
2360 1247 2597 1303 Rursum
2647 1256 2842 1319 puteus
2888 1248 3204 1318 juramenti,
3261 1250 3351 1305 ubi
3394 1250 3730 1318 juraverunt

2116 1338 2267 1395 Isaac
2287 1346 2341 1393 et
2359 1339 2693 1406 Abimelech,
2716 1349 3049 1411 vocaturque
3069 1342 3325 1411 oppidum
3352 1341 3525 1400 lsaac.
3573 1344 3727 1401 Sunt

2115 1438 2171 1486 et
2191 1430 2281 1485 alii
2317 1431 2497 1501 plures
2524 1433 2671 1500 putei
2744 1432 2799 1487 in
2831 1433 3033 1488 sanctis
3059 1432 3373 1504 Scripturis,
3423 1435 3516 1505 qui
3551 1436 3606 1490 in
3639 1451 3731 1493 re-

2115 1524 2275 1593 gione
2328 1508 2648 1588 Geraritica,
2696 1532 2749 1579 et
2786 1522 2942 1594 juxta
2978 1522 3298 1579 Ascalonem
3340 1512 3727 1582 demonstran-

2115 1622 2225 1669 tur.
2281 1612 2338 1668 lu
2372 1615 2572 1669 bonam
2594 1621 2730 1686 ergo
2764 1614 3217 1686 signiﬁcationem
3254 1613 3381 1672 illud
3414 1617 3585 1687 accipi
3618 1633 3725 1687 po—

2114 1712 2237 1772 test,
2260 1704 2481 1776 quodin
2499 1704 2694 1761 Genesi
2724 1705 2922 1775 legitur
2952 1705 3103 1761 Isaac
3128 1705 3315 1762 fodere
3337 1716 3527 1776 puteos
3560 1704 3719 1780 (Gen.

424 1805 591 1849 rentes
649 1794 834 1866 (Psal.
883 1794 1107 1865 uxm).
1161 1791 1399 1852 Rursum
1457 1804 1701 1865 torrens,
1756 1800 2015 1856 tentatio-
2044 1796 2296 1871 Bxxvr),
2343 1812 2478 1880 quos
2526 1789 2779 1852 foderunt
2837 1798 2993 1869 pueri
3028 1799 3198 1869 patris
3244 1798 3361 1868 ejus
3393 1800 3716 1855 Abraham:

423 1885 510 1939 nis
560 1885 795 1955 impetus
851 1885 906 1938 in
951 1883 1215 1940 Psalterio
1258 1903 1270 1938 :
1312 1883 1381 1939 Et
1421 1896 1676 1943 torrentes
1722 1889 2016 1961 iniquitatis

424 1975 863 2049 conturbauerunt
904 1992 986 2030 me
1025 1975 1210 2048 (gPsal.
1252 1975 1419 2049 xvii).
1473 1977 1751 2034 Invenitur
1800 1988 1855 2035 et
1888 1988 2016 2039 tor-

423 2082 550 2123 rens
586 2046 793 2137 positus
836 2068 891 2122 in
919 2046 1119 2123 bonam
1156 2046 1389 2139 partem,
1442 2078 1503 2124 ut
1541 2078 1624 2125 est
1674 2054 1803 2127 illud
1844 2088 1859 2125 :
1889 2071 2018 2127 Tor-

423 2171 567 2214 rente
631 2160 912 2231 voluptatis
977 2169 1083 2215 tua:
1138 2162 1341 2231 potabis
1401 2177 1487 2215 eos
1550 2159 1740 2231 (Psal.
1802 2161 2013 2235 xxxv).

424 2252 743 2310 Torrentem
778 2269 910 2309 vero
949 2253 1185 2309 diximus
1213 2267 1333 2309 esse
1366 2252 1586 2308 ﬂuvium
1618 2254 1883 2323 velocem,
1923 2256 2017 2327 qui

422 2343 600 2401 subita
648 2330 951 2413 pluviarum
1000 2343 1354 2401 inundatione
1391 2339 1689 2413 descendit,
1738 2348 1826 2403 cui
1880 2350 2019 2403 bene

422 2446 770 2509 comparatur
817 2439 1082 2508 sapientia
1128 2438 1330 2495 Christi
1374 2458 1387 2494 :
1427 2440 1555 2511 quia
1589 2442 1644 2497 et
1684 2430 1862 2499 subita
1912 2440 2013 2509 est,

422 2539 478 2587 et
526 2531 602 2585 ita
648 2528 854 2601 rapida,
905 2526 968 2585 ut
1004 2530 1073 2585 ad
1111 2530 1271 2586 ﬁnem
1296 2572 1311 2598 ,
1360 2536 1524 2603 quem
1562 2534 1703 2600 vult,
1763 2536 1881 2591 Sine
1920 2534 2019 2591 aii-

422 2638 532 2695 qua
580 2616 845 2678 tarditate
871 2621 1173 2692 perveniat.
1214 2620 1336 2678 Rlvi
1383 2625 1545 2691 dicti,
1585 2626 1727 2696 quod
1764 2624 2015 2683 deriven-

423 2722 514 2773 ων
551 2716 618 2769 ad
654 2714 1021 2785 irrigandum,
1063 2715 1114 2770 id
1162 2724 1282 2782 est,
1325 2716 1392 2771 ad
1450 2718 1807 2773 inducendum
1849 2734 2019 2789 aquas

424 2806 675 2879 inagris.
722 2806 858 2862 Nam
905 2807 1082 2879 rigare
1123 2808 1383 2864 inducere
1432 2816 1535 2865 est.
1600 2800 1880 2881 Signiﬁcat
1923 2828 2019 2867 au-

423 2907 536 2956 tem
569 2895 829 2953 ﬂuentum
878 2906 1038 2967 atque
1076 2898 1448 2969 irl‘igationem
1498 2902 1736 2957 caelestis
1776 2903 1961 2972 gratiae
1999 2921 2013 2957 :

425 2990 553 3061 quia
596 2990 755 3045 corda
804 2989 1040 3044 humana
1090 2984 1155 3043 ad
1202 2989 1586 3058 proferendum
1632 2991 1867 3048 fructum
1919 2995 2017 3050 do-

424 3081 615 3139 ctrinae
663 3091 719 3136 et
781 3080 1046 3136 bonorum
1108 3095 1335 3151 operum
1388 3083 1705 3154 irrigantur.
1767 3084 1919 3144 Unde
1964 3086 2020 3144 et

2118 1889 2214 1944 sed
2240 1888 2542 1945 invidentes
2571 1889 2621 1943 ei
2652 1888 2923 1945 Palaestini
2950 1891 3341 1947 obstruxerunt
3364 1906 3457 1949 eos
3493 1892 3725 1964 implen-

2119 1990 2200 2036 tes
2234 1981 2418 2046 humo,
2463 1988 2518 2034 et
2544 1979 2773 2051 reliqua.
2825 1979 2960 2047 Quis
2992 1989 3077 2037 est
3106 1981 3207 2038 iste
3228 1981 3399 2049 lsaac,
3452 1984 3556 2038 nisi
3594 1981 3723 2037 Sal-

2118 2078 2272 2125 vator
2293 2071 2512 2125 noster?
2535 2069 2638 2137 Qui
2676 2069 2803 2125 dum
2828 2071 3202 2128 descendisset
3226 2074 3281 2129 in
3306 2076 3467 2129 istum
3496 2076 3719 2130 torren-

2118 2169 2227 2216 tem
2255 2160 2482 2225 Gerara,
2543 2162 2720 2231 primo
2748 2163 2992 2218 omnium
3028 2164 3152 2219 illos
3181 2174 3374 2236 puteos
3401 2167 3589 2225 fodere
3620 2186 3723 2228 vo-

2117 2250 2238 2318 luit,
2270 2256 2406 2321 quos
2449 2251 2695 2308 foderant
2745 2255 2897 2324 pueri
2929 2256 3102 2325 patris
3124 2256 3226 2322 s'ui,
3284 2257 3338 2313 id
3360 2268 3464 2326 est,
3503 2260 3723 2333 Moyses

2118 2354 2339 2413 puteum
2361 2345 2497 2416 legis
2524 2341 2755 2412 foderat,
2802 2347 2996 2415 David,
3042 2348 3297 2405 Salomun
3344 2356 3398 2407 et
3438 2354 3724 2425 propheta

2119 2433 2287 2489 libros
2317 2435 2651 2505 scripserunt
2699 2436 2912 2492 Veteris
2957 2437 3330 2495 Testamenti:
3363 2457 3498 2513 quos
3534 2452 3725 2502 tamen

2122 2535 2335 2580 terrena
2363 2534 2418 2580 et
2446 2526 2659 2581 sordida
2684 2527 2988 2599 repleverat
3004 2529 3355 2602 intelligentia
3379 2526 3718 2591 Judaborutn.

2118 2615 2188 2669 Et
2205 2629 2393 2671 eorum
2420 2631 2481 2671 os
2504 2632 2626 2671 cum
2649 2617 2810 2672 vellet
2838 2634 3069 2690 purgare
3108 2619 3257 2678 lsaac
3294 2632 3357 2678 ut
3384 2623 3719 2694 ostenderet,

2120 2709 2247 2777 quia
2286 2725 2620 2780 quaecunque
2660 2709 2748 2765 lex
2788 2721 2845 2766 et
2870 2714 3149 2784 prophetes
3175 2716 3449 2785 dixerunt,
3502 2719 3570 2776 de
3591 2720 3721 2791 ipso

2120 2800 2409 2856 dixerunt:
2442 2802 2602 2857 rixati
2622 2811 2749 2857 sunt
2774 2820 2897 2859 cum
2923 2821 2988 2861 eo
3018 2805 3310 2875 Palaestini,
3339 2800 3391 2864 id
3413 2812 3516 2877 est,
3544 2811 3726 2869 Judaei

2120 2908 2153 2947 a
2180 2908 2346 2965 regno
2369 2894 2463 2949 Dei
2494 2894 2654 2950 alieni
2687 2914 2700 2950 :
2745 2896 2840 2952 sed
2861 2898 3138 2954 descendit
3166 2901 3220 2956 et
3251 2888 3481 2958 discedit
3516 2899 3585 2959 ab
3606 2903 3720 2973 eis,

2070 2998 2073 3001 ·
2118 2992 2174 3038 et
2213 2984 2320 3038 non
2345 2992 2523 3054 potest
2550 3000 2670 3040 esse
2699 3000 2821 3041 eum
2862 2985 2949 3043 his
2976 2990 3069 3059 qui
3107 2991 3162 3045 in
3194 2989 3371 3061 puteis
3397 2994 3589 3065 aquam
3624 3011 3725 3051 no-

2121 3078 2238 3132 lunt
2260 3076 2482 3144 habere,
2508 3079 2607 3134 sed
2649 3087 2872 3147 terram,
2902 3091 2959 3137 et
2987 3083 3120 3138 dicit
3142 3076 3223 3138 eis
3251 3103 3263 3138 :
3288 3084 3425 3140 Ecce
3452 3085 3722 3159 relinque-

425 3175 556 3232 illud
589 3192 602 3228 ς
640 3174 799 3228 Petra
829 3172 1065 3244 profudit
1089 3172 1221 3228 mihi
1242 3176 1377 3229 rivos
1411 3174 1511 3230 οιεε
1538 3176 1681 3247 (Job,
1708 3178 1882 3251 χχιχ),
1916 3174 2021 3237 hoc
2049 3160 2094 3223 C
2126 3179 2215 3224 tur
2234 3170 2375 3224 vobis
2406 3170 2591 3225 domus
2641 3182 2806 3226 vestra
2837 3172 3041 3230 deserta
3080 3172 3296 3247 (Matth.
3326 3164 3503 3250 xxiii).
3555 3176 3727 3235 Fodit

423 3276 532 3335 est,
560 3266 807 3323 Christus
832 3266 970 3320 dona
1002 3264 1237 3334 Spiritus
1260 3267 1453 3322 sancti.
1483 3267 1542 3321 In
1570 3265 1788 3325 Psalmo
1820 3285 1836 3323 :
1863 3271 2021 3327 Rivos

423 3360 538 3431 ejus
580 3358 804 3423 inebria,
845 3356 1135 3427 multiplica
1174 3358 1529 3427 generationes
1563 3360 1699 3428 ejus,
1765 3362 1822 3416 in
1860 3362 2019 3431 stilli-

424 3454 576 3511 cidiis
599 3453 708 3508 suis
728 3446 1012 3516 lwtabitur,
1055 3466 1177 3504 cum
1201 3450 1465 3504 exorietur
1505 3449 1680 3523 (Psal.
1718 3453 1889 3524 LXIV).
1924 3452 2020 3507 Ri-

424 3558 522 3599 vos
557 3542 720 3597 etiam
774 3540 863 3595 hic
885 3539 1014 3594 dicit
1036 3539 1327 3609 apostolos,
1385 3530 1470 3595 vel
1497 3540 1631 3596 alios
1670 3541 1877 3610 ﬁdeles,
1926 3546 2018 3615 qui

426 3632 492 3689 de
534 3632 624 3687 illo
650 3630 746 3686 Dei
770 3630 973 3700 repleto
1001 3644 1213 3699 semper
1250 3629 1472 3685 ﬂumine
1504 3631 1775 3686 biberunt.
1816 3630 1921 3688 Sed
1950 3650 2019 3689 ne

427 3732 612 3794 potum
641 3724 817 3791 ipsum
845 3721 1095 3776 crederes
1113 3733 1235 3774 esse
1262 3720 1684 3789 tenutissimum,
1713 3723 1842 3778 dicit
1873 3724 2018 3781 rivos

427 3812 574 3885 ipsos
626 3812 987 3877 inebriandos,
1031 3819 1089 3864 ut
1132 3812 1197 3865 ad
1233 3818 1438 3865 tantam
1487 3813 1794 3869 satietatem
1831 3814 2019 3883 perve-

427 3904 599 3967 niant,
646 3911 847 3972 quanta
884 3911 937 3957 et
966 3901 1096 3970 ipsis
1128 3900 1339 3954 abunde
1369 3900 1615 3965 suﬂiciat,
1654 3911 1710 3958 et
1758 3904 1879 3960 aliis
1917 3922 2018 3976 pro

430 3994 607 4049 futura
632 3992 911 4047 concedat.
960 3990 1121 4044 Redit.
1152 3991 1313 4060 igitur
1371 3989 1437 4043 ad
1468 3991 1796 4061 singularem
1827 4010 2019 4051 nume-

431 4102 575 4152 rum,
602 4100 760 4156 quem
790 4082 1171 4139 ecclesiasticaz
1200 4079 1395 4137 unitati
1431 4083 1666 4139 diximus
1704 4087 2014 4143 convenire.

427 4175 575 4233 Dixit
608 4175 774 4241 cnim,
809 4172 1099 4242 multiplica
1143 4174 1499 4243 generationes
1528 4174 1658 4244 ejus,
1713 4175 1854 4231 illius
1911 4178 2019 4233 sci-

428 4265 556 4323 licet
595 4266 720 4331 rivi,
770 4265 861 4332 qui
900 4265 968 4319 de
1002 4263 1221 4319 ﬂumine
1259 4275 1446 4318 sancto
1490 4260 1763 4333 proﬂuxit,
1815 4272 1876 4318 ut
1918 4280 2017 4336 per

429 4358 803 4429 generationes
838 4356 1188 4411 succedentes
1234 4356 1544 4425 praedicatio
1572 4357 1729 4411 beata
1772 4373 1878 4413 non
1926 4358 2017 4413 de-

432 4448 601 4513 ficiat,
659 4448 752 4502 sed
796 4446 1136 4517 multiplicet,
1175 4447 1317 4499 unde
1346 4446 1613 4500 catholica
1655 4461 1869 4516 semper
1897 4460 2014 4500 cre-

2124 3277 2257 3334 ergo
2286 3261 2435 3317 lsaac
2460 3278 2663 3318 novum
2692 3271 2936 3333 puteum,
2967 3264 3076 3320 imo
3103 3265 3259 3336 pueri
3286 3266 3438 3323 lsaac
3477 3258 3720 3325 iudiunt.

2123 3353 2283 3409 Pueri
2337 3363 2464 3409 sunt
2539 3354 2709 3420 lsaac,
2767 3354 3068 3422 Matthaeus,
3112 3351 3344 3422 Marcus,
3398 3345 3591 3423 Lucas,
3664 3367 3726 3414 et

2120 3441 2373 3511 Joannes,
2437 3443 2630 3499 Petrus
2698 3449 2754 3498 et.
2798 3436 3049 3511 JacObus,
3107 3443 3275 3501 Judas
3333 3455 3389 3502 et
3442 3447 3724 3519 apostolus

2119 3532 2339 3600 Paulus,
2396 3535 2488 3603 qui
2520 3549 2709 3591 omnes
2754 3535 3086 3591 Testamenti
3130 3537 3265 3592 Novi
3301 3548 3519 3608 puteum
3558 3539 3719 3597 fode-

2121 3635 2266 3692 runt,
2298 3634 2353 3681 et
2375 3627 2699 3683 invenerunt
2720 3643 2916 3697 aquam
2944 3630 3143 3696 vivam,
3179 3646 3300 3700 quae
3324 3632 3385 3686 lit
3408 3648 3559 3704 aqua:
3591 3633 3723 3692 fons

2118 3719 2361 3775 salientis
2390 3720 2445 3775 in
2476 3721 2641 3775 vitam
2670 3730 2928 3776 aaternam
2954 3721 3137 3794 (Joan.
3169 3723 3265 3797 ιν).
3296 3724 3402 3781 Pro
3432 3724 3516 3782 his
3537 3726 3725 3785 adhuc

2119 3809 2461 3865 altercantur
2512 3811 2612 3877 illi,
2684 3813 2775 3881 qui
2828 3820 3047 3868 terrena
3103 3816 3339 3885 sapiunt,
3415 3811 3514 3874 nec
3572 3834 3724 3877 nova

2118 3903 2279 3959 condi
2338 3902 2640 3973 patiuntur,
2694 3918 2793 3959 nec
2834 3914 3019 3960 vetera
3068 3909 3311 3977 purgari,
3391 3911 3724 3983 evangelicis

2117 3994 2293 4063 puteis
2330 3995 2719 4060 contradicunt,
2763 3997 3020 4066 apostolis
3061 3998 3421 4054 adversantur
3456 4020 3469 4055 :
3504 4012 3559 4055 ct
3580 4018 3724 4072 quo-

2117 4088 2264 4142 niam
2303 4088 2357 4162 in
2384 4089 2636 4143 omnibus
2677 4089 3056 4144 contradicunt
3087 4089 3382 4162 litigantes,
3412 4092 3610 4149 dicitur
3633 4097 3712 4152 ad

2117 4193 2212 4235 eos
2240 4198 2253 4233 :
2286 4153 2547 4245 Quoniam
2582 4171 2825 4249 indignas
2867 4198 2954 4235 vos
3002 4181 3202 4250 fecistis
3252 4185 3438 4253 gratiae
3479 4185 3595 4251 Dei,
3649 4204 3723 4242 ex

2116 4272 2214 4325 hoc
2249 4269 2365 4338 jam
2391 4270 2459 4323 ad
2487 4279 2660 4340 gentes
2688 4270 2877 4323 ibimus
2917 4270 3054 4341 (Act.
3088 4269 3233 4339 xui).
3280 4272 3411 4326 Post
3438 4274 3553 4327 haec
3581 4274 3722 4332 fodit

2117 4362 2345 4416 tertium'
2364 4370 2585 4431 puteum
2625 4361 2796 4427 lsaac,
2824 4370 2877 4416 et
2904 4362 3191 4431 appellavit
3217 4378 3412 4418 nomen
3439 4363 3542 4420 loci
3570 4366 3720 4425 illius

2124 4451 2354 4506 latitudo
2384 4452 2569 4506 dicens
2598 4470 2609 4504 :
2651 4452 2809 4506 Nunc
2845 4451 3086 4507 dilatavit
3111 4469 3205 4507 nos
3234 4452 3512 4520 Dominus,
3564 4466 3611 4509 et
3639 4456 3720 4525 fe.

431 4549 548 4596 scat
573 4540 835 4605 Ecclesia,
860 4550 919 4593 ut
944 4516 1035 4607 qui
1062 4539 1222 4593 modo
1243 4538 1557 4592 imbuuntur
1577 4554 1730 4593 sacro
1750 4540 2014 4609 dogmate,
2044 4516 2099 4576 D
2126 4544 2196 4596 cit
2232 4559 2459 4597 crescere
2489 4559 2644 4613 super
2672 4553 2866 4597 terram
2895 4543 3048 4614 (Gen.
3082 4546 3252 4615 xxvr).
3296 4546 3435 4601 Vere
3460 4546 3720 4606 dilatatus

433 4642 559 4702 post
603 4633 739 4688 alios
784 4633 978 4687 docere
1021 4632 1326 4686 videantur.
1382 4630 1667 4685 Stillicidia
1695 4630 1840 4684 enim
1895 4637 2021 4684 sum

431 4731 597 4794 gutta:
626 4738 745 4793 quae
772 4722 838 4777 de
861 4723 1016 4778 tectis
1062 4723 1283 4789 cadunt,
1336 4737 1443 4776 non
1472 4723 1731 4791 pondere,
1763 4714 1859 4776 sed
1884 4721 2019 4775 assi-

434 4815 640 4871 duitate
694 4816 1034 4885 penetrantia
1094 4830 1214 4885 quae
1262 4823 1522 4885 quantum
1572 4814 1772 4868 distent
1828 4829 1857 4866 a
1888 4813 2019 4867 rivis

434 4908 600 4961 etiam
624 4908 846 4962 visualis
874 4909 1027 4963 nobis
1053 4909 1191 4963 ratio
1216 4908 1485 4979 patefecit.
1540 4907 1680 4977 Ergo
1708 4908 1760 4961 in
1789 4908 2020 4977 primor-

435 4997 542 5053 diis
574 4998 688 5053 suis
716 4997 988 5053 lzetabitur
1017 5003 1193 5054 omnis
1216 4992 1408 5065 ﬁdelis,
1462 5014 1584 5053 cum
1617 4999 1891 5053 exorietur
1921 5017 1933 5051 :
1965 5004 2021 5052 et
2042 4994 2055 5011 ‘

437 5105 576 5159 aqua
622 5099 676 5145 et
724 5089 926 5160 Spiritu
964 5099 1151 5147 sancto
1197 5097 1330 5146 vere
1361 5092 1713 5156 renascimur,
1762 5098 1817 5145 et
1850 5090 2022 5159 gloria

435 5178 652 5234 Domini
706 5180 875 5249 ipsius
923 5180 1229 5252 dignatione
1285 5192 1676 5252 praeparamur.
1734 5181 1831 5237 Est
1878 5183 2022 5236 enim

438 5274 593 5327 nobis
634 5281 761 5328 tunc
798 5290 994 5345 magna
1054 5272 1260 5338 laetitia,
1289 5276 1504 5345 quando
1544 5272 1751 5344 antiqui
1788 5275 2023 5330 liominis

439 5364 707 5423 vetustate
744 5368 1010 5437 deposita,
1069 5358 1123 5419 lu
1154 5370 1305 5420 novm
1352 5358 1783 5437 regenerationis
1826 5360 2019 5435 gaudia

439 5458 858 5514 committamur.
892 5456 1033 5524 Rivi,
1061 5444 1372 5527 praedicatio
1398 5466 1707 5511 sanctorum
1752 5455 1809 5509 in
1836 5454 1973 5509 lsaia
2004 5472 2016 5507 :

440 5546 511 5605 Et
555 5558 706 5604 erunt
753 5564 910 5617 super
952 5564 1155 5601 omnem
1193 5558 1417 5604 montem
1454 5547 1736 5613 excelsum,
1789 5555 1838 5599 et
1868 5560 2023 5616 super

442 5653 645 5697 Omnem
702 5639 882 5693 collem
936 5639 1191 5694 eleuatum
1238 5638 1334 5694 rivi
1378 5638 1699 5694 currentium
1766 5652 2022 5708 aquarum

445 5717 580 5806 (Ita.
633 5733 779 5803 xxx).

2126 4643 2209 4690 est
2231 4635 2404 4702 lsaac,
2450 4643 2505 4689 et
2529 4635 2773 4705 implevit
2800 4652 3017 4692 omnem
3053 4647 3253 4694 terram
3286 4641 3515 4697 scientia
3538 4642 3718 4698 Trini-

2127 4728 2274 4793 tatis,
2310 4736 2363 4781 et
2391 4728 2443 4781 in
2470 4737 2586 4782 toto
2612 4729 2744 4782 orbe
2764 4728 3102 4785 latitudinem
3124 4730 3379 4787 Ecclesiae
3405 4732 3715 4789 collocavit.

2126 4818 2281 4873 Prius
2312 4827 2518 4873 tantum
2544 4820 2596 4871 in
2621 4817 2803 4873 Judaea
2828 4828 2988 4896 notus
3011 4829 3127 4874 erat
3157 4814 3317 4881 Deus,
3348 4822 3404 4875 in
3430 4821 3594 4877 lsrael
3614 4839 3721 4879 no—

2125 4910 2432 4964 minabatur
2463 4906 2632 4980 (Psal.
2664 4908 2827 4980 Lxxv)
2860 4928 2872 4962 :
2907 4924 3052 4963 nunc
3080 4918 3258 4965 autem
3289 4912 3343 4963 in
3365 4926 3567 4964 onmem
3603 4921 3717 4965 ter-

2127 5017 2239 5053 ram
2268 5000 2420 5053 exivit
2458 5015 2616 5053 sonus
2652 5015 2854 5064 eorum,
2906 5008 2953 5051 et
2982 4999 3036 5052 in
3062 4999 3192 5067 lines
3214 4991 3351 5053 orbis
3380 5010 3539 5067 terrm
3560 4998 3720 5055 verba

2123 5096 2304 5145 eorum
2334 5086 2508 5161 (Psat.
2555 5088 2735 5160 xvm).
2766 5089 2823 5142 In
2850 5088 3181 5144 contrariam
3204 5103 3333 5145 vero
3361 5088 3719 5160 significatio-

2123 5195 2247 5234 nem
2304 5179 2510 5249 positus
2557 5188 2639 5233 est
2684 5185 2878 5247 puteus
2926 5178 3034 5244 ille,
3090 5186 3253 5250 super
3302 5184 3460 5249 Quem
3514 5172 3723 5248 legitur

2127 5271 2307 5343 (Joan.
2346 5270 2421 5342 IV)
2463 5270 2711 5324 Salvator
2751 5269 3009 5340 fatigatus
3049 5280 3117 5325 ex
3147 5270 3340 5325 itinere
3387 5268 3610 5335 sedisse,
3656 5278 3720 5325 et

2125 5365 2319 5421 mulier
2361 5345 2713 5419 Samaritana
2729 5379 2851 5419 cum
2876 5364 3067 5435 hydria
3092 5379 3286 5434 aquam
3316 5362 3538 5419 haurire
3560 5360 3717 5419 velle.

2128 5450 2327 5530 Hydria
2350 5458 2495 5513 enim
2523 5456 2751 5513 fortasse
2771 5472 3008 5514 amorem
3034 5456 3214 5512 saeculi
3234 5454 3720 5535 hujussigniﬂcat,

2128 5550 2182 5604 id
2210 5558 2313 5617 est,
2347 5549 2717 5620 cupiditatem,
2775 5543 2938 5619 quam
2966 5548 3041 5603 ibi
3062 5547 3311 5603 homines
3340 5548 3407 5602 de
3427 5546 3721 5603 tenebrosa

2128 5642 2515 5714 profunditate,
2544 5641 2697 5711 cujus
2726 5633 3021 5713 imaginem
3042 5649 3237 5711 puteus
3269 5640 3425 5712 gerit,
3472 5638 3576 5694 hoc
3605 5650 3718 5709 est,

2131 5729 2197 5791 de
2210 5738 2425 5790 terrena
2438 5733 2845 5790 conversatione
2870 5731 3145 5795 hauriunt,
3166 5738 3221 5786 et
3240 5729 3588 5801 voluptatem,
3607 5743 3723 5800 qua
