3930 6390
240 356 353 417 ωδ

1252 363 1341 419 DE
1378 361 1725 421 UNIVERSO
1757 359 1938 420 LIBRI
1973 360 2135 417 XXII.
2174 389 2246 402 —
2279 359 2408 415 LIB.
2447 360 2537 417 XI.

3420 362 3525 420 326

250 484 505 549 percepta
536 476 738 531 iterum
765 478 820 531 in
848 476 966 547 ejus
984 477 1276 547 appetitum
1306 477 1671 542 inardescunt,
1706 477 1847 531 sicut
1875 480 1928 540 Α
1952 474 2213 545 qualitate
2249 474 2545 529 densentur
2573 489 2586 527 :
2628 473 2719 529 sed
2748 472 2955 543 aliquas
2979 479 3274 544 potestates
3312 475 3527 531 Domini

264 569 331 625 de
357 584 498 638 aqua
531 568 626 622 illa
678 570 771 638 qui
812 569 1026 636 biberit,
1076 570 1222 624 sitiet
1279 569 1496 623 iterum.
1554 568 1847 638 Oportebat

261 670 452 716 autem
498 668 559 713 ut
584 659 805 716 Christo
850 662 1078 716 credens
1123 659 1319 714 saeculo
1365 660 1717 723 renuntiaret,
1773 668 1844 724 et,

267 755 454 812 relicta
486 754 699 824 hydria,
752 754 1096 824 cupiditatem
1121 753 1432 808 saecularem
1480 768 1538 807 se
1567 753 1850 821 reliquisse

266 855 614 911 monstraret,
661 862 769 903 non
797 847 971 902 solum
1014 847 1239 902 credens
1279 847 1443 902 corde
1480 846 1548 900 ad
1582 846 1850 915 justitiam

268 937 451 1010 (Rom.
493 941 569 1008 ι),
611 941 706 994 sed
729 938 895 992 etiam
928 939 995 992 ad
1024 937 1250 993 salutem
1289 952 1383 991 ore
1410 935 1672 991 conﬁtens
1715 950 1853 1006 prae-

266 1032 500 1098 dicaret,
546 1032 689 1102 quod
723 1030 973 1085 credidit.
1044 1030 1177 1084 item
1222 1037 1417 1099 puteus
1451 1027 1536 1081 vel
1575 1026 1849 1081 diabolum

265 1121 563 1192 signiﬁcat,
603 1121 690 1176 vel
718 1119 1004 1185 infernum,
1056 1129 1117 1174 ut
1148 1128 1231 1173 est
1254 1118 1383 1172 illud
1416 1135 1427 1171 :
1459 1116 1642 1187 Neque
1667 1123 1851 1187 urgeat

262 1229 425 1281 super
448 1229 527 1265 me
556 1221 741 1282 puteus
772 1229 828 1265 os
850 1228 999 1266 suum
1029 1210 1200 1283 (Psal.
1233 1208 1442 1281 vanl).
1490 1209 1696 1281 Urgent
1720 1223 1854 1279 quo-
1868 1206 1899 1253 7'

264 1316 375 1372 que
422 1312 734 1374 peccatores
780 1318 841 1357 os
865 1318 1019 1357 suum
1043 1301 1388 1367 concludere,
1435 1316 1558 1355 eum
1588 1316 1759 1370 usque
1785 1302 1854 1357 ad

263 1393 461 1447 mortis
481 1409 590 1449 sua:
624 1402 835 1463 tempus
883 1393 936 1446 in
956 1394 1191 1462 pessima
1220 1391 1495 1446 voluntate
1534 1392 1850 1459 persistuut.

261 1480 534 1549 Cistérna,
588 1495 736 1541 recta
783 1484 1153 1554 intelligentia,
1215 1492 1275 1537 ut
1313 1492 1396 1539 est
1428 1485 1483 1538 in
1517 1484 1806 1540 Salomone
1836 1501 1850 1539 :

260 1571 397 1627 Bibe
418 1590 609 1644 aquam
632 1575 697 1627 de
723 1578 948 1628 cisterna
973 1584 1089 1639 tua,
1117 1583 1165 1627 et
1186 1574 1382 1643 ﬂuenta
1401 1575 1543 1645 putei
1568 1576 1647 1628 tui
1669 1573 1850 1647 (Prov.

262 1661 343 1737 v).
404 1661 650 1719 Cisterna
696 1662 936 1720 haeretici
969 1664 1056 1720 vel
1081 1680 1247 1735 prava
1274 1665 1649 1736 intelligentia,
1711 1674 1772 1721 ut
1800 1668 1854 1723 in

263 1750 506 1812 Ieremia
533 1770 547 1809 :
576 1754 848 1811 Fuderunt
876 1756 974 1809 sibi
1002 1758 1253 1811 cisternas
1283 1756 1563 1827 dissipatas
1610 1754 1744 1831 (Jer.
1769 1758 1853 1830 ιι).

856 1865 1084 1921 CAPUT
1132 1865 1267 1921 XIII.

839 1926 918 1990 De
955 1933 1265 2006 gurgitibus.

337 2023 553 2098 Gurges
600 2024 683 2082 est
709 2027 926 2096 proprie
947 2026 1097 2081 lacus
1127 2028 1268 2082 altus
1315 2028 1373 2082 in
1391 2026 1637 2095 ﬂumine,
1688 2030 1858 2101 signi-

263 2119 396 2175 ﬁcat
425 2119 712 2191 allegorice
756 2121 997 2175 turbines
1017 2122 1475 2191 persecutionum,
1527 2138 1647 2191 qua:
1670 2122 1859 2177 adver-

264 2221 461 2271 santur
487 2214 675 2269 eleCtis
697 2214 751 2267 in
774 2215 876 2268 hoc
906 2215 1125 2291 mundo.
1179 2214 1330 2269 Unde
1356 2216 1412 2269 in
1435 2212 1571 2269 Jona
1596 2215 1857 2283 scriptum

263 2315 388 2361 est:
454 2303 647 2358 Omnes
703 2305 930 2375 gurgites
968 2306 1043 2358 tui
1100 2315 1147 2359 et
1193 2294 1384 2375 ﬂuctus
1443 2308 1519 2359 tui
1575 2323 1728 2377 super
1777 2323 1859 2361 me

261 2397 591 2451 transierunt
633 2396 788 2467 (Ion.
831 2400 913 2467 ιι).
962 2396 1115 2462 Quod
1156 2412 1318 2467 super
1340 2397 1531 2453 Jonam
1590 2407 1858 2453 tumentes

264 2484 465 2539 ﬂuctus
506 2485 674 2537 maris
717 2484 1068 2551 transierunt,
1125 2494 1181 2540 et
1214 2487 1519 2541 detonuerit
1549 2502 1689 2542 salva
1719 2495 1857 2543 tem-

264 2582 472 2643 pestas,
531 2573 664 2628 nulli
712 2573 931 2631 dubium
957 2584 1061 2642 est,
1128 2579 1446 2649 mysterium
1478 2594 1597 2635 esse
1634 2578 1855 2635 Christi.

269 2662 466 2718 Nullus
514 2664 661 2717 enim
696 2672 779 2719 est
821 2666 1120 2733 hominum,
1188 2669 1280 2738 qui
1317 2678 1544 2725 cunctas
1587 2671 1861 2725 sustinere

264 2764 433 2826 queat
455 2757 778 2812 tentationes
803 2758 1006 2828 absque
1022 2757 1258 2813 Christo.
1285 2759 1353 2813 Et
1377 2761 1645 2830 quomodo
1673 2775 1860 2815 omnes

266 2848 702 2918 persecutiones,
757 2857 812 2901 et
855 2849 1107 2903 universa
1164 2865 1284 2919 quae
1332 2852 1603 2917 accidunt,
1656 2852 1860 2920 absque

267 2937 367 2990 Dei
392 2952 500 2991 non
534 2938 853 3008 ingeruntur
882 2938 1160 3013 voluntate
1190 2956 1204 2992 :
1262 2938 1467 2993 idcirco
1496 2940 1593 2994 Dei
1622 2941 1862 3011 gurgites

268 3030 544 3095 dicuntur,
591 3038 645 3085 et
674 3028 890 3097 ﬂuctus,
948 3032 1041 3101 qui
1082 3046 1190 3086 non
1225 3041 1608 3102 oppresserunt
1653 3030 1857 3098 Jesum,

267 3118 368 3195 sed
413 3118 744 3171 transierunt
786 3134 883 3188 per
908 3134 1054 3186 eum,-
1099 3120 1370 3176 minantes
1424 3130 1603 3175 tamen
1642 3121 1861 3175 naul'ra-

1884 1876 1934 1936 B

1950 564 2080 618 dicit
2105 579 2224 632 quas
2252 562 2597 617 intellectuali
2631 562 2939 618 conditione
2976 564 3325 617 famulentur.
3352 565 3533 623 Multis

1950 656 2095 710 enim
2121 655 2603 726 significationibus
2638 672 2815 711 sermo
2840 656 2939 711 iste
2970 656 3204 725 repletus
3225 668 3307 711 est
3342 673 3356 721 ;
3388 657 3533 726 quod

1950 747 2114 801 etiam
2137 747 2356 814 respicit
2375 748 2442 801 ad
2464 748 2735 816 apostolos
2750 758 2805 803 et
2824 749 3135 818 prophetas.
3159 749 3335 803 imber
3357 758 3531 803 matu-

1953 837 2098 892 tinus
2124 847 2178 892 et
2205 838 2475 892 serotinus
2500 839 2664 892 Vetus
2696 840 3102 895 Testamentum
3132 848 3186 894 et
3208 839 3415 893 Novum
3450 839 3533 893 in-

1953 927 2232 998 telligitur,
2251 935 2308 981 ut
2328 928 2379 982 in
2402 928 2518 983 Joel
2534 931 2795 999 propheta
2820 930 3169 985 :Descendere
3182 932 3338 995 faciet
3363 930 3430 984 ad
3448 947 3535 984 vos

1951 1019 2168 1075 imbrem
2196 1022 2514 1074 matutinum
2544 1031 2590 1075 et
2615 1024 2900 1075 serotinum
2929 1025 2981 1077 in
3007 1025 3262 1093 principio
3285 1023 3423 1093 (Joel
3447 1023 3534 1093 it),

1954 1111 2058 1166 hoc
2085 1122 2188 1181 est,
2220 1115 2274 1168 in
2299 1111 2535 1167 Christo.
2579 1112 2880 1181 Aliquando
2905 1128 3033 1167 vero
3053 1114 3228 1183 pluvia
3258 1115 3309 1167 in
3338 1114 3537 1167 malam

1953 1210 2166 1271 partem
2200 1204 2374 1273 posita
2406 1204 2692 1272 reperitur,
2733 1212 2793 1256 ut
2831 1214 2914 1257 est
2942 1203 3071 1255 illud
3102 1205 3242 1272 quod
3289 1202 3538 1258 Salvator

1957 1293 2101 1358 dicit,
2137 1296 2373 1364 pluviam
2401 1310 2563 1365 super
2597 1297 2815 1350 domum
2853 1296 2907 1347 in
2935 1310 3100 1350 arena
3128 1294 3404 1349 fundatam
3448 1297 3542 1350 de-

1957 1385 2229 1440 scendisse
2272 1396 2326 1441 et
2372 1402 2492 1440 eam
2546 1387 2875 1441 subvertisse
2925 1385 3138 1457 (Matth.
3174 1388 3292 1455 vn).
3354 1386 3541 1440 Pluvia

1957 1476 2084 1542 ista,
2115 1476 2401 1541 diabolus;
2433 1474 2677 1541 ﬂumina,
2712 1490 2902 1533 omnes
2940 1476 3274 1541 antichristi,
3297 1476 3389 1545 qui
3417 1491 3546 1530 con-

1959 1576 2042 1623 tra
2069 1566 2344 1622 Christum
2365 1567 2581 1636 sapiunt
2606 1584 2618 1620 :
2649 1569 2797 1620 venti
2823 1567 3093 1636 spiritales
3119 1568 3376 1637 nequitiae
3409 1582 3544 1638 quo-

1960 1657 2089 1713 tidie
2133 1658 2412 1713 hominum
2447 1659 2805 1728 perditionem
2850 1662 3164 1717 moliuntur.

2564 1770 2790 1826 CAPUT
2832 1772 2945 1826 XV.

2600 1841 2678 1894 De
2729 1854 2896 1911 gutta.

2030 1931 2215 1997 Gutta,
2246 1946 2366 2000 qua:
2394 1940 2535 1985 stat:
2569 1932 2731 1998 stilla,
2761 1949 2880 2001 qua:
2906 1934 3073 1988 cadit.
3107 1935 3245 1991 Hinc
3278 1944 3363 1993 est
3389 1939 3549 1993 stilli-

1961 2022 2182 2085 cidium,
2215 2021 2370 2090 quasi
2398 2021 2537 2075 stilla
2566 2024 2789 2077 cadens.
2822 2022 2987 2078 Stiria
3010 2026 3151 2079 enim
3180 2041 3413 2097 graecum
3445 2037 3548 2093 est,

1962 2112 2017 2166 id
2058 2120 2142 2166 est
2165 2152 2178 2177 ,
2224 2120 2373 2181 gutta
2405 2129 2417 2164 :
2471 2113 2594 2165 inde
2626 2116 2685 2165 ﬁt
2712 2113 3089 2169 diminutivum
3118 2158 3132 2181 ,
3177 2126 3237 2170 ut
3272 2118 3548 2185 dicamus,

1961 2202 2123 2257 stilla.
2178 2203 2310 2256 Nam
2353 2212 2503 2270 gutta
2543 2205 2809 2274 signiﬁcat
2853 2206 3155 2261 doctrinam
3208 2210 3548 2277 spiritalem:

1961 2300 2103 2353 unde
2129 2306 2212 2352 est
2253 2299 2381 2352 illud
2417 2302 2596 2367 sponsi
2634 2300 2687 2353 in
2728 2301 2958 2358 Cantiuo
3000 2305 3358 2369 canticorum,
3403 2306 3547 2375 quod

1962 2392 2029 2446 ad
2057 2406 2306 2459 sponsam
2332 2393 2462 2445 dicit
2488 2410 2498 2443 :
2529 2393 2689 2462 Aperi
2708 2395 2857 2460 mihi,
2884 2413 3036 2449 soror
3064 2413 3198 2461 mea,
3223 2400 3391 2451 amica
3412 2414 3550 2463 mea,

1964 2484 2201 2536 columba
2244 2499 2381 2549 mea,
2434 2484 2776 2538 immaculata
2822 2503 2972 2550 mea;
3019 2490 3141 2557 quia
3185 2500 3337 2556 caput
3381 2505 3553 2542 meum

1960 2574 2169 2644 plenum
2201 2585 2276 2628 est
2305 2591 2440 2640 rore,
2473 2586 2518 2627 ct
2548 2575 2773 2628 cincinni
2811 2578 2911 2630 mei
2933 2580 3093 2647 guttis
3119 2582 3347 2632 noctium
3378 2579 3555 2649 (Cant.

1962 2662 2038 2734 v).
2084 2664 2256 2734 Caput
2299 2665 2547 2721 Christus
2603 2668 2782 2731 Deus,
2842 2668 3078 2722 cincinni
3132 2678 3257 2723 sunt
3316 2669 3558 2723 iidehum

1963 2754 2326 2811 collectiones.
2363 2756 2423 2810 in
2454 2772 2578 2811 rore
2607 2768 2662 2811 et
2703 2759 2870 2827 guttis
2916 2760 3157 2813 noctium
3190 2759 3394 2829 {rigens
3432 2758 3561 2813 cha-

1964 2845 2098 2900 ritas
2142 2846 2199 2899 in
2234 2847 2417 2901 multis
2456 2850 2783 2913 ostenditur,
2816 2864 2977 2917 quam
3008 2850 3061 2903 in
3090 2851 3258 2904 Deum
3289 2858 3343 2903 et
3372 2850 3559 2918 proxi-

1963 2950 2081 2990 mos
2110 2937 2313 2992 habere
2362 2939 2683 2994 debuerunt.
2737 2941 2863 2995 ideo
2904 2942 3208 2996 necessarie
3233 2943 3560 2996 excitatDe-

1964 3029 2142 3083 minus
2192 3030 2380 3085 ﬁdeles
2429 3047 2673 3102 quosque
2723 3031 2792 3085 ad
2833 3033 3235 3101 praedicationis
3299 3033 3554 3088 studium.

1965 3119 2250 3177 Stillicidia
2305 3135 2485 3178 autem
2541 3124 2855 3194 signiﬁcant
2902 3124 3041 3178 levia
3090 3124 3442 3191 documenta,
3493 3126 3560 3180 de

269 3210 443 3281 gium,
488 3209 933 3266 noninierentes.
980 3212 1256 3268 Universae
1277 3228 1407 3283 ergo
1457 3215 1863 3283 persecutiones
1894 3236 1939 3299 ρ
1970 3212 2164 3282 quibus
2216 3214 2414 3269 dicitur
2455 3234 2466 3268 :
2503 3216 2571 3268 1n
2612 3215 2896 3269 stillicidiis
2944 3217 3052 3268 suis
3100 3214 3383 3281 la’tubitur,
3442 3233 3561 3269 cum

268 3308 330 3355 et
379 3301 640 3367 turbines,
703 3302 899 3371 quibus
949 3312 1178 3357 vexatur
1226 3305 1520 3359 humanum
1570 3320 1757 3375 genus,
1813 3313 1870 3361 et

270 3399 483 3446 cunctas
526 3391 791 3446 naviculae
836 3406 1026 3447 eorum
1078 3408 1198 3464 qua:
1232 3392 1645 3464 frangebantur,
1704 3409 1868 3464 super

271 3494 458 3535 meum
492 3482 710 3553 (inquit)
742 3484 1037 3538 detonuere
1059 3493 1242 3555 caput.
1274 3484 1419 3554 Ergo
1447 3485 1685 3540 sustinui
1724 3495 1865 3540 tem-

268 3579 540 3643 pestates,
594 3581 653 3628 et
684 3572 823 3645 fregi
873 3574 1115 3632 turbines
1162 3575 1469 3643 saevientes,
1520 3584 1581 3631 ut
1625 3576 1870 3633 securius

272 3664 618 3734 navigarent.

880 3758 1110 3815 CAPUT
1146 3760 1283 3815 XIV.

914 3850 993 3905 De
1022 3851 1229 3922 pluviis.

345 3940 551 3997 Pluvise
600 3942 754 3997 dicta:
810 3958 878 3997 eo
928 3944 1071 4013 quod
1107 3944 1277 3998 ﬂuant
1340 3944 1494 4013 quasi
1536 3942 1703 3998 ﬂuvii.
1760 3942 1870 3998 Na-

275 4044 507 4091 scuntur
543 4036 689 4090 enim
717 4037 783 4091 de
815 4046 972 4090 terrae
1000 4046 1054 4091 et
1079 4038 1245 4091 maris
1271 4038 1531 4092 anhelitu.
1594 4038 1723 4104 Quae
1750 4052 1872 4092 cum

276 4127 446 4183 altius
481 4127 705 4182 elevata:
732 4128 973 4195 fuerunt,
999 4136 1093 4183 aut
1121 4130 1249 4184 solis
1274 4130 1454 4185 calore
1482 4130 1754 4195 resolutae,
1780 4138 1875 4185 aut

274 4222 332 4276 vi
363 4229 649 4276 ventorum
686 4232 1009 4291 compressae
1048 4223 1321 4277 stillantur
1352 4223 1409 4277 in
1436 4224 1616 4279 terris.
1669 4222 1875 4278 imbres

278 4324 463 4368 autem
508 4323 565 4368 et
601 4314 669 4367 ad
698 4315 871 4369 nubes
907 4322 963 4369 et
1010 4316 1080 4370 ad
1118 4315 1329 4384 pluvias
1360 4317 1655 4385 pertinent,
1718 4316 1877 4370 dicta:

278 4414 460 4474 graeco
498 4403 783 4469 vocabulo,
814 4406 958 4472 quod
995 4413 1191 4458 terram
1233 4406 1504 4460 inebrient
1565 4405 1634 4459 ad
1674 4407 1875 4477 germi-

278 4498 543 4552 nandum.
599 4497 681 4552 Ex
706 4498 791 4551 his
820 4497 967 4551 enim
1005 4506 1199 4552 cuncta
1234 4508 1508 4553 creantur.-
1558 4498 1877 4568 Signiﬁcant

1970 3307 2235 3360 exorietur
2281 3305 2451 3378 (Psal.
2500 3310 2669 3380 Lxrv).
2723 3309 2855 3375 Quae
2904 3309 2972 3362 ad
3019 3308 3337 3363 inchoantes
3384 3310 3558 3381 respi-

1969 3397 2122 3451 ciunt
2146 3398 2504 3465 Christianos,
2535 3399 2749 3468 quando
2774 3406 3001 3470 angusta
3030 3399 3328 3468 primordia
3358 3398 3557 3453 latissi—

1972 3500 2057 3537 ma
2095 3498 2201 3539 non
2245 3492 2421 3556 potest
2466 3488 2692 3544 introire
2751 3490 3015 3544 doctrina.
3069 3488 3146 3562 De
3191 3491 3386 3558 quibus
3434 3490 3564 3543 dicit

1970 3574 2263 3644 Apostolus
2289 3576 2304 3630 ξ
2349 3577 2473 3632 Non
2492 3582 2639 3649 potui
2669 3579 2809 3634 vobis
2837 3579 2998 3650 loqui,
3037 3582 3187 3651 quasi
3216 3581 3560 3649 spiritalibus,

1972 3664 2060 3720 sed
2100 3667 2251 3735 quasi
2299 3668 2632 3736 carnalibus;
2675 3668 2828 3740 qu'asi
2868 3666 3100 3739 parvulis
3141 3670 3195 3722 in
3225 3662 3435 3723 Christo
3483 3669 3565 3723 lac

1972 3754 2113 3810 vobis
2158 3766 2337 3825 potum
2365 3758 2505 3821 dedi,
2556 3774 2656 3811 non
2701 3776 2873 3812 escam
2922 3758 2970 3831 (ι
3003 3758 3126 3813 Cor.
3158 3754 3239 3828 ιιι)
3273 3775 3287 3825 ;
3325 3760 3563 3829 primum

1972 3847 2116 3899 enim
2159 3849 2381 3901 ariditus
2412 3848 2534 3901 ﬁdei
2580 3850 2901 3917 quibusdam
2950 3850 3235 3903 stillicidiis
3267 3851 3557 3913 animatur,

1971 3944 2096 4006 post
2118 3938 2249 3992 rivis
2277 3937 2616 3993 aiiluentibus
2646 3941 2921 4009 irrigatur.
2978 3941 3201 4007 Deinde,
3252 3943 3395 3997 sicut
3433 3942 3566 3996 dicit

1974 4042 2165 4081 versus
2217 4032 2484 4099 superior,
2550 4030 2617 4084 ad
2668 4028 2903 4086 ﬂuminis
2950 4028 3095 4087 illius
3144 4026 3561 4102 plenitudinem,

1968 4119 2192 4191 juvante
2231 4121 2479 4187 Domino,
2534 4136 2881 4192 pervenimus
2924 4142 2936 4176 :
2982 4134 3036 4180 et
3066 4126 3144 4182 sic
3174 4140 3269 4195 per
3303 4126 3417 4182 inec
3454 4127 3559 4181 tria

1977 4211 2146 4266 divini
2173 4216 2415 4267 muneris
2444 4215 2577 4269 ordo
2604 4214 2927 4269 declaratur.

2547 4325 2773 4382 CAPUT
2815 4326 2954 4382 XVI.

2641 4417 2718 4471 De
2747 4419 2881 4471 nive.

2048 4505 2150 4562 Nix
2180 4523 2212 4562 a
2244 4509 2411 4575 nube,
2442 4508 2584 4563 unde
2617 4513 2785 4575 venit,
2835 4511 3053 4577 dicitur,
3082 4520 3138 4567 et
3162 4511 3433 4582 signiﬁcat
3461 4514 3565 4568 ali-

278 4596 465 4641 autem
493 4588 821 4657 pluviarvel
849 4589 1051 4643 imbres
1077 4590 1217 4644 dona
1243 4590 1487 4644 coelestia
1523 4599 1580 4644 et
1604 4600 1871 4661 praecepta
1900 4584 1951 4644 D
1976 4602 2192 4670 quando
2227 4602 2515 4656 candorem
2536 4599 2781 4669 justitiae,
2827 4612 2886 4656 ut
2913 4612 2997 4658 est
3038 4603 3168 4658 illud
3210 4604 3265 4658 in
3312 4605 3559 4675 psalmo:

277 4676 370 4732 vel
395 4680 648 4733 mandata
673 4677 796 4743 Dei,
828 4691 948 4748 quae
976 4689 1201 4745 terram,
1244 4680 1347 4734 hoc
1376 4688 1482 4747 est,
1524 4682 1770 4736 homines
1799 4682 1876 4736 ir-

280 4770 464 4841 rigant
510 4780 566 4825 et
598 4771 837 4825 excitarit
862 4772 931 4826 ad
961 4770 1338 4841 proferendum
1367 4787 1588 4844 germen
1609 4773 1875 4830 bonorum

279 4874 528 4931 operum.
585 4862 737 4917 Unde
763 4874 850 4918 est
875 4863 1004 4919 illud
1044 4867 1097 4920 in
1124 4867 1337 4921 Psalmo
1368 4886 1381 4921 :
1416 4866 1659 4925 Pluviam
1688 4870 1873 4925 volun-

283 4957 480 5007 teriam
508 4955 799 5025 segregabit
833 4954 990 5022 Deus,
1045 4959 1340 5013 hwreditati
1369 4970 1473 5016 tute
1526 4962 1697 5031 (Psal.
1750 4963 1871 5037 vn).

280 5045 520 5117 Exponit
566 5047 719 5113 illud,
752 5048 892 5119 quod
922 5050 1173 5119 superius
1194 5052 1332 5107 dixit
1363 5071 1374 5107 :
1419 5051 1546 5108 (ἕωιὶ
1584 5054 1877 5111 ἀίειὶιιαυεέ

286 5148 408 5191 runt
432 5137 643 5210 (lbid.).
673 5141 791 5209 ipsa
821 5156 878 5196 er
902 5156 968 5195 ,ιιι
992 5142 1173 5210 pluvia
1198 5144 1517 5212 voluntaria,
1560 5159 1720 5217 quam
1746 5156 1875 5203 tunc

286 5231 605 5285 comedendi
664 5232 821 5286 avida
862 5245 993 5304 gens
1040 5233 1223 5290 Judaea
1269 5241 1590 5307 promeruit,
1650 5256 1869 5295 manna.

284 5319 425 5374 Nam
466 5329 526 5375 ut
548 5319 809 5377 voluntati
837 5325 953 5394 ejus
980 5328 1288 5394 satisﬁeret,
1339 5332 1677 5400 inexpertum
1704 5334 1872 5387 mira—

285 5413 469 5469 culum
517 5418 749 5470 mundus
778 5420 1004 5488 accepit.
1045 5411 1231 5474 Pluvia
1270 5422 1533 5492 siquidem
1562 5424 1653 5477 illa
1688 5424 1875 5479 volun-

289 5503 430 5558 taria
457 5502 585 5569 fuit,
615 5520 723 5561 non
754 5508 859 5562 ista
899 5524 1019 5579 quae
1045 5511 1371 5580 generaliter
1402 5515 1600 5584 ubique
1629 5514 1879 5570 didundi-

288 5606 399 5654 tur.
428 5599 691 5655 Etalibi:
742 5600 1029 5671 Mandabo,
1091 5597 1292 5676 inquit,
1356 5608 1579 5664 nubibus
1638 5612 1767 5663 meis
1812 5626 1877 5664 ne

288 5692 474 5763 pluunt
520 5709 679 5766 super
720 5693 870 5750 illum
911 5698 1123 5753 imbrem
1164 5699 1297 5771 (lsa.
1349 5702 1437 5773 v);
1489 5719 1594 5759 non
1650 5704 1768 5759 istis
1799 5704 1876 5758 vi‘

294 5786 558 5855 sibilibus,
620 5803 742 5859 quae
764 5798 860 5847 aut
904 5806 1074 5863 aquas
1096 5793 1377 5864 depluuut,
1433 5804 1527 5852 aut
1557 5795 1875 5869 corpuleuta

1972 4696 2199 4752 Lavabis
2247 4714 2348 4764 me,
2400 4706 2447 4752 et
2477 4714 2631 4766 super
2665 4699 2832 4751 nivem
2862 4697 3148 4752 dealbabor
3190 4697 3361 4770 (Psal.
3392 4700 3466 4773 ι).
3495 4701 3566 4754 Et

1976 4792 2153 4846 item:
2214 4789 2358 4843 Dum
2407 4788 2653 4843 discernit
2695 4790 2923 4845 ctelestes
2952 4807 3095 4859 reges
3143 4805 3301 4860 super
3348 4800 3560 4856 terram,

1976 4882 2089 4936 nive
2136 4880 2525 4939 dealbabuntur
2575 4882 2631 4934 in
2664 4878 2879 4936 Selmon
2916 4879 3087 4953 (Psal.
3139 4882 3330 4953 van).
3386 4882 3563 4953 Reges

1978 4980 2103 5028 sunt
2178 4972 2455 5042 apostoli,
2527 4974 2809 5042 sanctique
2879 4973 3162 5043 pontiﬁces
3196 5013 3212 5039 ,
3277 4974 3569 5043 eaeterique

1979 5064 2182 5126 ﬁdeles,
2240 5064 2332 5135 qui
2360 5062 2712 5134 probabiliter
2760 5080 2949 5136 regere
2977 5080 3205 5135 corpora
3245 5080 3342 5120 sua
3384 5064 3568 5121 divino

1978 5171 2205 5211 munere
2249 5163 2581 5211 meruerunt.
2636 5155 2703 5210 Hi
2731 5171 2895 5227 super
2940 5157 3119 5211 nivem
3172 5157 3567 5211 dealhahuntur

1981 5248 2036 5302 in
2067 5245 2308 5314 Selmon,
2345 5249 2397 5303 id
2422 5256 2525 5313 est,
2556 5263 2719 5317 super
2738 5248 3029 5303 candorem
3052 5248 3193 5301 nivis
3221 5247 3563 5303 elucescunt:

1981 5340 2107 5413 quia
2156 5340 2453 5395 Ecclesium
2516 5355 2705 5411 regere
2764 5340 2994 5395 ﬁdeliter
3064 5349 3225 5410 atque
3294 5340 3568 5395 ordinaria

1984 5441 2281 5486 noscuntur
2310 5431 2364 5485 in
2388 5430 2630 5498 Selmon,
2668 5432 2759 5501 qui
2798 5432 3184 5505 interpretatur
3222 5430 3432 5497 umbra,
3462 5431 3568 5484 hoc

1980 5533 2083 5591 est,
2138 5524 2238 5579 sub
2290 5525 2628 5595 protectione
2681 5525 2881 5580 divina.
2938 5521 3336 5578 Dealbabuntur
3386 5531 3568 5576 autem

1982 5618 2273 5689 aliquando
2314 5620 2536 5690 ponitur
2555 5621 2609 5675 in
2636 5620 2798 5685 malo,
2840 5618 2982 5673 sicut
3009 5626 3066 5673 et
3088 5618 3145 5672 in
3185 5618 3410 5673 Actibus
3438 5630 3569 5687 apo-

1983 5711 2278 5766 stolorum:
2313 5712 2576 5767 Percutiet
2598 5722 2644 5766 te
2668 5712 2942 5777 Dominus,
2966 5712 3138 5785 paries
3164 5710 3399 5767 dealbate
3426 5711 3564 5783 (Act.

1983 5803 2163 5873 uin).
2212 5803 2326 5861 Hoc
2359 5814 2412 5859 et
2447 5805 2501 5859 in
2539 5804 2831 5878 Evangelio
2859 5810 3094 5861 testatur
3126 5818 3139 5861 :
3192 5802 3405 5860 Similes
3445 5801 3567 5857 estis
