3930 6356
196 344 295 403 529

780 455 1005 514 CAPUT
1044 453 1164 511 XX.

838 550 909 603 De
931 547 1139 602 nebula.

269 640 474 699 Nebula
500 643 630 697 inde
653 640 811 704 dicta,
852 640 995 693 unde
1023 644 1079 693 et
1110 637 1311 702 nubila,
1365 636 1433 691 ab
1453 634 1773 692 ohnuhendo

200 734 424 797 scilicet,
457 734 561 787 hoc
589 741 692 797 est,
720 729 1009 801 operienda
1032 738 1229 783 terram
1253 744 1267 793 ;
1303 728 1415 782 sive
1438 728 1581 797 quod
1605 726 1773 781 nubes

195 823 376 880 volare
407 820 593 876 faciat.
655 819 920 875 Exhalant
976 818 1119 872 enim
1173 816 1338 871 valles
1393 815 1625 869 humidae
1680 827 1775 868 ne-

195 914 364 976 bulas,
401 922 458 968 et
489 912 627 967 ﬁunt
668 910 868 972 nubes,
920 909 1043 963 inde
1108 906 1383 971 nubilum,
1433 905 1555 960 inde
1598 905 1769 958 nives.

194 1003 408 1059 Ncbula:
438 1012 620 1056 autem
651 1002 757 1055 ima
784 1007 990 1070 petunt,
1038 1013 1160 1053 cum
1190 996 1453 1052 serenitas
1474 1002 1595 1050 est:
1628 1008 1775 1049 sum—

170 1108 310 1158 Arna,
358 1108 482 1147 cum
537 1090 796 1145 nubilum.
848 1087 1071 1159 Mystice
1122 1084 1319 1139 nebula
1369 1082 1637 1154 signiﬁcat
1682 1088 1775 1135 aut

191 1183 576 1237 obscuritatem
614 1180 1017 1249 Scripturarum
1068 1184 1163 1231 aut
1220 1175 1422 1231 erroris
1470 1173 1771 1244 caliginem.

192 1271 343 1327 Unde
387 1271 443 1325 in
496 1271 832 1326 dedicatione
881 1266 1086 1337 Templi
1132 1282 1257 1321 cum
1304 1264 1498 1321 nebula
1539 1262 1776 1334 implevit

191 1362 405 1418 domum
440 1361 679 1421 Domini.
730 1375 835 1414 non
881 1365 1134 1427 poterant
1164 1357 1473 1412 sacerdotes
1525 1363 1672 1410 stare
1722 1362 1776 1410 et

190 1450 502 1505 ministrare
550 1455 768 1519 propter
820 1446 1067 1501 nebulam
1122 1444 1237 1516 (Il!
1305 1444 1429 1515 Reg.
1473 1444 1610 1515 vni).
1654 1441 1776 1498 Hmc

190 1539 455 1596 sententia
490 1539 754 1608 superbos
788 1535 1097 1591 Iudaeorum
1125 1534 1410 1605 pontiﬁces
1444 1549 1507 1588 ac
1532 1534 1777 1588 doctores

191 1628 465 1690 insinuat,
526 1627 619 1697 qui
658 1626 783 1680 dum
838 1624 1138 1681 nativitatis
1193 1622 1393 1678 Christi
1440 1630 1778 1678 sacramenta

190 1716 517 1787 investigare
568 1716 911 1785 despiciunt,
967 1714 1204 1770 debitum
1254 1713 1377 1767 ﬁdei
1420 1713 1502 1767 sui
1535 1711 1777 1766 ministe-

1184 340 1273 397 DE
1312 335 1658 395 UNIVERSO
1696 334 1875 389 LIBRI
1916 332 2078 387 XXII.
2117 361 2185 370 —
2222 330 2348 386 LlB.
2391 331 2482 387 XI.

1794 452 1845 511 Α
1872 446 2104 500 maxime
2131 445 2182 497 in
2218 451 2396 499 monte
2421 442 2732 506 Parnassio.
2763 443 2816 497 in
2845 440 2997 510 cujus
3023 439 3254 498 circuitu
3294 440 3437 493 Deu—

3332 324 3437 381 330

1873 540 2047 593 calion
2073 548 2199 592 tunc
2228 552 2391 606 regno
2426 538 2749 608 potiebatur,
2790 536 2882 605 qui
2909 545 3033 591 tunc
3058 536 3125 591 ad
3153 550 3210 591 sc
3236 535 3441 589 ratibus

1871 628 2239 698 confugientes
2292 628 2569 698 suSceptos
2617 643 2715 697 per
2768 628 2980 697 gemina
3018 625 3272 681 Parnassi
3311 623 3441 695 juga

1872 719 2005 774 fovit
2031 728 2086 774 et
2110 719 2262 773 aluit.
2292 720 2337 771 Α
2366 733 2471 788 quo
2496 728 2775 788 propterea
2797 733 2967 789 genus
2989 717 3266 772 hominum
3292 715 3444 771 Crte-

1873 812 2057 865 corum
2084 809 2279 864 fabulae
2306 823 2373 863 ex
2402 808 2667 879 lapidibus
2691 816 2997 879 reparatum
3022 806 3203 860 ferunt
3223 814 3443 875 pr0pter

1872 898 2147 953 hominum
2177 898 2392 952 insitam
2419 898 2597 953 cordis
2642 898 2917 952 duritiam.
2974 896 3079 951 Sed
3122 904 3177 950 et
3220 894 3442 949 ﬁumina

1873 1001 1997 1040 cum
2038 986 2266 1041 insolitis
2314 995 2471 1041 aucta
2517 986 2780 1041 imbribus
2821 985 2960 1039 ultra
3000 985 3444 1039 consuetudinem

1873 1077 1957 1131 vel
1986 1077 2336 1133 diuturnitate
2367 1077 2451 1132 vel
2490 1077 2857 1147 magnitudine
2892 1074 3213 1139 redundant,
3258 1074 3450 1129 multa-

1874 1181 1979 1236 que
2030 1176 2396 1238 prosternunt,
2431 1176 2487 1222 et
2528 1168 2643 1237 ipsa
2672 1166 2928 1222 diluvium
2959 1166 3228 1220 dicuntur.
3261 1163 3447 1220 Scien-

1875 1261 2000 1315 dum
2038 1271 2240 1327 autem,
2289 1260 2506 1315 ﬂumina
2536 1276 2657 1315 cum
2704 1274 2865 1329 supra
2914 1259 3129 1313 modum
3176 1265 3445 1321 crescunt,

1875 1365 1980 1405 non
2008 1359 2213 1405 tantum
2236 1351 2300 1405 ad
2335 1365 2571 1420 prmsens
2600 1348 2798 1405 inferre
2825 1350 3043 1409 damna.
3076 1348 3167 1403 sed
3202 1348 3365 1402 etiam
3393 1356 3449 1401 ct

1875 1440 2054 1511 aliqua
2085 1441 2387 1512 signiﬁcare
2412 1442 2612 1496 futura.
2658 1440 2883 1511 Mystice
2922 1439 3202 1503 diluvium,
3234 1438 3449 1507 quando

1876 1528 1929 1582 in
1955 1531 2147 1585 bonam
2176 1538 2385 1600 partem
2429 1530 2706 1600 accipitur,
2766 1528 3097 1599 Baptismum
3142 1527 3447 1597 signiﬁcat:

1876 1620 2089 1688 quando
2112 1635 2241 1675 vero
2280 1620 2333 1674 in
2376 1620 2722 1683 contrariam,
2759 1634 3001 1673 errorem
3048 1617 3448 1672 haereticorum.

1876 1710 2011 1766 Nam
2038 1712 2094 1767 in
2134 1712 2223 1767 illa
2269 1712 2534 1768 sententia
2574 1710 2892 1774 Psalmistze,
2932 1724 3038 1779 qua
3082 1710 3211 1763 dicit
3237 1726 3250 1761 :
3274 1709 3454 1761 Domi-

189 1807 323 1862 rium
354 1822 455 1877 per
483 1806 689 1877 erroris
718 1804 971 1860 nebulam
1000 1802 1365 1873 perdiderunt.
1402 1800 1605 1855 Nebula
1636 1814 1763 1869 ergo
1793 1796 1838 1855 B
1868 1820 1963 1860 nus
1984 1804 2233 1860 diluvium
2255 1805 2529 1869 inhabitat,
2551 1814 2596 1857 et
2621 1802 2810 1856 sedebit
2836 1802 3087 1855 Dominus
3118 1816 3207 1853 rex
3234 1800 3287 1853 in
3305 1809 3455 1853 arter-

190 1912 518 1971 synagogam
550 1937 564 1962 ,
614 1898 665 1952 id
694 1905 819 1961 est,
872 1896 1091 1950 domum
1144 1893 1357 1948 Domini
1402 1893 1668 1963 implevit,
1721 1900 1777 1945 et

190 1989 504 2044 sacerdotes
524 1996 741 2057 propter
766 1985 1013 2039 nebulam
1034 1983 1341 2038 ministrare
1365 1997 1471 2037 non
1495 1988 1773 2051 poterant:

191 2078 312 2149 quia
338 2077 467 2131 dum
500 2077 558 2131 in
584 2083 906 2131 testamento
929 2074 1100 2128 veteri
1126 2087 1315 2127 sensus
1357 2071 1615 2141 mysticos
1641 2069 1782 2123 litte-

191 2182 263 2222 ra:
292 2166 567 2222 velamine
595 2172 879 2234 coopertos
929 2164 1074 2218 inter
1117 2164 1377 2218 obscuras
1404 2160 1777 2231 allegoriarum

191 2254 447 2324 caligines
496 2254 824 2323 investigare
864 2252 1187 2322 despiciunt,
1237 2250 1476 2305 debitum
1516 2249 1637 2304 ﬁdei
1664 2248 1779 2303 sive

194 2344 559 2401 ministerium
611 2354 831 2415 propter
882 2344 1132 2399 nebulam
1186 2343 1557 2413 perdiderunt.
1627 2341 1780 2397 Unde

194 2434 259 2490 ad
300 2433 402 2489 Joh
463 2434 730 2489 Dominus
782 2434 895 2487 ait:
929 2432 1183 2502 Nunquid
1226 2432 1448 2486 eleuabis
1488 2430 1544 2485 in
1594 2430 1783 2484 nebula

192 2538 361 2578 vocent
403 2533 559 2578 tuam
584 2524 609 2576 ?
637 2521 779 2595 (Job.
809 2521 1062 2591 xxxvm.)
1092 2520 1150 2575 In
1193 2520 1387 2575 nebula
1416 2533 1545 2589 ergo
1584 2517 1783 2575 Judaeis

194 2626 374 2667 vocem
424 2611 695 2666 doctrina:
728 2626 838 2665 suae
867 2610 1126 2664 Dominus
1174 2608 1416 2678 protulit,
1463 2623 1587 2663 cum
1630 2610 1695 2662 de
1724 2622 1783 2663 se

196 2704 355 2759 etiam
424 2716 619 2772 aperta
676 2703 935 2757 narravit.
999 2700 1139 2768 Quid
1193 2710 1276 2755 est
1326 2702 1470 2755 enim
1546 2702 1786 2771 apertius

198 2808 351 2863 quam
384 2812 396 2846 :
460 2793 577 2864 Ego
605 2802 653 2846 et
691 2790 851 2847 Pater
880 2809 1041 2846 unum
1066 2792 1284 2846 sumus?
1326 2790 1506 2864 (Joan.
1536 2792 1614 2863 κ.)
1646 2791 1785 2859 Quid

200 2886 431 2954 apertius
457 2900 626 2955 quam
656 2902 669 2937 :
699 2884 829 2937 Ante
852 2883 1115 2936 Abraham
1135 2900 1228 2954 ego
1258 2884 1415 2937 sum?
1436 2884 1618 2954 (Joan.
1642 2882 1783 2953 vm.)

201 2974 300 3029 Sed
330 2975 459 3044 quia
492 2974 803 3028 auditorum
835 2978 1044 3026 mentes
1071 2970 1404 3026 inﬁdelitatis
1431 2970 1601 3041 caligo
1630 2985 1781 3026 com—

199 3064 472 3135 pleverat:
515 3064 676 3135 quasi
701 3063 958 3118 emissum
987 3061 1116 3116 solis
1142 3062 1349 3117 radium
1402 3060 1596 3116 nebula
1624 3060 1789 3116 inter-

196 3126 374 3223 iacens
424 3126 818 3209 abscondebat.
862 3152 1069 3207 Nebula
1099 3152 1461 3207 velamentum
1498 3150 1785 3221 mysterio—
1817 3126 1862 3189 (δ

203 3259 315 3297 rum
344 3244 461 3307 Dei,
504 3244 653 3313 quod
677 3246 925 3298 doctores
952 3242 1128 3297 sancti
1178 3243 1489 3297 meditando
1537 3250 1788 3297 scrutan-

202 3342 305 3388 tur.
338 3333 493 3389 Unde
526 3333 727 3403 legitur
754 3333 808 3386 in
834 3332 1139 3401 Propheta:
1181 3331 1389 3386 Nebula
1413 3331 1580 3406 pulvis
1600 3333 1790 3401 pedum

203 3424 309 3493 ejus
361 3424 539 3495 (Noli.
594 3422 656 3494 ι).
705 3422 838 3479 item
884 3423 1111 3489 nebula‘,
1165 3424 1427 3490 haeretici,
1478 3424 1545 3479 de
1595 3424 1790 3493 quibus

205 3512 389 3570 Petrus
438 3514 780 3585 Apostolus:
845 3513 917 3567 Hi
967 3524 1090 3568 sunt
1138 3514 1307 3583 fontes
1362 3515 1473 3572 sine
1514 3531 1653 3587 aqua
1681 3554 1696 3580 ,
1742 3524 1791 3567 et

206 3605 400 3663 nbula
437 3604 744 3660 turbinibus
783 3605 997 3675 agitata!
1020 3601 1109 3676 (II
1138 3600 1257 3659 Pet.
1288 3603 1373 3675 tt).

796 3728 1023 3787 CAPUT
1063 3731 1203 3787 XXI.

843 3845 921 3899 De
964 3845 1181 3901 diluvio.
1226 3878 1229 3879 ν

274 3960 549 4016 Dilunum
600 3959 799 4014 dictum
836 3998 849 4023 ,
910 3959 1052 4028 quod
1100 3974 1362 4030 aquarum
1400 3958 1552 4015 clade
1591 3960 1795 4024 omnia,

208 4050 715 4122 quaeinundaverit.
748 4049 945 4105 deleat.
994 4049 1236 4104 Primum
1286 4050 1543 4106 diluvium
1590 4052 1801 4105 exstitit

210 4144 302 4196 sub
339 4142 473 4205 Noe,
508 4138 777 4213 [quando]
800 4140 1078 4195 hominum
1104 4139 1395 4195 sceleribus
1410 4140 1646 4195 oﬁ'ensus
1668 4139 1799 4195 Om-

217 4232 494 4301 nipotens,
546 4239 665 4286 toto
690 4232 821 4285 orbe
851 4238 1117 4295 contecto,
1150 4230 1339 4285 deletis
1372 4232 1599 4297 cunctis,
1637 4246 1801 4285 unum

213 4320 605 4390 spatium.cueli
650 4319 750 4377 fuit
779 4318 949 4392 [fecit]
998 4336 1062 4375 ac
1088 4320 1296 4391 pelagi;
1345 4321 1496 4389 cujus
1546 4321 1799 4376 indicium

215 4411 465 4467 hactenus
514 4412 766 4468 videmus
835 4412 887 4464 in
934 4409 1219 4479 lapidibus,
1266 4424 1402 4478 quos
1450 4410 1503 4463 in
1569 4411 1791 4465 remotis

215 4504 501 4565 montibus,
545 4502 776 4556 conchis
800 4509 855 4555 et
884 4499 1081 4554 ostreis
1111 4508 1416 4562 concretos,
1456 4514 1597 4569 szepe
1622 4500 1787 4553 etiam

216 4601 424 4648 cavatos
461 4594 628 4663 aquis
661 4592 845 4647 videre
880 4590 1135 4646 solemus.
1188 4588 1495 4645 Secundum
1532 4591 1788 4645 diluvium

219 4684 311 4741 fuit
330 4686 381 4739 in
396 4684 629 4745 Achaia,
654 4680 819 4736 Jacoh
844 4680 1173 4736 Patriarcha:
1192 4690 1246 4735 et
1272 4682 1438 4753 Ogygi
1466 4684 1791 4752 temporibus

218 4776 303 4847 qui
338 4776 613 4831 Eleusinae
642 4774 891 4829 conditor
932 4782 986 4827 et
1036 4789 1131 4828 rex
1172 4772 1292 4837 fuit,
1350 4789 1652 4840 nomenque
1675 4776 1793 4830 loco

220 4875 273 4921 et
314 4875 563 4936 tempore
618 4863 786 4918 dedit.
836 4861 1076 4917 Tertium
1122 4862 1378 4917 diluvium
1416 4864 1469 4917 in
1518 4862 1793 4919 Thessalia

224 4952 381 5025 Moysi
410 4954 494 5008 vel
520 4952 940 5024 Amphyctionis
965 4951 1294 5020 temporibus
1325 4951 1445 5017 fuit,
1491 4953 1583 5021 qui
1610 4954 1799 5009 tertius

224 5051 335 5112 post
352 5041 659 5112 CecrOpem
684 5044 946 5113 regnavit.
979 5040 1141 5110 Cujus
1176 5042 1508 5111 temporibus
1536 5058 1798 5113 aquarum

230 5134 426 5191 illuvies
497 5135 765 5204 majorem
824 5144 1032 5205 partem
1099 5133 1419 5204 populorum
1503 5132 1800 5189 Thessalia:

232 5224 549 5297 absumpsit,
595 5224 788 5296 paucis
833 5240 929 5296 per
956 5223 1160 5292 refugia
1213 5224 1475 5278 montium
1529 5222 1793 5287 liberatis,

722 5777 996 5845 Psrnon,
1047 5774 1217 5839 CXI.

1878 1912 2001 1950 num
2032 1895 2203 1967 (Psal.
2236 1895 2428 1965 χινιιε)
2456 1913 2467 1947 :
2498 1894 2701 1963 primus
2731 1892 2875 1947 venit
2914 1890 3200 1944 virtutibus
3232 1889 3454 1958 spiritus

1878 1978 2245 2056 st-ptil‘or‘mis,
2296 1985 2352 2038 in
2412 1984 2572 2039 tertio
2615 1997 2749 2036 vero
2796 1982 2985 2036 ordine
3033 1980 3101 2034 ad
3170 1978 3452 2034 Trinitatis

1880 2075 2305 2144 complexionem
2358 2072 2590 2128 mirabili
2658 2071 3007 2140 dispositione
3064 2069 3324 2138 pervenit.
3371 2066 3459 2122 Di-

1879 2164 2051 2219 cendo
2071 2165 2214 2218 enim
2260 2164 2313 2217 in
2336 2163 2422 2217 his
2447 2160 2653 2217 duobus
2672 2160 2953 2216 versiculis
2976 2160 3152 2224 tertio,
3184 2158 3455 2221 Dominus,

1879 2258 2113 2313 ostendit
2143 2265 2381 2313 sanctam
2430 2256 2750 2310 Trinitatem
2798 2253 3016 2309 diluvio.
3065 2252 3117 2307 id
3151 2259 3252 2316 est,
3304 2252 3459 2320 aquis

1880 2347 2226 2418 Baptismatis
2278 2346 2605 2411 inhabitare,
2649 2344 2788 2400 sicut
2830 2344 2885 2397 in
2931 2341 3221 2412 Evangelia
3253 2341 3457 2396 dictum

1882 2447 1965 2491 est
2006 2450 2021 2488 :
2050 2435 2243 2490 Euntes
2271 2434 2527 2504 baptizata
2547 2450 2721 2489 omnes
2761 2443 2952 2504 gentes,
2980 2434 3035 2485 in
3056 2431 3259 2485 nomine
3286 2428 3462 2483 Patris

1882 2535 1932 2579 et
1960 2524 2105 2589 Filii,
2134 2528 2192 2578 et
2222 2522 2453 2594 Spiritus
2481 2523 2647 2577 sancti
2679 2521 2891 2593 (Matth.
2922 2520 3135 2590 xxvttt).
3186 2518 3292 2575 Sed
3316 2534 3463 2587 quic-

1884 2629 2087 2673 ramus.
2130 2628 2228 2667 cur
2272 2612 2359 2667 hic
2391 2611 2649 2666 diluvium
2684 2626 2783 2681 pro
2834 2608 3007 2665 sacris
3047 2606 3283 2663 fontibus
3318 2608 3462 2678 posi-

1886 2713 1998 2757 tum
2029 2704 2150 2758 est?
2196 2701 2424 2768 Merito;
2476 2702 2728 2772 quoniam
2771 2700 2899 2755 illud
2942 2700 3086 2769 quod
3130 2699 3330 2755 factum
3374 2710 3461 2755 est

1885 2791 1986 2847 sub
2016 2792 2149 2857 Noe,
2180 2792 2518 2861 baptismatis
2544 2791 2683 2847 sacri
2718 2790 2936 2861 gerebat
2959 2790 3269 2861 imaginem.
3322 2790 3460 2845 Nam

1886 2884 2027 2939 sicut
2056 2884 2198 2939 istud
2233 2892 2429 2954 purgat
2449 2883 2659 2938 animas
2684 2889 3027 2953 peccatorum
3062 2882 3332 2945 sordibus,
3385 2882 3459 2935 ita

1888 2982 1944 3029 et
1965 2974 2092 3029 illud
2136 2974 2395 3028 diluvium
2441 2972 2626 3027 mundi
2671 2972 2895 3027 crimina
2948 2972 3205 3041 probrosa
3243 2971 3460 3026 delevit.

1893 3065 2083 3121 Merito
2108 3080 2238 3134 ergo
2277 3080 2379 3135 pro
2410 3066 2733 3135 baptismate
2776 3063 3033 3119 diluvium
3074 3062 3307 3132 positum
3357 3070 3459 3125 est,

1894 3158 1960 3213 ad
1986 3156 2139 3227 cujus
2167 3156 2571 3211 similitudinem
2606 3163 2817 3210 constat
2850 3152 3122 3209 eﬁ‘ectum.
3145 3151 3278 3206 Nam
3319 3152 3464 3221 quod

1893 3250 2073 3315 tertio,
2107 3247 2359 3302 Dominus
2381 3247 2593 3316 repetiit
2618 3247 2735 3301 sine
2756 3244 3093 3301 distinctione
3112 3256 3465 3312 personarum

1892 3341 2019 3397 licet
2077 3340 2301 3409 intelligi
2346 3340 2580 3409 primum
2631 3338 2835 3393 dictum
2880 3336 2947 3391 de
2990 3334 3193 3404 Spiritu
3240 3341 3462 3387 sancto:

1891 3432 2147 3485 Dominus
2195 3430 2449 3483 diluvium
2478 3430 2755 3483 inhabitat.
2822 3427 3113 3498 Sequitur:
3166 3425 3235 3479 Et
3274 3424 3469 3479 sedebit

1891 3521 2146 3577 Dominus
2177 3537 2265 3574 rex
2303 3520 2356 3573 in
2380 3531 2629 3575 internum
2679 3518 2849 3591 (Psal.
2881 3516 3094 3587 xxvm).
3148 3516 3262 3571 Hoc
3288 3523 3469 3569 autem

1892 3611 1959 3666 de
1987 3610 2096 3664 lilio
2124 3617 2268 3665 recte
2295 3609 2659 3679 intelligimus.
2692 3608 2947 3662 Dominus
2994 3606 3234 3660 virtutem
3272 3601 3466 3674 populo

1894 3716 1990 3753 suo
2012 3700 2195 3753 dabit:
2236 3700 2302 3753 de
2343 3698 2507 3753 Patre
2557 3706 2923 3767 competenter
2968 3696 3316 3750 advertimus.
3372 3692 3468 3746 Po-

1896 3790 2020 3859 pulo
2042 3804 2138 3844 suo
2174 3787 2441 3859 signiﬁcat
2470 3787 2797 3850 Christiano,
2835 3800 2995 3855 quem
3024 3785 3090 3839 de
3117 3784 3256 3839 sacri
3286 3782 3466 3850 bapti-

1895 3880 2085 3933 smatis
2131 3894 2354 3932 munere
2402 3876 2745 3946 conquisivit.
2798 3874 3089 3945 Subiunxit
3136 3874 3339 3929 etiam:
3394 3870 3464 3925 Et

1898 3968 2154 4021 benedicet
2183 3967 2431 4035 populum
2458 3982 2611 4018 suum
2640 3966 2695 4018 in
2722 3981 2869 4034 pace.
2900 3964 3019 4019 Non
3056 3964 3214 4027 dixit,
3263 3963 3471 4016 benedi-

1900 4066 2031 4120 cent,
2062 4055 2157 4110 sed
2182 4072 2193 4107 :
2246 4054 2501 4108 benedicet
2534 4071 2545 4105 :
2599 4054 2723 4123 quia
2749 4068 2886 4108 unus
2912 4061 2995 4109 est
3022 4052 3280 4107 Dominus
3326 4053 3468 4106 Deus

1900 4156 2084 4199 noster
2110 4163 2121 4197 :
2152 4145 2208 4198 in
2232 4159 2381 4213 pace,
2428 4151 2645 4213 propter
2677 4142 2803 4197 illud
2830 4142 3177 4211 Evangelium
3205 4158 3218 4195 :
3273 4138 3467 4194 Pacem

1900 4252 2066 4288 meam
2091 4235 2157 4287 do
2182 4234 2339 4299 vobis,
2383 4250 2561 4304 pacem
2586 4250 2754 4286 meam
2784 4232 3071 4303 relinquant
3112 4232 3250 4285 vobis
3284 4230 3467 4300 (Joan.

1900 4324 2034 4395 xxv).
2084 4323 2199 4379 Una
2224 4332 2307 4378 est
2337 4323 2478 4377 enim
2522 4337 2626 4392 pax
2652 4321 2827 4376 Patris
2854 4330 2909 4375 et
2936 4321 3080 4385 Filii,
3130 4329 3185 4374 et
3231 4319 3467 4389 Spiritus

1902 4414 2090 4468 sancti.
2134 4413 2264 4467 Item
2294 4414 2345 4466 in
2374 4413 2694 4467 contrariam
2718 4421 2924 4481 partem
2958 4412 3173 4483 ponitur
3212 4411 3465 4466 diluvium

1896 4505 1949 4558 in
1998 4503 2088 4558 illo
2106 4519 2285 4569 versu,
2338 4517 2445 4572 quo
2494 4501 2759 4571 Propheta
2789 4504 2901 4556 ait:
2945 4501 3012 4555 In
3068 4501 3264 4555 diluvio
3305 4519 3472 4571 aqua-

1897 4610 2012 4646 rum
2056 4592 2341 4646 multarum
2378 4592 2447 4644 ad
2495 4608 2611 4644 eum
2657 4606 2760 4644 non
2806 4590 3237 4661 approximabunt
3289 4588 3463 4659 (Psal.

1896 4682 2069 4753 xxxx).
2117 4682 2381 4736 Diluvium
2407 4682 2547 4736 enim
2571 4696 2828 4749 aquarum
2867 4680 3156 4734 multarum
3197 4686 3281 4733 est
3319 4693 3472 4732 error

1900 4774 2175 4828 hominum
2206 4773 2580 4844 pessimorum,
2628 4773 2719 4842 qui
2764 4772 2927 4825 variis
2972 4770 3326 4841 pravitatibus
3374 4768 3473 4821 llu-

1901 4872 2183 4927 ctuantes,
2242 4862 2564 4931 multiplices
2623 4861 2725 4915 sibi
2777 4860 3049 4914 doctrinas
3117 4858 3471 4919 constituunt,

1903 4967 2091 5021 quasa
2139 4966 2267 5007 vero
2309 4950 2563 5022 magistro
2609 4948 2912 5003 nullatenus
2956 4954 3295 5016 acceperunt.
3345 4942 3472 5009 Qua:

1904 5042 2167 5098 sententia
2192 5041 2425 5095 maxime
2465 5039 2745 5094 haereticos
2795 5037 2995 5108 arguit,
3041 5035 3133 5104 qui
3175 5035 3228 5088 iu
3270 5032 3470 5087 diluvio

1902 5129 2274 5200 perversitatis
2300 5145 2409 5185 sua:
2435 5136 2823 5199 tempestuosas
2851 5134 2904 5181 et
2932 5124 3216 5195 naufragas
3236 5120 3474 5175 excitant

1906 5221 2250 5291 qumstiones.

2970 5772 3038 5832 11
