3930 6352
488 254 582 313 53]

1120 271 1182 326 Β.
1223 273 1478 332 RABANI
1516 277 1735 335 MAURI
1773 280 2092 340 ARCHIEP.
2134 285 2442 346 MOGUNT.
2485 292 2770 356 OPEBUM
2808 299 2986 359 PARS
3019 305 3084 362 II.

489 427 3747 508 ____________________________________

1564 588 1864 666 LIBER
1919 590 2618 678 DUODECIMUS.

978 861 1206 921 CAPUT
1248 865 1542 929 PRIMUM.

1125 944 1204 998 De
1238 959 1398 1003 terra.

539 1024 707 1085 Terra
736 1040 818 1087 est
844 1033 895 1087 in
927 1035 1101 1090 media
1132 1038 1315 1094 mundi
1343 1042 1560 1112 regione
1580 1045 1773 1114 posita,
1804 1047 2055 1105 omnibus

463 1120 710 1188 partibus
739 1122 858 1176 caeli
889 1123 941 1177 in
969 1127 1184 1180 modum
1207 1130 1381 1184 centri
1409 1133 1599 1202 :equali
1619 1135 1900 1192 intervallo
1927 1153 2055 1193 con-

463 1208 660 1264 sistens
693 1224 707 1262 :
740 1226 859 1279 quae
887 1213 1145 1283 singulari
1176 1232 1405 1273 numero
1443 1228 1612 1275 totum
1652 1225 1838 1278 orbem
1883 1227 2051 1297 signi-

463 1300 607 1363 ﬁcat,
640 1299 833 1368 plurali
863 1318 991 1357 vero
1019 1305 1257 1376 singulas
1285 1319 1483 1379 partes.
1533 1311 1698 1381 Cujus
1727 1317 1944 1371 nomina
1972 1317 2052 1372 di-

461 1402 618 1441 versa
649 1390 741 1443 dat
767 1392 924 1446 ratio.
966 1392 1100 1448 Nam
1138 1403 1283 1450 terra
1322 1399 1463 1455 dicta
1506 1417 1536 1454 a
1586 1405 1849 1472 superiori
1875 1417 2044 1476 parte,

458 1493 565 1547 qua
599 1481 789 1536 teritur
817 1500 829 1536 :
859 1484 1054 1540 humus
1087 1487 1155 1542 ab
1185 1487 1441 1544 inferiore
1470 1507 1484 1545 :
1514 1492 1599 1545 vel
1628 1494 1848 1549 humida
1881 1505 2043 1562 terra,

456 1578 516 1624 ut
539 1570 640 1625 sub
665 1587 855 1628 mare:
888 1575 1043 1630 tellus
1082 1587 1258 1632 autem
1282 1618 1296 1644 ,
1341 1581 1464 1650 quia
1516 1581 1724 1638 fructus
1754 1582 1871 1652 ejus
1907 1586 2047 1641 tolli-

455 1677 595 1718 mus.
646 1664 845 1719 Eadem
890 1677 944 1722 et
981 1683 1109 1723 arva
1149 1670 1218 1724 ab
1261 1672 1464 1726 arando
1497 1683 1551 1728 et
1575 1674 1798 1730 colendo
1825 1685 2040 1731 vocata.

452 1752 677 1822 Proprie
722 1768 896 1812 autem
944 1766 1084 1813 terra
1144 1761 1209 1813 ad
1255 1761 1659 1818 distinctionem
1695 1779 1849 1834 aqua:
1888 1767 2042 1820 arida

449 1856 810 1915 nuncupatur.
881 1848 1033 1904 Sicut
1083 1849 1364 1921 Scriptura
1422 1853 1498 1908 ait
1552 1852 1705 1926 (Gen.
1760 1857 1841 1926 ι),
1897 1859 2039 1928 quod

447 1939 722 1992 vocaverit
774 1939 916 1996 Deus
968 1950 1168 1996 terram
1200 1983 1214 2006 ,
1264 1946 1493 1999 aridam.
1562 1947 1837 2003 Naturalis
1892 1950 2036 2004 enim

445 2027 750 2095 proprietas
803 2030 1019 2084 siccitas
1053 2038 1136 2084 est
1176 2039 1354 2086 terrze.
1408 2032 1540 2088 Nam
1583 2043 1643 2088 ut
1683 2037 1900 2091 humida
1945 2039 2031 2101 sit,

442 2113 546 2169 hoc
596 2131 855 2186 aquarum
905 2119 1162 2174 aﬁinitale
1208 2123 1451 2177 sortitur.
1499 2125 1663 2195 Cujus
1703 2142 1907 2184 motum
1942 2132 2032 2186 alii

2083 902 2133 963 Α
2160 884 2326 954 pitur,
2370 884 2495 954 quia
2545 886 2714 941 nutrit
2754 895 2806 942 et
2845 890 3084 947 continet
3128 893 3402 964 populum.
3447 897 3752 971 Sequitur:

2159 973 2227 1026 Et
2251 972 2518 1065 plenitudo
2556 976 2668 1045 ejus
2707 977 2920 1050 (Ibid.),
2966 983 3018 1037 id
3066 992 3170 1052 est,
3215 987 3500 1046 multitudo
3538 1006 3753 1065 sancta,

2156 1078 2260 1132 qua
2298 1064 2536 1133 repletur
2579 1066 2836 1123 Ecclesia.
2879 1069 2984 1126 Sed
3013 1089 3082 1129 ne
3105 1082 3329 1143 terram,
3379 1096 3541 1150 quam
3589 1064 3754 1158 supeé

2155 1152 2267 1208 rius
2293 1153 2448 1218 dixit,
2477 1165 2760 1224 angustam
2800 1167 3022 1226 putares
3053 1162 3340 1233 aliquando
3381 1168 3612 1230 fortasse

2151 1241 2388 1312 gionem,
2433 1259 2578 1298 nunc
2601 1244 2733 1299 dicit
2766 1263 2778 1298 :
2809 1247 2948 1300 orbis
2975 1257 3235 1306 terrarum
3265 1254 3477 1329 (lbid.),
3509 1261 3613 1316 hoc
3637 1271 3749 1331 est,

2150 1333 2509 1388 universalem
2556 1335 2878 1402 Ecclesium,
2926 1355 3048 1408 qua:
3087 1343 3253 1399 totius
3294 1350 3480 1403 mundi
3535 1353 3746 1409 ambitu

2147 1421 2476 1476 continetur.
2519 1422 2741 1479 Intende
2778 1441 2937 1493 vero,
2977 1431 3121 1498 quod
3157 1432 3287 1488 dicit
3316 1453 3328 1488 :
3363 1436 3468 1501 Qui
3501 1439 3746 1498 habitant

2145 1513 2200 1568 in
2237 1533 2334 1579 ea,
2378 1516 2430 1571 id
2467 1525 2586 1582 est,
2627 1533 2732 1573 non
2770 1521 2862 1590 qui
2912 1525 3136 1578 veniunt
3184 1535 3239 1580 et
3285 1531 3542 1586 recedunt
3583 1549 3598 1588 :
3641 1534 3742 1591 sed

2145 1605 2234 1673 qui
2260 1604 2366 1658 ﬁxa
2397 1608 2595 1661 mentis
2624 1609 2918 1665 stabilitate
2948 1613 3263 1680 perdurant.
3306 1616 3562 1676 Habitare
3589 1625 3739 1681 enim

2143 1710 2363 1750 manere
2387 1696 2638 1763 dicimus,
2670 1700 2812 1767 quod
2837 1704 3136 1756 errantium
3158 1719 3263 1759 non
3293 1716 3406 1772 est;
3436 1712 3579 1779 quod
3607 1728 3742 1768 mu-

2142 1785 2391 1840 tabilitati
2430 1802 2536 1842 non
2574 1790 2856 1855 convenit;
2895 1791 2989 1846 sed
3027 1793 3115 1848 ille
3153 1795 3300 1852 solus
3326 1797 3624 1856 Ecclesiam
3651 1805 3738 1859 in-

2140 1875 2377 1941 habitat,
2419 1879 2511 1946 qui
2550 1893 2720 1948 usque
2758 1881 2827 1935 ad
2861 1882 3067 1938 obitum
3106 1900 3263 1941 suum
3302 1888 3358 1942 in
3399 1888 3505 1944 ﬁde
3541 1895 3736 1950 rectis-

2137 1966 2272 2019 sima
2306 1977 2647 2035 perseverat,
2676 1968 2818 2024 sicut
2844 1982 2898 2025 et
2925 1971 3062 2028 alius
3090 1975 3332 2044 psalmus
3361 1979 3530 2035 dicit:
3558 1979 3626 2036 Ut
3647 1985 3733 2038 in-

2135 2054 2360 2109 habitem
2402 2057 2456 2109 in
2499 2058 2652 2111 domo
2704 2058 2916 2114 Domini
2953 2063 3188 2118 omnibus
3213 2066 3395 2122 diebus
3436 2070 3552 2124 vitae
3596 2088 3730 2126 mea:

2136 2142 2306 2214 (Psal.
2362 2145 2520 2217 xxn).
2571 2148 2737 2202 Terra
2787 2149 2950 2205 homo
2989 2152 3103 2219 ipse
3128 2194 3143 2218 ,
3181 2164 3240 2208 ut
3281 2157 3337 2210 in
3376 2158 3663 2230 Evangelia
3709 2181 3724 2216 :

441 2206 631 2262 dicunt
658 2218 876 2263 ventum
904 2224 1024 2264 esse
1055 2211 1108 2264 in
1139 2213 1393 2268 concavis
1421 2213 1555 2281 ejus,
1587 2218 1676 2285 qui
1707 2229 1886 2275 motus
1908 2235 2018 2274 eam

2131 2206 2292 2288 Aliud
2315 2206 2497 2290 cecidit
2518 2238 2574 2290 in
2599 2247 2789 2291 terram
2815 2206 3176 2313 bonant.(Luc.
3201 2245 3340 2317 vm).
3377 2248 3509 2303 Item
3525 2206 3591 2303 in
3613 2251 3726 2307 Ge-

440 2307 639 2354 movet.
684 2299 966 2356 Sallustius
998 2320 1011 2356 :
1048 2301 1197 2356 Venti
1222 2320 1314 2373 per
1357 2321 1482 2359 cava
1509 2319 1662 2362 terrm
1687 2311 2022 2381 prwcipitati,

439 2390 580 2460 rupti
630 2390 828 2460 aliquot
865 2403 1062 2447 montes
1102 2395 1390 2466 tumulique
1435 2396 1633 2452 sedere.
1681 2400 1786 2453 Alii
1831 2417 2026 2471 aquam

437 2479 628 2536 dicunt
678 2481 968 2550 genitalem
1015 2483 1070 2537 in
1119 2484 1281 2538 terris
1330 2485 1568 2551 moveri,
1620 2495 1675 2541 et
1727 2503 1820 2545 cas
1864 2492 2026 2546 simul

433 2578 748 2636 concutere,
789 2571 939 2626 sicuti
972 2587 1088 2638 vas,
1130 2581 1188 2626 ut
1222 2574 1353 2628 dicit
1388 2575 1693 2633 Lucretius.
1751 2578 1857 2634 Alii
1904 2580 2026 2636 fun-

431 2675 562 2734 gum
606 2661 854 2717 eamdem
900 2670 1099 2718 terram
1148 2672 1363 2731 vocant,
1396 2665 1551 2735 cujus
1598 2669 1916 2738 plerumque
1942 2671 2021 2724 la-

435 2760 613 2808 tentes
646 2752 816 2807 ruina:
850 2754 1186 2825 superposita
1225 2764 1419 2810 cuncta
1459 2758 1792 2812 concutiunt.
1844 2758 2024 2814 Terrae

434 2858 650 2913 quoque
706 2843 886 2899 hiatus
931 2855 1025 2898 aut
1073 2854 1222 2899 motu
1270 2860 1424 2914 aqua:
1465 2845 1739 2901 inferioris
1785 2846 1884 2914 ﬁt,
1931 2855 2024 2902 aut

420 2933 642 2989 crebris
702 2933 954 2989 tonitruis
986 2973 1000 2999 ,
1057 2942 1149 2988 aut
1195 2934 1262 2990 de
1311 2936 1564 2991 concavis
1622 2945 1780 2992 terrae
1841 2952 2022 2994 erum-

430 3023 687 3091 pentibus
741 3023 956 3078 ventisr
1003 3023 1173 3078 Terra
1234 3024 1380 3079 enim
1432 3026 1659 3096 mystice
1710 3028 1893 3098 plures
1941 3029 2020 3084 si-

431 3111 808 3182 gniﬁcationes
869 3115 1052 3169 liabet.
1118 3114 1418 3184 Aliquando
1472 3117 1742 3186 signiﬁcat
1786 3120 2019 3186 patriam

431 3203 707 3259 cmlestem
737 3243 752 3269 ,
808 3214 868 3259 ut
916 3214 1002 3260 est
1046 3206 1175 3260 illud
1228 3223 1240 3260 :
1293 3205 1461 3260 Credo
1513 3208 1686 3261 videre
1731 3209 1863 3262 bona
1911 3210 2020 3263 Do-

429 3293 560 3346 mini
597 3295 650 3346 in
681 3306 822 3347 terra
855 3297 1128 3348 viventium
1173 3294 1344 3366 (Psal.
1395 3295 1542 3367 xxv).
1589 3298 1656 3351 Et
1694 3298 1824 3352 illud
1855 3314 2020 3353 evan-

429 3384 660 3455 gelicum
688 3401 700 3436 :
729 3383 882 3437 Beati
925 3385 1092 3450 mites,
1136 3385 1330 3455 inquit,
1367 3388 1617 3456 quoniam
1656 3389 1754 3458 ipsi
1787 3390 2019 3458 posside-

429 3474 556 3528 bunt
593 3485 787 3528 terram
832 3475 1047 3546 (Matth.
1097 3475 1172 3547 v).
1219 3476 1522 3546 Aliquando
1558 3493 1777 3534 carnem
1804 3482 2014 3538 Domini

2129 2324 2268 2388 ncsi,
2298 2325 2474 2389 arida,
2507 2333 2651 2379 terra
2681 2328 3011 2394 nominatur,
3035 2338 3095 2384 ut
3120 2340 3204 2386 est
3232 2334 3358 2390 illud
3384 2353 3398 2389 :
3428 2337 3496 2390 Et
3524 2341 3726 2394 vocavit

2127 2409 2332 2462 aridam
2355 2420 2546 2465 terram
2571 2411 2722 2483 (Gen.
2755 2414 2816 2484 ι),
2844 2418 3099 2486 populum
3126 2421 3334 2476 scilicet
3361 2423 3564 2480 fontem
3593 2427 3723 2484 ﬁdei

2127 2497 2421 2565 sitientem,
2446 2510 2500 2554 et
2521 2503 2786 2558 bonorum
2816 2521 3037 2574 operum
3069 2525 3288 2579 germen
3330 2515 3720 2583 proferentem.

2126 2587 2294 2643 Terra
2322 2605 2451 2647 vero
2488 2592 2540 2646 in
2577 2593 2778 2648 malum
2818 2597 2992 2666 posita
3039 2607 3148 2664 est,
3185 2600 3276 2655 ubi
3314 2607 3720 2675 corruptionem

2123 2677 2371 2733 humanae
2404 2689 2633 2746 naturae,
2657 2682 2740 2738 vel
2766 2693 3101 2753 peccatores,
3147 2688 3233 2742 vel
3269 2693 3508 2760 perditos
3540 2693 3722 2752 homi-

2123 2786 2221 2827 nes
2250 2772 2535 2842 signiﬁcat.
2582 2774 2993 2845 Cerruptioriem
3025 2788 3205 2834 autem
3239 2791 3448 2839 natura:
3483 2785 3571 2840 illa
3607 2787 3719 2845 Do-

2121 2862 2254 2916 mini
2284 2864 2546 2918 sententia
2570 2867 2925 2933 demonstrat,
2955 2884 3061 2940 qua
3091 2871 3158 2924 ad
3187 2872 3460 2930 hominem
3481 2891 3719 2946 peccau-

2122 2961 2232 3007 tem
2266 2955 2378 3008 ait:
2406 2954 2568 3010 Terra
2597 2974 2672 3022 es,
2695 2967 2744 3012 et
2769 2959 2823 3012 in
2849 2969 3046 3014 terram
3071 2961 3169 3015 ibis
3191 2961 3344 3033 (Gen.
3369 2965 3473 3037 ιιι).
3513 2967 3717 3022 Pecca-

2121 3052 2268 3099 tores
2294 3061 2506 3114 quoque
2535 3055 2695 3102 teme
2734 3050 2953 3105 nomine
2992 3051 3065 3105 ibi
3098 3061 3376 3120 notantur,
3405 3057 3494 3111 ubi
3520 3056 3715 3112 Domi-

2119 3149 2221 3188 nus
2241 3135 2307 3189 ad
2331 3144 2636 3204 serpentem
2667 3138 2742 3191 ait
2769 3156 2782 3191 :
2817 3137 3028 3192 Terram
3053 3142 3286 3196 comedes
3305 3147 3502 3198 cunctis
3524 3147 3716 3201 diebus

2119 3225 2328 3296 (Ibid.),
2358 3227 2460 3281 hoc
2489 3220 2590 3292 est,
2622 3236 2933 3296 peccatores
2957 3227 3009 3282 in
3035 3239 3232 3285 sortem
3267 3239 3413 3286 tuam
3443 3243 3496 3289 et
3527 3235 3715 3304 perdi-

2119 3315 2319 3371 tionem
2357 3317 2563 3382 trabes,
2592 3326 2648 3372 et
2681 3333 2870 3373 eorum
2912 3320 3287 3390 iniquitatibus
3315 3327 3576 3393 pasceris.
3619 3325 3713 3382 Si-

2116 3404 2317 3458 militer
2349 3414 2404 3460 et
2441 3406 2588 3472 illud,
2637 3409 2780 3476 quod
2826 3408 2952 3463 alibi
2995 3410 3224 3480 legitur:
3260 3412 3568 3470 Recedentes
3594 3434 3627 3470 a
3654 3427 3714 3473 te

2114 3494 2170 3545 in
2197 3501 2336 3548 terra
2363 3496 2654 3549 scribentur
2680 3495 2815 3563 (Jer.
2848 3499 3005 3569 xvn),
3033 3500 3084 3553 id
3112 3508 3215 3565 est,
3253 3503 3342 3572 qui
3370 3519 3468 3573 per
3489 3515 3712 3576 aposta-

428 3565 725 3621 Salvatoris
769 3567 1057 3635 signiﬁcat,
1102 3577 1159 3622 ut
1197 3576 1280 3624 est
1319 3569 1447 3624 illud
1478 3587 1489 3622 :
1522 3570 1858 3636 Benedixisti,
1904 3572 2010 3627 Do-
2042 3581 2085 3642 C
2118 3583 2252 3635 siam
2285 3597 2315 3635 a
2357 3591 2408 3636 te
2438 3592 2769 3649 avertantur,
2813 3565 2970 3640 interi
2999 3565 3309 3656 peccatores
3347 3565 3709 3650 cpnnu'mera.

424 3657 584 3719 utine,
609 3666 801 3710 terram
825 3666 968 3710 tuam
991 3670 1010 3709 :
1031 3659 1260 3711 avet-(isti
1282 3661 1628 3725 captivitatem
1649 3662 1812 3713 Jacob
1837 3662 2006 3732 (Psal.

424 3730 668 3815 ιιιιιιν).
707 3745 872 3800 Jacob
916 3748 1059 3800 enim
1093 3749 1401 3814 patriarcha
1440 3748 1707 3818 signiﬁcat
1754 3730 2009 3819 populum

425 3836 674 3900 ﬁdelem,
703 3836 794 3904 qui
825 3835 1082 3889 liberatus
1124 3844 1206 3889 est
1250 3851 1281 3889 a
1320 3837 1627 3905 captivitate
1675 3839 1870 3892 diaboli
1913 3855 2010 3908 per

422 3927 850 3981 incarnationem
883 3926 1196 3981 Salvatoris.
1247 3926 1378 3980 Item
1419 3936 1560 3980 terra
1589 3928 1859 3997 signiﬁcat
1890 3944 2010 3984 san-

420 4027 564 4072 ctam
590 4018 812 4072 Mariam
842 4019 1128 4087 virginem,
1153 4020 1218 4072 de
1238 4033 1342 4085 qua
1366 4017 1624 4071 Dominus
1648 4021 1796 4073 nasci
1822 4021 2008 4090 digna-

419 4120 511 4165 tus
542 4119 645 4166 est.
694 4110 846 4166 Unde
875 4120 957 4164 est
990 4111 1118 4164 illud
1144 4129 1155 4162 :
1189 4108 1393 4162 Veritas
1423 4109 1486 4162 de
1516 4120 1653 4162 terra
1685 4121 1797 4162 orta
1827 4121 1919 4173 est,
1958 4121 2005 4164 et

417 4201 625 4269 justitia
655 4201 719 4253 de
760 4199 883 4254 caelo
921 4198 1179 4269 prospexit
1221 4195 1394 4271 (I’sal.
1436 4198 1675 4266 Lxxxn').
1727 4197 1908 4252 Potest
1953 4207 2007 4252 et

420 4291 580 4344 aliter
609 4291 698 4345 hic
725 4304 917 4344 sensus
950 4289 1191 4358 intelligi.
1254 4288 1461 4341 Veritas
1504 4287 1569 4340 de
1621 4297 1761 4340 terra
1808 4289 2004 4353 oritur,

420 4380 637 4449 quando
673 4377 940 4435 confessio
986 4387 1326 4447 peccatorum
1368 4376 1622 4440 olfertur;
1670 4377 1878 4446 justitia
1938 4380 2004 4432 de

419 4469 559 4525 coelo
579 4469 873 4540 prospexit,
911 4476 1171 4536 quantum
1218 4467 1277 4519 ﬁt
1318 4466 1564 4520 remissio
1615 4477 1998 4535 peccatorum:

415 4563 564 4630 quod
617 4561 671 4615 in
721 4559 998 4614 Publicani
1052 4557 1193 4610 illius
1249 4559 1494 4610 oratione
1543 4560 1787 4625 provenit
1838 4558 1999 4628 (Luc.

418 4651 600 4720 xvnl).
649 4648 868 4704 Veritas
926 4648 1070 4702 enim
1136 4646 1202 4700 de
1267 4653 1408 4699 terra
1455 4653 1572 4698 orta
1615 4654 1698 4698 cst
1731 4686 1747 4710 ,
1790 4648 2002 4713 quando

418 4743 527 4798 ima
563 4741 876 4812 respiciens,
938 4739 1241 4794 conﬁtendo
1285 4747 1502 4806 peccata
1548 4753 1666 4801 sua,
1715 4738 1999 4792 Dominum

416 4834 658 4904 rogavit;
694 4832 903 4901 justitia
934 4845 1062 4884 vero
1111 4828 1176 4882 de
1218 4827 1354 4882 coelo
1402 4827 1694 4896 prospexit,
1746 4842 1867 4880 cum
1910 4829 2001 4880 de-

2112 3673 2331 3726 buntur.
2376 3673 2538 3728 Terra
2567 3715 2581 3740 ,
2619 3677 2855 3731 carnalis
2893 3680 3133 3746 potentia
3159 3721 3173 3742 ,
3223 3689 3282 3734 ut
3332 3683 3385 3736 in
3435 3684 3709 3742 Ecclesia-

2112 3762 2247 3816 stico
2272 3779 2284 3814 :
2312 3761 2450 3825 Quid
2484 3765 2712 3832 superbit
2760 3773 2899 3819 terra
2945 3776 2992 3820 et
3031 3768 3204 3822 cinis?
3240 3769 3368 3840 (Sir.
3411 3771 3491 3843 ι).
3531 3773 3705 3830 Terra

2111 3851 2320 3905 deserta
2359 3853 2585 3922 populus
2625 3852 2954 3921 Judzeorum,
2995 3857 3108 3913 sive
3144 3875 3331 3915 omnes
3364 3873 3704 3931 peccatores,

2109 3952 2168 3995 ut
2208 3942 2260 3996 in
2297 3940 2526 3996 Ieremia
2573 3962 2587 3997 :
2636 3943 2798 3999 Terra
2846 3947 3048 4001 deserta
3098 3960 3145 4001 et
3197 3951 3591 4018 inhabitabilis,
3641 3957 3706 4011 in

2107 4047 2212 4100 qua
2263 4032 2437 4108 nullus
2485 4033 2727 4099 habitat,
2778 4052 2869 4089 nec
2916 4047 3240 4105 pertranseat
3276 4058 3368 4110 per
3405 4059 3521 4096 eam
3550 4045 3705 4112 ﬁlius

2107 4122 2332 4174 hominis
2368 4122 2500 4192 (Jer.
2542 4123 2650 4193 vr),
2689 4126 2741 4178 id
2779 4134 2902 4190 est,
2941 4126 3199 4183 Dominus
3234 4129 3393 4186 Iesus
3425 4131 3701 4192 Christus.

2107 4208 2288 4264 Pulvis
2326 4219 2636 4278 peccatores
2674 4223 2842 4278 sunt,
2892 4216 3031 4269 sicut
3080 4217 3131 4270 in
3181 4217 3315 4272 Isaia
3362 4220 3559 4275 dicitur
3596 4237 3706 4292 pro

2106 4299 2366 4354 diabolo:
2409 4300 2475 4354 Et
2513 4303 2735 4370 serpeni
2781 4302 2951 4371 pulvis
3001 4307 3152 4373 panis
3201 4309 3315 4375 ejus
3356 4308 3489 4376 (Isa.
3542 4310 3698 4380 ων).

2106 4391 2173 4445 Ει
2208 4391 2376 4445 alibi:
2421 4390 2542 4468 Non
2581 4393 2655 4444 sic
2695 4394 2863 4462 impii,
2901 4409 3004 4448 non
3042 4382 3270 4449 εὔαδεά
3298 4407 3548 4467 tanquam
3575 4399 3704 4468 pul-

2102 4483 2178 4534 vis
2217 4479 2386 4550 (Psal.
2426 4479 2487 4549 l).
2533 4467 2730 4536 Lutum
2770 4483 3050 4538 medicina:
3106 4485 3342 4540 caelestis
3389 4467 3654 4556 glutinum
3678 4529 3700 4556 ,

2103 4579 2163 4624 ut
2209 4571 2262 4623 in
2309 4570 2597 4639 Evangelio
2623 4589 2637 4624 :
2665 4571 2857 4625 Lutum
2888 4573 3033 4641 ferit,
3067 4583 3114 4627 et
3149 4575 3316 4629 linivit
3345 4576 3524 4630 oculos
3551 4594 3700 4636 meos

2103 4657 2285 4729 (Joan.
2327 4655 2424 4726 ιιι).
2464 4658 2636 4712 Aliter
2670 4669 3015 4728 peccatorum
3055 4662 3340 4732 glutinum,
3378 4673 3437 4717 ut
3463 4665 3515 4718 in
3543 4664 3700 4719 Psal-

2102 4763 2190 4801 mo
2233 4765 2245 4799 :
2290 4746 2448 4817 Eripe
2496 4764 2576 4801 me
2625 4749 2689 4802 de
2735 4749 2844 4803 luto
2875 4791 2889 4814 ,
2941 4761 2998 4803 ut
3047 4768 3151 4805 non
3189 4753 3472 4807 inlueream
3511 4735 3693 4823 (Ρωι.

2101 4838 2310 4910 valn).
2359 4838 2552 4892 Lutum
2601 4839 2835 4894 adulatio
2881 4842 3203 4910 deceptoris,
3247 4842 3360 4895 sive
3408 4841 3698 4899 haeretico-

418 4924 627 4978 scendit
676 4921 1002 4990 justiﬁcatus
1048 4919 1371 4973 Publicanus
1401 4957 1416 4983 ,
1475 4917 1646 4988 magis
1705 4932 1865 4986 quam
1913 4911 2077 4972 illeD
2107 4945 2223 4982 rum
2271 4930 2405 4984 falsa
2449 4930 2720 4994 deﬁnitio,
2779 4941 2838 4985 υι
2889 4933 2940 4985 in
2986 4932 3313 4986 Ezechiele;
3345 4931 3460 5002 Ipsi
3510 4921 3693 5004 edi/5-

417 5012 743 5066 Pharisaeus.
798 5009 930 5063 Item
976 5017 1118 5062 terra
1168 5008 1462 5061 Ecclesiam
1508 5008 1795 5077 signiﬁcat,
1830 5016 1885 5060 ut
1916 5016 1999 5060 est

419 5103 549 5158 illud
582 5120 594 5155 :
630 5101 836 5156 Domini
881 5109 954 5154 est
995 5109 1132 5153 terra
1183 5099 1352 5170 (Psal.
1388 5099 1564 5170 χχιιι).
1602 5099 1856 5166 Quamvis
1896 5110 2003 5154 tcr—

419 5207 534 5246 ram
581 5199 637 5244 ct
676 5190 730 5242 in
779 5190 920 5243 bono
951 5198 1004 5243 et
1046 5189 1188 5243 malo
1216 5189 1338 5257 poni
1363 5205 1503 5258 saepe
1530 5191 1864 5254 noverimus;
1910 5189 1998 5242 bic

416 5289 600 5335 tamen
625 5278 920 5334 Ecclesium
958 5278 1215 5333 debemus
1253 5279 1553 5339 advertere,
1610 5295 1727 5348 qua:
1769 5281 1997 5334 Domino

417 5371 722 5440 specialiter
754 5387 884 5440 pura
914 5380 1093 5425 mente
1133 5371 1439 5424 famulatur.
1489 5370 1623 5423 Nam
1662 5371 1782 5426 licet
1812 5372 1990 5426 omnia

418 5465 487 5517 ab
521 5465 637 5531 ipso
659 5465 767 5518 sint
799 5466 1045 5529 condita,
1080 5472 1259 5520 tamen
1286 5465 1412 5518 illud
1438 5465 1602 5534 ipsius
1629 5481 1748 5521 esse
1777 5467 1993 5536 proprie

416 5551 664 5617 dicimus,
691 5555 829 5621 quod
852 5570 973 5608 eum
1004 5565 1289 5610 veneratur
1319 5566 1592 5610 auctorem
1627 5575 1639 5609 :
1667 5567 1721 5610 et
1749 5559 1868 5612 ideo
1891 5557 1992 5612 Ec-

419 5641 577 5696 clesia
611 5657 714 5698 non
747 5644 1012 5700 immerito
1051 5645 1322 5704 fructifera
1352 5649 1612 5704 bonorum
1657 5657 1798 5707 terra
1830 5651 1996 5707 susci-

2101 5017 2286 5070 cabant
2308 5019 2558 5087 parietem
2588 5034 2606 5070 :
2637 5019 2717 5073 illi
2763 5030 2934 5073 autem
2972 5019 3221 5074 liniebant
3261 5037 3380 5075 eum
3429 5021 3540 5075 luto
3566 5023 3696 5079 aba-

2097 5124 2196 5179 que
2242 5119 2642 5180 temperamento
2691 5110 2906 5182 (Ezech.
2947 5110 3092 5182 xm).

2706 5221 2934 5276 CAPUT
2990 5222 3053 5275 II.

2746 5291 2824 5344 De
2874 5292 3015 5345 orbe.

2167 5381 2327 5436 Orbis
2359 5397 2388 5434 a
2425 5381 2752 5436 rotunditate
2788 5383 2975 5437 circuli
3013 5385 3207 5448 dictus,
3236 5382 3358 5452 quia
3392 5383 3532 5439 sicut
3559 5393 3686 5443 rota

2096 5477 2199 5524 est.
2265 5471 2393 5532 Inde
2451 5469 2628 5524 brevis
2675 5472 2836 5524 etiam
2890 5472 3078 5527 rotella
3129 5473 3400 5528 orbiculus
3444 5475 3687 5544 appella-

2096 5567 2203 5614 tur.
2256 5560 2501 5629 Undique
2550 5561 2692 5614 enim
2748 5562 3126 5616 circumﬂuens
3174 5562 3417 5619 Oceanus
3464 5565 3582 5634 ejus
3621 5565 3682 5620 in

2097 5651 2325 5709 circuitu
2381 5649 2550 5706 ambit
2602 5649 2755 5708 ﬁnes.
2821 5650 3101 5722 Signiﬁcat
3156 5667 3285 5723 ergo
3341 5661 3432 5706 au'
3501 5659 3680 5707 totum
