3930 6334
238 408 344 466 333

1232 393 1322 453 DE
1359 381 1707 452 UNIVERSO
1743 376 1922 436 LIBRI
1963 373 2220 430 XXIL—
2253 368 2380 425 LIB.
2422 366 2539 421 XII.

3404 351 3515 410 33L

242 515 505 576 mundum
545 515 698 586 juxta
745 510 1027 566 historiam
1053 548 1068 575 ,
1116 516 1209 564 aut
1230 547 1243 570 ,
1276 504 1430 573 iuxta
1483 495 1822 568 allegoriam.
1855 499 1903 557 A
1930 485 2016 540 liis
2036 483 2148 537 Noe
2174 480 2498 581 seminatum
2529 475 2709 586 fuitin
2747 472 2965 586 mppdo,
2994 469 3519 586 ferrpentuanva'n-

247 699 440 769 impios
465 736 482 761 ,
539 695 629 763 qui
677 693 986 762 frequenter
1035 697 1194 742 terrm
1237 683 1596 756 appellatione
1646 677 1830 734 decla-

249 796 459 844 rantur.
513 784 589 839 De
629 785 824 854 quibus
871 779 1156 837 Psalmista
1194 778 1310 832 ait:
1343 772 1610 830 Judicabit
1659 769 1834 823 orbem

247 889 404 936 terra:
455 878 511 932 in
543 877 753 947 justitia
800 870 974 945 (Psal.
1021 870 1120 942 Ix).
1178 869 1224 923 A
1276 866 1503 922 Domino
1557 857 1834 930 judicandi

251 980 422 1035 sunt,
476 969 569 1039 qui
628 966 924 1037 pertinacia
981 977 1078 1018 sua
1131 960 1278 1016 nulla
1329 955 1648 1013 remissione
1698 953 1834 1006 libe-

252 1068 464 1115 rantur.
510 1056 742 1126 Populus
797 1060 978 1108 autem
1020 1050 1287 1121 signiﬁcat
1327 1062 1441 1110 eos,
1488 1043 1580 1114 qui
1626 1058 1692 1098 ex
1733 1041 1836 1096 He-

252 1148 416 1203 braeis
464 1145 645 1200 ﬁdeles
689 1143 895 1213 probati
941 1149 1086 1207 sunt,
1142 1148 1197 1193 et
1239 1137 1328 1208 qui
1383 1133 1560 1191 devoti
1601 1148 1664 1189 ex
1710 1145 1837 1202 gen-

253 1238 399 1291 tibus
440 1235 789 1289 advenerunt.
843 1229 1244 1301 Requirendum
1286 1235 1371 1282 est
1409 1241 1561 1290 sane,
1603 1223 1744 1293 quod
1783 1230 1838 1277 et

253 1327 347 1382 hic
381 1327 579 1382 “orbem
629 1332 897 1378 terrarum
943 1323 1116 1386 dicat,
1160 1328 1210 1375 et
1262 1319 1315 1373 in
1367 1316 1581 1371 Psalmo
1628 1321 1834 1383 ponat:

251 1397 541 1470 illuxerunt
583 1410 794 1482 fulgura
830 1412 943 1480 ejus
981 1411 1095 1464 orbi
1132 1418 1286 1462 terra:
1324 1404 1497 1476 (I’sal.
1537 1395 1743 1474 tum),
1784 1410 1842 1456 et

255 1505 311 1560 in
343 1506 463 1560 aliis
499 1503 745 1574 plurimis
783 1500 914 1554 locis
953 1499 1067 1568 ipso
1104 1498 1377 1552 schemate
1413 1503 1610 1548 terram
1660 1489 1840 1560 perhi-

253 1595 382 1652 beat
422 1609 540 1649 esse
593 1593 934 1655 conclusam;
999 1589 1298 1655 iterumque
1349 1582 1676 1639 centesimus
1719 1591 1842 1635 sex-

254 1696 345 1742 tus
389 1685 633 1740 Psalrnus
670 1691 902 1752 quatuor
945 1679 1254 1735 cardinibus
1291 1685 1448 1732 terrae
1484 1674 1653 1744 spatia
1695 1687 1842 1728 com-

253 1777 560 1848 prehendit,
612 1775 838 1828 dicens:
870 1773 910 1825 Α
955 1771 1079 1824 solis
1119 1779 1236 1824 ortu
1274 1777 1321 1822 et
1351 1782 1560 1830 occasu,
1599 1764 1663 1819 ab
1685 1763 1837 1835 aqui-

1930 575 2114 646 gelica:
2141 572 2398 628 doctrina:
2427 569 2481 622 in
2506 566 2756 622 cordibus
2794 563 3030 618 ﬁdelium
3073 560 3380 625 abscondit,
3424 559 3520 614 do—

1931 755 2213 811 scientiam
2241 750 2536 822 spiritalem
2561 755 2902 805 converteret
2939 745 2994 800 in
3024 743 3229 799 cultum
3261 749 3317 798 et
3351 738 3523 797 servi-

1934 843 2067 898 tium
2096 843 2213 898 Dei.

2539 927 2768 986 CAPUT
2825 925 2912 981 111.

2533 1020 2610 1074 De
2647 1017 2918 1091 paradiso.

2003 1115 2297 1173 Paradisus
2332 1122 2417 1170 est
2452 1111 2602 1168 locus
2645 1110 2698 1163 in
2747 1105 2984 1162 Orientis
3029 1102 3274 1173 partibus
3320 1102 3524 1157 constio

1937 1220 2106 1275 tutus,
2145 1209 2300 1278 cujus
2337 1202 2657 1260 vocabulum
2693 1215 2762 1255 ex
2799 1197 2986 1254 Grzeco
3028 1196 3082 1249 in
3119 1194 3371 1249 Latinum
3404 1208 3528 1247 ver-

1939 1305 2108 1365 titur,
2149 1302 2349 1354 hortus.
2403 1297 2574 1352 Porro
2622 1293 2883 1348 llebraicc
2919 1290 3067 1345 Eden
3107 1287 3341 1352 dicitur,
3382 1285 3530 1356 quod

1939 1391 1994 1444 in
2054 1389 2235 1457 lingua
2303 1394 2489 1441 nostra
2555 1383 2793 1447 delicire,
2867 1381 3255 1448 interpretatur
3313 1393 3325 1429 :
3381 1373 3527 1444 quod

1941 1487 2234 1547 utrumque
2281 1475 2529 1546 junctum
2597 1473 2727 1528 facit
2776 1472 2992 1526 hortum
3043 1466 3377 1522 deliciarum.
3433 1464 3534 1518 Est

1939 1567 2086 1622 enim
2135 1564 2284 1621 omni
2337 1578 2533 1634 genere
2577 1561 2710 1632 ligni
2747 1557 2821 1615 et‘
2845 1558 3229 1630 pomiferarum
3273 1555 3532 1609 arborum

1941 1657 2212 1720 consitus,
2257 1654 2476 1710 habens,
2509 1653 2673 1708 etiam
2723 1659 2777 1706 et
2824 1651 3029 1720 lignum
3069 1648 3194 1702 vitae
3227 1666 3240 1702 :
3282 1661 3391 1702 non
3429 1644 3529 1700 fri-

1942 1762 2042 1820 gus
2067 1787 2082 1812 ,
2122 1761 2228 1802 non
2263 1754 2459 1810 astus,
2500 1745 2595 1798 sed
2636 1749 2890 1812 perpetua
2925 1741 3071 1795 veris
3107 1738 3428 1808 temperies,
3463 1753 3533 1792 ex

253 1829 376 1922 lane
408 1877 457 1920 et
493 1866 627 1919 mari
662 1861 834 1935 (Psal.
878 1861 1021 1931 cvi);
1063 1859 1212 1930 cujus
1255 1857 1333 1913 rei
1371 1854 1834 1911 evidentissimum

1961 1839 2090 1910 :ujus
2122 1837 2300 1893 medio
2337 1835 2458 1891 fons
2495 1844 2868 1905 prorumpens,
2909 1840 3077 1886 totum
3104 1844 3297 1885 nemus
3321 1829 3529 1897 irrigat,

252 1969 473 2025 quoque
497 1951 768 2022 Evangelii
794 1960 973 2004 exstat
1005 1947 1329 2016 exemplum,
1358 1945 1447 1999 ubi
1477 1943 1608 2000 dicit
1632 1960 1644 1996 :
1670 1941 1843 1996 Emit-

254 2053 327 2097 tet
371 2042 581 2112 angelos
630 2057 750 2094 suos
796 2056 909 2092 cum
949 2037 1073 2090 tuba
1116 2045 1165 2090 et
1203 2051 1322 2089 voce
1367 2049 1578 2102 magna,
1623 2040 1671 2084 et
1718 2046 1844 2083 con—

251 2135 491 2204 gregabit
535 2151 566 2186 a
611 2139 838 2203 quatuor
893 2127 1102 2198 angulis
1159 2136 1313 2181 terra:
1383 2123 1610 2196 (Matth.
1661 2121 1844 2192 xxxv).

259 2224 416 2281 Unde
451 2226 646 2279 merito
678 2223 887 2276 aestimo
925 2219 1366 2289 perquirendum,
1394 2213 1848 2287 quemadmodum

257 2325 418 2370 terra:
463 2313 636 2383 possit
690 2319 746 2366 et
805 2308 1090 2380 quadratio
1134 2317 1190 2362 et
1234 2305 1468 2361 circulus
1518 2301 1848 2367 convenire,

255 2405 385 2458 dum
410 2405 686 2458 schemata
709 2401 818 2470 ipsa
841 2399 1002 2470 (sicut
1020 2397 1330 2469 geometrici
1366 2394 1573 2466 dicunt)
1605 2394 1852 2466 judican-

255 2506 347 2552 tur
368 2512 490 2552 esse
513 2495 743 2549 diversa.
769 2491 1020 2547 Formam
1045 2490 1334 2564 terrmideo
1351 2486 1628 2557 Scriptura
1665 2489 1854 2542 orbem

257 2596 436 2652 vocat,
461 2602 527 2641 eo
564 2584 705 2655 quod
729 2581 1140 2652 respicientibus
1161 2564 1554 2634 estremitatem
1587 2575 1703 2645 ejus
1748 2575 1857 2631 cir-

256 2678 412 2736 culus
426 2690 639 2747 semper
651 2683 891 2746 apparet,
909 2669 1066 2741 quem
1080 2669 1340 2725 circulum
1364 2666 1536 2722 Grtcci
1570 2666 1856 2721 horizonta

261 2777 477 2826 vocant.
505 2768 744 2835 Quatuor
764 2773 944 2819 autem
965 2759 1273 2817 cardinibus
1287 2773 1405 2814 eam
1435 2757 1656 2812 formari
1691 2756 1853 2820 dicit;

261 2860 388 2931 quia
417 2866 651 2928 quatuor
677 2856 922 2912 cardines
960 2863 1192 2924 quatuor
1229 2851 1452 2923 angulos
1500 2851 1745 2920 quadrati
1786 2850 1859 2904 si—

263 2952 544 3023 gniﬁcaut,
592 2951 684 3020 qui
726 2950 868 3003 intra
906 2947 1222 3017 prtedictum
1261 2953 1417 2998 terra:
1440 2943 1699 2998 circulum
1723 2957 1856 2996 con-

266 3045 525 3099 tinentur.
581 3041 717 3095 Nam
768 3041 813 3095 si
851 3040 920 3094 ab
957 3036 1194 3092 Orientis
1231 3035 1449 3090 cardine
1497 3034 1550 3088 in
1601 3033 1858 3086 Austrum

263 3144 320 3189 et
357 3135 413 3187 in
450 3130 773 3201 Aquilonem
813 3127 1052 3198 singulas
1091 3135 1268 3182 rectas
1307 3125 1476 3178 lineas
1522 3122 1688 3177 ducas
1731 3140 1744 3176 :
1787 3122 1860 3178 si-

266 3221 467 3276 militer
515 3234 730 3290 quoque
768 3227 825 3274 et
859 3218 903 3272 si
947 3216 1015 3271 ab
1043 3215 1350 3271 Occidentis
1380 3215 1598 3268 cardine
1627 3215 1693 3268 ad
1720 3230 1858 3284 pra:-

267 3308 439 3364 dictos
469 3307 736 3371 cardines,
769 3306 822 3361 id
848 3314 932 3361 est
951 3306 1211 3359 Austrum
1239 3312 1292 3359 ct
1313 3304 1654 3372 Aquilonem,
1678 3305 1861 3374 singu-

267 3398 348 3454 las
394 3408 572 3453 rectas
625 3397 796 3452 lineas
855 3395 1046 3450 tendas
1091 3413 1103 3448 :
1155 3394 1287 3448 facis
1334 3393 1654 3463 quadratum
1705 3401 1861 3446 terrm

269 3497 410 3542 intra
448 3489 634 3542 orbem
693 3486 1027 3556 przedictum.
1099 3483 1205 3539 Sed
1252 3484 1520 3551 quomodo
1567 3483 1862 3552 quadratus

269 3565 372 3634 iste
410 3579 863 3637 demonstrativus
911 3578 1054 3632 inter
1101 3577 1365 3632 circulum
1419 3577 1584 3632 scribi
1633 3575 1860 3640 debeat,

271 3669 519 3724 Euclides
575 3669 630 3723 in
677 3677 870 3738 quarto
933 3667 1074 3723 libro
1117 3667 1520 3736 Elementorum
1587 3666 1865 3721 evidenter

271 3759 512 3814 insinuat
540 3777 554 3812 :
588 3768 918 3828 quapropter
956 3767 1100 3812 recte
1128 3756 1408 3826 Scriptura
1445 3765 1633 3810 sancta
1667 3754 1862 3809 facient

271 3860 433 3905 terra:
457 3860 514 3906 et
540 3852 726 3906 orbem
755 3858 933 3914 vocat,
959 3859 1015 3905 et
1038 3859 1271 3918 quatuor
1305 3865 1424 3904 eam
1470 3849 1600 3902 dicit
1632 3848 1866 3902 cardini-

273 3942 374 3994 bus
403 3939 690 3994 contineri.
744 3939 956 3994 Divisus
996 3948 1082 3994 cst
1122 3949 1302 3993 autem
1348 3937 1577 4002 trifarie,
1613 3951 1640 3989 a
1673 3936 1865 4005 quibus

273 4045 381 4083 una
415 4047 544 4098 pars
571 4031 719 4094 Asia,
757 4031 928 4085 altera
967 4030 1204 4099 Europa,
1248 4029 1402 4084 tertia
1435 4027 1616 4082 Africa
1653 4042 1864 4080 nuncu-

274 4131 476 4191 patur:
516 4137 651 4191 quas
692 4131 801 4177 tres
837 4131 1020 4191 partes
1064 4122 1212 4176 orbis
1250 4129 1465 4175 veteres
1504 4136 1608 4174 non
1647 4119 1865 4189 mquali-

275 4217 358 4265 ter
397 4210 718 4264 diviserunt.
766 4209 901 4263 Nam
940 4210 1066 4263 Asia
1118 4225 1148 4262 a
1190 4209 1414 4263 meridie
1453 4222 1551 4276 per
1589 4206 1867 4261 Orientem

276 4315 447 4369 usque
480 4298 913 4369 Septentrionem
951 4299 1232 4368 pervenit:
1261 4298 1474 4365 Europa
1521 4311 1651 4351 vero
1691 4311 1722 4349 a
1772 4294 1868 4349 Se-

275 4390 586 4461 ptentrione
617 4404 785 4458 usque
805 4388 1151 4445 Occidentem
1177 4406 1190 4442 :
1219 4397 1380 4457 atque
1403 4387 1583 4441 Ali-lca
1617 4387 1684 4440 ab
1716 4385 1871 4442 Occi-

1944 1928 2306 1995 dividiturque
2362 1926 2416 1979 in
2463 1932 2696 1994 quatuor
2759 1921 3039 1978 nascentia
3085 1919 3326 1975 ﬁumina.
3365 1918 3532 1989 Cujus

1944 2026 2067 2088 post
2090 2024 2372 2086 peccatum
2396 2013 2630 2069 hominis
2655 2014 2834 2067 aditus
2858 2011 3180 2065 interclusus
3207 2017 3311 2066 est.
3334 2007 3535 2080 Septus

1946 2117 2031 2165 est
2065 2109 2208 2164 enim
2237 2106 2474 2184 undique
2501 2105 2771 2175 romphaea
2812 2102 3079 2167 flammea,
3128 2101 3183 2157 id
3228 2109 3332 2166 est,
3379 2116 3537 2156 muro

1947 2198 2104 2269 igneo
2127 2198 2402 2252 accinctus
2434 2195 2553 2250 :‘ita
2582 2203 2640 2248 ut
2668 2194 2786 2264 ejus
2807 2192 2946 2248 coelo
2974 2206 3112 2261 pene
3135 2191 3330 2262 jungat
3358 2191 3540 2246 incert-

1949 2289 2118 2344 dium.
2166 2286 2456 2343 Cherubim
2485 2299 2722 2355 quoque,
2758 2283 2812 2338 id
2853 2292 2955 2348 est,
2997 2281 3311 2353 angelorum
3355 2281 3541 2350 ιιι-επεὶ-

1950 2379 2097 2435 dium
2125 2377 2375 2433 arcendis
2415 2375 2694 2445 spiritibus
2733 2373 2891 2428 malis
2935 2386 3099 2442 super
3133 2372 3406 2442 romphaea
3447 2369 3544 2427 lla-

1952 2467 2128 2539 granti
2157 2467 2468 2522 ordinatum
2505 2472 2587 2520 est
2614 2479 2628 2518 :
2653 2471 2712 2518 ut
2750 2463 2995 2519 homines
3030 2461 3283 2528 flammae,
3322 2462 3545 2533 angelos

1951 2573 2083 2614 vero
2106 2557 2279 2613 malos
2307 2555 2480 2628 angeli
2507 2554 2884 2619 submoveant,
2913 2568 2980 2608 ne
3006 2553 3093 2608 cui
3121 2553 3274 2607 carni
3310 2551 3392 2606 vel
3432 2552 3547 2623 spi-

1955 2649 2081 2705 ritui
2115 2648 2559 2718 transgressionis
2595 2647 2773 2701 aditus
2808 2644 3046 2715 paradisi
3081 2653 3284 2714 pateat.
3326 2643 3550 2700 Paradi-

1956 2756 2072 2806 sus,
2098 2739 2151 2795 ld
2176 2745 2260 2794 est
2285 2739 2477 2794 hortus
2503 2735 2839 2800 deliciarum,
2864 2735 3090 2805 mystice
3117 2741 3211 2787 aut
3248 2732 3547 2788 Ecclesiam

1956 2837 2277 2901 praesentem
2309 2827 2598 2899 signiﬁcat,
2627 2833 2722 2880 aut
2747 2834 2946 2879 terram
2975 2823 3292 2887 viventium,
3337 2822 3428 2877 ubi
3473 2823 3550 2878 illi

1959 2920 2051 2991 qui
2083 2928 2363 2973 merentur
2393 2934 2490 2988 per
2524 2916 2683 2972 ﬁdem
2721 2924 2924 2970 rectam
2974 2923 3030 2970 et
3074 2915 3213 2970 bona
3258 2928 3423 2984 opera
3465 2914 3551 2968 vi-

1961 3013 2100 3068 cturi
2127 3019 2252 3067 sunt
2279 3011 2332 3065 in
2358 3019 2699 3082 perpetuum.
2745 3009 2820 3062 De
2860 3022 2966 3078 quo
3000 3007 3262 3062 Dominus
3290 3008 3356 3061 ad
3379 3005 3548 3060 latro-

1964 3118 2088 3158 nem
2116 3102 2170 3156 in
2202 3116 2363 3157 cruce
2395 3099 2739 3155 conﬁtentem
2768 3099 2844 3152 ait
2878 3121 2890 3151 :
2925 3099 3091 3152 Amen
3130 3097 3246 3151 dico
3287 3097 3418 3162 tibi,
3454 3097 3553 3150 lto—

1886 3173 1929 3236 (ἶ
1961 3192 2045 3249 die
2073 3208 2273 3246 mecum
2312 3192 2415 3245 eris
2445 3192 2501 3245 in
2537 3191 2785 3260 paradiso
2823 3187 2975 3260 (Luc.
3018 3187 3197 3260 χχιιι).
3246 3186 3420 3240 Aliter
3458 3201 3556 3239 au-

1963 3290 2072 3336 tem
2102 3281 2388 3351 paradisus
2419 3280 2501 3352 (ut
2527 3279 2784 3351 diximus)
2808 3277 3076 3350 signiﬁcat
3097 3285 3339 3333 sanctam
3366 3276 3558 3331 Eccle-

1962 3374 2120 3437 siam,
2157 3374 2222 3428 de
2258 3388 2364 3443 qua
2404 3373 2457 3426 in
2498 3371 2696 3428 Genesi
2739 3371 3001 3440 scriptum
3045 3377 3129 3425 est
3167 3385 3181 3423 :
3215 3367 3557 3423 Plantaverat

1963 3461 2221 3517 Dominus
2243 3462 2384 3516 Deus
2405 3462 2712 3532 paradisum
2738 3461 3017 3530 voluptatis
3050 3477 3082 3513 a
3102 3459 3371 3532 'priucipio
3401 3455 3554 3529 (Cen.

1965 3552 2046 3624 ιι).
2085 3551 2375 3607 Paradisus
2394 3551 2634 3608 Ecclesia
2660 3560 2743 3606 est
2769 3569 2782 3604 :
2807 3552 2884 3605 sic
2914 3551 2980 3605 de
3009 3550 3100 3604 illa
3122 3549 3317 3619 legitur
3342 3549 3397 3603 in
3421 3548 3559 3603 Can-

1966 3645 2087 3700 ticis
2105 3645 2441 3699 canticorum
2468 3661 2480 3693 :
2510 3642 2713 3697 Hortus
2737 3642 3014 3695 conclusus
3045 3657 3196 3694 soror
3217 3657 3331 3695 mea
3365 3657 3555 3710 sponsa

1967 3733 2142 3806 (Cant.
2181 3733 2277 3806 ιν).
2322 3735 2369 3788 A
2411 3733 2677 3804 principio
2711 3741 2893 3786 autem
2925 3731 3198 3800 plantatur
3222 3730 3506 3801 paradisus
3541 3747 3555 3783 ε

1966 3829 2092 3897 quia
2122 3827 2363 3883 Ecclesia
2383 3826 2659 3882 Catholica
2685 3841 2714 3879 a
2739 3825 2957 3879 Christo
2973 3865 2987 3890 ,
3011 3824 3104 3884 qui
3130 3832 3208 3877 est
3234 3823 3560 3893 principium

1965 3920 2227 3982 omnium,
2253 3919 2467 3972 condita
2499 3932 2620 3972 esse
2650 3915 3013 3986 cognoscitur.
3056 3913 3278 3968 Fluvius
3307 3913 3372 3968 de
3397 3928 3563 3983 para-

1966 4010 2083 4065 diso
2108 4012 2294 4064 exiens
2319 4009 2606 4080 imaginem
2635 4015 2817 4077 portat
2841 4006 3043 4062 Christi
3064 4005 3131 4060 de
3155 4015 3380 4075 paterno
3411 4005 3561 4062 fonte

1967 4100 2224 4166 fluminis,
2257 4101 2348 4172 qui
2385 4088 2575 4170 irrigat
2594 4099 2891 4154 Ecclesiam
2927 4112 3081 4153 suam
3104 4100 3271 4152 verbo
3299 4098 3561 4170 pradica-

1969 4195 2150 4259 tionis,
2178 4201 2233 4247 ct
2255 4193 2395 4247 dono
2416 4190 2690 4260 baptismi.
2738 4190 2813 4244 De
2850 4205 2956 4259 quo
3002 4193 3140 4246 bene
3186 4205 3284 4261 per
3317 4190 3562 4261 Prophe-

1969 4297 2081 4342 tam
2120 4285 2318 4341 dicitur
2341 4301 2354 4337 :
2379 4282 2636 4336 Dominus
2673 4281 2814 4335 Deus
2858 4290 3035 4335 noster
3069 4283 3261 4351 ﬂuvius
3301 4281 3561 4351 gloriosus

1970 4378 2214 4432 exsiliens
2249 4377 2302 4429 in
2340 4383 2534 4428 terram
2571 4373 2851 4427 sitientem.
2893 4371 3046 4439 Quod
3072 4382 3302 4442 quatuor
3329 4373 3564 4428 ﬂumini-

274 4482 436 4537 dente
464 4495 637 4549 usque
663 4481 728 4534 ad
761 4480 1056 4533 Meridicm.
1095 4479 1245 4534 Unde
1277 4479 1555 4532 evidenter
1583 4478 1768 4533 urbem
1790 4477 1870 4530 di-
1895 4510 1949 4569 Β
1974 4469 2074 4523 bus
2105 4469 2169 4569 de
2195 4466 2445 4535 paradiso
2465 4463 2864 4569 ςβξθξὶἱθηιὶὺιιξ
2887 4472 3030 4566 terra
3056 4464 3264 4532 rigatur
3290 4478 3306 4518 :
3332 4464 3563 4569 solidum

279 4574 502 4627 midinm
541 4573 662 4627 dua:
700 4581 901 4638 tenent,
935 4572 1146 4641 Europa
1187 4579 1241 4626 et
1285 4571 1467 4625 Africa
1493 4585 1507 4623 :
1531 4570 1693 4623 alium
1742 4585 1870 4623 vero

279 4662 561 4717 dimidium
592 4661 704 4717 sola
728 4662 875 4717 Asia.
920 4659 1026 4716 Sed
1056 4662 1172 4715 iste
1193 4659 1312 4714 duae
1350 4659 1470 4714 ideo
1505 4667 1686 4728 partes
1717 4656 1872 4712 facta:

280 4762 424 4817 sunt,
469 4754 597 4822 quia
643 4753 784 4806 inter
811 4761 1068 4820 utrasque
1093 4751 1162 4806 ab
1192 4748 1407 4805 Oceano
1439 4763 1589 4803 mare
1619 4747 1869 4816 Magnum

281 4843 605 4913 ingreditur,
651 4842 794 4913 quod
846 4857 940 4896 eas
983 4841 1295 4895 intersecat.
1351 4839 1685 4907 Quapropter
1732 4839 1777 4892 si
1817 4838 1869 4891 in

281 4933 416 4986 duas
461 4941 645 5000 partes
692 4929 928 4987 Orientis
970 4937 1025 4984 et
1066 4928 1372 4984 Occidentis
1411 4928 1594 4982 orbem
1641 4927 1869 4990 dividas,

280 5022 411 5078 Asia
457 5023 560 5077 erit
603 5023 656 5076 in
702 5038 828 5088 una,
881 5023 933 5077 in
979 5022 1147 5076 altera
1186 5021 1398 5089 Europa
1427 5029 1481 5073 et
1512 5017 1712 5074 Africa.
1751 5017 1870 5072 [stre

285 5119 398 5165 tres
428 5119 613 5180 partes
637 5119 806 5165 totum
836 5112 1128 5165 humanum
1162 5126 1331 5181 genus
1362 5125 1484 5164 cum
1515 5108 1724 5171 insulis,
1753 5122 1872 5177 qua:

287 5200 370 5255 his
397 5201 667 5270 adjacent,
699 5200 996 5255 continent.
1021 5199 1090 5254 Et
1117 5200 1256 5255 bene
1293 5199 1463 5253 tribus
1493 5198 1735 5268 partibus
1765 5197 1874 5252 dis-

290 5293 490 5347 tinctus
527 5300 612 5346 est
636 5290 804 5354 orbis,
835 5291 927 5360 qui
962 5299 1162 5347 sancta:
1192 5289 1472 5345 Trinitatis
1501 5289 1604 5351 ﬁde
1631 5288 1874 5342 imbuen-

287 5380 386 5436 dus
433 5390 595 5444 erat,
646 5389 704 5435 et
748 5380 1069 5451 Evangelico
1125 5383 1445 5435 documento
1506 5379 1873 5433 instruendus.

293 5466 440 5525 Unde
483 5470 685 5541 legitur
733 5469 788 5523 in
827 5468 1079 5538 parabola
1126 5466 1422 5522 Salvatoris
1463 5467 1677 5539 (Matth.
1723 5466 1874 5536 xm),

289 5560 426 5630 quod
451 5560 652 5614 mulier
693 5567 973 5629 acceptum
1008 5557 1328 5614 fermentum
1373 5557 1656 5613 abscondit
1699 5557 1752 5610 in
1796 5555 1876 5610 fa-

285 5651 413 5708 rinae
433 5652 569 5708 satis
597 5650 797 5714 tribus,
824 5651 995 5707 donec
1023 5650 1444 5706 fermentaretur
1467 5658 1659 5714 totum,
1689 5649 1740 5703 id
1773 5657 1876 5713 est,

280 5749 465 5801 sancta
507 5739 760 5798 Ecclesia
801 5740 1034 5795 humano
1071 5739 1279 5811 generi,
1315 5739 1454 5808 quod
1489 5753 1554 5794 cx
1597 5738 1768 5793 tribus
1819 5736 1878 5790 ﬁ-

1974 4559 2171 4613 mentis
2198 4565 2397 4612 nostra:
2415 4555 2702 4610 tediﬁcium
2729 4555 3034 4624 prudentia,
3055 4555 3432 4625 temperantia,
3451 4555 3563 4610 for-

1973 4648 2147 4704 titudo
2173 4689 2186 4713 ,
2231 4646 2444 4716 justitia
2486 4644 2778 4700 continet:
2818 4645 2944 4713 quia
2994 4652 3228 4714 quatuor
3272 4644 3568 4700 virtutibus

1976 4746 2085 4791 tota
2125 4736 2249 4790 boni
2288 4734 2471 4804 operis
2503 4741 2774 4788 structura
2814 4734 3110 4803 consurgit.
3153 4732 3399 4800 Quatuor
3437 4747 3567 4802 ergo

1972 4826 2205 4896 paradisi
2245 4824 2464 4879 ﬂumina
2496 4833 2699 4879 terram
2734 4825 2993 4893 irrigant;
3043 4825 3170 4895 quia
3213 4825 3341 4880 dum
3387 4825 3440 4878 in
3481 4826 3567 4879 liis

1974 4926 2205 4988 quatuor
2241 4916 2531 4971 virtutibus
2567 4931 2662 4971 cor
2697 4915 3028 4982 infunditur,
3063 4919 3131 4971 ab
3169 4917 3315 4971 omni
3353 4915 3568 4971 deside-

1978 5009 2180 5064 riorum
2215 5007 2510 5063 carnalium
2538 5015 2672 5062 testu
2709 5015 3058 5077 temperatur.
3108 5005 3241 5062 Item
3280 5005 3570 5075 allegorice

1978 5108 2210 5170 quatuor
2263 5099 2499 5167 paradisi
2549 5097 2768 5153 ﬁumina
2818 5107 3050 5167 quatuor
3095 5105 3222 5152 sunt
3276 5096 3568 5167 Evangelia

1980 5192 2046 5245 ad
2077 5191 2510 5260 praedicationem
2545 5189 2598 5243 in
2639 5189 2850 5244 eunetis
2889 5188 3138 5259 gentibus
3166 5189 3354 5243 missa.
3397 5187 3568 5257 Ligna

1980 5279 2257 5337 fructifera
2289 5295 2478 5336 omnes
2515 5281 2688 5335 sancti
2727 5288 2894 5335 sunt:
2923 5278 3130 5333 fructus
3159 5293 3368 5343 eorum,
3405 5291 3569 5346 opera

1981 5388 2187 5428 eorum.
2244 5371 2471 5441 Lignum
2523 5372 2688 5436 vitae,
2747 5378 2967 5425 sanctus
3011 5377 3325 5425 sanctorum
3381 5368 3571 5437 utique

1979 5461 2246 5526 Christus,
2296 5461 2362 5516 ad
2393 5458 2560 5530 quem
2614 5461 2841 5530 quisque
2892 5459 2936 5514 si
2973 5458 3279 5530 porrexerit
3325 5472 3565 5522 manum,

1981 5554 2124 5607 vivet
2167 5553 2220 5606 in
2269 5561 2549 5606 mternnm.
2600 5551 2827 5621 Ligmnn
2868 5559 3048 5604 autem
3088 5548 3331 5604 scientiae
3359 5547 3485 5602 boni
3516 5555 3572 5602 et

1983 5643 2147 5709 mali,
2193 5644 2470 5713 proprium
2513 5651 2594 5698 est
2633 5641 2925 5698 voluntatis
2969 5640 3284 5704 arbitrium;
3323 5637 3464 5708 quod
3517 5635 3571 5689 in

1984 5733 2161 5788 medio
2194 5734 2362 5790 nosu-i
2401 5741 2480 5790 est
2514 5734 2748 5803 positum
2789 5732 2855 5787 ad
2901 5728 3322 5800 dignosccndum
3371 5728 3573 5782 bonum
