3930 6340
460 387 567 445 555

1115 391 1175 444 Β.
1218 391 1465 445 ΙὶΛΒᾹΝΙ
1505 392 1721 446 MAURI
1757 392 2073 446 ARCIIIEP.
2116 392 2421 450 MOGUNT.
2461 396 2744 452 OPERUM
2782 398 2959 453 PARS
2998 398 3060 453 ll.

3605 402 3709 455 55G

452 507 539 563 vel
572 503 789 561 malum.
847 506 920 560 De
946 520 1053 574 quo
1091 506 1204 575 qui,
1246 506 1429 561 relicta
1474 508 1643 562 eratia
1682 507 1798 575 Dei,
1850 517 2032 577 gusta-
2057 512 2105 573 Α
2138 509 2442 578 Nembrotft,
2475 514 2576 568 hoc
2604 526 2707 578 est,
2748 516 2801 568 in
2835 518 3176 572 damnatione
3218 516 3433 572 diaboli.
3491 516 3713 585 Assyria

435 597 625 661 iverit,
682 610 786 649 mor
802 603 851 649 te
894 595 1171 648 morietur.

1058 683 1283 739 CAPUT
1325 685 1413 739 IV.

1012 772 1090 826 De
1146 774 1459 841 regionibus.

516 861 667 920 India
701 871 889 918 vocata
920 861 986 915 ab
1021 862 1149 915 Indo
1181 860 1418 927 flumine,
1451 877 1559 931 quo
1589 878 1655 918 ex
1690 873 1842 932 parte
1870 863 2024 919 Occi-

450 953 648 1008 dentali
672 951 954 1005 clauditur.
1006 948 1132 1004 Ilaec
1172 964 1202 1002 a
1247 949 1539 1004 Meridiano
1588 951 1724 1004 mari
1771 960 2023 1019 porrecta

448 1058 618 1111 usque
653 1042 718 1095 ad
754 1040 943 1095 Ortum
976 1040 1125 1103 solis,
1166 1047 1220 1093 et
1248 1053 1277 1091 a
1316 1038 1713 1108 Septentrione,
1755 1054 1924 1108 usque
1954 1040 2022 1093 ad

448 1142 687 1188 montem
727 1131 1024 1185 Caucasum
1063 1129 1327 1199 pervenit,
1366 1129 1567 1182 habens
1605 1136 1792 1197 gentes
1826 1128 2023 1182 multas

446 1230 501 1276 et
549 1221 781 1291 oppida:
817 1220 1041 1273 insulam
1090 1234 1301 1286 quoque
1350 1218 1665 1286 Taprobaue
1702 1219 1927 1287 gemmis
1970 1227 2025 1272 et

447 1312 746 1379 elephantis
792 1310 1067 1374 refertam,
1101 1308 1362 1378 Chrysam
1391 1317 1445 1363 et
1476 1308 1737 1379 Argyrem
1777 1324 1910 1363 auro
1939 1325 2023 1363 ar-

445 1411 713 1473 gentoque
750 1400 1037 1463 fecundas,
1096 1399 1279 1468 Tylem
1325 1413 1538 1468 quoque
1578 1400 1831 1463 arborum
1883 1399 2025 1453 foliis

447 1507 719 1561 nunquam
742 1500 1032 1545 carentem.
1060 1490 1225 1543 liabet
1249 1499 1300 1542 et
1316 1487 1738 1557 fluviosGangen
1762 1497 1817 1543 et
1836 1489 2023 1542 Indum

446 1592 500 1637 ct
547 1582 780 1651 Hypasin
825 1581 1153 1635 illustrantes
1181 1578 1356 1634 Indos.
1396 1579 1560 1633 Terra
1608 1580 1767 1634 Indiae
1802 1580 2021 1633 Favonii

443 1673 635 1743 spiritu
665 1671 1049 1733 saluberrima;
1082 1670 1134 1723 in
1162 1685 1301 1723 anno
1346 1669 1428 1724 bis
1470 1670 1621 1724 metit
1659 1670 1860 1741 fruges,
1909 1671 2023 1723 vice

445 1761 639 1815 hiemis
678 1760 872 1814 Etesiis
910 1759 1143 1827 potitur;
1186 1758 1355 1828 gignit
1399 1765 1578 1812 autem
1627 1758 1777 1813 tincti
1827 1757 2022 1812 coloris

2127 612 2317 657 vocata
2344 605 2411 659 ab
2436 604 2628 668 Assur,
2658 607 2765 659 filio
2796 606 2943 672 Sent,
2983 610 3071 676 qui
3102 624 3219 663 eam
3273 610 3544 680 regionem
3589 616 3711 677 post

2128 692 2387 746 diluvium
2452 695 2658 763 primus
2707 696 2944 750 incoluit.
2992 696 3232 752 limc‘ab
3268 709 3386 753 ortu
3416 700 3619 753 Indiam
3675 713 3707 751 a

2127 781 2352 834 meridie
2383 781 2605 835 Mediam
2632 785 2822 853 tangit,
2851 785 2916 838 ab
2936 786 3161 839 occiduo
3188 787 3411 855 Tigrim,
3438 804 3466 841 a
3494 796 3709 857 septem

2128 868 2302 923 trione
2330 880 2565 924 montem
2601 870 2921 938 Caucasum,
2965 874 3053 926 ubi
3100 882 3268 942 porta:
3313 874 3523 944 Cespite
3564 882 3707 929 sunt.

2124 958 2181 1012 In
2226 960 2327 1015 hac
2372 962 2588 1031 regione
2627 964 2831 1032 primus
2866 981 2995 1019 usus
3032 966 3279 1021 inventus
3319 977 3402 1021 est
3438 984 3707 1037 purpurae.

2128 1046 2281 1101 Unde
2323 1050 2554 1117 primum
2593 1052 2820 1105 crinium
2872 1062 2927 1106 et
2971 1069 3254 1123 corporum
3298 1068 3571 1126 unguenta
3616 1076 3707 1114 ve-

2126 1148 2342 1204 nerunt,
2380 1151 2433 1195 et
2470 1143 2687 1207 odores,
2727 1142 2920 1210 quibus
2959 1143 3324 1199 Romanorum
3363 1155 3527 1216 atque
3560 1145 3709 1203 Gm-

2124 1240 2308 1279 corum
2332 1226 2533 1280 efﬂuxit
2554 1229 2782 1281 luxuria.
2824 1228 3070 1297 Assyria,
3108 1247 3227 1299 quae
3275 1232 3341 1287 ab
3385 1233 3577 1296 Assur,
3621 1235 3712 1303 qui

2126 1312 2531 1382 interpretatur,
2546 1324 2604 1368 ut
2618 1315 2833 1383 quidam
2855 1316 3059 1381 volunt,
3074 1318 3322 1387 dirigens,
3344 1321 3423 1374 vel
3444 1322 3710 1390 gradiens,

2125 1402 2465 1457 denominata
2503 1413 2606 1471 est,
2629 1421 2749 1475 qua:
2773 1406 2933 1460 etiam
2961 1406 3194 1474 primum
3221 1410 3584 1478 principatum
3611 1426 3709 1479 per

2127 1489 2466 1545 insolentiam
2518 1494 2573 1547 in
2632 1495 2830 1548 mundo
2884 1495 3132 1564 arripuit,
3183 1496 3453 1565 significat
3507 1498 3705 1552 fastum

2126 1579 2334 1648 imperii
2376 1582 2650 1636 mundani.
2680 1584 2755 1638 De
2784 1598 2890 1653 quo
2918 1585 3082 1637 etiam
3122 1584 3175 1639 in
3204 1584 3399 1640 Genesi
3441 1588 3704 1654 scriptum

2123 1678 2206 1723 est
2244 1688 2256 1723 :
2299 1670 2377 1724 De
2399 1682 2539 1726 terra
2568 1673 2660 1726 illa
2684 1676 2841 1728 exivit
2868 1675 3034 1729 Assur
3051 1719 3067 1742 ,
3094 1687 3140 1729 et
3165 1678 3441 1745 mdiﬁcavit
3470 1678 3713 1732 Ninirem

2124 1766 2172 1811 et
2194 1757 2400 1813 Roboch
2425 1762 2683 1815 civitatem
2711 1760 2863 1833 (Gen.
2899 1763 2978 1835 ι).
3019 1763 3091 1819 De
3136 1766 3236 1819 hac
3270 1773 3414 1820 terra
3463 1766 3713 1836 Assyrio-

444 1852 707 1913 homines,
754 1849 1063 1916 elephantes
1102 1847 1363 1916 ingentes,
1408 1862 1730 1902 monoceron
1768 1848 2016 1913 bestiam,
2048 1855 2095 1915 Β
2124 1862 2241 1902 rum
2276 1848 2555 1917 pullulavit
2600 1851 2906 1920 imperium,
2954 1854 3045 1922 qui
3102 1870 3168 1908 ex
3222 1857 3439 1911 nomine
3479 1857 3709 1913 Niniveli

439 1940 725 2009 psittacum
748 1954 925 2001 avem,
959 1937 1189 1992 ebenum
1228 1953 1441 2009 quoque
1487 1940 1688 2009 lignum
1731 1948 1785 1995 et
1824 1940 2013 1994 cinna-

440 2045 609 2093 mum,
640 2039 693 2084 et
714 2030 886 2098 piper,
911 2027 1177 2082 calamum
1201 2029 1576 2092 aromaticum,
1610 2028 1773 2083 mittit
1793 2036 1847 2083 et
1863 2030 2017 2095 ebur,

439 2118 643 2187 lapides
679 2134 893 2188 quoque
922 2118 1208 2187 pretiosos,
1236 2117 1472 2184 berillos,
1514 2120 1917 2189 chrysoprasos,
1966 2130 2021 2175 et

437 2211 795 2271 adamantem,
850 2208 1237 2272 carbunculos,
1269 2208 1555 2278 lychnites,
1599 2209 1921 2278 margaritas
1964 2219 2018 2262 et

436 2300 682 2363 uniones,
709 2299 902 2368 quibus
938 2298 1196 2352 nobilium
1226 2298 1545 2352 feminarum
1578 2300 1730 2371 ardet
1770 2299 2013 2363 ambitio.

436 2388 511 2443 lbi
538 2384 663 2443 sunt
698 2398 753 2443 et
787 2396 997 2443 montes
1020 2387 1191 2452 aurei,
1228 2403 1363 2457 quos
1402 2389 1552 2442 adire
1582 2397 1801 2459 propter
1831 2391 2018 2444 draco-

434 2496 532 2535 nes
550 2489 603 2535 et
622 2481 941 2550 gryphes,et
965 2480 1347 2534 immensorum
1369 2480 1646 2533 hominum
1664 2488 1900 2534 monstra
1917 2480 2017 2533 im-

434 2571 689 2640 possibile
715 2579 813 2625 est.
870 2570 1088 2625 Parthia
1115 2570 1182 2625 ab
1208 2570 1367 2624 Indire
1399 2570 1592 2624 finibus
1621 2586 1790 2640 usque
1822 2572 1885 2625 ad
1909 2571 2019 2626 Me-

433 2661 784 2729 SOpotamiam
808 2660 1130 2729 generaliter
1154 2660 1489 2723 nominatur;
1514 2668 1734 2728 propter
1757 2660 2015 2715 invictam

432 2750 577 2805 enim
604 2752 854 2804 virtutem
874 2748 1194 2803 Parthorum
1221 2755 1273 2800 et
1294 2748 1539 2817 Assyria,
1567 2756 1621 2802 et
1648 2748 1868 2817 reliquie
1891 2763 2016 2818 pro—

431 2841 591 2895 xima:
617 2841 861 2911 regiones
892 2838 1009 2907 ejus
1034 2852 1227 2893 nomen
1262 2846 1561 2892 traxerunt.
1593 2838 1730 2893 Sunt
1770 2839 1912 2892 enim
1956 2839 2010 2893 in

430 2944 494 2984 ea
517 2929 797 2993 Araeusia,
823 2928 1061 2994 Parthia,
1084 2928 1327 2997 Assyria,
1357 2927 1525 2981 Media
1546 2935 1601 2982 et
1620 2926 1863 2993 Persida,
1890 2943 2011 2997 qua:

432 3020 679 3089 regiones
706 3000 932 3073 invicem
967 3018 1069 3072 sibi
1106 3017 1404 3085 conjuncta:
1425 3016 1635 3071 initium
1663 3016 1731 3071 ab
1755 3017 1882 3072 Indo
1911 3016 2010 3072 ﬂu-

429 3112 576 3165 mine
603 3119 842 3175 sumuut,
878 3107 1021 3179 Tigri
1070 3108 1406 3173 clauduntur,
1435 3108 1568 3163 locis
1609 3109 1907 3164 montuosis
1954 3117 2008 3164 et

2119 1943 2214 1996 lilii
2245 1942 2363 1996 Nini
2393 1943 2753 1998 condiderunt
2778 1945 2966 1999 urbem
3000 1961 3271 2016 magnam,
3298 1962 3459 2015 quam
3480 1948 3707 2003 Jlebrsei

2120 2031 2389 2100 appellant
2411 2031 2661 2097 Niniven,
2687 2033 2753 2087 ad
2776 2035 2930 2104 cujus
2957 2035 3039 2088 vel
3071 2037 3301 2101 ruinam,
3324 2038 3404 2091 vel
3442 2040 3711 2106 paeniten-

2120 2121 2249 2173 tiam
2278 2129 2387 2175 tota
2413 2119 2565 2175 Iona:
2590 2123 2822 2190 pertinet
2848 2125 3147 2193 prophetia.
3191 2127 3395 2196 Assyrii
3437 2128 3707 2196 interpre-

2119 2216 2322 2272 tantur,
2345 2209 2709 2278 deprimentes,
2728 2211 2777 2263 id
2805 2222 2908 2275 est,
2934 2214 3081 2281 impii
3112 2213 3194 2268 vel
3217 2216 3511 2279 dmnones,
3541 2227 3598 2269 ut
3630 2226 3711 2271 est

2115 2295 2244 2350 illud
2270 2295 2587 2351 Hieremite:
2617 2297 2757 2362 Quid
2785 2300 2878 2352 tibi
2909 2318 3025 2354 cum
3057 2302 3147 2355 illa
3184 2302 3314 2374 [via]
3342 2304 3705 2374 Assyriorum,

2117 2394 2172 2437 ut
2195 2384 2340 2438 bibas
2363 2402 2552 2455 aquam
2576 2388 2847 2455 ﬂuminis?
2874 2389 3006 2459 (Jer.
3043 2391 3126 2461 tt.)
3157 2392 3221 2449 Et
3251 2394 3302 2446 in
3332 2395 3531 2448 bonam
3576 2412 3708 2465 par-

2117 2484 2223 2528 tem
2255 2473 2625 2545 intelliguntur
2652 2477 2883 2548 Assyrii,
2912 2488 2973 2534 ut
2998 2481 3125 2535 dicit
3151 2482 3318 2537 Isaias
3346 2501 3359 2536 :
3393 2482 3506 2537 Erit
3534 2485 3708 2539 Israel

2117 2564 2299 2617 tertius
2322 2564 2597 2635 Egyplio,
2624 2576 2671 2621 et
2694 2568 2909 2638 Assyrio
2941 2569 3230 2625 benedictio
3256 2575 3307 2626 in
3346 2576 3519 2628 medio
3549 2587 3707 2630 terra:

2118 2652 2270 2725 (Esa.
2294 2654 2431 2726 xrx).
2457 2656 2629 2711 Cedar
2660 2658 2943 2713 Hebraeum
2971 2676 3168 2716 nomen
3206 2671 3307 2728 est,
3346 2666 3487 2732 quod
3516 2675 3705 2720 nostra

2115 2744 2294 2816 lingua
2323 2746 2726 2816 interpretatur,
2760 2750 3000 2804 tenebrw.
3048 2752 3161 2807 Iloc
3209 2754 3276 2806 ad
3327 2754 3505 2808 smculi
3540 2754 3705 2824 hujus

2113 2836 2343 2903 pertinet
2372 2846 2659 2900 amatores,
2709 2840 2800 2908 qui
2852 2843 3151 2899 tenebrosis
3199 2845 3410 2900 actibus
3448 2846 3703 2913 involuti,

2114 2922 2202 2976 illa
2240 2925 2409 2995 magis
2450 2926 2699 2994 diligunt,
2728 2930 2870 2984 unde
2913 2932 3091 2999 perire
3135 2944 3448 2989 noscuntur.
3493 2936 3597 2991 Sed
3644 2947 3707 2992 ut

2114 3011 2259 3066 verbi
2320 3014 2476 3081 hujus
2532 3017 2768 3071 breviter
2828 3034 3118 3076 noscamus
3176 3026 3471 3094 originem,
3521 3028 3703 3083 Cedar

2110 3100 2299 3156 Ismacl
2348 3104 2486 3157 titius
2516 3104 2634 3169 fuit,
2664 3106 2755 3174 qui
2787 3108 2931 3176 genti
2972 3125 3082 3164 sua:
3109 3126 3300 3167 nomen
3346 3115 3511 3181 dedit,
3538 3119 3699 3187 cujus

429 3202 795 3271 aspcrioribus
836 3201 973 3265 εῑιω,
1011 3201 1271 3255 habentes
1312 3199 1500 3255 ﬂuvios
1538 3200 1780 3269 [daspem
1820 3208 1875 3255 ει
1912 3201 2013 3255 Ar-
2040 3200 2083 3261 ρ
2118 3190 2250 3246 fines
2278 3208 2447 3261 usque
2475 3194 2540 3248 ad
2601 3195 2780 3250 Medos
2827 3196 3127 3267 Persasque
3182 3203 3376 3269 prolati
3426 3216 3553 3259 sunt
3587 3225 3599 3257 :
3638 3207 3699 3261 hi

425 3295 570 3349 hem.
626 3292 762 3347 Sunt
791 3293 933 3348 enim
965 3293 1107 3347 inter
1133 3308 1193 3347 se
1229 3292 1423 3347 finibus
1456 3292 1568 3347 suis
1607 3293 1872 3357 discretae,
1914 3310 2011 3348 no-

426 3383 576 3437 mina
606 3399 635 3436 a
673 3382 903 3451 prepriis
952 3382 1261 3436 auctoribus
1305 3382 1599 3436 trahentes.
1650 3381 1798 3437 India
1841 3382 2004 3447 enim,

424 3489 545 3543 qua:
567 3475 617 3527 in
646 3472 901 3527 Orientali
928 3481 1078 3542 parte
1100 3473 1363 3535 consistit,
1392 3480 1445 3526 et
1474 3472 1601 3526 solis
1634 3480 1811 3527 ortum
1835 3473 2005 3541 prima

423 3565 669 3633 suscipit,
713 3564 1040 3633 primitivam
1094 3571 1273 3632 potest
1319 3563 1601 3633 designare
1638 3562 1920 3617 ecclesiam
1951 3563 2005 3616 in

423 3665 581 3725 gente
603 3654 785 3707 Judzea
810 3654 1188 3719 constitutam;
1219 3669 1338 3723 qua:
1365 3654 1653 3709 adventum
1681 3654 1808 3708 solis
1840 3654 2003 3721 justi-

425 3741 512 3794 tia:
538 3740 715 3809 prima
746 3742 976 3809 aspexit,
1004 3749 1056 3795 et
1082 3742 1258 3794 lumen
1302 3756 1487 3794 verum
1526 3743 1649 3795 huic
1684 3743 1801 3795 orbi
1842 3758 2003 3796 exor-

422 3841 537 3885 tum
564 3845 661 3900 per
679 3830 931 3884 doctores
959 3844 1083 3883 suos
1113 3831 1164 3883 iu
1199 3837 1308 3883 toto
1342 3830 1471 3883 orbe
1506 3830 1812 3898 praedicavit
1847 3848 1857 3882 :
1889 3831 2003 3899 ipsa

414 3922 582 3975 etiam
612 3935 802 3973 aurum
827 3920 1101 3988 sapientiae
1125 3928 1178 3972 ct
1210 3926 1487 3987 argentum
1513 3919 1828 3987 eloquentite
1856 3934 2003 3989 gem-

418 4023 643 4077 masque
682 4008 920 4063 omnium
950 4009 1207 4061 virtutum
1242 4006 1567 4061 suflicienter
1605 4007 1810 4070 habuit,
1843 4007 2001 4061 arbo-

421 4115 615 4167 resque
639 4112 851 4167 semper
876 4098 1131 4161 virentes,
1156 4098 1259 4150 hoc
1287 4105 1388 4159 est,
1417 4096 1661 4150 homines
1683 4106 1843 4151 recta:
1878 4097 1999 4151 fidei

417 4192 689 4246 viriditate
736 4188 993 4259 pollentes
1035 4203 1139 4241 non
1183 4202 1381 4257 paucos
1426 4186 1641 4251 habuit;
1689 4187 1779 4241 sed
1821 4196 1996 4241 tamen

414 4282 713 4337 bestiarum
748 4278 1089 4333 multitudine
1117 4292 1223 4331 non
1252 4277 1429 4331 caruit
1456 4277 1692 4339 omnino,
1726 4278 1849 4345 quia
1878 4292 1999 4346 per-

416 4378 693 4424 secutores
735 4365 1157 4421 Christianitatis
1207 4366 1440 4417 nominis
1474 4364 1655 4434 plures
1684 4365 1909 4431 invenit,
1942 4373 1997 4420 et

412 4458 791 4515 bzereticorum
817 4468 1081 4509 venenosa
1105 4455 1420 4507 documenta
1446 4454 1642 4506 exoriri
1672 4454 1951 4522 prmsensit
1976 4473 1988 4508 :

2112 3298 2256 3337 nunc
2303 3282 2584 3339 Sarraceni
2642 3287 2995 3356 appellantur.
3030 3289 3145 3356 Quo
3175 3294 3433 3349 vocabulo
3478 3311 3701 3365 compc-

2112 3383 2285 3427 tcnter
2314 3375 2683 3444 significantur
2718 3387 3049 3446 peccatores,
3082 3381 3223 3435 inter
3248 3398 3383 3451 quos
3413 3400 3473 3439 se
3512 3386 3697 3440 adhuc

2107 3463 2347 3517 habitare
2392 3464 2631 3519 Ecclesia
2672 3468 2926 3535 suspirat.
2961 3468 3128 3523 Media
3160 3480 3213 3523 et
3242 3471 3460 3527 Persida
3488 3490 3516 3528 a
3551 3476 3695 3546 regi-

2107 3555 2206 3609 bus
2237 3555 2387 3609 lledo
2411 3564 2465 3608 et
2495 3558 2659 3609 Pcrso
2688 3558 3095 3624 cognontinatse,
3132 3562 3221 3629 qui
3251 3578 3344 3616 eas
3382 3565 3695 3631 provincias

2105 3643 2352 3697 bellando
2384 3646 2617 3714 aggressi
2648 3655 2789 3709 sunt,
2820 3660 2885 3700 ex
2924 3648 3120 3715 quibus
3150 3649 3319 3704 Media
3361 3653 3430 3705 ah
3478 3652 3691 3708 Occasu

2106 3738 2413 3786 transversa
2441 3732 2655 3786 Parthia
2683 3749 2843 3805 regna
2871 3736 3229 3803 amplectitur,
3253 3754 3281 3791 a
3306 3738 3691 3809 Septentrinne

2104 3821 2359 3876 Armenia
2398 3822 2781 3889 circumdatur,
2814 3826 2881 3880 ab
2907 3824 3039 3880 Ortu
3063 3827 3285 3897 Caspios
3313 3830 3493 3894 videt,
3520 3848 3548 3883 a
3576 3830 3683 3891 Mc-

2102 3912 2236 3965 ridie
2256 3910 2554 3965 Persidem.
2580 3912 2747 3979 llujus
2772 3922 2912 3968 terra
2941 3917 3201 3970 medicam
3224 3919 3471 3973 arborem
3496 3922 3687 3991 gignit,

2099 4016 2259 4069 quam
2290 4002 2393 4054 alia
2431 4004 2577 4071 regio
2610 4002 2831 4056 minimc
2869 4005 3119 4073 parturit.
3167 4005 3306 4059 Sunt
3354 4018 3534 4061 autem
3581 4008 3691 4063 Me.

2099 4090 2199 4144 dia:
2227 4092 2343 4144 dua:
2373 4110 2383 4143 :
2417 4090 2589 4159 major
2631 4100 2685 4145 et
2718 4094 2910 4148 minor.
2938 4094 3156 4149 Persida
3190 4096 3415 4149 tendens
3451 4098 3518 4151 ab
3558 4107 3683 4164 ortu

2098 4182 2163 4234 ad
2185 4182 2340 4235 Indos
2366 4184 2432 4236 ab
2458 4198 2653 4237 occasu
2679 4184 2918 4239 Rubrum
2944 4201 3093 4239 mare
3117 4186 3300 4249 habet,
3326 4188 3393 4239 ab
3419 4187 3687 4257 Aquilone

2098 4287 2225 4325 vero
2264 4271 2490 4326 Mediam
2538 4275 2725 4343 tangit,
2774 4276 2841 4330 ab
2884 4276 3082 4329 Austro
3123 4276 3466 4330 Carmaniam
3492 4319 3507 4344 ,
3558 4295 3680 4347 qua:

2096 4357 2331 4413 Persida:
2364 4362 2685 4425 adnectitur,
2718 4363 2913 4431 quibus
2941 4372 3026 4417 est
3070 4360 3209 4416 Susa
3238 4365 3494 4433 oppidum
3525 4366 3683 4421 uobi-

2094 4449 2353 4503 lissimum
2388 4469 2399 4503 :
2431 4451 2480 4504 in
2511 4450 2729 4505 Perside
2766 4454 2997 4521 primum
3034 4464 3151 4507 orta
3182 4463 3266 4507 est
3315 4469 3405 4508 ars
3450 4457 3677 4525 magica,

414 4551 507 4605 sed
530 4548 707 4603 omnia
732 4547 981 4616 ﬁgmenta
1007 4544 1221 4607 diaboli,
1247 4541 1442 4597 Christi
1470 4545 1666 4597 virtute
1695 4544 1985 4612 superavit.
2021 4540 2067 4599 D
2094 4540 2158 4591 ad
2193 4554 2351 4607 quam
2380 4538 2670 4594 Nembrotb
2701 4545 2849 4610 gigas
2894 4552 3015 4610 post
3064 4543 3435 4599 confusionem
3476 4545 3671 4615 lingua.

411 4642 582 4695 Assur
614 4639 1000 4705 interpretatur
1034 4633 1363 4701 deprimens,
1395 4631 1445 4683 id
1480 4646 1581 4694 e5t,
1614 4632 1856 4686 diabolus
1896 4634 1995 4686 hu-

412 4746 630 4786 manum
666 4743 832 4798 genus
855 4726 1160 4793 deprimens
1190 4723 1240 4775 in
1266 4723 1469 4790 psalmo
1497 4742 1507 4774 :
1538 4720 1764 4785 Etenim,
1800 4723 1989 4790 inquit,

396 4822 577 4877 'Assur
620 4818 774 4874 simul
827 4817 960 4869 venit
1002 4830 1118 4867 cum
1172 4813 1277 4866 illis
1323 4810 1493 4882 (Ps-af.
1531 4813 1814 4881 vaxvm).
1862 4813 1991 4866 Item

406 4912 579 4968 Assur
605 4907 873 4964 diabolum
898 4906 977 4958 vel
1002 4911 1293 4972 potestates
1320 4903 1477 4972 hujus
1500 4902 1675 4955 szeculi
1702 4901 1991 4971 significat,

407 5011 470 5059 ut
490 5011 573 5055 est
603 5000 729 5054 illud
756 4996 904 5052 Isaia:
933 5014 944 5048 :
982 4992 1091 5058 ναν,
1127 4993 1292 5046 Assur
1321 4993 1460 5061 virga
1499 4992 1693 5060 furoris
1723 4993 1823 5043 mei
1852 4990 1987 5059 (Isa.

410 5093 489 5165 ι).
528 5092 657 5146 Item
688 5088 758 5142 ibi
787 5105 799 5138 :
826 5083 930 5137 noli
962 5084 1138 5136 timere
1171 5079 1359 5150 popufe
1388 5096 1530 5133 meus
1559 5080 1823 5132 habitator
1860 5077 1987 5131 Sion

408 5185 475 5239 ab
508 5184 671 5235 Assur
700 5174 907 5247 (Ibid.).
952 5172 1013 5225 In
1044 5174 1187 5240 virga
1208 5171 1341 5223 enim
1368 5170 1614 5239 percutiet
1645 5179 1715 5231 te,
1748 5177 1795 5221 et
1824 5168 1984 5220 bacu-

406 5276 517 5329 lum
561 5286 713 5325 suunt
755 5265 935 5319 levabit
980 5278 1133 5329 super
1167 5270 1214 5311 te
1252 5261 1305 5311 in
1346 5260 1427 5311 via
1464 5258 1700 5327 zEgypti.
1749 5257 1983 5310 Rursum

406 5365 575 5418 Assur
608 5354 999 5412 Antichristum
1036 5348 1338 5420 significat,
1385 5355 1443 5400 ut
1486 5358 1568 5401 est
1606 5347 1732 5401 illud
1765 5347 1984 5401 Michea:

406 5455 681 5524 pmpheta:
708 5467 722 5502 :
756 5447 897 5501 Tunc
929 5444 1024 5498 crit
1052 5458 1157 5511 pax
1190 5452 1341 5493 terra:
1368 5448 1576 5502 nostrw,
1604 5456 1720 5492 cum
1750 5454 1987 5492 surrexe-

409 5546 511 5598 rint
540 5543 591 5595 in
617 5558 676 5593 ea
706 5547 937 5608 pastores
966 5544 1153 5603 septem
1185 5541 1230 5585 et
1265 5540 1378 5583 octo
1426 5530 1667 5599 primates
1715 5529 1983 5582 hominum

407 5634 595 5706 (lliclt.
623 5631 699 5701 v),
742 5629 791 5683 id
832 5636 936 5691 cst,
978 5625 1357 5694 prmdicatorcs
1389 5620 1523 5689 legis
1563 5630 1616 5674 et
1653 5618 1927 5688 Evangelii
1966 5634 1979 5670 :

408 5736 454 5779 et
484 5723 802 5794 indagabun!
836 5720 1021 5786 Assur,
1059 5720 1157 5773 hoc
1187 5725 1288 5783 est,
1323 5713 1731 5782 Antichrislum,
1759 5713 1813 5768 in
1839 5712 1982 5784 fossa

2098 4644 2214 4680 rum
2255 4630 2406 4691 abiit,
2442 4630 2618 4699 ibique
2658 4631 2850 4685 Persas
2881 4633 3054 4701 ignem
3087 4634 3261 4688 colere
3302 4636 3501 4711 docuit.
3543 4637 3681 4690 Nam

2095 4731 2283 4771 omnes
2318 4718 2369 4769 in
2403 4718 2506 4772 illis
2536 4721 2777 4788 partibus
2815 4722 2982 4775 solem
3030 4724 3234 4787 colunt,
3285 4727 3376 4795 qui
3435 4727 3677 4795 ipsorum

2095 4806 2273 4875 lingua
2302 4806 2348 4860 el
2378 4808 2594 4861 dicitur.
2640 4809 2817 4863 Persa:
2862 4819 2916 4864 et
2947 4811 3105 4875 Medi,
3134 4814 3224 4883 qui
3277 4829 3499 4881 regnum
3555 4826 3681 4884 post

2093 4898 2343 4967 Assyrios
2372 4906 2676 4963 tenuerunt,
2696 4900 2995 4968 significant
3027 4903 3381 4971 principatum
3408 4906 3675 4972 gentium,

2095 5004 2213 5057 qua:
2242 4988 2526 5055 aliquando
2556 4989 2761 5044 Solatiis
2784 4991 2967 5045 fovent
2995 4992 3245 5059 populum
3272 4993 3383 5046 Dei.
3418 4993 3569 5047 Unde
3590 4992 3679 5049 lc-

2093 5078 2236 5145 gitur
2258 5079 2309 5131 in
2337 5078 2575 5131 historiis
2602 5089 2862 5143 veterum,
2886 5081 3027 5148 quod
3058 5080 3227 5149 Cyrus
3262 5097 3357 5136 rex
3379 5081 3678 5138 Persarum

2092 5176 2251 5235 atque
2273 5168 2673 5237 Medorum,qui
2704 5170 2754 5222 in
2782 5169 2933 5222 Isaia:
2961 5171 3211 5223 vaticinio
3240 5173 3531 5240 prtedictus
3558 5173 3678 5227 fue-

2093 5266 2175 5311 rat
2210 5258 2342 5329 (Isa.
2371 5276 2495 5312 xuv
2514 5300 2527 5322 ,
2553 5260 2698 5327 stv),
2724 5260 2943 5313 solverit
2972 5263 3339 5330 captivitatem
3365 5262 3677 5333 Iudaicam,

2090 5355 2143 5399 et
2164 5347 2438 5416 Templum
2474 5348 2567 5399 Dei
2591 5350 3077 5417 construijuberet.
3104 5350 3183 5405 Oh
3213 5354 3313 5405 hoc
3352 5353 3515 5406 etiam
3549 5367 3679 5408 ser-

2088 5452 2185 5491 vus
2217 5438 2305 5491 Dei
2352 5448 2689 5507 nuncupatus
2733 5450 2837 5503 est,
2884 5443 2952 5496 ob
3007 5444 3149 5511 quod
3196 5444 3358 5496 etiam
3406 5445 3677 5501 auxilium

2090 5524 2297 5578 Domini
2349 5526 2423 5577 illi
2477 5528 2797 5593 promissum
2844 5537 2944 5592 est,
2972 5538 3031 5581 ut
3080 5530 3329 5599 subjiciat
3375 5546 3558 5586 coram
3601 5548 3680 5588 eo

2086 5626 2272 5688 gentes
2298 5627 2351 5671 et
2377 5618 2532 5672 dorsa
2564 5634 2745 5688 regum
2772 5629 2943 5674 vertat
2970 5638 2981 5672 :
3015 5630 3068 5673 et
3102 5622 3313 5676 merito.
3346 5621 3483 5676 Nam
3525 5622 3676 5678 Medi

2086 5718 2139 5765 et
2167 5710 2363 5777 Persae,
2394 5721 2780 5780 ntensurantes,
2808 5712 2922 5767 sive
2962 5715 3247 5767 ntensurnli
3263 5754 3278 5780 ,
3304 5714 3680 5784 interpretan-
