3930 6368
240 392 329 448 537

1168 379 1254 434 DE
1292 372 1635 432 L'NIVERSO
1675 370 1849 424 LIBRI
1888 369 2049 422 XXII.
2092 398 2158 406 —
2196 367 2321 420 LIB.
2361 365 2472 421 XII.

3356 360 3456 418 558

245 517 338 560 tur.
366 502 632 562 Mensura,
656 511 761 566 qua
785 492 953 549 mensi
985 500 1128 556 sunt,
1158 488 1540 543 remetiebatur
1565 485 1661 539 eis.
1687 483 1793 536 Με-
1822 487 1868 543 Α
1898 480 2063 533 illiciti
2092 478 2292 531 amoris
2320 476 2677 546 perturbavit;
2728 486 2781 531 et
2810 492 2991 533 muros
3027 477 3357 533 Hierusalem
3406 479 3463 534 in

246 592 519 665 sopotamia
578 588 823 645 Ot'tecam
892 583 1270 655 etymologiam
1338 579 1607 649 possidet,
1654 576 1795 646 quod

247 682 435 739 duobus
446 680 622 733 ﬂuviis
643 679 929 732 ambiatur.
949 674 1082 728 Nam
1099 674 1167 726 ab
1181 672 1387 725 oriente
1398 670 1598 738 Tigrim
1616 667 1797 732 habet,

248 772 309 827 ab
327 771 539 827 occiduo
577 769 906 836 Euphraten.
928 765 1117 832 Incipit
1153 771 1328 815 autem
1362 776 1392 814 a
1424 757 1801 828 Septentrione

248 862 377 916 inter
397 867 633 915 montem
655 857 886 910 Taurum
908 863 963 909 et
995 854 1317 915 Caucasum,
1342 848 1493 916 cujus
1518 863 1546 901 a
1578 845 1801 899 meridie

248 952 473 1021 sequitur
496 946 806 1017 Babylonia,
838 943 1030 998 deinde
1056 941 1323 1003 Chaldaeu,
1352 937 1641 992 novissime
1670 934 1802 987 Ara-

246 1044 324 1096 bia
361 1041 666 1094 Eudmmon.
710 1033 1111 1103 Mesopotamia,
1135 1047 1253 1100 quae
1289 1030 1670 1096 interpretatur
1697 1022 1801 1077 ele-

244 1142 374 1192 rata,
408 1129 549 1183 unde
588 1126 753 1181 Iacob
781 1125 933 1178 duxit
964 1136 1207 1180 uxorem.
1234 1117 1503 1187 signiﬁcat
1531 1113 1801 1183 gentilita-

245 1230 365 1283 tem,
380 1219 521 1273 unde
542 1217 785 1271 Christus
797 1212 1082 1283 exquisivit
1103 1210 1200 1265 sibi
1219 1207 1511 1263 Ecclesium
1530 1220 1803 1274 sponsam,

245 1326 340 1364 non
369 1309 656 1363 habentem
707 1305 968 1360 maculam
1013 1318 1076 1356 ac
1122 1315 1309 1371 rugam
1360 1297 1519 1366 (Eph.
1549 1294 1625 1366 v).
1673 1294 1805 1347 Nam

244 1401 374 1455 sicut
398 1397 587 1459 Iacob,
613 1396 797 1449 relicta
826 1396 999 1455 domo,
1024 1390 1198 1460 patria
1221 1389 1304 1441 vel
1329 1385 1659 1457 parentibus,
1681 1398 1803 1452 per-

244 1490 375 1544 rexit
409 1490 462 1541 in
489 1489 765 1559 regionem
797 1485 1157 1555 longinquam,
1182 1489 1240 1535 ut
1268 1480 1538 1547 acciperet
1556 1478 1656 1531 sibi
1676 1490 1807 1529 uxo-

243 1596 369 1644 rem,
410 1594 517 1633 non
568 1578 727 1632 aliter
776 1575 1022 1630 Christus
1061 1572 1275 1640 reliquit
1320 1577 1571 1639 parentes
1618 1581 1808 1621 secun-

242 1674 363 1725 dum
392 1684 635 1731 carnem,
664 1667 715 1721 id
768 1674 865 1730 est,
904 1664 1159 1735 populum
1212 1661 1585 1722 Israeliticum,
1616 1666 1670 1712 ct
1715 1672 1808 1726 pa-

245 1763 425 1827 triam,
470 1762 527 1815 id
572 1768 655 1815 est
684 1800 698 1823 ,
744 1756 1164 1826 Hierosolymam
1218 1763 1271 1807 et
1322 1767 1511 1808 omnes
1563 1750 1807 1818 regiones

1898 570 2126 623 circuitu
2154 568 2437 631 destruxit,
2463 584 2583 623 cum
2612 569 2961 624 intentionem
2990 570 3250 624 orationis
3276 578 3330 623 et
3350 568 3460 623 vir-

1899 666 2070 711 tutum
2098 658 2291 722 studia,
2321 672 2439 725 quae
2468 667 2650 712 contra
2678 675 2736 713 se
2762 660 2942 714 valere
2984 661 3149 727 novit,
3176 663 3230 714 in
3268 661 3463 730 despe—

1900 750 2143 802 rantibus
2171 748 2433 809 dissolvit,
2471 764 2536 802 ne
2562 765 2658 818 per
2682 765 2830 819 spem
2870 751 3041 805 venim
3079 752 3145 805 ad
3172 752 3347 805 divina
3376 767 3456 805 res

1900 845 2120 891 currant
2162 836 2379 900 auxilia,
2407 846 2463 890 et
2505 840 2844 895 correctioris
2896 840 3018 893 vitae
3067 841 3460 909 apprehendanl

1903 926 2198 981 munimina
2242 944 2255 980 :
2296 927 2652 997 populumque
2695 930 2745 983 in
2784 932 3093 1000 captivitate
3134 931 3354 995 ducens,
3404 930 3479 993 diu

1903 1018 2226 1086 pauperibus
2256 1026 2415 1072 terrae
2440 1018 2658 1087 reliquit
2676 1021 2937 1076 vinitores
2958 1030 3012 1076 et
3034 1020 3316 1090 agricolas,
3344 1019 3467 1088 quia

1904 1121 2015 1170 eos,
2046 1108 2135 1175 qui
2172 1107 2329 1161 utiles
2356 1108 2517 1162 verbo
2544 1118 2597 1163 et
2624 1109 2867 1179 exemplo
2912 1125 3031 1164 esse
3075 1117 3342 1181 poterant,
3373 1119 3470 1177 pce

1904 1196 2034 1248 vitia
2061 1198 2355 1265 captivans,
2383 1196 2558 1251 stultis
2588 1207 2640 1251 et
2663 1198 2942 1255 itemtibus
2969 1198 3308 1254 commenda:
3334 1198 3474 1269 τλεῇ-

1905 1287 2188 1351 culturam,
2220 1296 2486 1356 quatenus
2515 1303 2618 1341 non
2659 1290 2839 1341 vinum
2886 1289 3071 1360 gratim
3118 1288 3373 1357 spiritalis
3423 1295 3477 1342 et

1906 1378 2232 1431 frumentum
2267 1393 2412 1432 sana:
2450 1377 2706 1431 doctrinae
2746 1378 2797 1431 in
2834 1380 3004 1433 vineis
3040 1387 3095 1433 et
3140 1380 3283 1449 agris
3313 1393 3478 1448 μορυς

1906 1467 2081 1521 lorum
2137 1466 2442 1530 fructiﬁcct,
2476 1466 2566 1522 sed
2595 1468 2761 1535 spina:
2790 1470 2958 1539 magis
2991 1478 3043 1523 et
3089 1470 3269 1523 tribuli
3320 1469 3478 1524 vitioe

1908 1572 2027 1611 rum
2060 1566 2392 1611 excrescant.
2430 1556 2662 1626 Babylon
2702 1573 2914 1627 quoque
2939 1561 3166 1614 mundus
3190 1569 3281 1613 aut
3307 1560 3477 1614 Roma

1908 1655 2009 1711 est,
2042 1654 2100 1699 ut
2128 1647 2179 1699 in
2209 1646 2527 1717 Apocalypsi
2553 1648 2747 1717 legitur
2775 1667 2785 1701 :
2816 1649 2883 1702 Et
2923 1649 3155 1719 Babylon
3182 1668 3368 1721 magna
3394 1668 3478 1704 ve-

1909 1738 1981 1791 nit
2008 1738 2059 1790 in
2082 1738 2386 1791 memoriam
2416 1747 2535 1790 ante
2554 1737 2855 1803 Dominum,
2880 1739 3005 1793 dare
3034 1740 3245 1793 calicem
3266 1742 3369 1794 vini
3393 1743 3476 1794 in-

244 1851 529 1915 ludteze,et
557 1849 686 1903 abiit
709 1849 759 1901 in
786 1855 990 1915 gentes,
1022 1844 1331 1913 accepitque
1356 1841 1455 1895 sibi
1484 1841 1606 1894 inde
1628 1837 1809 1892 Eccle—
1838 1832 1884 1890 B
1912 1830 2225 1900 dignationis
2256 1831 2350 1883 ira:
2380 1829 2494 1898 ejus
2526 1827 2705 1899 (Apoc.
2729 1830 2862 1901 xvi).
2894 1832 2957 1884 Et
2990 1832 3039 1884 in
3070 1830 3211 1891 Isaia
3241 1850 3253 1885 ε
3286 1831 3353 1885 Et
3384 1834 3479 1885 erit

247 1941 395 2005 siam,
424 1950 482 1993 ut
526 1938 838 2007 impleretur
872 1934 1012 2003 quod
1042 1934 1242 1987 dictum
1284 1939 1368 1985 est
1401 1948 1413 1983 :
1468 1927 1667 1982 Vocabo
1709 1942 1812 1989 non

248 2030 430 2099 plebem
450 2025 849 2095 meam,plebem
881 2031 1129 2085 meam,et
1154 2038 1255 2075 non
1281 2020 1543 2083 dilectam,
1573 2017 1812 2071 dilectam

250 2118 383 2191 (03¢.
410 2118 491 2188 ιι).
522 2116 830 2185 Babyloniae
861 2112 1092 2183 regionis
1117 2120 1277 2180 caput
1302 2109 1536 2179 Babylon
1561 2108 1689 2161 urbs
1710 2112 1813 2169 est,

248 2226 276 2263 a
298 2226 395 2278 qua
432 2209 600 2267 etiam
628 2213 929 2272 nuncupata
956 2212 1058 2267 est,
1093 2211 1202 2254 tam
1234 2200 1448 2264 nobilis,
1475 2206 1532 2251 ut
1560 2194 1815 2251 Chaldaaa

250 2310 300 2353 et
326 2298 546 2367 Assyria
574 2307 628 2350 et
656 2293 1035 2363 Mesopotamia
1075 2293 1127 2345 in
1152 2290 1267 2357 ejus
1294 2304 1489 2343 nomen
1528 2284 1816 2355 aliquando

252 2388 581 2441 transierint.
616 2387 764 2441 Hanc
794 2386 979 2440 urbem
1030 2386 1262 2453 primum
1326 2380 1619 2436 Nentbroth
1667 2379 1818 2449 gigas

251 2480 503 2535 fundavit.
543 2479 690 2533 Hanc
733 2477 1047 2532 Semiramis
1087 2475 1269 2545 regina
1317 2473 1660 2545 Assyriorum
1706 2484 1821 2523 am-

252 2573 429 2644 pliavit
459 2586 786 2639 murumque
811 2569 960 2624 urbis
984 2568 1244 2621 bitumine
1282 2574 1335 2620 et
1370 2573 1524 2619 cocto
1554 2562 1720 2615 latere
1746 2559 1824 2614 fe—

256 2664 339 2718 cit.
373 2660 707 2715 Vocabulum
734 2669 910 2713 autem
944 2657 1170 2727 sumpsit
1194 2672 1221 2709 a
1246 2654 1579 2717 confusione,
1604 2666 1669 2707 eo
1682 2648 1823 2719 quod

256 2754 322 2809 ibi
349 2753 590 2807 confusa
610 2753 718 2807 sint
742 2761 902 2819 atque
921 2749 1201 2818 permixtae
1225 2747 1417 2814 lingua:
1439 2742 1823 2798 tediﬁcantium

258 2845 440 2897 turrim
469 2842 628 2897 (Gen.
658 2842 753 2913 xi).
776 2839 1087 2910 Babylonia,
1118 2853 1237 2907 qua:
1267 2837 1650 2904 interpretatur
1696 2848 1823 2886 con-

257 2938 410 3004 fusio,
442 2934 495 2987 in
528 2947 640 3002 qua
664 2932 993 3002 principatus
1034 2938 1153 2984 erat
1189 2927 1581 2989 Chaldmornm,
1608 2922 1698 2992 qui
1744 2922 1826 2975 in-

258 3032 623 3093 terpretantur
655 3023 804 3092 quasi
829 3020 1103 3082 dwmonia,
1128 3018 1212 3072 vel
1238 3018 1388 3087 quasi
1419 3016 1634 3084 feroces,
1663 3010 1827 3080 signi-

258 3114 374 3170 ﬁcat
405 3114 687 3168 civitatem
711 3111 925 3174 diaboli,
962 3110 1013 3163 in
1058 3125 1161 3178 qua
1212 3108 1535 3177 sempiterna
1586 3102 1826 3159 confusio

1910 1918 2254 1990 Babylonilla
2272 1919 2496 1988 gloriosa
2510 1920 2562 1971 in
2580 1921 2767 1989 regnis,
2785 1921 2975 1990 inclyta
2993 1922 3044 1974 in
3067 1922 3304 1991 superbia
3322 1921 3480 1975 Chal—

1913 2012 2170 2074 clarorum,
2186 2010 2317 2062 sicut
2340 2009 2579 2063 subvertit
2592 2010 2733 2063 Deus
2757 2008 3033 2063 Sodomam
3051 2020 3096 2064 et
3114 2008 3478 2076 Contorrham,

1918 2114 2019 2151 non
2043 2097 2361 2150 habitabitur
2382 2113 2539 2167 usque
2564 2099 2617 2151 in
2644 2098 2799 2165 ﬁnem
2834 2097 2965 2168 (Isa.
3000 2099 3140 2168 xm).
3168 2099 3233 2152 Et
3260 2099 3310 2152 in
3336 2098 3485 2153 Jcre—

1917 2186 2026 2240 mia
2053 2204 2064 2239 :
2092 2184 2244 2239 Calia:
2268 2201 2455 2238 aureus
2478 2185 2711 2255 Babylon
2733 2187 2785 2239 in
2806 2203 2963 2240 manu
2992 2186 3199 2240 Domini
3222 2189 3484 2241 inebrians

1919 2290 2120 2329 onmem
2149 2283 2362 2337 terram,
2386 2274 2554 2327 subito
2585 2275 2765 2327 cecidit
2795 2276 3047 2345 Babylon,
3070 2286 3119 2331 et
3162 2279 3382 2331 contrita
3413 2289 3486 2331 est

1921 2363 2053 2433 (Jer.
2082 2362 2178 2435 LI).
2206 2364 2405 2417 Arabia
2436 2364 2717 2432 appellata,
2751 2365 2802 2419 id
2836 2372 2938 2429 est,
2962 2382 3134 2418 sacra.
3186 2364 3297 2420 Iloc
3342 2367 3488 2420 enim

1920 2452 2189 2523 signiﬁcat
2220 2452 2591 2521 interpretata,
2623 2468 2687 2508 eo
2737 2455 2878 2523 quod
2910 2454 2981 2507 sit
3018 2455 3164 2525 regio
3198 2455 3489 2510 thuril’eros

1922 2544 2115 2601 odores
2154 2559 2346 2601 creans
2378 2562 2390 2596 :
2418 2544 2545 2598 hinc
2590 2544 2733 2599 enim
2759 2543 2929 2599 Grecei
2978 2545 3277 2609 eudmmon,
3320 2547 3491 2600 nostri

1923 2636 2139 2690 beatam
2159 2635 2586 2698 nominaverunt,
2611 2635 2664 2687 in
2694 2634 2845 2702 cujus
2875 2634 3097 2690 saltibus
3117 2644 3171 2690 et
3198 2636 3417 2706 myrrha
3437 2644 3494 2690 et

1926 2726 2232 2781 cinnamum
2260 2725 2526 2796 provenit.
2557 2724 2632 2778 Ibi
2680 2726 2920 2780 nascitur
2946 2726 3062 2780 avis
3089 2727 3336 2796 phmnix,
3379 2741 3496 2781 sar-

1928 2815 2102 2885 donyx
2123 2830 2353 2886 gemma,
2377 2823 2432 2870 et
2453 2815 2569 2880 iris,
2598 2815 2910 2871 malochites
2930 2824 2984 2871 et
3002 2817 3297 2887 paederotes
3322 2816 3393 2871 ibi
3419 2816 3501 2870 in-

1927 2910 2230 2964 veniuntur.
2270 2909 2389 2979 Ipsa
2420 2917 2505 2964 est
2530 2908 2672 2963 Saba
2712 2910 2970 2978 appellata
3006 2926 3036 2963 a
3073 2910 3182 2967 ﬁlio
3212 2910 3375 2975 Cbus,
3399 2909 3493 2979 qui

1930 3010 2268 3076 nuncupatus
2298 3009 2380 3055 est
2417 2999 2577 3056 Saba.
2608 3000 2734 3055 Hzec
2760 3010 2934 3055 autem
2949 3009 3174 3071 angusto
3198 3009 3355 3055 terrae
3382 3009 3499 3057 tra-

1932 3100 2023 3148 ctu
2068 3091 2134 3146 ad
2178 3090 2451 3147 Orientem
2500 3107 2689 3147 versus
2738 3091 3008 3147 Persicum
3045 3092 3219 3145 sinum
3261 3092 3477 3147 extendi

258 3217 354 3271 est,
382 3216 433 3261 et
461 3208 557 3260 ubi
581 3203 963 3260 daemoniorum
998 3202 1247 3255 ferocitas
1277 3200 1328 3253 in
1360 3198 1705 3253 subversione
1732 3196 1825 3248 ho-

1933 3188 2037 3248 tur,
2064 3178 2216 3249 cujus
2245 3181 2679 3249 septentrionalia
2708 3179 2951 3233 Chaldtea
2979 3180 3197 3246 claudit,
3234 3180 3499 3237 Occasum

263 3299 457 3352 minum
490 3302 740 3364 apparet.
786 3293 842 3346 In
886 3308 989 3361 qua
1036 3290 1277 3359 regnavit
1312 3286 1825 3350 Nabuchodonosor,

262 3389 347 3456 qui
394 3389 785 3454 interpretatur
834 3382 1099 3451 prophetia
1150 3376 1441 3448 lagunculm
1492 3384 1746 3445 angusta’,
1778 3383 1832 3429 et

264 3473 527 3543 significat
550 3469 842 3525 diabolum.
863 3468 977 3536 Ipse
999 3468 1141 3520 enim
1168 3466 1398 3518 vastavit
1419 3463 1688 3517 civitatem
1712 3461 1827 3525 Dei,

265 3574 315 3618 et
342 3563 603 3631 templum
638 3559 873 3613 incendit
902 3570 915 3609 :
946 3557 1068 3625 quia
1090 3563 1331 3608 sanctam
1355 3554 1649 3607 Ecclesiam
1686 3552 1825 3605 inse-

266 3664 435 3709 ctatur
459 3655 621 3716 odiis,
654 3660 710 3705 et
734 3649 994 3712 homines,
1020 3648 1110 3719 qui
1158 3646 1411 3715 templum
1454 3646 1545 3699 Dei
1598 3644 1832 3709 fuerunt,

267 3747 509 3801 incendio
539 3743 825 3797 mundana:
856 3739 1298 3807 concupiscentia:
1326 3740 1635 3792 subvertere
1670 3736 1839 3805 cupit.

271 3835 397 3890 Nam
426 3837 502 3889 ita
530 3835 598 3888 de
630 3848 694 3887 eo
744 3832 969 3901 legitur:
1008 3829 1157 3882 Venit
1203 3827 1562 3880 Nabuzardan
1603 3827 1838 3895 princeps

267 3929 544 3988 exercitus,
570 3940 750 3978 servus
782 3924 910 3991 regis
944 3918 1244 3989 Babylonis,
1278 3915 1623 3979 Hierusalem,
1652 3924 1699 3967 et
1724 3931 1840 3966 suc-

268 4018 431 4072 cendit
478 4017 696 4085 domum
742 4013 973 4076 Domini,
1010 4021 1055 4065 et
1110 4010 1319 4063 domum
1372 4007 1525 4075 regis,
1567 4015 1613 4059 et
1662 4006 1840 4057 domos

270 4106 644 4168 Hierusalem,
700 4117 999 4171 omnemque
1048 4100 1257 4152 domum
1302 4096 1576 4150 combussit
1626 4096 1753 4165 igni,
1796 4103 1843 4148 et

269 4211 439 4248 muros
475 4190 812 4245 Hierusalem
839 4190 892 4241 in
923 4188 1139 4240 circuitu
1168 4185 1423 4239 destruxit
1447 4200 1619 4236 omnes
1646 4180 1845 4235 exerci-

270 4294 347 4336 tus
376 4280 771 4339 Chaldworum,
799 4277 886 4346 qui
915 4286 1162 4329 eratcum
1190 4274 1419 4342 principe
1443 4270 1663 4324 militum
1687 4284 1704 4320 :
1733 4268 1849 4322 reli-

269 4386 420 4439 quam
444 4378 623 4420 autem
648 4364 821 4434 populi
848 4374 1068 4433 partem,
1089 4363 1177 4433 qui
1202 4369 1518 4415 remanserat
1546 4360 1599 4411 in
1624 4357 1845 4421 civitate,

270 4468 315 4511 et
344 4458 594 4528 perfugas
621 4455 709 4525 qui
742 4452 1129 4521 transfugerant
1174 4451 1242 4502 ad
1280 4465 1445 4518 regem
1474 4446 1777 4516 Babylonis,
1799 4454 1847 4498 et

274 4550 527 4619 reliquum
556 4547 742 4614 vulgus
768 4542 1029 4595 transtulit
1059 4539 1417 4594 Nabuzardan
1441 4538 1675 4607 princeps
1707 4535 1846 4589 mili-

273 4642 378 4702 tite,
400 4649 454 4693 et
502 4637 713 4705 reliqua
762 4632 865 4705 (ιγ
906 4632 1037 4701 Reg.
1073 4630 1221 4700 xxv).
1274 4628 1427 4683 Venit
1472 4626 1848 4690 Nabuzardan,

274 4732 361 4800 qui
397 4731 792 4799 interpretatur
832 4724 1203 4787 ventilabrum,
1233 4721 1345 4776 sive
1382 4719 1649 4789 prophetia
1695 4716 1852 4770 alieni

270 4818 482 4889 judicn’,
506 4826 565 4871 et
591 4814 862 4886 signiﬁcat
894 4812 1315 4875 Antichristum,
1336 4808 1482 4876 justo
1524 4807 1618 4861 Dei
1653 4805 1853 4875 judicio

278 4925 435 4979 super
458 4916 799 4977 peccatores,
821 4906 1069 4974 princeps
1098 4903 1279 4970 utique
1302 4902 1569 4955 exercitus
1588 4900 1728 4967 regis
1754 4898 1856 4951 Ba-

280 4998 487 5070 bylonis
522 4995 861 5049 Hierusalem
904 4991 1318 5062 intelligibilem,
1348 4999 1402 5044 et
1446 4990 1722 5045 succendit
1756 4988 1852 5042 do-

281 5105 424 5143 mum
468 5087 711 5148 Domini,
740 5076 859 5139 cum
888 5086 1139 5152 antiquus
1173 5083 1358 5147 hostis,
1397 5082 1487 5151 qui
1522 5090 1576 5135 et
1603 5096 1697 5134 rex
1724 5095 1855 5135 con-

284 5180 530 5243 fusionis,
586 5187 645 5232 et
691 5178 939 5245 princeps
977 5176 1213 5231 omnium
1260 5174 1563 5242 iniquorum
1608 5179 1710 5236 est,
1745 5180 1855 5225 tam

284 5270 643 5340 malignorum
672 5266 976 5336 spirituum,
1002 5280 1161 5333 quam
1184 5264 1343 5318 etiam
1368 5262 1650 5329 impiorum
1681 5259 1855 5315 homi-

286 5376 429 5422 num,
472 5360 690 5427 plebem
737 5355 940 5409 invadit
986 5355 1241 5417 ﬁdelium,
1269 5361 1326 5406 et
1357 5352 1569 5406 domum
1612 5352 1775 5419 regis,
1805 5357 1861 5403 et

289 5450 472 5506 domos
501 5445 866 5508 Hierusalem,
898 5435 950 5497 id
980 5453 1083 5506 est,
1113 5452 1372 5505 rectores,
1412 5453 1467 5497 et
1512 5456 1606 5494 eos
1638 5438 1727 5508 qui
1777 5439 1859 5491 vi-

291 5538 556 5591 debantur
584 5535 637 5588 in
662 5535 869 5587 visione
898 5534 1043 5600 pacis
1094 5547 1333 5593 manere,
1366 5530 1723 5585 inﬂammatos
1770 5543 1863 5581 cu-

291 5625 509 5694 piditat’e
562 5622 829 5677 subvertit
848 5662 862 5684 ,

297 5714 421 5785 igni,
448 5731 570 5771 cum
607 5711 1029 5782 uniuscujusque
1053 5709 1434 5766 conscientiam
1462 5725 1556 5781 per
1594 5707 1862 5765 ﬂammam

936 5634 1255 5688 omnemque
1312 5621 1523 5673 domum
1572 5618 1865 5673 combussit

1934 3271 2390 3330 sinusArabicus.
2420 3270 2647 3332 Arabia,
2677 3283 2797 3338 quae
2835 3269 3217 3337 interpretatur
3265 3268 3499 3335 humilis,

1934 3366 2047 3420 sive
2071 3364 2390 3433 campestris,
2442 3370 2709 3414 terrenam
2756 3359 3025 3429 signiﬁcat
3074 3348 3501 3413 delectationem.

1936 3456 2089 3511 Unde
2114 3455 2372 3523 scriptum
2394 3460 2477 3507 est
2502 3454 2555 3507 in
2583 3451 2789 3520 psalmo
2819 3468 2831 3504 :
2863 3450 3020 3520 Reges
3039 3451 3268 3504 Arabum
3291 3461 3337 3504 et
3362 3448 3503 3503 Saba

1935 3546 2075 3599 dona
2098 3545 2353 3598 adducent
2383 3542 2551 3614 (Psal.
2581 3543 2749 3614 Lxxt).
2782 3542 3016 3596 Arabum
3044 3543 3258 3611 ponitur
3278 3557 3375 3611 pro
3409 3542 3505 3597 h0-

1937 3635 2170 3689 minibus
2196 3634 2343 3687 suavi
2366 3643 2421 3687 et
2444 3641 2652 3687 terrena
2675 3647 2733 3686 se
2754 3631 3107 3686 delectatione
3130 3630 3504 3685 tractantibus.

1939 3723 2072 3778 Nam
2115 3723 2255 3777 sicut
2291 3723 2378 3775 illa
2419 3722 2592 3790 patria
2632 3721 2857 3775 diversis
2906 3720 3232 3775 aromatibus
3291 3735 3508 3774 sensum

1941 3814 2149 3867 varium
2176 3812 2401 3875 mulcet,
2430 3812 2503 3864 ita
2530 3811 2617 3864 isti
2646 3812 2713 3865 ad
2747 3809 3127 3864 delectationes
3166 3808 3507 3863 mollissimas

1944 3902 2211 3956 illecebris
2232 3900 2576 3955 saecularibus
2602 3900 2914 3953 invitantur.
2944 3899 3113 3968 Reges
3142 3914 3269 3968 ergo
3298 3898 3509 3952 Arabia:

1944 4004 2086 4058 sunt,
2112 3993 2204 4061 qui
2242 3991 2607 4045 blandimenta
2658 4005 2942 4059 corporum
2993 3990 3175 4060 rigidae
3214 3988 3507 4056 subjiciunt

1945 4081 2255 4148 disciplima.
2287 4079 2547 4134 Similiter
2585 4077 2758 4145 Saba,
2787 4079 2926 4133 unde
2966 4077 3139 4132 Sabaei
3197 4078 3322 4132 dicti
3364 4087 3507 4139 sunt,

1947 4173 2191 4242 quamvis
2211 4171 2472 4239 corporali
2499 4170 2852 4224 delectatione
2873 4170 3179 4237 praevaleat,
3194 4180 3246 4223 et
3260 4170 3514 4239 jucundis

1946 4264 2203 4319 odoribus
2242 4262 2310 4316 sit
2340 4261 2533 4315 referta
2569 4276 2583 4312 :
2612 4261 2857 4314 suaviora
2891 4268 3064 4313 tamen
3105 4260 3349 4314 conversi
3400 4261 3516 4329 ejus

1948 4354 2128 4425 populi
2150 4353 2383 4409 olI'erunt
2402 4352 2539 4407 dona
2570 4353 2847 4404 virtutum.
2875 4348 3085 4418 Syriam
3110 4350 3278 4419 Syrus
3299 4350 3514 4419 quidam

1950 4446 2264 4514 perhibetur
2297 4443 2543 4511 indigena
2572 4456 2666 4494 suo
2694 4440 2951 4495 vocabulo
2991 4455 3347 4507 nuncupasse.
3393 4438 3519 4493 Ilaec

1952 4534 2018 4587 ab
2040 4533 2245 4587 oriente
2266 4531 2424 4586 ﬁuvio
2446 4531 2737 4599 Euphrate,
2766 4530 2834 4583 ab
2860 4543 3055 4582 occasu
3081 4530 3215 4583 mari
3256 4537 3439 4583 nostro
3465 4540 3520 4583 et

1952 4628 2181 4698 Egypto
2210 4626 2547 4687 terminatur,
2582 4624 2785 4677 habens
2826 4637 2856 4674 a
2906 4620 3281 4690 Septentrione
3324 4621 3518 4675 Arme-

1954 4720 2117 4782 niam,
2151 4724 2205 4771 et
2240 4716 2662 4786 Cappadociam;
2694 4730 2722 4767 a
2754 4713 2974 4767 meridie
3002 4715 3176 4768 sinum
3198 4712 3517 4776 Arabicum;

1955 4809 2091 4862 situs
2117 4804 2231 4880 ejus
2272 4813 2550 4873 porrectus
2580 4805 2633 4856 in
2667 4804 2981 4857 immensam
3027 4802 3431 4871 longitudinem,
3465 4803 3519 4855 in

1959 4898 2067 4951 lato
2096 4897 2386 4963 angustior.
2415 4894 2568 4964 Syria
2600 4894 2741 4947 enim
2770 4892 3034 4964 signiﬁcat
3058 4893 3363 4961 superbiam
3393 4907 3521 4963 gen-

1960 4990 2114 5052 tium,
2143 5002 2260 5055 qum
2288 4987 2479 5055 saepius
2505 4983 2765 5053 aﬁligebat
2795 4984 3043 5051 populum
3067 4984 3181 5037 Dei.
3213 4982 3367 5037 Unde
3390 4983 3526 5036 scri-

1959 5084 2107 5145 ptum
2133 5083 2214 5128 est
2242 5072 2358 5145 (Il!
2399 5071 2526 5141 Reg.
2568 5066 2681 5143 xx),
2734 5071 2874 5141 quod
2920 5070 3171 5125 Benadab
3218 5085 3310 5124 rex
3358 5070 3527 5139 Syriae

1961 5164 2363 5235 congregaverit
2398 5178 2612 5216 omnem
2654 5162 2949 5216 exercitum
2996 5178 3170 5227 suum,
3216 5170 3271 5215 et
3310 5160 3527 5230 triginta

1963 5254 2096 5308 duos
2124 5268 2277 5322 reges
2305 5267 2508 5315 secum,
2531 5260 2584 5304 et
2611 5266 2795 5319 equos,
2828 5258 2880 5305 et
2902 5266 3113 5314 currus,
3146 5260 3199 5304 et
3229 5250 3527 5305 ascendens

1963 5344 2231 5414 pugnabat
2278 5353 2466 5396 contra
2518 5340 2838 5404 Samariam,
2871 5348 2927 5393 et
2969 5340 3247 5394 obsidebat
3298 5352 3440 5397 eam.
3472 5344 3531 5391 et

1966 5436 2188 5503 reliqua.
2252 5434 2469 5504 Mystiee
2516 5432 2785 5496 Benatlab,
2824 5432 2993 5485 hostis
3035 5430 3218 5494 Israel,
3262 5426 3533 5498 signiﬁcat

1966 5524 2253 5587 diabolum,
2281 5524 2519 5576 omnium
2546 5524 2807 5575 bonorum
2846 5520 3141 5584 inimicum,
3166 5518 3255 5587 qui
3284 5519 3531 5575 diversos

1965 5614 2234 5669 exercitus
2276 5612 2631 5681 malignorum
2672 5609 2954 5679 spirituum
3000 5610 3068 5663 ad
3115 5603 3530 5681 subvertendum

1966 5703 2217 5775 populum
2253 5703 2348 5759 Dei
2382 5701 2665 5759 contrahit.
2702 5698 2805 5757 Sed
2852 5715 2949 5771 per
2996 5714 3189 5770 pueros
3230 5698 3532 5769 principum
