3930 6372
203 414 298 474 διι

1158 411 1246 468 DE
1287 408 1632 468 UNIVER'SO
1669 409 1849 465 LIBRI
1888 410 2051 466 XXII.
2092 441 2161 451 —
2196 411 2325 467 LIB.
2362 411 2477 466 XII.

3350 410 3459 470 542

205 534 618 593 resurrectionis
659 530 778 602 ejus
823 526 1046 604 gloriam
1085 538 1209 602 post
1235 528 1342 583 laeti
1382 527 1701 591 videbimus,
1731 526 1775 579 si
1804 531 1852 590 Α
1880 534 2026 595 ptus,
2056 523 2325 578 tribulatio
2353 533 2699 593 coangustans
2724 537 2742 575 :
2770 532 2824 579 ct
2852 523 3124 594 signiﬁcat
3151 541 3347 581 vanum
3374 528 3455 582 la-

203 628 357 682 modo
386 641 418 679 a
446 624 596 679 vitiis
623 622 691 678 ad
721 623 976 676 virtutum
1008 618 1381 675 celsitudinem
1420 616 1772 684 transmigra-

203 731 337 771 mus.
376 714 480 782 Qui
505 728 634 784 ergo
679 712 958 766 nuntiatur
1004 710 1059 764 in
1107 708 1387 777 sepulcro,
1430 707 1481 760 in
1523 704 1776 760 transmi-

200 805 443 876 gratione
470 802 807 867 ostenditur;
856 801 982 869 quia
1026 801 1091 865 is,
1135 800 1228 868 qui
1274 798 1327 852 in
1357 796 1774 851 mortificatione

202 896 381 951 carnis
427 894 773 963 agnoscitur,
803 890 858 946 in
890 889 1363 960 transmigratione
1398 885 1594 941 mentis
1632 884 1775 939 vide-

202 994 304 1040 tur.
332 984 642 1040 Secundum
671 981 798 1037 illud
829 989 1027 1045 autem,
1051 978 1195 1050 quod
1242 976 1459 1032 Galilaaa
1503 975 1771 1043 interpre-

203 1083 339 1128 tatur
365 1073 634 1139 revelatio,
662 1086 769 1126 non
791 1069 903 1138 jam
934 1070 987 1123 in
1012 1069 1183 1124 forma
1208 1067 1349 1121 servi
1372 1064 1771 1133 intelligendum

199 1172 299 1228 est,
326 1162 421 1219 sed
449 1162 563 1227 illa,
592 1163 647 1216 in
681 1176 787 1231 qua
816 1161 1038 1230 aequalis
1066 1168 1148 1214 est
1188 1158 1361 1223 Patri,
1391 1172 1550 1226 quam
1577 1155 1773 1225 promi-

200 1246 268 1309 sit
293 1253 434 1323 apud
458 1252 723 1308 Joannem
771 1252 1115 1308 dilectoribus
1159 1250 1295 1332 suis,
1324 1263 1448 1303 cum
1494 1246 1700 1302 diceret
1754 1263 1767 1300 :

201 1342 266 1397 Et
285 1359 377 1414 ego
400 1342 623 1413 diligam
651 1359 790 1408 eum,
813 1352 861 1397 et
888 1342 1154 1396 ostendam
1182 1357 1262 1395 me
1287 1340 1457 1410 ipsum
1480 1337 1560 1391 illi
1587 1338 1768 1408 (Joan.

200 1435 339 1506 xiv);
387 1451 496 1490 non
525 1436 712 1505 utique
732 1434 1026 1490 secundum
1061 1431 1132 1498 id,
1158 1432 1300 1503 quod
1340 1429 1453 1499 jam
1498 1429 1770 1493 videbant,

200 1535 252 1583 et
277 1526 418 1596 quod
444 1525 563 1595 jam
586 1540 875 1595 resurgens
901 1539 1025 1579 cum
1055 1522 1398 1578 cicatricibus
1442 1536 1550 1576 non
1597 1520 1772 1575 solum

198 1618 507 1681 videndum,
531 1616 627 1672 sed
655 1616 816 1670 etiam
854 1614 1181 1684 tangendum
1209 1612 1551 1682 postmodum
1592 1620 1774 1666 osten-

198 1705 303 1772 dit;
333 1706 431 1761 sed
453 1706 749 1761 secundum
784 1704 930 1759 illam
960 1702 1284 1759 ineffabilem
1309 1701 1484 1756 lucem
1509 1716 1626 1769 quae
1650 1699 1776 1753 illn-

199 1796 355 1850 minat
384 1812 593 1850 omnem
622 1795 879 1849 hominem
908 1795 1194 1848 venientem
1242 1794 1297 1846 in
1343 1792 1481 1845 hunc
1518 1789 1772 1846 mundum

1877 616 2086 680 borem,
2113 628 2271 682 quem
2303 612 2472 681 iniqui
2501 622 2758 668 exercent
2792 613 2844 667 in
2870 614 2973 668 hoc
3004 614 3205 669 mundo
3230 626 3461 673 testuau-

1879 714 1959 759 tes
1986 718 2082 772 per
2108 704 2412 766 avaritiam,
2442 703 2590 757 lucra
2619 703 2799 759 saeculi
2830 706 3111 770 scctando,
3164 715 3220 761 ct
3245 709 3458 779 negotia

1878 795 2058 849 mundi
2084 793 2421 848 exercendo:
2452 794 2543 847 ubi
2582 810 2858 863 nunquam
2900 796 3187 852 animabus
3234 798 3345 853 suis
3372 815 3462 854 re-

1875 883 2055 951 quiem
2087 881 2379 945 invenient,
2410 883 2504 935 sed
2540 882 2604 936 de
2654 884 3003 939 tribulatione
3051 885 3211 956 hujus
3235 887 3359 942 vitae
3406 889 3460 943 in

1877 973 2177 1041 angustiam
2215 972 2532 1042 pervenient
2585 974 2989 1042 sempiternam.
3037 976 3223 1031 Potest
3278 989 3461 1035 autem

1876 1061 2141 1132 Aigyptus
2171 1064 2429 1117 mundum
2458 1061 2765 1131 significare
2788 1062 2855 1116 ad
2891 1064 3059 1119 Deum
3103 1081 3423 1123 conversum
3442 1110 3457 1131 .

1876 1150 2007 1204 utin
2032 1150 2273 1219 psalmo:
2310 1151 2520 1205 Venient
2546 1151 2703 1222 legati
2729 1168 2793 1207 ex
2818 1152 3049 1224 [Egypto
3074 1155 3247 1226 (Psal.
3270 1160 3459 1229 van).

1875 1238 1943 1292 Et
1966 1239 2018 1292 in
2054 1239 2189 1293 Isaia
2231 1258 2244 1292 :
2278 1238 2346 1292 In
2371 1239 2455 1293 die
2475 1240 2569 1293 illa
2598 1241 2693 1293 erit
2722 1240 2890 1295 altare
2931 1243 3144 1298 Domini
3187 1246 3241 1300 in
3291 1250 3461 1302 medio

1873 1337 2027 1383 terra:
2056 1328 2295 1398 Afgypti.
2322 1328 2634 1383 Clamabunt
2660 1332 2796 1383 enim
2834 1332 2903 1385 ad
2933 1332 3214 1387 Dominum
3263 1354 3293 1390 a
3326 1338 3463 1405 facie

1872 1417 2191 1484 tribulantis,
2225 1428 2273 1472 et
2308 1420 2472 1473 mittet
2499 1421 2572 1473 eis
2600 1418 2927 1475 Salvatorem
2951 1432 2997 1475 et
3024 1437 3462 1494 propugnatorem

1873 1510 1963 1579 qui
1986 1509 2163 1562 liberet
2188 1526 2273 1564 eos
2297 1509 2431 1580 (Isa.
2476 1511 2613 1580 XIX).
2636 1510 2767 1565 Item
2798 1512 2852 1565 in
2894 1512 3089 1566 malum
3126 1522 3334 1583 partem
3381 1516 3464 1569 in-

1874 1598 2150 1669 telligitur,
2178 1607 2237 1651 ut
2280 1606 2362 1653 est
2393 1598 2525 1652 illud
2556 1599 2805 1655 Ezechiel
2838 1619 2850 1653 :
2881 1600 3011 1654 Cum
3046 1602 3237 1657 dedero
3268 1614 3463 1659 terram

1874 1685 2095 1756 Egypti
2122 1686 2431 1739 desolatam.
2473 1686 2753 1741 Deserctur
2788 1699 2961 1743 autem
3005 1698 3145 1744 terra
3182 1710 3214 1744 a
3238 1692 3467 1762 plenitu-

1874 1775 1997 1830 dine
2021 1792 2139 1841 sua,
2170 1774 2379 1845 quando
2423 1791 2726 1844 percussero
2765 1793 2942 1831 onmes
2987 1779 3305 1834 habitatores
3347 1783 3463 1851 ejus

200 1886 372 1957 (Joan.
404 1885 470 1958 ι),
502 1885 802 1941 secundum
832 1898 994 1953 quam
1026 1882 1160 1936 lucet
1187 1883 1240 1935 in
1268 1882 1517 1947 tenebris,
1542 1890 1590 1935 et
1629 1889 1772 1935 tene-

1878 1867 2093 1939 (Ezech.
2121 1866 2294 1935 XXIX).
2326 1866 2457 1921 Item
2485 1868 2649 1921 Amos
2675 1867 2806 1922 dicit
2837 1885 2849 1921 :
2884 1867 3148 1937 Afggptns
3178 1871 3231 1923 in
3268 1871 3467 1926 desola-

198 1976 299 2030 brte
315 1991 431 2029 eam
453 1991 562 2028 non
594 1974 1112 2044 comprehenderunt.
1157 1972 1287 2027 Illuc
1332 1987 1431 2026 nos
1475 1970 1771 2041 praecessit,

197 2062 332 2115 unde
360 2061 429 2115 ad
460 2077 564 2116 nos
603 2063 825 2117 veniens
869 2076 977 2115 non
1013 2062 1258 2125 recessit,
1286 2070 1342 2116 et
1376 2076 1483 2129 quo
1511 2075 1609 2114 nos
1635 2074 1776 2130 prte-

198 2148 385 2204 cedens
412 2164 522 2202 non
548 2149 805 2204 deseruit.
828 2149 919 2203 Illa
947 2150 1051 2204 erit
1077 2149 1352 2214 revelatio,
1370 2157 1625 2219 tanquam
1647 2162 1774 2203 vera

200 2239 248 2292 in
270 2237 511 2303 Galikea,
539 2254 661 2294 cum
687 2240 891 2295 similes
912 2240 963 2294 ei
984 2241 1206 2295 erimus.
1231 2240 1306 2294 lbi
1327 2256 1451 2294 eum
1474 2239 1777 2295 videbimus

198 2326 347 2381 sicuti
386 2338 474 2383 est
502 2328 557 2398 (1
579 2328 740 2382 Joan.
772 2330 879 2400 ιιι).
902 2328 1020 2397 Ipsa
1050 2330 1154 2382 erit
1176 2328 1338 2383 etiam
1358 2327 1570 2383 beatior
1598 2336 1776 2384 trans-

197 2418 441 2487 migratio
459 2434 530 2473 ει
556 2418 663 2473 isto
692 2418 889 2473 sarculo
915 2419 967 2473 in
1007 2418 1153 2473 illam
1180 2418 1535 2474 aeternitatem
1553 2458 1570 2483 ,
1592 2419 1636 2473 si
1659 2418 1777 2489 ejus

198 2515 458 2577 prxecepta
491 2506 572 2561 sic
602 2506 1009 2575 amplectamur,
1039 2516 1099 2561 ut
1125 2507 1193 2562 ad
1223 2507 1339 2576 ejus
1368 2507 1649 2562 dexteram
1692 2522 1779 2563 se-

199 2597 402 2666 gregari
431 2610 763 2651 mereamur.
794 2596 1101 2665 Pentapolis
1126 2596 1274 2668 regio
1303 2597 1358 2651 in
1384 2596 1619 2653 confinio
1650 2596 1778 2651 Ara-

198 2682 296 2739 bia:
318 2692 373 2739 et
396 2684 703 2756 Palaestini:
747 2685 874 2752 sita,
918 2686 1060 2741 dicta
1111 2701 1142 2740 a
1186 2686 1427 2756 quinque
1469 2686 1777 2742 civitatibus

200 2772 504 2843 Impiorum,
530 2790 655 2845 quae
679 2774 885 2830 caelesti
918 2775 1041 2845 igne
1079 2783 1414 2849 consumptae
1440 2783 1604 2830 sunt:
1632 2784 1778 2832 terra

200 2862 420 2931 amplius
445 2864 516 2919 ab
539 2864 873 2920 Hierusalem
905 2865 1031 2920 olim
1079 2865 1374 2932 uberrima,
1405 2882 1550 2921 nunc
1598 2874 1779 2922 autem

200 2953 404 3009 deserta
436 2965 607 3026 atque
633 2966 841 3011 exusta.
867 2955 1001 3010 Nam
1024 2970 1123 3025 pro
1148 2957 1353 3012 scelere
1386 2957 1685 3014 incolarum
1713 2957 1780 3013 de

1876 1958 2015 2011 tione
2033 1957 2128 2009 erit
2151 1965 2198 2008 et
2224 1955 2465 2009 Idumam
2489 1957 2543 2009 in
2565 1956 2824 2010 desertum
2852 1960 3159 2027 perditionis
3188 1959 3327 2029 (Joel
3354 1961 3460 2032 ιιι).

1877 2045 2121 2116 Scythia,
2152 2044 2291 2099 sicut
2316 2052 2374 2098 et
2394 2044 2589 2099 Gothia
2617 2060 2646 2097 a
2673 2044 2878 2114 Magog,
2911 2046 3020 2100 lilio
3047 2045 3259 2116 Japhct,
3289 2046 3464 2103 fertur

1876 2138 2251 2208 cognominata
2289 2154 2304 2195 :
2342 2137 2494 2207 cujus
2524 2147 2667 2193 terra
2703 2138 2831 2193 olim
2857 2139 3046 2210 ingens
3084 2137 3202 2193 fuit.
3228 2138 3367 2194 Nam
3396 2143 3466 2196 ab

1878 2232 2083 2286 oriente
2115 2231 2286 2297 India,
2319 2247 2350 2285 a
2383 2231 2751 2299 septentrione
2772 2245 2874 2299 per
2900 2230 3123 2301 paludes
3166 2231 3458 2287 Metocides

1878 2320 2193 2395 [Mazotides]
2231 2323 2371 2377 inter
2402 2322 2704 2377 Danubium
2732 2331 2786 2377 et
2819 2321 3095 2378 Oceanum
3122 2338 3292 2392 usque
3320 2323 3461 2378 Ger-

1878 2410 2073 2466 maniae
2099 2409 2235 2466 lines
2259 2410 2656 2482 porrigebatur.
2684 2410 2877 2467 Postea
2908 2427 3037 2467 vero
3066 2414 3243 2468 minor
3266 2412 3459 2469 ell‘ecta

1877 2516 1909 2557 a
1938 2502 2126 2557 dextra
2146 2503 2372 2560 orientis
2388 2513 2564 2575 parte,
2592 2520 2697 2575 qua
2728 2520 2964 2561 oceanus
3013 2504 3235 2577 Syrieus
3284 2505 3464 2561 tendi-

1877 2601 1970 2649 tur
2010 2610 2180 2665 usque
2208 2596 2275 2651 ad
2302 2612 2455 2651 mare
2485 2595 2761 2667 Caspium,
2791 2597 2933 2665 quod
2959 2597 3131 2651 estad
3164 2611 3418 2653 occasum
3450 2616 3465 2652 :

1880 2685 2076 2741 dehinc
2106 2700 2138 2740 a
2174 2687 2401 2741 meridie
2429 2700 2601 2756 usque
2630 2686 2699 2741 ad
2736 2685 2961 2741 Caucasi
2996 2686 3184 2756 jugum
3233 2686 3469 2742 deducta

1879 2786 2001 2834 est:
2029 2779 2117 2834 cui
2146 2776 2390 2847 subiacet
2412 2777 2681 2850 Hyrcania
2710 2778 2778 2833 ab
2804 2792 3001 2834 occasu
3027 2777 3233 2833 habens
3262 2777 3471 2847 pariter

1881 2872 2079 2928 multas
2110 2880 2298 2945 gentes
2336 2879 2557 2943 propter
2585 2878 2853 2926 terrarum
2882 2868 3327 2927 infecunditatem
3358 2869 3467 2925 late

1880 2970 2159 3034 vagantes,
2182 2976 2251 3019 ex
2273 2962 2468 3033 quibus
2489 2961 2733 3031 quaedam
2757 2950 2914 3030 agros
2937 2960 3198 3023 incolunt,
3217 2959 3465 3028 quaadam

200 3042 331 3098 caelo
358 3045 644 3101 descendit
674 3047 831 3115 ignis,
862 3048 955 3116 qui
982 3048 1256 3120 regionem
1280 3048 1427 3104 illam
1475 3049 1528 3104 in
1567 3049 1781 3105 cineres
1881 3059 2210 3123 porter‘oste
2246 3066 2312 3106 ac
2368 3058 2549 3106 truces
2593 3050 2850 3107 carnibus
2888 3049 3139 3104 humanis
3171 3056 3227 3105 et
3275 3064 3467 3104 eorum

200 3140 421 3190 aeternos
443 3136 719 3203 dissolvit;
762 3136 871 3192 illic
907 3139 1100 3193 umbra
1128 3138 1373 3208 quaedam
1412 3148 1469 3194 et
1493 3138 1701 3208 species
1722 3140 1778 3194 in
1818 3207 1848 3212 Α
1884 3158 2146 3209 εδηιρτιιιθ
2192 3142 2400 3196 vivunt.
2446 3140 2682 3212 Scythia:
2716 3140 2900 3210 plures
2946 3149 3107 3196 terra:
3145 3149 3273 3194 sunt
3317 3138 3467 3195 locu-

202 3221 387 3279 iavillis
412 3234 467 3279 et
499 3226 788 3282 arboribus
817 3227 949 3297 ipsis
974 3207 1153 3282 etiam
1171 3229 1349 3287 adhuc
1376 3207 1609 3283 videtur.
1665 3227 1777 3283 Na-
1806 3207 1850 3270 Ο
1881 3207 2072 3305 pletes,
2097 3231 2477 3288 inhabitabiles
2505 3207 2686 3286 tamen
2717 3207 2931 3299 plures.
2962 3227 3097 3283 Nam
3121 3228 3246 3283 dum
3271 3228 3325 3283 in
3352 3227 3467 3299 ple-

202 3324 416 3369 seuntur
448 3316 599 3370 enim
621 3317 691 3371 ibi
716 3330 874 3386 poma
901 3318 1131 3373 virentia
1152 3319 1253 3374 sub
1281 3326 1428 3373 tanta
1453 3318 1632 3389 specie
1657 3333 1777 3373 ma-
1879 3326 2063 3395 risque
2084 3324 2216 3381 locis
2244 3340 2378 3380 auro
2400 3332 2455 3379 et
2482 3322 2709 3394 gemmis
2742 3319 2980 3387 afﬂuant,
3012 3319 3341 3390 gryphorum
3366 3320 3469 3374 im-

205 3407 450 3472 ιιιτίιειιὶδο
477 3416 536 3461 υι
570 3407 764 3463 Edendi
794 3408 1124 3464 desiderium
1168 3409 1420 3481 gignant;
1471 3408 1515 3463 Si
1560 3423 1775 3479 carpas.
1878 3418 2138 3475 manitate
2171 3431 2425 3473 accessus
2463 3415 2745 3471 hominum
2796 3429 2955 3468 rarus
2996 3419 3080 3467 est
3116 3426 3131 3465 :
3164 3410 3468 3481 smaragdis

201 3495 485 3566 Ῑειίδίέυηιι
537 3514 603 3554 π
662 3499 1005 3555 τεδοινυοιιιι·
1054 3501 1107 3555 in
1159 3501 1415 3564 είηθΐθῐην
1462 3499 1777 3570 fumumque
1878 3518 2056 3565 autem
2082 3510 2299 3578 optimis
2323 3510 2439 3565 haec
2470 3509 2645 3579 patria
2677 3517 2778 3564 est.
2804 3506 3052 3577 Cyaneas
3074 3519 3289 3576 quoque
3327 3504 3465 3573 lapis

200 3590 467 3656 “halant.
500 3592 659 3661 quasi
704 3591 879 3647 adhuc
931 3592 1177 3647 ardeam.
1232 3591 1368 3646 Nam
1406 3591 1716 3661 Ρθειιειροιιε
1744 3607 1773 3647 8
1875 3610 1933 3657 et
1962 3601 2248 3673 crystallus
2286 3600 2611 3669 purissimus
2643 3597 2879 3669 scythiae
2906 3604 3008 3652 est.
3040 3596 3216 3651 Ilabet
3261 3599 3316 3650 et
3364 3592 3464 3649 llu-

200 3694 417 3735 nnmero
437 3681 746 3735 derivatum
769 3696 964 3737 nomen
981 3721 998 3749 ,
1025 3681 1183 3752 quasi
1211 3681 1450 3752 quinque
1493 3682 1774 3738 civitatum

202 3769 361 3838 regio.
385 3768 639 3839 Quinque
663 3768 747 3824 ha:
765 3784 895 3833 vero
916 3769 1164 3826 civitates
1200 3770 1253 3825 in
1282 3786 1347 3827 ea
1376 3772 1599 3827 consita:
1626 3779 1771 3836 sunt,

202 3856 296 3914 hoc
322 3868 433 3925 est,
460 3858 731 3925 Sodoma,
773 3876 893 3929 quae
946 3861 1327 3931 interpretatur
1368 3878 1523 3933 pecus
1579 3861 1774 3928 silens;

200 3946 471 4015 Gomorra,
490 3965 613 4019 quas
634 3951 1021 4021 interpretatur
1036 3950 1215 4021 populi
1242 3952 1418 4016 timor,
1445 3951 1531 4006 vel
1552 3952 1773 4017 seditio;

202 4038 414 4105 Adama,
454 4055 578 4110 qum
626 4040 1012 4110 interpretatur
1038 4041 1247 4104 humus,
1288 4041 1402 4096 sive
1446 4051 1622 4107 terra,
1661 4040 1774 4096 sive

202 4139 397 4184 terrena
423 4144 441 4182 :
472 4130 713 4194 Seboim,
749 4146 869 4200 qua:
901 4131 1287 4200 interpretatur
1315 4147 1622 4202 caprearum
1643 4170 1660 4197 ,
1690 4129 1773 4185 vel

201 4215 548 4283 (mularum,
570 4219 686 4273 sive
711 4218 867 4272 statio
895 4218 1010 4287 ejus
1037 4235 1202 4284 mare,
1229 4218 1314 4273 vel
1350 4219 1508 4273 statio
1552 4219 1715 4273 maris
1751 4232 1771 4272 :

203 4307 380 4380 Segor,
415 4325 540 4379 qua:
586 4312 995 4380 interpretatur}
1014 4326 1194 4380 parva.
1241 4311 1367 4367 Ilmc
1413 4318 1591 4367 autem
1622 4313 1773 4384 regio

201 4399 315 4468 quia
352 4400 536 4454 divino
571 4399 781 4469 judicio
812 4410 1033 4471 pr0pter
1074 4400 1279 4456 scelera
1307 4416 1403 4458 sua
1432 4411 1620 4458 exusta
1666 4411 1770 4469 est,

202 4490 457 4561 significat
480 4492 704 4561 eos,qui
730 4491 968 4562 quinque
987 4492 1234 4547 sensibus
1253 4493 1496 4561 corporis
1529 4494 1641 4548 suis
1678 4494 1773 4549 ab-

202 4590 413 4636 utuntur
433 4582 490 4636 in
512 4582 727 4636 luxuria
743 4591 799 4636 et
819 4581 1092 4652 voluptate
1113 4592 1450 4638 terrenarum
1474 4598 1673 4650 rerum,
1693 4585 1771 4639 rei

202 4680 317 4725 sunt
334 4672 521 4726 aeterni
545 4671 805 4738 incendii,
820 4671 864 4726 si
886 4686 991 4725 non
1008 4672 1086 4726 eis
1100 4672 1415 4742 pmnitentia
1434 4680 1490 4727 et
1508 4675 1773 4730 correctio

201 4774 566 4829 perversurum
596 4776 807 4816 morum
844 4770 969 4817 ante
993 4762 1321 4818 subvenerit.
1350 4762 1773 4834 Egyptus,quat

200 4851 339 4920 prius
370 4851 534 4905 Αῖήα
583 4851 893 4917 dicebatur,
946 4853 1014 4907 ab
1073 4850 1309 4922 .Egypto
1367 4852 1538 4908 Danai
1604 4854 1772 4911 fratre

202 4949 375 5009 postea
418 4940 493 4995 ibi
526 4948 787 5010 regnante
826 4954 1020 4994 nomen
1052 4942 1275 5010 accepit.
1307 4940 1433 4997 Haec
1463 4942 1531 4997 ab
1559 4942 1766 4999 oriente

206 5028 362 5101 Syria:
382 5047 444 5085 ac
482 5031 671 5087 Rubro
704 5030 842 5085 mari
870 5028 1179 5098 conjuncta,
1210 5030 1500 5093 abloccasu
1543 5031 1767 5101 Libyam

205 5120 375 5185 habet,
401 5138 432 5176 a
462 5122 833 5191 septentrione
857 5136 1007 5176 mare
1038 5119 1309 5191 Magnum,
1342 5137 1371 5175 a
1398 5122 1626 5175 meridie
1642 5136 1771 5176 vero

206 5209 458 5267 Introrsus
511 5213 735 5279 recedit,
764 5211 1093 5282 pertendens
1126 5225 1294 5282 usque
1328 5211 1395 5265 ad
1440 5210 1724 5283 IEthiopes
1754 5228 1771 5267 :

208 5306 343 5377 regio
370 5306 491 5361 caeli
542 5305 807 5362 imbribus
852 5307 1084 5369 insueta,
1112 5312 1166 5358 et
1208 5304 1509 5375 pluviarum
1562 5304 1769 5372 ignara.

208 5393 346 5452 Nilus
370 5397 515 5453 solus
536 5412 657 5453 eam
694 5396 1069 5452 circumfluens
1099 5396 1306 5465 irrigat,
1338 5403 1392 5450 et
1425 5394 1772 5450 inundatione

211 5484 445 5542 fecundat
480 5508 494 5542 :
526 5488 671 5543 unde
717 5497 770 5542 et
801 5486 951 5543 ferax
1004 5486 1247 5557 frugibus
1293 5484 1515 5538 multam
1563 5491 1772 5553 partem

210 5578 755 5661 terramm‘frumento
783 5579 894 5643 alit,
925 5586 1243 5634 cmterorum
1273 5580 1485 5647 qudque
1534 5576 1773 5645 negotio-

214 5685 322 5725 rum
349 5673 480 5726 adeo
522 5672 761 5743 copiosa,
789 5680 850 5727 ut
879 5671 1101 5743 impleat
1149 5670 1467 5729 necessariis
1496 5667 1770 5723 mercibus

212 5762 358 5821 etiam
384 5762 581 5822 Orbem
618 5772 905 5824 terrarum.
940 5765 1331 5834 Interpretatur
1378 5768 1560 5819 autem
1598 5756 1770 5833 Egy-

1799 4536 1850 4595 D

1876 3692 2022 3747 mina
2046 3706 2240 3763 magna
2266 3690 2549 3756 Oscorum,
2578 3689 2810 3744 Fasiden
2855 3696 3015 3756 atque
3055 3685 3291 3739 Araxen.
3327 3683 3464 3754 Scy-

1877 3783 1991 3840 tbia
2023 3783 2189 3847 enim,
2218 3797 2340 3852 quae
2367 3781 2545 3838 calore
2579 3786 2748 3843 caret,
2780 3787 2836 3833 et
2864 3778 3066 3848 frigore
3095 3790 3311 3845 semper
3358 3774 3460 3830 du-

1869 3872 2064 3937 rescit,
2101 3870 2221 3926 illos
2261 3870 2567 3941 signiﬁcare
2610 3876 2809 3938 potest,
2842 3867 2933 3935 qui
2962 3882 2992 3919 a
3022 3865 3200 3921 calore.
3228 3862 3465 3934 Spiritus

1874 3959 2046 4014 sancti
2077 3958 2322 4011 extranei
2358 3965 2506 4022 sunt,
2531 3968 2585 4011 et
2638 3955 2738 4011 sub
2766 3954 2910 4009 illius
2939 3968 3108 4023 regno
3133 3953 3459 4014 consistunt,

1873 4048 1967 4119 qui
1988 4048 2124 4102 dixit
2154 4065 2168 4099 :
2201 4045 2403 4100 Portam
2434 4047 2679 4099 thronum
2706 4060 2875 4097 meum
2922 4043 2990 4097 ad
3042 4041 3361 4113 aquilonem,
3412 4052 3464 4095 et

1873 4153 1962 4193 ero
2007 4135 2193 4191 similis
2232 4134 2500 4189 Altissimo
2552 4134 2688 4205 (lsa.
2722 4133 2867 4204 xw);
2899 4134 2964 4188 de
2989 4134 3186 4203 quibus
3216 4132 3463 4189 Christus

1874 4227 1992 4282 ait:
2020 4225 2313 4281 Abundavit
2341 4225 2610 4295 iniquitas,
2658 4223 2950 4294 refrigescet
2997 4223 3227 4276 Charitas
3269 4223 3463 4276 multo-

1876 4332 1992 4370 rum
2021 4313 2234 4388 (Hatth.
2262 4313 2447 4384 ntv);
2476 4327 2704 4382 quorum
2730 4311 3053 4365 truculentia
3077 4310 3331 4366 carnibus
3354 4311 3457 4365 hu-

1875 4408 2049 4462 manis
2070 4405 2325 4469 vescitur,
2362 4412 2417 4459 et
2444 4418 2633 4459 eorum
2663 4403 2927 4474 sanguine
2967 4402 3118 4464 vivit,
3149 4404 3277 4457 dum
3306 4403 3463 4459 iuno-

1876 4504 2059 4550 centes
2085 4494 2279 4548 ltedere
2306 4508 2416 4547 non
2442 4491 2726 4555 desistunt,
2755 4500 2811 4545 et
2840 4506 2937 4559 per
2966 4491 3246 4545 avaritiam
3270 4507 3460 4548 eorum

1874 4583 2210 4640 necessarios
2237 4588 2483 4650 sumptus
2529 4581 2585 4634 in
2618 4581 2894 4650 proprium
2920 4589 3185 4649 quaestum
3235 4598 3462 4639 conver-

1875 4682 2013 4729 tunt.
2036 4674 2113 4727 Illi
2148 4680 2350 4738 autem,
2378 4671 2471 4741 qui
2498 4685 2564 4725 ex
2608 4670 2694 4725 his
2729 4671 2783 4725 in
2821 4670 3081 4740 locuplete
3105 4680 3250 4726 terra
3281 4683 3335 4729 et
3363 4675 3461 4729 ha-

1870 4764 2078 4820 bitabili
2109 4764 2322 4833 degent,
2353 4777 2448 4818 eos
2475 4761 2805 4832 signiﬁcant,
2834 4762 2926 4830 qui
2970 4763 3036 4816 de
3068 4777 3253 4818 errore
3282 4765 3455 4835 genti-

1872 4852 2004 4908 lium
2032 4863 2089 4909 et
2114 4852 2419 4907 idololatria
2456 4851 2704 4906 conversi
2734 4852 2801 4906 ad
2834 4861 3035 4906 terram
3069 4853 3321 4909 Ecclesia:
3365 4870 3459 4910 vc-

1873 4944 2047 5007 niunt,
2066 4943 2259 5012 ibique
2283 4942 2493 4996 sincera
2523 4939 2629 4995 fide
2656 4940 2838 5005 lucidi,
2872 4950 2926 4995 et
2964 4942 3319 5010 pretiosarum
3347 4944 3457 4998 vir-

1871 5041 2043 5088 tutum
2058 5032 2281 5105 gemmis
2307 5046 2520 5105 semper
2542 5032 2801 5095 virentes,
2816 5030 3021 5084 caelesti
3046 5033 3457 5089 conversatione

1872 5124 2064 5179 futurae
2109 5122 2297 5191 patriae
2340 5123 2547 5176 vivunt.
2614 5121 2890 5189 Quorum,
2933 5118 3089 5188 juxta
3139 5120 3454 5191 Apostolum

1873 5212 2040 5285 (Phil.
2090 5212 2203 5281 ιιι),
2245 5213 2583 5269 conversatio
2624 5226 2838 5281 semper
2874 5211 2928 5265 in
2972 5212 3125 5267 ccelis
3150 5221 3232 5267 est
3263 5232 3274 5267 :
3313 5223 3369 5269 et
3396 5215 3451 5269 in

1873 5318 2036 5359 carne
2083 5303 2417 5358 ambulantes
2450 5319 2556 5357 non
2595 5301 2889 5358 secundum
2934 5317 3153 5357 carnem
3198 5303 3454 5369 militant,

1873 5395 1965 5449 sed
1991 5408 2074 5457 ea,
2106 5408 2225 5461 qua:
2252 5408 2466 5448 sursum
2496 5402 2639 5457 sunt,
2670 5400 2941 5462 quaerunt,
2984 5391 3074 5446 ubi
3127 5400 3181 5446 ct
3206 5393 3458 5449 Christus

1873 5496 1971 5545 est,
1997 5484 2050 5537 in
2089 5484 2308 5537 dextera
2339 5483 2434 5537 Dei
2477 5483 2668 5538 sedens
2699 5500 2711 5535 :
2740 5490 2794 5537 et
2818 5498 2937 5552 quae
2968 5497 3180 5535 sursum
3208 5489 3335 5536 sunt
3360 5499 3449 5538 sa-

1874 5586 2046 5645 piunt,
2086 5590 2192 5628 non
2225 5590 2346 5644 quae
2377 5589 2539 5644 super
2580 5582 2801 5628 terram.
2839 5570 3095 5625 Armenia
3142 5578 3451 5641 nuncupata

1875 5666 1944 5721 ab
1967 5664 2201 5720 Armeno
2222 5663 2433 5721 Iasonis
2455 5664 2697 5720 Thessali
2724 5663 2942 5727 comite,
2977 5662 3069 5731 qui
3096 5662 3295 5718 amisso
3324 5678 3453 5734 rege

1875 5756 2069 5816 Jasone
2098 5762 2152 5813 et
2196 5756 2424 5815 collecta
2445 5753 2785 5813 multitudine
2814 5752 2949 5825 ejus,
2976 5769 3096 5825 quae
3126 5754 3325 5826 passim
3355 5769 3450 5808 va-
