3930 6344
205 388 307 446 545

1164 381 1252 436 DE
1290 376 1635 437 UNIV’ERSO
1673 374 1849 431 LIBRI
1891 373 2053 429 XXII.
2095 404 2164 414 -—
2204 376 2330 429 LIB.
2373 375 2487 430 XII.

3344 371 3452 429 546

196 504 508 563 Intersecat,
553 506 779 553 matrem
827 494 1035 551 urbium
1082 494 1246 547 habet
1284 491 1569 545 Tharsum.
1610 488 1667 542 In
1704 501 1765 539 ea
1797 492 1843 549 Λ
1871 505 1973 541 nae.
2007 488 2270 541 Philistim
2299 488 2442 539 enim
2492 488 2875 554 interpretatur
2902 485 3054 537 ruina
3088 484 3299 552 duplex.
3347 482 3455 538 Ge-

195 605 249 651 et
286 595 525 665 Corycus
558 590 810 660 oppidum
842 595 941 650 est,
969 586 1109 641 unde
1142 599 1356 639 crocum
1387 582 1670 651 plurimum
1718 586 1772 665 et

194 664 462 753 optimum
508 680 655 732 venit
703 676 993 746 spiramine
1029 672 1336 742 ﬂagrantior
1379 664 1769 741 [ﬂagrantius],

194 781 250 826 et
295 768 479 825 colore
532 766 651 836 plus
694 780 875 819 aureo.
922 763 1314 831 Interpretatur
1363 768 1543 813 autem
1585 756 1771 811 Cilicia

195 868 357 914 uetus
409 864 502 910 aut
553 855 740 918 luctus,
783 852 867 905 vel
911 851 1217 918 assumptio,
1261 848 1345 901 vel
1394 847 1592 899 sonitus
1640 844 1771 912 ejus.

195 948 325 1003 “€90
361 946 535 1015 typice
563 956 843 1014 personam
892 938 1267 1007 paenitentiam
1315 935 1470 1006 gerit,
1510 932 1601 1002 qui
1653 945 1775 1000 pec-

195 1046 315 1090 cata
349 1050 447 1088 sua
470 1032 707 1103 quotidie
741 1030 793 1083 in
814 1027 1017 1100 jejunio
1040 1034 1090 1080 et
1114 1026 1356 1079 oratione
1388 1023 1687 1091 deplorant,
1724 1027 1776 1073 et

195 1141 223 1178 a
280 1124 513 1177 Domino
566 1120 774 1175 veniam
823 1118 1195 1186 deprecantur.
1258 1113 1419 1183 Lycia
1448 1118 1773 1179 nuncupata,

196 1212 336 1281 quod
378 1213 449 1265 ab
492 1211 697 1265 oriente
744 1207 990 1275 adjuncta
1032 1202 1179 1257 Ciliae
1218 1200 1462 1272 [Ciliciae]
1509 1200 1598 1251 sit.
1645 1197 1775 1249 Nam

197 1304 357 1355 habet
382 1300 453 1353 ah
482 1309 603 1351 ortu
628 1296 888 1358 Ciliciam,
940 1294 1007 1347 ab
1032 1307 1226 1345 occasu
1253 1299 1307 1342 et
1332 1288 1554 1342 meridie
1605 1299 1774 1347 mare,

198 1409 227 1445 a
245 1368 612 1459 septentrione
636 1386 865 1441 Cariam.
889 1383 1067 1438 Ibiest
1094 1396 1247 1434 mons
1266 1379 1552 1440 Cbimmra,
1577 1376 1666 1444 qui
1691 1391 1780 1429 no-

196 1479 405 1533 cturnis
432 1478 650 1531 testibus
679 1478 857 1545 ignem
880 1471 1113 1535 exhalat,
1141 1471 1279 1524 sicut
1305 1470 1357 1522 in
1386 1467 1571 1521 Sicilia
1591 1464 1775 1529 zEtna,

196 1579 248 1622 et
269 1567 537 1620 Vesuvius
562 1566 614 1618 in
642 1564 951 1632 Campania.
981 1560 1369 1629 Interpretatur
1391 1565 1567 1610 autem
1593 1554 1776 1623 Lycia,

196 1658 514 1725 lucrymans.
548 1655 711 1708 Albus
754 1654 899 1721 regio
938 1652 1315 1714 ldumzeorum,
1343 1663 1462 1717 qua:
1507 1662 1647 1700 nunc
1676 1644 1780 1699 Ga-

196 1747 389 1805 Italene
431 1746 645 1807 dicitur,
700 1742 873 1797 vicina
922 1741 1097 1795 Petra:
1146 1738 1373 1794 civitati.
1416 1734 1779 1789 Amalechites

1872 591 2018 639 rara,
2069 592 2137 628 ex
2197 574 2348 641 cujus
2398 576 2611 627 nomine
2657 573 2983 636 Geratinea,
3037 580 3261 626 vocatur
3306 572 3456 639 regio

1872 667 2303 721 transdoromam
2331 664 2517 731 procul
2556 664 2623 716 ab
2652 662 3031 731 Eleuteropoli,
3065 660 3305 715 millibus
3348 678 3457 715 xxv

1874 755 1940 808 ad
1965 755 2262 808 meridiem.
2286 753 2413 805 Erat
2434 760 2610 806 autem
2645 753 2772 805 olim
2822 752 3085 805 terminus
3123 750 3458 805 Chanaan-

1874 866 1993 904 rum
2017 851 2080 903 ad
2112 848 2403 903 australem
2427 856 2654 917 partem,
2674 855 2725 901 et
2754 848 2945 902 civitas
2967 846 3280 914 metropolis
3293 844 3460 897 Palae-

1876 942 2049 995 stinzr.
2077 941 2351 1009 Scriptura
2379 949 2765 994 commemorat
2791 938 2959 993 fuisse
2986 954 3105 993 eam
3138 937 3462 993 interCades

1874 1043 1929 1087 et
1964 1034 2090 1095 Sur,
2114 1032 2215 1085 hoc
2240 1039 2345 1091 est,
2370 1031 2513 1084 inter
2535 1032 2666 1084 duas
2692 1030 3028 1093 solitudines,
3078 1045 3305 1099 quarum
3352 1044 3460 1082 una

1877 1123 2108 1193 Aigypto
2142 1120 2405 1191 jungitur,
2462 1123 2527 1173 ad
2576 1136 2734 1188 quam
2785 1119 3012 1189 populus
3063 1128 3213 1173 trans
3264 1118 3462 1173 fretum

1876 1214 2044 1268 Rubri
2093 1214 2258 1267 maris
2284 1214 2548 1282 pervenit.
2586 1212 2766 1267 Altera
2800 1228 2927 1266 vero
2977 1212 3150 1266 Cades
3181 1227 3351 1280 usque
3397 1212 3465 1264 ad

1878 1306 2297 1358 Sarracenorum
2368 1318 2610 1358 eremum
2678 1304 3005 1357 extenditur.
3070 1304 3466 1372 Interpretatur

1878 1402 2055 1447 autem
2082 1393 2283 1446 Gcrara
2326 1395 2729 1446 ruminationem
2780 1394 2928 1456 vidit,
2984 1394 3098 1447 sive
3148 1394 3462 1445 maclterias.

1878 1481 2044 1535 Gesse
2075 1481 2221 1549 regio
2248 1480 2485 1549 ZEgypti,
2517 1482 2568 1533 in
2601 1496 2702 1548 qua
2736 1481 2999 1533 habitavit
3044 1480 3210 1535 Iacob
3250 1496 3373 1533 cum
3405 1480 3469 1533 li-

1878 1571 2023 1628 beris
2050 1571 2180 1625 suis.
2214 1569 2381 1624 Gesse
2420 1570 2843 1639 interpretatur,
2897 1570 3321 1639 appropinquans
3373 1568 3471 1621 ad-

1876 1660 2164 1729 palpationi
2194 1674 2393 1721 eorum,
2426 1658 2538 1713 sive
2569 1659 2825 1711 vicinitas.
2852 1658 3082 1711 Idumma
3121 1658 3270 1728 regio
3299 1658 3462 1720 Esau,

1879 1765 1997 1819 qua:
2023 1765 2090 1804 ex
2120 1764 2206 1812 eo,
2231 1749 2372 1817 quod
2389 1748 2475 1801 ille
2498 1748 2664 1802 Edom
2683 1747 2998 1812 vocabatur,
3023 1762 3218 1801 nomen
3236 1748 3466 1815 accepit.

198 1838 345 1906 regio
379 1837 435 1891 in
460 1837 674 1890 deserto
699 1834 764 1888 ad
794 1832 1071 1887 meridiem
1106 1828 1320 1891 Iudaeae,
1357 1835 1544 1881 tenens
1587 1824 1774 1877 urbem

1885 1838 1971 1891 Est
1997 1846 2174 1891 autem
2199 1838 2342 1890 circa
2373 1837 2558 1889 urbem
2607 1835 2841 1896 Petram,
2897 1851 3016 1903 quae
3069 1852 3211 1890 nunc
3265 1835 3464 1890 dicitur

196 1924 413 1983 Petram
456 1924 706 1980 euntibus
732 1922 928 1985 Ailam,
959 1918 1112 1986 cujus
1140 1926 1192 1971 et
1223 1916 1498 1985 Scriptura
1526 1912 1777 1968 recorda-

199 2021 304 2075 tur,
354 2011 591 2064 dicens:
625 2008 868 2061 Amalech
914 2007 1114 2059 aabitat
1150 2006 1201 2056 in
1233 2015 1371 2057 terra
1418 2002 1486 2054 ad
1540 2009 1777 2053 austrum

198 2100 387 2173 (Num.
420 2101 574 2170 xui);
606 2100 699 2154 sed
723 2108 777 2152 et
808 2096 963 2165 juxta
989 2112 1111 2151 eum
1144 2096 1279 2149 alius
1318 2093 1653 2148 Chananazus
1683 2090 1778 2143 ha-

197 2193 387 2248 bitavit
414 2233 430 2257 ,
458 2194 548 2261 qui
596 2200 649 2245 et
680 2190 954 2245 dimicavit
1004 2199 1191 2243 contra
1222 2188 1361 2241 filios
1385 2186 1549 2241 Israel
1584 2186 1636 2239 in
1684 2184 1775 2238 de~

197 2293 364 2347 serto,
400 2284 469 2337 de
494 2284 687 2351 quibus
710 2283 781 2334 ita
798 2280 1052 2335 scribitur
1077 2298 1089 2332 :
1116 2277 1352 2332 Amelech
1378 2288 1549 2331 autem
1575 2284 1622 2330 et
1649 2272 1782 2351 Cha-

200 2388 417 2426 naneus
448 2372 683 2424 habitant
724 2372 774 2423 in
806 2369 937 2423 valle
981 2368 1169 2439 (Nam.
1220 2366 1353 2437 xlv).
1406 2367 1586 2435 Argoh
1634 2366 1780 2434 regio

201 2462 341 2530 regis
370 2460 550 2514 Basan
580 2474 740 2528 supra
770 2457 1039 2513 Iordanen
1068 2458 1121 2511 in
1160 2465 1303 2511 sorte
1339 2457 1571 2509 dimidiae
1611 2455 1782 2508 tribus

200 2552 468 2615 Manasse,
496 2562 551 2605 et
578 2559 659 2604 est
681 2565 852 2619 usque
877 2549 1035 2603 hodie
1078 2549 1228 2602 vicus
1258 2547 1403 2601 circa
1439 2545 1642 2601 Gerasa
1693 2560 1784 2597 ur-

199 2644 319 2699 bem
342 2642 561 2696 Arabia:
590 2656 656 2694 xv
690 2640 758 2694 ab
785 2655 847 2694 ea
886 2638 1124 2693 millibus
1167 2638 1375 2691 distans
1423 2644 1610 2689 contra
1643 2634 1785 2689 occi-

202 2733 450 2796 dentem,
480 2732 572 2800 qui
619 2732 761 2799 Arga
818 2728 1148 2799 appellatur,
1206 2727 1349 2796 quod
1396 2726 1780 2794 interpretatur

204 2820 583 2891 Symmachus,
614 2835 929 2873 mensuram.
957 2818 1346 2887 Interpretatur
1396 2824 1576 2869 autem
1605 2814 1785 2885 Argob

202 2911 479 2965 maledicta
508 2910 823 2964 sublimitas.
856 2908 922 2961 Et
951 2923 1068 2975 quae
1106 2916 1189 2962 est
1229 2906 1514 2960 maledicta
1545 2905 1789 2960 sublimi-

205 3007 300 3061 tas,
334 3000 439 3053 nisi
466 2997 637 3052 fastus
649 2996 935 3066 superbiai,
958 3011 1075 3065 quae
1091 2996 1479 3065 interpretatur
1502 2996 1787 3049 anathema

204 3088 468 3145 tristiti:c?
497 3087 699 3142 Ermon
731 3087 878 3156 regio
904 3084 1248 3140 Hebrarorum
1296 3093 1398 3149 est,
1441 3101 1603 3154 quam
1652 3085 1791 3139 obti-

1878 1926 2169 1980 Gabalene.
2193 1925 2414 1979 Iothelh
2442 1925 2589 1993 regio
2616 1925 2918 1992 principum
2954 1923 3120 1977 Edoni
3154 1925 3206 1976 in
3254 1924 3465 1986 eadem,

1879 2012 1945 2066 de
1971 2028 2077 2081 qua
2127 2021 2180 2067 et
2237 2026 2399 2080 supra
2449 2010 2699 2069 diximus.
2740 2011 3032 2064 Gabalene.
3091 2012 3262 2065 Messe
3316 2012 3468 2082 regio

1879 2100 2063 2166 Indiae,
2119 2102 2171 2155 in
2217 2117 2321 2170 qua
2358 2099 2738 2154 habitaverunt
2782 2098 2878 2152 lilii
2924 2098 3113 2153 Iectan
3160 2099 3253 2153 filii
3301 2100 3465 2165 Ebur.

1881 2192 2054 2247 Messe
2098 2193 2295 2261 quippe
2343 2192 2729 2259 interpretatur
2780 2206 2917 2259 aqua
2951 2207 3095 2254 rara,
3156 2192 3236 2244 vel
3288 2191 3466 2245 elatio.

1882 2284 2123 2337 Theman
2153 2283 2300 2352 regio
2330 2283 2633 2350 principum
2660 2280 2827 2335 Edom
2862 2282 2914 2334 in
2964 2289 3107 2335 terra
3136 2280 3465 2344 Gebaletica,

1885 2373 1959 2446 [a]
1992 2374 2232 2427 Theman
2285 2372 2393 2426 ﬁlio
2424 2372 2667 2439 Elipham
2698 2372 2838 2426 Esau
2890 2372 3079 2426 sortita
3126 2372 3467 2438 vocabulum,

1883 2464 1975 2516 sed
2004 2477 2169 2529 usque
2198 2461 2357 2515 hodie
2382 2470 2465 2514 est
2492 2460 2637 2523 villa,
2687 2460 2927 2515 Theman
2965 2462 3205 2526 nomine,
3262 2462 3470 2517 distans

1886 2553 1953 2605 ab
1981 2552 2112 2605 urbe
2146 2551 2302 2607 Petra
2332 2568 2365 2606 v
2410 2552 2665 2617 millibus,
2699 2553 2790 2606 ubi
2828 2565 2882 2608 et
2942 2554 3303 2608 Romanorum
3330 2555 3473 2608 mili-

1885 2651 1998 2697 tum
2030 2643 2355 2713 prmsidium.
2387 2641 2490 2697 Sed
2519 2642 2585 2697 de
2608 2658 2713 2712 quo
2740 2644 2855 2697 loco
2886 2643 3107 2713 Eliphas
3131 2661 3221 2699 rex
3248 2645 3474 2697 Thema-

1887 2749 2101 2796 norum,
2160 2734 2529 2803 unusquisque
2580 2733 2811 2787 ﬁliorum
2869 2734 3060 2787 lsmael
3101 2734 3475 2804 appellabatur

1886 2826 2154 2880 Theman.
2202 2825 2487 2880 Sciendum
2542 2833 2739 2887 autem,
2794 2826 2936 2895 quod
2990 2827 3165 2880 omnis
3221 2827 3476 2882 australis

1889 2915 2035 2984 regio
2059 2914 2321 2969 liebraice
2352 2914 2591 2968 Theman
2621 2914 2833 2969 dicitur.
2867 2915 3255 2985 Interpretatur
3294 2928 3475 2973 autem

1892 3006 2155 3068 Theman,
2186 3016 2383 3069 auster,
2408 3005 2491 3059 vel
2520 3005 2749 3073 Africus.
2784 3005 2975 3069 Cedar,
3007 3006 3073 3061 de
3110 3022 3218 3075 quo
3246 3007 3301 3062 in
3346 3008 3477 3064 Eze-

1893 3096 2065 3150 chiele
2087 3096 2358 3164 principes
2383 3094 2555 3149 Cedar
2574 3095 2825 3166 leguntur
2853 3114 2865 3147 :
2897 3098 2989 3150 sed
3020 3106 3076 3150 et
3104 3097 3401 3154 Hieremias
3422 3109 3481 3160 et

203 3180 317 3235 nuit
342 3177 521 3232 Iesus.
547 3177 803 3231 Hebraeus
822 3190 968 3239 vero,
998 3192 1103 3245 quo
1134 3176 1455 3245 pnelegente
1482 3174 1783 3243 Seripturas

1891 3185 2053 3239 Isaias
2089 3185 2141 3238 in
2174 3186 2379 3238 visione
2403 3185 2630 3247 Arabim,
2649 3186 2807 3251 hujus
2829 3186 3073 3240 vocabuli
3098 3188 3476 3243 recordamur.

206 3268 381 3331 didici,
408 3267 640 3320 aﬂirmat
668 3275 900 3319 montem
945 3265 1177 3319 Hermon
1206 3265 1454 3319 Paneade
1484 3265 1785 3329 imminere,

206 3374 363 3433 quam
385 3358 661 3430 quondam
691 3346 975 3411 tenuerunt
1004 3356 1142 3410 [Ξγωὶ
1171 3364 1227 3409 et
1253 3356 1538 3417 Amorrazi,
1584 3355 1650 3410 de
1682 3372 1789 3426 quo

206 3463 344 3503 nunc
364 3448 567 3501 aestiva:
605 3446 757 3499 nives
802 3445 1001 3514 Tyrum
1056 3445 1123 3499 ob
1178 3444 1399 3499 delicias
1448 3444 1783 3499 deferuntur.

205 3540 345 3593 Cene
401 3538 552 3607 regio
602 3536 899 3606 principum
954 3535 1307 3589 Idummorum
1357 3534 1787 3603 interpretatur,

206 3628 458 3699 possessio
486 3642 503 3678 :
533 3612 704 3688 Evila,
736 3625 825 3679 ubi
868 3640 1057 3678 aurum
1086 3625 1451 3694 purissimum,
1506 3626 1646 3693 quod
1689 3625 1791 3679 lle-

205 3717 382 3772 hraicc
411 3715 608 3770 dicitur
638 3714 799 3778 Zaab,
830 3721 881 3767 et
911 3728 1135 3782 gemmce
1180 3714 1618 3781 pretiosissimae,
1672 3728 1791 3767 car-

206 3805 471 3861 bunculus
495 3803 914 3873 smaragdusque
946 3810 1260 3856 nascuntur.
1300 3802 1396 3856 Est
1422 3812 1600 3855 autem
1642 3803 1791 3871 regio

206 3896 270 3952 ad
301 3897 567 3949 orientem
598 3908 843 3963 vergens,
876 3908 1039 3962 quam
1065 3893 1263 3947 circuit
1289 3892 1353 3946 de
1382 3891 1640 3946 Paradiso
1666 3892 1792 3946 Phi-

206 3999 298 4039 son
326 3986 631 4055 egrediens,
660 3998 818 4051 quem
865 3984 1035 4037 nostri
1083 3992 1288 4037 mutato
1323 3983 1538 4037 nomine
1570 3983 1787 4053 Gangen

206 4083 414 4129 vocant.
446 4076 553 4127 Sed
583 4082 635 4127 et
663 4088 801 4126 unus
830 4074 893 4128 de
922 4073 1217 4127 minoribus
1270 4072 1382 4126 Noe
1424 4072 1572 4125 Evila
1617 4073 1790 4127 dictus

206 4176 302 4227 est,
337 4180 499 4233 quem
524 4163 786 4230 Iosephus
824 4162 989 4217 refert
1016 4178 1139 4216 cum
1189 4162 1446 4217 fratribus
1477 4164 1589 4216 suis
1636 4178 1664 4215 a
1696 4161 1791 4215 flu-

210 4256 347 4310 mine
378 4254 578 4309 Cofcne
600 4263 653 4307 et
678 4254 895 4325 regione
920 4253 1081 4307 India:
1104 4267 1272 4322 usque
1312 4254 1377 4307 ad
1424 4268 1544 4307 eum
1587 4253 1787 4317 locum,

208 4348 292 4414 qui
325 4346 631 4415 appellatur
661 4344 866 4407 Hieira,
890 4346 1210 4414 possedisse.
1255 4344 1359 4398 Sed
1407 4353 1461 4399 et
1510 4345 1698 4400 Ismael
1734 4345 1788 4399 in

207 4436 492 4491 solitudine
538 4436 686 4488 Evila
737 4434 1010 4488 habitasse
1066 4436 1339 4498 scribitur,
1390 4452 1569 4504 quam.
1600 4448 1785 4492 sancta

1891 3276 1989 3331 Est
2030 3283 2206 3329 autem
2253 3274 2400 3344 regio
2452 3276 2503 3327 in
2540 3289 2723 3329 eremo
2774 3274 3220 3341 Sarracenorum,
3281 3293 3310 3329 a
3364 3277 3477 3332 filio

1891 3365 2132 3420 Ismaelis
2162 3364 2335 3419 Cedar
2361 3364 2434 3417 ita
2457 3366 2855 3432 cognominata.
2881 3366 3057 3419 Cedar
3104 3376 3285 3421 autem
3314 3368 3479 3422 inter-

1890 3464 2134 3525 pretatur
2185 3454 2429 3519 tenebra',
2476 3454 2561 3508 vel
2604 3470 2811 3508 mceror.
2844 3444 3019 3509 Gellia
3052 3456 3200 3525 regio
3231 3458 3481 3527 Assyrio-

1895 3560 2060 3607 rum;
2118 3543 2291 3597 Gotha
2346 3543 2733 3612 interpretatur
2771 3544 3107 3613 principium.
3158 3545 3439 3615 Dceapolis
3465 3588 3481 3612 ,

1891 3633 2103 3688 sicutin
2138 3632 2426 3701 Evangelio
2450 3632 2700 3699 legimus,
2741 3634 2925 3687 decem
2952 3636 3165 3688 urbium
3200 3638 3347 3705 regio
3395 3647 3480 3692 est

1892 3736 2043 3779 trans
2061 3724 2345 3778 Iordanem
2375 3723 2519 3777 circa
2550 3722 2781 3792 Hippum
2804 3734 2855 3777 et
2889 3725 3086 3777 Pellam
3114 3734 3166 3779 et
3186 3725 3477 3781 Gadaram.

1890 3815 2158 3869 Fathures
2188 3815 2336 3883 regio
2363 3811 2580 3882 Egypti
2616 3812 2769 3880 juxta
2799 3813 3138 3868 Ezechielem
3187 3824 3241 3869 ct
3293 3814 3481 3871 [liere-

1886 3906 2078 3969 miam,
2108 3906 2161 3960 in
2208 3920 2311 3974 qua
2361 3904 2572 3973 profugi
2615 3903 2929 3959 habitavere
2977 3903 3164 3959 Iudaei.
3218 3905 3485 3961 Fathures

1892 4011 2020 4051 vero
2056 3996 2441 4063 interpretatur
2484 3995 2589 4047 oris
2625 3990 2932 4063 exploratio,
2959 3995 3071 4049 sive
3121 3995 3347 4049 buccella
3394 3996 3477 4049 lu-

1890 4086 2175 4150 minis,vel
2204 4086 2522 4140 osturturis.
2578 4084 2782 4139 Gellam
2831 4082 2937 4137 Sur
2992 4085 3141 4154 regio
3189 4084 3485 4154 allophylo-

1892 4192 2042 4241 rum;
2074 4190 2237 4244 porro
2266 4173 2415 4230 Gella
2468 4175 2857 4241 interpretatur
2903 4174 3068 4243 migra
3107 4175 3187 4228 vel
3235 4176 3484 4228 transmi-

1891 4267 2083 4338 granti.
2112 4266 2314 4321 Gessur
2359 4266 2509 4333 regio
2559 4264 2980 4333 alienigenarum
3024 4265 3075 4318 in
3119 4262 3319 4335 Syria:
3354 4281 3483 4319 nam

1891 4361 2091 4416 Gessur
2126 4361 2509 4426 interpretatur
2546 4357 2704 4425 juxta
2752 4356 2926 4409 lumen
2955 4372 3147 4421 meum,
3179 4356 3263 4411 vel
3312 4356 3483 4427 appli-

1892 4468 2015 4504 cans
2052 4468 2105 4503 se
2136 4450 2321 4502 lumini
2352 4464 2484 4503 meo.
2522 4446 2741 4503 Galilzea
2769 4446 2967 4501 dicitur
2996 4448 3161 4517 regio.
3190 4446 3323 4500 Nam
3361 4447 3487 4504 dum

208 4525 485 4595 Scriptura
512 4525 587 4576 ait
610 4540 730 4577 esse
755 4525 804 4576 in
824 4525 1035 4577 deserto
1065 4524 1169 4576 Sur
1192 4533 1377 4577 contra
1400 4524 1592 4579 faciem
1625 4526 1783 4597 Aigy-

1892 4550 2016 4597 sunt
2041 4541 2279 4607 Gali‘leze,
2306 4555 2336 4593 e
2360 4540 2555 4607 quibus
2585 4554 2688 4591 una
2715 4538 2935 4591 Galilaia
2961 4538 3199 4608 gentium
3227 4548 3478 4605 vocatur,

204 4616 299 4686 pti,
328 4626 382 4669 et
404 4614 627 4668 tendere
652 4626 820 4679 usque
864 4612 929 4665 ad
962 4622 1157 4665 terram
1211 4613 1573 4683 Assyriorum.
1615 4616 1787 4670 Inter-

206 4717 446 4780 pretatur
481 4714 660 4758 autem
691 4704 837 4757 Evila
869 4703 1069 4768 dolens,
1096 4704 1209 4758 sive
1230 4706 1549 4773 parturiens.
1573 4706 1785 4775 Ephra-

209 4802 290 4854 tha
318 4798 470 4865 regio
500 4795 833 4858 Bethlehem,
871 4796 1061 4849 civitas
1090 4794 1283 4858 David,
1318 4795 1370 4847 in
1394 4810 1497 4862 qua
1522 4803 1679 4849 natus
1704 4804 1788 4850 est

207 4888 471 4941 Christus.
524 4885 617 4937 Est
665 4892 842 4937 autem
894 4884 945 4935 in
1002 4884 1143 4936 tribu
1197 4882 1355 4946 Iuda,
1386 4883 1509 4937 licet
1544 4883 1788 4953 plerique

208 4975 341 5029 male
386 4974 659 5028 aestiment
712 4972 763 5024 in
796 4972 933 5023 tribu
966 4971 1239 5038 Benjamin
1282 4972 1436 5040 juxta
1474 4973 1636 5033 viam,
1697 4973 1786 5026 ubi

211 5065 407 5133 sepulta
438 5072 525 5116 est
554 5061 772 5123 Rachel,
808 5062 995 5129 quinto
1044 5060 1291 5113 milliario
1327 5062 1392 5113 ab
1430 5060 1785 5123 Hierusalem,

211 5154 261 5207 in
285 5168 348 5206 eo
372 5154 515 5216 loco,
538 5152 627 5222 qui
654 5167 682 5204 a
705 5150 845 5206 LXX
870 5160 1092 5204 vocatur
1121 5149 1531 5218 Hippodromus,
1555 5153 1693 5205 sicut
1714 5152 1789 5205 le-

213 5242 377 5311 gimus
407 5240 461 5293 in
513 5239 651 5292 libro
700 5238 1159 5306 Paralipomenon.
1191 5235 1578 5305 Interpretatur
1610 5247 1786 5291 autem

214 5329 504 5398 Ephratha,
568 5328 793 5390 ubertas,
843 5328 955 5380 sive
1001 5325 1379 5396 pulverulenta.
1439 5327 1595 5379 Elath
1642 5327 1789 5397 regio

212 5424 503 5495 principum
538 5421 729 5483 Edom,
760 5430 812 5472 et
841 5420 1029 5473 civitas
1058 5420 1197 5473 Esau
1235 5420 1286 5471 in
1322 5418 1527 5473 decimo
1558 5434 1585 5471 a
1630 5419 1789 5473 Petra

215 5512 456 5568 milliaria
492 5521 687 5566 contra
717 5510 995 5563 orientem.
1030 5509 1422 5577 Interpretatur
1453 5509 1594 5561 enim
1630 5508 1787 5563 Elath

217 5600 277 5653 ad
306 5599 502 5661 solum,
536 5598 621 5651 vel
659 5597 939 5660 solitarius,
990 5606 1081 5650 aut
1112 5612 1291 5648 unum.
1342 5595 1628 5659 Philistim,
1672 5612 1789 5664 quze

222 5706 350 5751 nunc
371 5691 569 5745 dicitur
592 5687 848 5753 Ascalon,
876 5697 929 5743 ct
950 5688 1095 5743 circa
1117 5702 1235 5740 eam
1269 5686 1415 5759 regio
1443 5695 1525 5741 est
1554 5685 1789 5742 Palaesti-

1888 4634 2065 4686 vicina
2093 4631 2287 4684 finibus
2316 4629 2603 4699 Tyrorum,
2649 4630 2738 4683 ubi
2771 4636 2825 4682 et
2858 4627 3110 4682 Salomon
3144 4644 3245 4681 xxv
3291 4629 3481 4682 civita-

1890 4729 1971 4774 tes
1990 4719 2206 4774 donavit
2220 4719 2400 4772 [liram
2418 4718 2526 4787 regi
2541 4717 2666 4785 Tyri
2685 4718 2734 4769 in
2751 4728 2894 4770 sorte
2914 4719 3081 4772 tribus
3100 4717 3436 4787 Nephthalim
3461 4736 3477 4772 :

1890 4809 2056 4862 altera
2095 4808 2313 4863 Galilzea
2345 4807 2543 4861 dicitur
2572 4807 2716 4859 circa
2750 4805 3113 4870 Tiberiadem,
3142 4816 3196 4860 et
3226 4816 3479 4876 stagnum

1889 4900 2221 4955 Cenesareth
2275 4898 2327 4950 in
2367 4898 2508 4951 tribu
2546 4896 2805 4951 Zabulon.
2862 4897 3249 4964 Interpretatur
3296 4908 3476 4951 autem

1889 4990 2106 5045 Galilaea
2162 4987 2491 5049 uolutabilis,
2547 4996 2637 5040 aut
2696 4987 3085 5054 transmigratio
3140 4996 3474 5055 perpetrata,

1888 5078 1971 5131 vel
2001 5088 2133 5128 rota.
2168 5074 2387 5127 Gamela
2428 5076 2574 5144 regio
2602 5075 2976 5135 ldumzeorum,
3009 5088 3106 5141 pro
3134 5089 3237 5141 qua
3280 5073 3475 5141 Aquila

1888 5178 1943 5223 et
1974 5167 2328 5237 Symmachus
2377 5166 2804 5235 interpretantur
2854 5163 3037 5217 vallem
3089 5164 3236 5218 salis.
3287 5164 3478 5219 Macha

1890 5254 2038 5323 regio
2088 5254 2229 5322 regis
2266 5253 2489 5317 Gessur,
2549 5254 2934 5322 interpretatur
2982 5251 3168 5305 Macha
3220 5252 3475 5318 mollitus,

1892 5347 2004 5400 sive
2034 5346 2350 5413 confractus.
2387 5345 2658 5414 Masagam
2688 5345 2833 5414 regio
2858 5344 3234 5408 Moabitarum,
3265 5353 3323 5397 ut
3347 5344 3477 5399 scri-

1888 5436 1968 5490 bit
2030 5436 2348 5489 Ilicremias.
2404 5436 2615 5506 Masaga
2674 5437 3062 5505 interpretatur
3136 5437 3479 5505 requirentem

1891 5532 2002 5585 sive
2033 5531 2347 5583 retinentem.
2381 5530 2543 5585 Miser
2575 5532 2720 5599 regio
2752 5531 2904 5584 Moab
2942 5528 3093 5595 juxta
3122 5527 3475 5594 lliercmiam,

1890 5623 2275 5689 interpretatur
2310 5622 2508 5674 directa
2555 5622 2668 5675 sive
2714 5621 3015 5690 campestris
3046 5620 3125 5673 vel
3180 5618 3470 5671 tribulatio.

1893 5711 2117 5767 Masfath
2160 5712 2303 5781 regio
2345 5711 2715 5776 Moabitarum,
2757 5712 2893 5765 sicut
2936 5711 2989 5765 in
3040 5709 3308 5766 lliercmia
3340 5708 3471 5777 legi-
