3930 6378
391 396 505 454 317

1051 396 1113 453 Β.
1153 394 1405 453 RABANI
1443 395 1662 453 MAURI
1697 393 2020 450 ARCHIEP.
2059 391 2369 452 MOGUNT.
2411 396 2697 453 OPERUM
2731 396 2912 454 PARS
2949 397 3016 454 ll.

3547 404 3663 464 588

397 523 540 563 mus.
560 507 741 564 Posita
766 518 853 564 est
874 515 1048 563 autem
1074 516 1129 563 et
1154 523 1314 578 supra
1360 508 1414 561 in
1458 508 1616 562 Isaia.
1646 506 1967 574 lnterpreta-
1994 504 2045 564 Α
2070 502 2282 560 ludibus
2327 506 2606 574 incipiens,
2639 506 2780 561 inter
2828 506 3130 562 Danubium
3174 515 3231 564 et
3268 506 3544 567 Oceanum
3569 526 3665 569 se-

399 605 490 653 tur
519 606 699 654 autem
725 598 951 653 Masfath
980 615 1235 669 aquarum
1258 600 1479 669 impetus
1504 599 1696 653 habens
1720 606 1971 666 tempora.

396 687 555 743 Maon
580 688 728 758 regio
757 686 1109 742 Moabitarum
1131 686 1285 754 juxta
1308 687 1654 743 Hieremiam.
1689 685 1842 741 Μειοη
1897 684 1977 739 in-

396 784 728 846 terpretatur
769 776 1145 831 habitaculum.
1197 776 1454 848 Magedan
1481 818 1497 843 ,
1539 778 1607 833 ad
1646 776 1797 847 cujus
1843 774 1976 829 ﬂnes

393 863 679 920 Matthteus
712 865 1039 934 evangelista
1070 864 1257 919 scribit
1303 866 1589 921 Dominum
1617 864 1927 935 pervenisse
1956 882 1969 918 :

395 953 492 1010 sed
539 959 595 1008 et
624 953 836 1009 Marcus
888 952 1127 1022 ejusdem
1171 954 1405 1009 nominis
1438 954 1773 1017 recordatur,
1832 967 1976 1007 nunc

395 1053 577 1099 autem
600 1045 747 1113 regio
774 1044 975 1099 dicitur
1010 1043 1300 1115 Magedana
1351 1045 1495 1100 circa
1544 1043 1807 1098 Gerasan.
1864 1042 1976 1096 Ma-

396 1134 568 1205 gedon
593 1134 738 1189 enim
765 1133 1154 1204 interpretatur
1181 1150 1452 1205 pomorum
1479 1135 1615 1204 ejus,
1667 1133 1780 1187 sive
1804 1148 1977 1187 omna-

394 1221 517 1276 cula
550 1223 685 1292 ejus.
711 1220 951 1287 Nebeotlt
982 1224 1150 1294 regio,
1180 1224 1249 1278 dc
1271 1239 1376 1292 qua
1405 1223 1594 1279 scribit
1623 1222 1810 1277 Isaias.
1840 1221 1974 1277 Nam

393 1308 637 1367 Nebcoth
682 1312 1069 1381 interpretatur
1110 1314 1445 1383 prophetam.
1492 1310 1624 1383 Ofyr
1669 1321 1754 1367 est
1780 1312 1972 1377 locus,

394 1402 536 1458 unde
562 1402 724 1473 (sicut
754 1403 809 1456 in
844 1402 1149 1474 Regnorum
1172 1403 1325 1458 libris
1348 1402 1596 1474 legimus)
1627 1418 1818 1457 aurum
1847 1402 1975 1457 aﬂ'e-

393 1495 616 1551 rebatur
644 1494 920 1551 Salomoni
948 1514 961 1550 :
987 1496 1090 1550 fuit
1108 1506 1287 1551 autem
1312 1511 1448 1550 unus
1469 1495 1535 1550 de
1553 1497 1783 1565 posteris
1813 1495 1973 1560 Eher,

393 1586 614 1641 nomine
646 1585 796 1656 Ofyr,
828 1601 893 1640 ex
924 1587 1078 1656 cujus
1107 1587 1274 1654 stirpe
1309 1586 1587 1641 venientes
1618 1602 1647 1640 a
1673 1584 1833 1640 ﬂuvio
1871 1586 1976 1641 Co-

393 1675 516 1731 fene
544 1691 713 1745 usque
741 1676 808 1731 ad
836 1677 1109 1747 regionem
1135 1675 1316 1741 ludite,
1344 1692 1465 1746 qua:
1493 1686 1722 1732 vocatur
1770 1675 1972 1741 Hieria,

2076 594 2488 663 ptentrionalem
2513 610 2682 665 usque
2704 596 2773 651 ad
2797 594 3143 652 Germaniam
3170 600 3487 671 porrigitur,
3532 617 3666 674 quas

2077 695 2221 739 terra
2267 684 2588 755 generaliter
2631 693 2851 756 propter
2892 676 3153 741 barbaras
3200 696 3421 760 gentes,
3458 689 3664 758 quibus

2077 771 2425 838 inhabitatur,
2445 773 2727 830 barbarica
2749 774 2964 830 dicitur.
2986 773 3157 845 Hujus
3177 790 3305 844 pars
3326 792 3433 832 una
3461 776 3662 832 Alani:

2075 870 2179 925 est,
2206 877 2324 930 quae
2352 862 2421 916 ad
2462 860 2737 919 Maeotidas
2776 863 2999 933 paludes
3046 864 3305 935 pertingit
3328 883 3341 919 :
3362 875 3485 936 post
3513 867 3663 926 hanc

2075 949 2258 1016 Dacia,
2274 952 2363 1006 ubi
2389 958 2443 1006 et
2460 951 2687 1019 Gothia;
2713 954 2905 1010 deinde
2929 954 3343 1022 Germania,nbi
3365 958 3662 1029 plurimam

2074 1048 2283 1108 partem
2312 1040 2472 1096 Suevi
2499 1042 2858 1098 incoluerunt.
2895 1044 3181 1100 Germania
3220 1056 3344 1115 post
3372 1046 3663 1118 Scythiam

2073 1126 2384 1183 inferiorem
2414 1145 2444 1182 a
2474 1130 2717 1187 Danubio
2762 1132 2906 1187 inter
2941 1133 3186 1189 Rhenum
3226 1133 3447 1190 ﬂuvium
3479 1135 3662 1193 Ocea-

2075 1231 2311 1285 numque
2340 1218 2624 1283 conclusa,
2652 1221 2883 1292 cingitur
2908 1237 2939 1275 a
2977 1223 3347 1293 septentrione
3373 1231 3429 1280 et
3458 1239 3663 1287 occasu

2074 1303 2307 1371 Oceano,
2336 1306 2405 1361 ab
2452 1316 2573 1362 ortu
2621 1324 2751 1365 vero
2802 1310 3079 1377 Danubio,
3111 1327 3141 1365 a
3194 1313 3420 1369 meridie
3446 1313 3663 1371 Rheno

2073 1392 2293 1451 ﬂumine
2341 1395 2643 1463 dirimitur;
2684 1406 2829 1453 terra
2879 1399 3030 1455 dives
3076 1402 3306 1467 virium,
3340 1418 3405 1458 ac
3444 1403 3663 1475 populis

2075 1486 2379 1543 numerosis
2407 1496 2464 1543 et
2489 1488 2835 1546 immanibus.
2890 1490 3040 1547 Unde
3066 1500 3122 1547 et
3147 1500 3369 1562 propter
3412 1494 3663 1551 fecundi-

2076 1582 2246 1630 tatem
2268 1575 2654 1647 gignendorum
2696 1580 3015 1650 populorum
3057 1581 3342 1638 Germania
3368 1592 3454 1639 est
3491 1586 3661 1640 dicta.

2075 1663 2257 1737 Gignit
2268 1682 2394 1723 aves
2412 1667 2708 1741 Hyrcanias
2726 1670 3016 1743 [Hercynia
3030 1673 3209 1745 silva],
3225 1690 3453 1744 quarum
3467 1689 3665 1746 pennae

395 1765 671 1822 habitasse
713 1765 883 1821 refert
917 1764 1202 1834 Iosephus,
1253 1780 1284 1818 a
1313 1780 1419 1833 quo
1444 1772 1573 1834 puto
1614 1772 1668 1818 et
1699 1764 1971 1835 regionem
2075 1763 2233 1811 nocte
2258 1757 2552 1826 perlucent.
2583 1759 2827 1815 Bisontes
2852 1776 3067 1832 quoque
3092 1762 3235 1820 feras
3256 1773 3315 1820 et
3334 1781 3463 1821 uros
3491 1774 3660 1837 atque

392 1855 712 1910 vocabulum
762 1862 1125 1909 consecutam,
1182 1852 1315 1924 Ofyr
1350 1862 1532 1908 autem
1583 1853 1971 1923 interpretatur
1997 1839 2044 1899 Β
2072 1846 2214 1903 alces
2230 1849 2481 1917 parturit.
2499 1849 2897 1925 Nutrit[Mittit}
2914 1862 2969 1908 et
2988 1868 3249 1923 gemmas,
3269 1858 3584 1928 crystallum
3604 1866 3665 1915 et

394 1947 701 2016 ignominia.
742 1946 1007 2002 Romamn
1045 1947 1195 2017 regio
1236 1954 1320 2002 ost
1366 1947 1806 2018 Babyloniorum,
1864 1948 1977 2004 sivo
2078 1940 2375 1996 succinum.
2409 1940 2700 1998 Callaicum
2729 1959 2941 2014 quoque
2974 1945 3225 2012 viridem,
3255 1956 3310 2003 et
3341 1950 3664 2028 ceraunium

395 2036 544 2102 urbs,
568 2052 729 2107 quam
753 2052 895 2092 nunc
942 2036 1285 2092 Antiochiam
1308 2046 1522 2093 vocant.
1560 2037 1823 2092 Reblatha
1850 2052 1977 2094 vero
2078 2030 2385 2085 (madidum-
2410 2031 2537 2087 θυαε
2557 2040 2685 2087 sunt
2702 2041 2882 2088 autem
2902 2033 3225 2102 Germaniae,
3241 2036 3664 2107 superinrjnxta

395 2126 783 2196 interpretatur
811 2125 975 2181 multa
1006 2127 1140 2192 ista,
1170 2127 1285 2181 sive
1316 2126 1616 2180 multitudo.
1654 2126 1852 2192 Saron,
1883 2143 1978 2182 cu-
2078 2121 2551 2190 septentrionalem
2591 2122 2887 2190 Oceanum,
2933 2125 3159 2181 inferior
3196 2127 3343 2183 circa
3385 2128 3662 2185 Rhenum.

388 2214 479 2283 jus
504 2222 560 2268 et
584 2213 747 2269 Isaias
776 2213 1039 2274 meminit,
1102 2213 1287 2269 dicens
1315 2232 1328 2266 :
1355 2212 1424 2267 In
1452 2213 1671 2283 paludes
1700 2230 1878 2267 versus
1899 2224 1975 2269 est
2075 2213 2387 2269 Provincias
2416 2224 2618 2281 autem,
2644 2231 2780 2285 quas
2804 2217 3078 2273 Danubius
3100 2233 3130 2272 a
3152 2219 3436 2275 barbarico
3465 2221 3532 2275 ad
3554 2219 3660 2277 Me-

396 2302 570 2357 Saron
598 2300 732 2372 (Isa.
757 2304 975 2372 xxxiii).
1000 2301 1182 2372 Usque
1209 2302 1607 2371 adprazsentem
1626 2311 1807 2356 autem
1830 2302 1973 2357 diem
2075 2302 2438 2359 diterrancum
2466 2321 2611 2360 mare
2641 2306 2890 2372 secludit,
2920 2306 3096 2377 prima
3124 2317 3207 2363 est
3228 2308 3439 2375 Maesia,
3463 2326 3493 2365 a
3522 2325 3668 2368 mes-

396 2395 546 2463 regio
579 2393 721 2447 inter
758 2401 996 2448 montem
1028 2391 1246 2447 Thabor
1272 2399 1329 2447 et
1371 2401 1623 2462 stagnum
1675 2392 1974 2449 Tiberiadis

394 2480 693 2550 appellatur
718 2496 734 2535 :
757 2481 852 2537 sed
878 2488 932 2536 et
958 2479 1192 2554 Caesaria
1213 2479 1513 2536 Palaestina:
1539 2497 1710 2551 usque
1727 2482 1795 2535 ad
1822 2482 1975 2551 oppi-

394 2568 523 2622 dum
546 2566 736 2639 JOppe,
765 2570 944 2625 omnis
973 2579 1142 2636 terra,
1192 2584 1313 2639 qua:
1341 2571 1603 2635 cernitur,
1634 2571 1830 2626 dicitur
1876 2570 1975 2626 Sa-

397 2673 579 2714 ronas.
628 2660 1019 2731 Interpretatur
1051 2676 1181 2717 vero
1214 2660 1387 2718 Saron
1434 2664 1671 2733 princeps
1716 2665 1971 2719 maeroris.

397 2747 597 2815 Sefela,
613 2750 752 2805 sicut
768 2752 957 2807 scribit
973 2751 1161 2819 Isaias,
1175 2768 1276 2823 pro
1289 2768 1395 2823 qua
1406 2752 1597 2822 Aquila
1614 2764 1967 2824 campestrem,

397 2836 757 2907 Symmachus
768 2838 952 2894 vallem
968 2841 1415 2911 interpretantur,
1431 2857 1604 2911 usque
1617 2842 1776 2896 hodie
1794 2843 1971 2897 omnis

396 2929 546 2998 regio
558 2929 713 2998 juxta
734 2931 1190 3001 Eleutheropolim
1222 2933 1540 3003 campestris
1565 2942 1620 2989 et
1644 2933 1821 3002 plana,
1849 2948 1970 3005 qua:

396 3022 571 3093 vergit
584 3023 650 3077 ad
665 3024 968 3094 aquilonem
980 3032 1034 3079 et
1047 3025 1402 3090 occidentem,
1417 3022 1593 3079 Sefela
1606 3024 1819 3079 dicitur.
1836 3024 1974 3078 Tha-

2074 2392 2213 2447 slum
2250 2403 2509 2461 proventu
2540 2403 2749 2449 vocata.
2784 2395 2936 2452 Unde
2964 2404 3019 2452 et
3051 2412 3172 2453 eam
3208 2407 3422 2456 veteres
3448 2399 3669 2458 Cereris

2075 2479 2329 2534 horreum
2358 2481 2762 2551 nuncupabant.
2796 2483 2922 2540 Haec
2950 2494 3128 2541 autem
3157 2487 3225 2542 ab
3259 2487 3481 2544 Oriente
3504 2490 3668 2546 ostiis

2076 2568 2303 2623 Danubii
2325 2568 2586 2639 jungitur,
2616 2572 2684 2626 ab
2720 2572 2862 2629 Euro
2891 2588 3018 2629 vero
3054 2575 3320 2641 Thraciae,
3370 2593 3399 2632 a
3435 2578 3670 2635 meridie

2076 2657 2416 2725 Macedoniae,
2439 2660 2507 2713 ab
2529 2675 2722 2716 occasu
2752 2662 2919 2716 Istrize
2944 2664 3241 2732 copulatur.
3266 2664 3396 2721 Post
3418 2665 3670 2722 Moesiam

2074 2756 2251 2803 autem
2275 2749 2546 2803 Pannonia
2566 2756 2670 2814 est,
2689 2751 2811 2805 inde
2828 2750 3052 2806 Noricus
3068 2767 3198 2821 ager
3220 2752 3445 2823 frigidus
3465 2761 3519 2809 et
3540 2771 3671 2825 par-

2072 2837 2188 2892 cius
2215 2835 2536 2900 fructuosus,
2567 2847 2690 2908 post
2729 2854 2890 2910 quem
2922 2839 3177 2895 Rheticus
3206 2839 3453 2912 frugibus
3487 2842 3671 2912 ferax,

2072 2927 2163 2997 qui
2185 2927 2625 2998 excipitGalliam
2642 2929 2891 2985 Bellicam
2908 2929 3246 3003 [Belgicam].
3266 2932 3513 2990 Thracia
3534 2934 3671 2993 Thi-

2078 3030 2167 3069 ras
2192 3014 2386 3085 Japbet
2412 3016 2552 3071 filius
2577 3017 2797 3072 veniens
2838 3033 3034 3074 nomen
3063 3019 3279 3075 dedisse
3304 3022 3625 3089 perhibetur
3649 3040 3669 3082 :

394 3110 569 3167 lassar
585 3116 731 3185 regio
751 3124 835 3169 est
847 3115 1047 3186 Syrias;
1078 3115 1368 3171 Thalassar
1381 3124 1560 3171 autem
1587 3116 1972 3184 interpretatur

2075 3105 2164 3159 alii
2185 3120 2215 3159 a
2232 3106 2435 3161 szcvitia
2450 3106 2743 3161 incolarum
2761 3107 3046 3163 Thraciam
3060 3110 3377 3179 appellatam
3390 3113 3672 3170 dixerunt.

391 3180 908 3275 appensusvprinceps
933 3222 953 3271 ;
984 3180 1295 3275 Ethiopum
1323 3207 1471 3277 regio
1497 3206 1566 3260 ab
1598 3180 1972 3262 Indo—ﬂumine

2075 3194 2210 3250 Huic
2239 3195 2307 3250 ah
2333 3196 2539 3251 oriente
2577 3197 2862 3267 Propontis
2904 3206 2959 3252 et
2986 3199 3116 3253 urbs
3161 3198 3667 3272 Constantinopolis

391 3306 724 3363 consurgens
743 3294 898 3362 Ῑιιχια
927 3295 1218 3367 Egypt“.
1244 3296 1296 3350 ίη
1328 3295 1501 3351 Nilum
1530 3306 1585 3352 ει
1612 3296 1885 3353 oceanum
1918 3297 1971 3351 in
2071 3285 2311 3355 opposita
2328 3284 2866 3355 est.Aseptentrione
2880 3301 3008 3341 vero
3022 3286 3663 3355 lsterobtenditur,ame~

390 3382 619 3438 meridie
672 3386 773 3439 sub
818 3385 932 3454 ipsa
980 3387 1108 3441 solis
1154 3386 1431 3441 vicinitate
1476 3386 1642 3456 jacet.
1692 3386 1968 3451 Chanaan,

390 3470 534 3527 ﬁlius
558 3472 747 3538 Cham,
779 3470 1011 3529 obtinnit
1058 3483 1256 3531 terrain
1287 3490 1317 3527 a
1350 3474 1549 3531 Sidone
1572 3490 1742 3545 usque
1765 3475 1832 3530 ad
1866 3474 1972 3530 Ga-

390 3577 534 3627 zam,
560 3578 720 3633 quam
746 3563 914 3619 Judari
940 3564 1191 3635 deinceps
1230 3567 1599 3636 possederunt,
1625 3566 1810 3637 ejectis
1831 3565 1971 3620 Cha-

393 3655 618 3715 nanmis.
656 3656 1043 3727 Interpretatur
1065 3666 1242 3713 autem
1272 3657 1527 3713 Chanaan
1562 3669 1731 3712 motus
1766 3674 1968 3724 eorum,

391 3743 474 3799 vel
504 3746 815 3814 negotiator,
840 3754 933 3799 aut
955 3746 1186 3801 humilis.
1209 3746 1489 3817 Signiﬁcat
1514 3754 1693 3803 autem
1714 3746 1971 3801 Chanaan

390 3835 613 3905 cupidos
653 3822 950 3892 et'avaros
997 3837 1337 3892 inﬁrmarum
1381 3853 1566 3892 rerum
1592 3845 1647 3892 et
1676 3844 1972 3893 sectatores

390 3925 728 3979 saecularium
763 3928 1124 3998 negotiorum,
1150 3943 1286 3997 quos
1313 3929 1637 3985 amovendos
1666 3945 1695 3983 a
1732 3930 1845 3984 suis
1887 3944 1972 3985 sc-

391 4016 549 4072 dibus
586 4026 818 4084 constat,
847 4019 971 4087 quia
998 4018 1224 4073 mundus
1257 4021 1443 4074 transit
1476 4029 1524 4074 et
1554 4021 1969 4091 concupiscentia

389 4106 505 4176 ejus
535 4105 588 4178 (I
613 4106 774 4161 Joan.
821 4107 905 4179 ιι).
957 4107 1159 4163 Pontus
1209 4109 1356 4177 regio
1398 4108 1686 4163 multarum
1732 4109 1969 4178 gentium

386 4190 540 4268 juxta
566 4186 717 4249 mare
736 4195 1035 4260 Ponticum,
1064 4197 1207 4264 quod
1233 4195 1436 4262 Asiam,
1466 4197 1843 4268 Europamque
1868 4199 1974 4253 dis-

394 4285 667 4347 terminat.
723 4285 925 4340 Pontus
947 4300 1077 4341 vero
1116 4286 1504 4357 interpretatur
1532 4288 1809 4343 inclinans.
1869 4288 1971 4343 Sa-

394 4387 575 4438 ronas,
602 4388 721 4443 quae
764 4374 1149 4447 interpretatur
1186 4379 1517 4448 campestris,
1550 4378 1697 4449 regio
1739 4388 1823 4433 est
1870 4380 1971 4434 Pa-

393 4461 619 4521 laestina:
643 4476 810 4531 usque
838 4464 905 4519 ad
929 4465 1179 4535 oppidum
1208 4464 1372 4537 Joppe
1397 4469 1725 4540 pertingens.
1761 4468 1967 4524 Sarona

395 4565 609 4630 quoque
652 4552 1035 4623 interpretatur
1059 4565 1277 4609 cantans
1304 4558 1593 4612 tristitiam.
1631 4559 1761 4615 Post
1787 4560 1970 4615 Asiam

396 4640 463 4703 ad
509 4639 777 4717 Europam
817 4642 1014 4714 stylum
1066 4644 1344 4700 vertimus.
1393 4647 1604 4717 Europa
1652 4650 1847 4719 quippe
1892 4652 1972 4722 (ut

396 4731 624 4801 gentiles
646 4729 846 4802 ferunt)
879 4732 1138 4803 Agenoris
1164 4735 1306 4806 regis
1333 4736 1513 4809 Libyae
1544 4739 1652 4792 lilia
1676 4739 1776 4793 fuit
1808 4757 1971 4811 quam

395 4817 603 4888 Jupiter
626 4819 695 4873 ab
720 4819 903 4876 Africa
934 4831 1139 4891 raptam
1177 4823 1391 4878 Cretam
1418 4827 1655 4892 advexit,
1687 4836 1742 4882 et
1764 4838 1972 4898 partem

400 4909 614 4962 tertiam
641 4909 788 4964 orbis
816 4925 882 4965 ex
909 4911 1025 4983 ejus
1056 4912 1272 4969 nomine
1295 4914 1600 4986 appellavit.
1631 4916 1735 4971 iste
1768 4926 1850 4971 est
1878 4934 1974 4972 au-

400 5007 507 5055 tem
532 4997 747 5068 Agenor
771 4998 949 5069 Libya:
972 5000 1129 5065 Illius,
1161 5017 1228 5057 ex
1251 5019 1354 5072 qua
1378 5003 1568 5075 Libya,
1600 5007 1652 5061 id
1677 5016 1761 5062 est
1790 5006 1972 5062 Africa

400 5087 571 5147 fertur
592 5092 985 5159 cognominata.
1020 5091 1170 5152 Unde
1195 5105 1416 5162 apparet
1450 5096 1597 5165 prius
1632 5096 1857 5168 Libyam
1884 5114 1975 5153 ac-

401 5182 606 5250 cepisse
634 5183 971 5248 vocabulum,
996 5192 1181 5252 postea
1217 5184 1506 5254 Europam.
1554 5187 1765 5258 Europa
1794 5197 1975 5242 autem

401 5271 456 5325 in
486 5272 696 5325 tertiam
734 5282 941 5341 partem
973 5274 1120 5328 orbis
1151 5274 1320 5331 divisa
1350 5276 1535 5346 incipit
1562 5291 1591 5329 a
1618 5276 1835 5331 ﬂumine
1864 5277 1973 5330 Ta-

401 5361 509 5427 nai,
544 5362 878 5418 descendens
928 5364 994 5418 ad
1050 5380 1300 5421 occasum
1357 5380 1452 5435 per
1501 5368 1971 5436 septentrionalem

403 5449 671 5507 Oceanum
702 5468 875 5523 usque
902 5454 955 5508 in
988 5455 1121 5509 lines
1141 5456 1409 5527 Hispaniae
1432 5477 1445 5511 :
1471 5457 1621 5525 cujus
1645 5474 1769 5528 pars
1798 5460 1975 5513 orien-

405 5539 527 5596 talis
580 5550 633 5595 et
670 5545 960 5598 meridiana
1001 5561 1032 5598 a
1078 5545 1249 5601 Ponto
1294 5563 1650 5616 consurgens,
1685 5557 1794 5603 tota
1840 5547 1976 5601 mari

405 5648 599 5704 magno
625 5634 981 5705 conjungitur,
1006 5645 1061 5691 et
1084 5638 1135 5691 in
1167 5638 1356 5692 insulis
1377 5637 1540 5693 Gadis
1566 5638 1763 5692 linitur.
1794 5638 1975 5691 Prima

409 5725 631 5798 Europm
667 5726 811 5799 regio
840 5726 1059 5802 Scythia
1105 5729 1346 5797 inferior,
1376 5744 1496 5803 qua:
1525 5744 1554 5785 a
1584 5728 1843 5789 Maeotidis
1883 5743 1977 5800 pa-

2071 3375 2205 3430 ridie
2226 3390 2352 3429 vero
2376 3373 2563 3445 Egan
2586 3376 2722 3430 mari
2747 3376 3008 3443 adhaeret,
3040 3378 3108 3432 ab
3131 3392 3325 3433 occasu
3350 3378 3669 3436 Macedonia

2071 3464 2145 3520 illi
2171 3463 2429 3534 suhjacet,
2461 3464 2614 3535 cujus
2636 3467 2908 3535 regionem
2931 3466 3059 3521 olim
3080 3468 3278 3522 diversi
3305 3468 3484 3538 pepuli
3510 3468 3673 3541 [Bes-

2068 3568 2251 3609 sorum
2284 3554 2557 3625 populus],
2586 3555 2912 3626 .‘llassagetm,
2949 3556 3229 3623 Sarmatae,
3248 3557 3461 3629 Scytha:
3474 3569 3528 3615 et
3546 3560 3672 3616 alia:

2068 3642 2314 3712 plurimae
2337 3644 2580 3698 nationes
2601 3643 2957 3698 incoluerunt.
2990 3645 3191 3716 Ampla
3214 3655 3298 3701 est
3320 3649 3486 3713 enim,
3515 3648 3673 3705 ideo-

2071 3746 2174 3801 que
2190 3732 2450 3803 plurimas
2468 3734 2731 3789 continuit
2749 3741 2955 3804 gentes.
2977 3734 3179 3790 Ebrum
3197 3735 3414 3793 ﬂuvium
3433 3739 3674 3796 Thracia

2071 3820 2265 3887 fundit,
2289 3824 2379 3893 qui
2406 3824 2568 3878 etiam
2588 3832 2774 3894 gentes
2801 3824 3155 3880 barbarorum
3186 3827 3448 3897 plurimas
3472 3831 3670 3901 tangit.

2069 3911 2275 3968 Grmcia
2296 3930 2325 3968 a
2348 3914 2537 3969 Graeco
2562 3929 2687 3985 rege
2712 3923 2920 3979 vocata,
2945 3915 3035 3983 qui
3068 3925 3319 3971 cunctam
3345 3931 3463 3972 eam
3487 3918 3675 3989 regio.

2069 4016 2190 4057 nem
2209 4003 2446 4057 incoluit.
2459 4002 2838 4058 Andromacha
2850 4005 2915 4058 de
2928 4002 3137 4074 Pyrrho
3151 4004 3437 4061 Molossum
3455 4007 3668 4078 genuit,

2069 4106 2099 4145 a
2128 4106 2234 4163 quo
2262 4107 2326 4161 pa
2338 4107 2389 4146 rs
2413 4091 2559 4160 Epiri
2584 4091 2830 4147 Molossia
2858 4093 3000 4147 dicta
3032 4102 3134 4150 est.
3164 4093 3302 4149 Sunt
3327 4103 3505 4151 autem
3535 4111 3671 4167 pro-

2072 4183 2261 4238 vinciae
2295 4182 2515 4239 Grazcite
2561 4192 2783 4254 septem,
2817 4200 3046 4256 quarum
3081 4187 3255 4257 prima
3288 4186 3354 4241 ab
3382 4187 3671 4246 occidente

2073 4277 2357 4343 Dalmatia,
2389 4278 2511 4333 inde
2532 4279 2747 4349 Epirus,
2783 4280 2905 4334 inde
2943 4279 3155 4345 Helias,
3184 4280 3306 4335 inde
3346 4280 3622 4336 Thessalia
3645 4320 3667 4349 ,

2074 4368 2196 4423 inde
2220 4368 2552 4433 Macedonia,
2576 4369 2700 4424 inde
2714 4368 2938 4439 Achaia,
2959 4377 3014 4425 et
3035 4371 3153 4425 dua:
3177 4371 3229 4425 in
3258 4371 3411 4434 mari,
3428 4370 3585 4425 Creta
3606 4380 3674 4428 et

2074 4458 2352 4530 Cyclades.
2393 4458 2637 4529 lllyricus
2673 4468 2850 4514 autem
2893 4461 3215 4532 generaliter
3251 4463 3426 4516 omnis
3453 4460 3671 4518 Grmcia

2078 4556 2180 4604 est.
2205 4548 2527 4604 Dalmatiam
2550 4564 2581 4603 a
2619 4549 2811 4616 Deltni,
2846 4551 3081 4605 maxima
3103 4549 3341 4619 ejusdem
3372 4550 3672 4620 provincias

2078 4639 2317 4704 civitate,
2348 4638 2577 4693 traxisse
2609 4652 2803 4693 nomen
2835 4640 3175 4708 perhibetur;
3208 4639 3445 4694 adhaeret
3484 4649 3672 4698 autem

2078 4728 2145 4781 ab
2170 4727 2376 4781 oriente
2403 4726 2747 4793 Macedoniae,
2775 4743 2805 4781 a
2837 4728 3199 4798 septentrione
3229 4727 3445 4792 Mmsim,
3477 4730 3545 4784 ab
3570 4745 3674 4786 oo-

2079 4832 2205 4872 casu
2226 4817 2426 4871 Histria
2446 4818 2780 4882 terminatur,
2800 4834 2829 4872 a
2852 4819 3075 4873 meridie
3090 4833 3217 4873 vero
3239 4819 3514 4876 Adriatico
3538 4822 3672 4879 sinu

2079 4907 2362 4963 clauditur.
2389 4908 2581 4977 Epirus
2601 4924 2631 4963 a
2651 4908 2857 4980 Pyrrho
2878 4910 3102 4964 Achillis
3124 4909 3235 4964 lilio
3259 4913 3669 4981 cognominata,

2079 4997 2232 5067 cujus
2259 5013 2384 5068 pars
2403 4999 2661 5064 Chaonia,
2685 5014 2803 5067 qua:
2830 5008 2955 5055 ante
2976 4999 3195 5053 Molosia
3220 5000 3362 5055 dicta
3392 5011 3473 5055 est
3496 5018 3525 5055 a
3550 5002 3668 5059 Mo-

2078 5092 2221 5147 losso
2252 5093 2362 5149 ﬁlio
2387 5094 2601 5165 Pyrrhi,
2628 5110 2789 5164 quem
2821 5096 2885 5149 de
2908 5094 3286 5148 Andromacha
3314 5093 3500 5148 habuit
3524 5111 3538 5159 ;
3568 5096 3670 5150 scd

2079 5190 2360 5252 postquam
2386 5184 2599 5238 occisus
2619 5191 2702 5237 est
2719 5182 2959 5253 Pyrrhus
2973 5180 3181 5237 Orestis
3200 5182 3428 5247 insidiis,
3452 5183 3671 5236 Andro-

2080 5273 2323 5327 macham
2343 5272 2573 5329 Helenus
2593 5273 2845 5344 suscepit,
2874 5274 3148 5343 tenuitque
3166 5289 3384 5344 regnum
3405 5272 3667 5343 privigni,

2079 5365 2171 5432 qui
2217 5373 2551 5420 successerat
2580 5366 2740 5434 patri,
2773 5380 2802 5418 a
2831 5380 2937 5434 quo
2980 5365 3230 5421 Molossia
3261 5367 3401 5420 dicta
3424 5374 3668 5435 est‘pars

2079 5453 2244 5523 Epiri,
2269 5470 2426 5525 quam
2452 5454 2685 5509 Helenus
2707 5464 2893 5524 postea
2917 5471 2946 5509 a
2975 5454 3142 5510 fratre
3163 5455 3399 5519 Chaone,
3420 5470 3583 5523 quem
3606 5454 3665 5508 in

2081 5555 2275 5599 venatu
2305 5560 2401 5615 per
2437 5547 2790 5617 ignorantiam
2832 5546 3031 5602 dicitur
3050 5546 3331 5608 occidisse,
3363 5541 3675 5613 Chaoniatd

2082 5637 2398 5700 nominavit,
2422 5637 2572 5704 quasi
2602 5636 2666 5690 ad
2695 5636 2946 5690 solatium
2975 5634 3158 5690 fratris
3180 5634 3451 5689 exstincti.
3482 5632 3675 5688 llcllas’

2085 5728 2225 5785 dicta
2268 5744 2299 5785 a
2345 5742 2469 5800 rege
2508 5726 2727 5785 llellene
2772 5724 3113 5784 Deucalionis
3158 5732 3214 5782 et
3258 5723 3481 5795 Pyrrha:
3528 5720 3641 5780 ﬁlio
