3930 6336
189 386 281 443 349

1129 382 1219 439 DE
1260 380 1604 441 UNIVEBSO
1640 378 1820 438 LIBRI
1855 379 2017 439 XXII.
2045 412 2117 426 —
2153 383 2284 440 LIB.
2321 381 2436 438 XII.

3282 389 3392 448 550

192 516 219 557 ι
236 513 331 570 quo
351 506 403 554 et
428 496 572 568 prius
612 496 793 585 Graeci
818 495 1065 554 Bellenes
1094 498 1386 568 nuncupati
1414 506 1554 553 sunt.
1602 497 1723 567 Ipsa
1750 497 1801 557 A
1828 496 1898 551 ab
1922 496 2147 568 Alpibus
2165 495 2459 567 Apenninis
2480 505 2564 554 est
2586 507 2911 569 nuncupata,
2938 499 3131 569 quibus
3155 502 3223 557 ab
3243 502 3396 558 Italia

188 596 259 645 est
283 587 446 642 Attica
474 593 637 651 terra,
656 586 797 642 Acte
810 587 961 657 prius
983 587 1149 643 dicta.
1171 585 1308 641 Nam
1336 585 1579 641 Cranous
1603 586 1722 656 qui-

189 680 296 735 dam
331 675 540 732 Grzecize
578 676 822 747 indigena
866 675 989 742 fuit,
1012 690 1080 731 ex
1115 676 1266 746 cujus
1293 675 1422 740 ﬁlia,
1454 674 1594 731 Attis
1628 690 1724 731 no-

184 771 328 834 mine,
352 768 517 824 Attica
542 775 683 823 terra
708 779 792 825 est
810 776 998 823 vocata
1024 785 1039 822 :
1064 767 1179 823 haec
1197 768 1339 823 inter
1361 766 1721 823 Macedoniam

184 870 231 916 et
259 860 500 915 Achaiam
546 860 720 915 media
762 857 931 926 jacet,
972 858 1217 914 Arcadiae
1253 874 1285 913 a
1318 859 1721 928 septentrionali

182 960 315 1021 parte
331 949 621 1019 conjuncta.
645 948 762 1018 Ipsa
783 955 865 1003 est
883 963 1007 1003 vera
1029 947 1257 1013 Graecia,
1274 948 1366 1003 ubi
1386 947 1485 1002 fuit
1501 947 1723 1005 Athena:

183 1039 365 1102 civitas,
394 1047 564 1093 mater
601 1037 899 1093 liberalium
942 1038 1265 1103 litterarum,
1301 1046 1356 1093 et
1382 1038 1724 1110 philosopho—

182 1145 285 1184 rum
322 1129 512 1191 nutrix,
546 1143 650 1197 qua
684 1128 817 1183 nihil
856 1128 1045 1183 habuit
1083 1127 1293 1185 Graecia
1332 1126 1529 1184 clarius
1562 1136 1723 1199 atque

180 1222 405 1277 nobilius.
434 1222 489 1276 In
511 1215 574 1277 ea
596 1230 681 1278 est
706 1228 761 1277 et
800 1221 1166 1277 Marathonius
1202 1237 1447 1291 campus,
1473 1223 1722 1292 opinione

180 1315 420 1384 quondam
447 1315 613 1384 prtelii
642 1316 1070 1372 cruentissimus.
1108 1312 1346 1371 Helladis
1385 1325 1564 1372 autem
1604 1319 1724 1373 dua:

178 1405 592 1473 suntprovincite,
607 1404 809 1461 Babotia
823 1414 875 1460 et
888 1405 1306 1474 Peloponnesus.
1323 1406 1527 1461 Boeotia
1542 1415 1722 1462 autem

177 1496 301 1549 dicta
342 1495 440 1551 hac
486 1511 553 1551 ex
599 1510 781 1551 causa.
828 1495 963 1549 Dum
1007 1492 1243 1551 Cadmus
1270 1495 1534 1567 Agenoris
1581 1495 1723 1550 ﬁlius

175 1586 418 1656 Europam
456 1602 695 1643 sororem
723 1602 753 1641 a
776 1586 908 1642 Jove
946 1593 1151 1655 raptam
1180 1600 1247 1641 ex
1282 1594 1550 1657 praecepto
1574 1586 1722 1657 geni-

178 1677 292 1733 toris
316 1685 590 1747 qutereret,
610 1692 710 1733 nec
734 1677 1025 1746 reperiret,
1053 1677 1222 1746 patris
1242 1676 1378 1731 iram
1403 1676 1719 1743 formidans,

172 1769 465 1825 conﬁrmato
500 1769 680 1823 animo
722 1768 881 1839 elegit
921 1768 1189 1823 exsilium.
1224 1767 1360 1836 Nam
1399 1768 1552 1823 bovis
1580 1767 1719 1823 forte

173 1866 448 1928 conspectze
472 1866 692 1914 secutus
714 1857 961 1929 vestigia,
985 1857 1260 1928 amplexus
1283 1866 1367 1913 est
1392 1858 1596 1922 sedem,
1626 1858 1716 1912 ubi

171 1947 248 2003 illa
276 1948 587 2003 recubuerat
610 1966 625 2002 :
645 1948 827 2017 sicque
848 1948 1024 2003 locum
1054 1949 1120 2003 de
1146 1949 1363 2003 nomine
1388 1947 1541 2003 bovis
1568 1947 1719 2003 Bmo-

171 2038 302 2102 tiam,
328 2038 415 2092 ubi
456 2047 510 2093 et
556 2036 767 2092 Thebas
788 2038 994 2112 .urbem
1028 2037 1349 2101 construxit,
1376 2037 1430 2089 in
1458 2052 1563 2106 qna
1592 2036 1719 2091 olim

168 2127 325 2181 civilia
354 2125 489 2181 bella
531 2125 913 2189 detonucrunt,
942 2132 998 2179 ct
1023 2124 1114 2179 ubi
1145 2122 1257 2177 nati
1289 2131 1415 2178 sunt
1449 2123 1637 2194 Apollo
1667 2134 1724 2178 et

170 2216 401 2272 llercules
453 2216 629 2286 major
669 2215 757 2270 ille
810 2215 1119 2269 Thebanus.
1169 2213 1372 2269 Eadem
1419 2221 1503 2269 est
1545 2212 1718 2268 Aonia

166 2300 337 2363 vocata
365 2323 393 2361 a
424 2306 574 2362 fonte
600 2306 829 2376 quodam
856 2304 1084 2373 Apollini
1107 2312 1162 2359 et
1186 2303 1357 2358 musis
1377 2309 1717 2365 consecrato,

165 2396 245 2464 qui
272 2395 319 2449 in
344 2395 530 2451 eadem
550 2393 755 2448 Bmotia
784 2402 885 2448 est.
908 2392 1304 2461 Peloponnesus
1331 2406 1462 2447 vero
1486 2391 1718 2446 secunda

166 2500 275 2554 pars
297 2484 525 2540 Helladis
549 2500 579 2538 a
614 2483 810 2554 Pelope
840 2492 1062 2554 regnata
1091 2492 1251 2552 atque
1294 2489 1503 2538 vocata.
1547 2481 1721 2537 Thes-

167 2573 281 2629 salia
306 2590 335 2628 a
362 2572 623 2629 Thessalo
651 2588 776 2644 rege
801 2572 1202 2643 cognominata,
1233 2586 1354 2639 quae
1381 2569 1447 2624 ad
1470 2570 1724 2625 meridia-

165 2680 274 2719 nam
304 2666 511 2738 plagam
539 2665 866 2721 Macedoniae
889 2664 1174 2733 conjuncta
1197 2670 1298 2726 est,
1328 2655 1481 2731 cujus
1507 2678 1538 2717 a
1570 2670 1720 2734 tergo

162 2753 317 2809 Pieria
344 2763 445 2810 est.
488 2754 654 2809 Multa
682 2755 734 2808 in
759 2752 1034 2809 Thessalia
1067 2750 1285 2805 ﬂumina
1315 2759 1371 2805 et
1393 2750 1607 2820 oppida,
1636 2750 1720 2804 in-

167 2852 239 2897 ter
261 2860 372 2913 quae
396 2845 666 2914 prtecipue
687 2842 1096 2907 Thessalonica;
1123 2841 1197 2896 ibi
1221 2848 1305 2896 est
1330 2848 1385 2895 et
1409 2854 1565 2896 mons
1588 2839 1720 2894 Par-

164 2950 335 2989 nassus
388 2935 662 3004 quondam
716 2933 945 3003 Apollini
1015 2939 1381 2988 consecratus.
1440 2930 1717 2986 Thessalia

164 3027 317 3095 patria
348 3027 592 3092 Achillis,
632 3034 686 3081 et
710 3026 860 3097 origo
885 3024 1236 3096 Lapitharum
1266 3023 1387 3088 fuit,
1416 3021 1483 3077 de
1523 3022 1717 3092 quibus

162 3116 334 3183 fertur,
356 3119 499 3188 quod
534 3118 590 3172 hi
621 3118 798 3223 primo
822 3131 988 3201 equos
1016 3114 1535 3223 {renisdomueri‘ntL
1562 3113 1715 3216 Unde
1742 3157 1787 3223 ϐ

162 3208 382 3263 centauri
410 3207 541 3262 dicti
571 3214 717 3260 sunt.
742 3205 799 3259 In
821 3205 1096 3260 Thessalia
1123 3204 1356 3275 primum
1381 3203 1538 3259 solidi
1563 3204 1715 3258 aurei

162 3297 273 3353 facti
296 3306 439 3363 sunt,
454 3298 845 3353 domandorum
867 3311 1080 3366 quoque
1100 3310 1361 3365 equorum
1384 3309 1515 3351 usus
1535 3308 1716 3364 reper-

163 3395 237 3441 tus
258 3396 353 3445 est.
384 3386 711 3442 Macedoniae
730 3386 783 3441 in
810 3386 1031 3441 exordio
1052 3387 1121 3442 ab
1151 3386 1365 3443 Emutio
1398 3401 1526 3457 rege
1557 3386 1718 3441 Ema-

160 3477 273 3531 tbla:
298 3492 490 3532 nomen
518 3484 657 3541 erat,
690 3477 784 3531 sed
814 3475 1051 3542 Macedo,
1073 3474 1414 3533 Deucalionis
1442 3486 1716 3531 maternus

160 3581 328 3634 nepos,
372 3574 664 3636 postquam
712 3565 783 3619 ibi
820 3565 1028 3634 accepit
1063 3566 1443 3635 principatum,
1490 3566 1717 3620 mutavit

156 3654 456 3710 vocabulum
488 3654 963 3723 Macedoniamque
988 3669 1018 3707 a
1047 3668 1145 3708 suo
1180 3655 1397 3710 nomine
1426 3654 1579 3709 dixit.
1622 3655 1717 3709 Est

158 3754 322 3798 autem
366 3744 600 3799 conﬁnis
642 3743 711 3803 ab
753 3743 963 3798 oriente
1010 3742 1181 3813 Egeo
1216 3744 1372 3809 mari,
1415 3760 1446 3799 a
1491 3746 1717 3799 meridie

154 3832 372 3899 Achaim,
400 3834 470 3889 ab
496 3848 694 3888 occasu
721 3831 1014 3898 Dalmatiae,
1046 3848 1076 3887 a
1103 3835 1465 3902 septentrione
1494 3834 1712 3889 Mtesize.

155 3920 321 3977 Patria
347 3922 646 3978 Alexandri
674 3920 872 3992 Mag’ni,
897 3931 953 3981 et
974 3924 1123 3995 regio
1150 3923 1329 3979 aureis
1346 3924 1496 3978 venis
1525 3939 1716 3994 argen-

154 4010 346 4080 teisque
368 4012 571 4082 opima,
601 4011 829 4081 lapidem
856 4026 1015 4082 quem
1035 4013 1355 4082 pceantidem
1380 4023 1593 4079 vocant,
1615 4015 1715 4075 ista

153 4101 341 4171 gignit;
383 4117 548 4156 mons
573 4100 831 4171 Olympus
859 4102 911 4155 in
939 4116 1000 4157 ea
1030 4111 1130 4164 est,
1164 4102 1257 4171 qui
1285 4103 1566 4160 excellenti
1590 4118 1714 4158 ver-

154 4190 249 4248 tice
275 4202 453 4248 tantus
489 4192 776 4256 attollitur,
805 4200 864 4245 ut
892 4191 945 4245 in
977 4194 1255 4248 cacumine
1280 4191 1393 4261 ejus
1419 4209 1519 4249 nec
1547 4194 1715 4250 nubes

150 4298 241 4341 nec
266 4285 413 4346 venti
449 4284 775 4343 sentiantur.
809 4283 1012 4341 Achaia
1038 4285 1107 4339 ab
1131 4284 1328 4339 Achzeo
1357 4301 1480 4357 rege
1507 4293 1562 4341 et
1588 4286 1715 4340 urbs

150 4384 201 4428 et
222 4376 497 4445 provincia
524 4374 787 4444 appellata
818 4383 920 4429 est.
948 4374 1074 4430 Hzec
1100 4390 1235 4446 pene
1264 4376 1435 4435 insula
1454 4384 1554 4431 est.
1580 4374 1713 4430 Nam

150 4464 337 4532 absque
361 4462 772 4532 septentrionali
792 4472 961 4531 parte,
986 4478 1089 4532 qua
1111 4464 1429 4520 Macedonia:
1446 4464 1711 4535 jungitur,

152 4554 376 4622 undique
403 4563 562 4625 septa
590 4562 674 4609 est
697 4553 852 4607 mari.
883 4552 965 4606 Ab
998 4554 1206 4608 oriente
1230 4555 1375 4615 enim
1404 4556 1566 4617 habet
1590 4555 1716 4609 Mir-

152 4643 321 4700 tbeum
365 4659 544 4707 mare,
571 4644 637 4697 ab
673 4657 805 4698 euro
845 4642 1135 4706 Creticum.
1168 4658 1198 4697 a
1221 4644 1445 4698 meridie
1487 4645 1712 4709 Ionium,

150 4734 214 4787 ab
238 4732 419 4788 Africo
440 4741 499 4787 et
522 4748 720 4787 occasu
739 4732 1021 4801 Cassiopas
1052 4731 1272 4797 insulas,
1304 4747 1334 4785 a
1363 4733 1473 4787 sola
1503 4741 1716 4803 septen-

152 4823 355 4879 trionali
398 4833 558 4893 parte
599 4822 923 4876 Macedoniae
948 4820 1030 4875 vel
1059 4820 1250 4876 Atticae
1286 4828 1444 4876 terra:
1472 4822 1715 4894 adjungi-

152 4926 251 4977 tur.
280 4916 451 4987 Hujus
492 4926 655 4987 caput
677 4926 760 4972 est
784 4918 912 4971 urbs
940 4916 1246 4982 Corinthus,
1276 4917 1497 4974 Graecia:
1529 4920 1711 4978 decus.

149 5006 369 5063 Inachus
390 5017 480 5063 est
498 5008 715 5062 Achaia:
734 5007 945 5062 ﬂuvius.
962 5007 1190 5063 Arcadia
1213 5010 1361 5064 sinus
1376 5010 1591 5064 Achaia:
1610 5021 1714 5078 est,

150 5106 206 5150 ut
229 5099 425 5168 platani
461 5098 670 5163 folium,
706 5100 847 5154 inter
871 5098 1077 5155 Ionium
1097 5107 1151 5153 et
1170 5097 1414 5170 IEgaeum
1442 5117 1590 5157 mare
1618 5118 1715 5157 ex-

151 5186 337 5255 posita,
377 5203 544 5257 quam
579 5189 749 5245 Arcas
776 5187 924 5245 Iovis
961 5197 1017 5245 et
1043 5188 1253 5245 Calista:
1285 5190 1442 5257 Illius,
1482 5192 1718 5265 Pelasgis

151 5278 203 5331 in
262 5280 527 5334 ditionem
586 5280 846 5344 redactis,
898 5295 964 5339 ex
1012 5296 1109 5337 suo
1160 5282 1377 5335 nomine
1434 5283 1715 5338 Arcadiam

148 5371 498 5442 nnnwpavit.
527 5370 647 5443 Ipsa
668 5379 752 5425 est
779 5370 1026 5441 Sicyonia
1066 5387 1097 5425 a
1124 5371 1353 5441 Sicyone
1381 5388 1525 5444 rege,
1556 5390 1585 5427 a
1612 5390 1718 5443 quo

150 5466 203 5514 et
229 5474 450 5530 regnum
477 5459 851 5531 Sicyoniorum
877 5469 961 5515 est
978 5461 1198 5516 dictum.
1224 5462 1393 5517 liabet
1417 5472 1592 5517 autem
1612 5465 1717 5518 Ar-

151 5549 295 5604 cadia
322 5547 546 5607 ﬁnium
573 5565 824 5621 magnum
855 5550 1205 5616 Erimantum,
1235 5553 1481 5606 asbeston
1509 5569 1719 5623 quoque

149 5637 397 5708 Lapidem,
432 5642 527 5711 qui
552 5640 719 5696 semel
750 5655 1009 5695 accensus
1034 5657 1301 5709 nunquam
1329 5642 1715 5712 exstinguitur;

154 5730 543 5797 candidissima:
567 5734 732 5790 etiam
764 5731 980 5797 merula:
1008 5732 1079 5788 ibi
1103 5742 1413 5795 nascuntur.
1445 5734 1716 5801 Pannonia

1822 590 2329 659 secerniturzregio
2382 606 2513 647 vero
2555 590 2713 646 fortis
2751 600 2806 647 et
2848 591 2961 647 solo
3004 591 3157 659 beta,
3192 594 3398 650 duobus

1821 679 1957 734 satis
1981 680 2197 735 acribus
2222 679 2415 746 ﬂuviis,
2445 681 2624 737 Drabo
2652 681 2900 751 Saboque
2922 682 3140 737 vallata.
3165 681 3398 751 Conjun-

1822 770 1965 841 gitur
2012 768 2191 839 autem
2244 786 2366 827 cum
2417 772 2614 829 Norico
2655 780 2710 828 et
2758 772 2930 838 Retia,
2956 772 3275 829 habentibus
3323 774 3392 831 ab

1819 860 2029 915 oriente
2068 859 2344 928 Mtesiam,
2382 864 2449 919 ab
2496 879 2627 920 curo
2666 863 2899 927 Istriam,
2930 863 2999 917 ab
3041 863 3222 917 Africo
3266 880 3398 920 vero

1820 947 1984 1018 Alpes
2003 950 2332 1021 Apennines.
2363 951 2531 1007 Habet
2551 954 2619 1009 ab
2640 968 2833 1009 occasu
2855 952 3081 1008 Galliam
3104 952 3396 1023 Belgicam,

1821 1051 1853 1091 a
1883 1040 2245 1106 septentrione
2282 1041 2507 1096 Danubii
2530 1041 2728 1097 fontem
2755 1042 2840 1097 vel
2868 1042 3109 1108 limitem,
3143 1044 3231 1112 qui
3256 1042 3394 1098 Ger-

1822 1126 2055 1181 maniam
2097 1126 2434 1199 Galliamque
2472 1129 2724 1185 secernit.
2766 1128 2917 1183 Italia
2963 1131 3091 1185 olim
3134 1146 3163 1184 a
3193 1131 3397 1185 Gnecis

1821 1216 2031 1285 populis
2052 1228 2334 1288 occupata,
2364 1235 2557 1291 magna
2587 1218 2795 1275 Graecia
2824 1221 3115 1290 appellata,
3146 1223 3335 1276 deinde
3366 1237 3395 1274 a

1822 1305 1965 1376 regis
1991 1308 2207 1363 nomine
2230 1308 2502 1374 Saturnia,
2525 1324 2648 1363 mox
2670 1317 2725 1364 et
2747 1308 2958 1363 Latium
2985 1309 3141 1372 dicta,
3168 1325 3232 1364 eo
3255 1310 3396 1379 quod

1822 1391 1962 1447 idem
1991 1392 2274 1461 Saturnus,
2297 1411 2327 1449 a
2354 1393 2485 1451 Jove
2506 1396 2726 1451 sedibus
2754 1397 2868 1451 suis
2898 1397 3101 1465 pulsus,
3130 1397 3201 1451 ibi
3229 1398 3397 1452 latue-

1822 1482 1913 1537 rit.
1945 1482 2289 1539 Postmodum
2312 1488 2378 1542 ab
2405 1487 2536 1543 Italo
2559 1503 2682 1559 rege
2705 1488 2778 1542 ibi
2809 1496 3071 1560 regnante
3092 1497 3397 1559 nuncupata

1820 1582 1920 1627 est.
1952 1572 2115 1643 Cujus
2142 1576 2277 1630 situs
2302 1577 2632 1647 longitudine
2669 1578 2898 1647 amplius
2931 1593 3092 1648 quam
3118 1577 3398 1632 latitudine

1819 1680 1850 1719 a
1876 1664 2054 1721 Circio
2086 1666 2139 1722 in
2180 1667 2383 1723 Eurum
2411 1669 2749 1733 extenditur,
2797 1685 2827 1722 a
2867 1669 3089 1724 meridie
3115 1668 3395 1739 Tyrrheno

1819 1754 1977 1818 mari,
2009 1756 2077 1811 ab
2125 1758 2376 1827 aquilone
2419 1758 2695 1815 Adriatico
2742 1758 3030 1825 clauditur,
3057 1760 3124 1813 ab
3167 1757 3393 1813 occiduo

1750 1826 1792 1884 Β
1819 1846 2028 1916 Alpium
2071 1826 2214 1918 jugis
2260 1849 2482 1903 ﬁnitur:
2509 1857 2652 1905 terra
2697 1850 2947 1906 omnibus
2983 1849 3037 1903 in
3080 1849 3240 1904 rebus
3279 1847 3398 1919 pul-

1822 1940 2110 2002 cherrima,
2141 1939 2240 1995 soli
2267 1940 2563 2006 fertilitate,
2584 1941 2764 2011 pabuli
2796 1943 3038 1996 ubertate
3063 1939 3391 2011 gratissima.

1822 2030 1993 2085 Ilabet
2020 2031 2187 2095 lacus,
2214 2031 2480 2086 Benacum
2500 2041 2659 2101 atque
2680 2032 2971 2086 Lucrinum
2998 2049 3011 2085 :
3038 2030 3247 2095 ﬂuvios,
3270 2031 3391 2086 Eri-

1820 2120 2017 2176 danum
2065 2128 2121 2175 et
2173 2120 2410 2175 Tiberim
2440 2160 2456 2185 ,
2505 2130 2560 2176 et
2604 2129 2845 2191 tepentes
2893 2119 3129 2174 fontibus
3184 2118 3392 2187 Baias;

1821 2211 1991 2282 gignit
2046 2224 2315 2282 gemmas,
2355 2211 2631 2281 syrtitcm,
2669 2210 2966 2283 lyncurium
3003 2221 3057 2265 et
3095 2211 3393 2266 corallium.

1817 2302 1983 2356 Boam
2028 2317 2242 2371 quoque
2295 2310 2594 2371 serpentem
2622 2343 2637 2367 ,
2689 2302 2900 2370 lyncem
2950 2301 3120 2357 feram
3163 2311 3217 2357 et
3258 2301 3391 2356 Dio-

1820 2392 2038 2446 medeas
2066 2406 2211 2446 aves.
2243 2390 2392 2446 Italia
2414 2399 2589 2446 autem
2615 2398 2669 2446 et
2690 2389 2945 2461 Hispania
2967 2391 3169 2445 idcirco
3191 2390 3394 2460 Hespe-

1828 2480 1924 2535 ria:
1953 2479 2133 2543 dictae,
2158 2479 2301 2548 quod
2330 2472 2503 2534 Grazci
2529 2478 2766 2548 Hespero
2794 2462 2949 2534 stella
2980 2478 3233 2549 navigent
3255 2486 3310 2532 et
3339 2476 3394 2530 in

1819 2572 2025 2629 Italiam
2047 2580 2101 2627 et
2128 2573 2181 2626 in
2212 2572 2545 2640 Hispaniam.
2574 2570 2701 2638 Quae
2725 2571 2827 2625 hac
2847 2571 3053 2625 ratione
3082 2571 3396 2623 discernun-

1820 2670 1929 2718 tur.
1956 2660 2064 2716 Aut
2095 2662 2238 2717 enim
2278 2661 2589 2730 Hesperiam
2629 2660 2796 2716 solam
2841 2659 2998 2724 dicis,
3026 2667 3080 2714 et
3124 2658 3395 2729 signiﬁcas

1818 2748 2025 2805 Italiam
2051 2768 2064 2804 :
2092 2758 2185 2804 aut
2212 2749 2362 2803 addis
2393 2749 2650 2811 ultimam,
2681 2758 2736 2804 et
2760 2748 3030 2820 signiﬁcas
3060 2747 3391 2817 Hispaniam,

1820 2840 1946 2910 quia
1975 2839 2031 2893 in
2059 2838 2355 2893 occidentis
2389 2845 2471 2892 est
2498 2836 2621 2892 ﬁne.
2654 2836 2846 2892 Tuscia
2872 2851 2998 2905 pars
3038 2836 3222 2900 Italiae,
3257 2834 3392 2891 Um-

1818 2930 1994 2985 briam
2039 2945 2169 2985 vero
2216 2929 2493 3001 (historia:
2534 2928 2785 2995 narrant)
2850 2943 2913 2985 eo
2960 2929 3099 2999 quod
3156 2937 3396 2997 tempore

1820 3034 2037 3089 aquosae
2082 3018 2250 3075 cladis
2300 3018 2560 3075 imbribus
2598 3017 2953 3087 superfuerit,
3003 3019 3071 3073 ob
3116 3018 3221 3072 hoc
3268 3018 3397 3073 Um-

1820 3111 1996 3165 briam
2021 3110 2206 3166 Graece
2231 3110 2677 3180 cognominatam.
2702 3108 2796 3163 Est
2825 3110 2965 3163 enim
2994 3109 3046 3162 in
3063 3107 3206 3177 jugis
3221 3108 3397 3177 Apen-

1818 3194 1932 3254 nini
1976 3198 2175 3252 montis
2222 3198 2355 3260 sita,
2387 3197 2441 3251 in
2493 3204 2644 3264 parte
2684 3196 2848 3251 Italia:
2888 3196 3041 3265 juxta
3090 3196 3390 3251 meridiem.

1815 3288 2027 3342 Etruria
2057 3302 2183 3357 pars
2209 3286 2373 3341 Italize
2414 3287 2573 3350 dicta,
2602 3288 2742 3357 quozl
2781 3286 2896 3355 ejus
2937 3287 3070 3341 ﬁnes
3098 3286 3394 3342 tendeban-

1817 3386 1907 3433 tur
1928 3392 2095 3449 usque
2123 3379 2190 3433 ad
2219 3378 2389 3448 ripam
2411 3377 2620 3433 Tiberis
2643 3379 2793 3448 quasi
2820 3387 2997 3435 eteros
3016 3393 3161 3433 oros.

1886 3486 2020 3541 Nam
2046 3495 2227 3541 cteros
2257 3486 2413 3553 alter,
2443 3501 2565 3541 oros
2614 3486 2734 3542 ﬁnis
2770 3495 3009 3542 vocatur.
3041 3488 3226 3543 Romae
3252 3490 3395 3544 enim

1816 3573 1939 3629 finis
1973 3584 2129 3630 antea
2166 3591 2327 3629 unam
2366 3583 2569 3628 tantum
2598 3574 2805 3629 Tiberis
2831 3576 2996 3646 ripam
3027 3578 3256 3632 tenebat.
3288 3577 3391 3638 Alii

1814 3664 2086 3717 Etruriam
2124 3663 2323 3718 dictam
2364 3665 2430 3717 ab
2473 3663 2698 3717 Etrusco
2743 3664 2986 3734 principe
3013 3674 3220 3734 putant.
3252 3666 3384 3725 Item

1816 3762 1871 3807 ct
1897 3752 2191 3822 Tyrrhema
2215 3767 2245 3804 a
2268 3751 2545 3822 Tyrrheno
2573 3751 2724 3821 Lyzlii
2755 3751 2948 3816 fratre,
2974 3753 3063 3822 qui
3088 3768 3153 3807 ex
3182 3754 3393 3809 oriente

1819 3838 2013 3913 [sorte]
2055 3855 2176 3894 cum
2216 3839 2397 3909 populi
2431 3849 2581 3908 parte
2628 3841 2692 3895 de
2724 3840 2953 3894 Mmania
2994 3843 3135 3896 venit
3177 3845 3243 3896 ad
3279 3842 3391 3896 Ita-

1817 3930 1963 3985 liam.
2013 3929 2138 3983 Haec
2179 3937 2266 3983 est
2295 3938 2349 3983 et
2397 3929 2607 3993 Tuscia,
2634 3931 2726 3985 sed
2772 3929 3018 3986 Tusciam
3066 3934 3242 3987 dicere
3281 3950 3391 3994 non

1816 4020 2099 4082 debemus,
2149 4018 2273 4087 quia
2318 4034 2581 4088 nusquam
2622 4019 2863 4088 legimus.
2914 4020 3103 4076 Tuscia
3150 4031 3328 4077 autem
3356 4038 3392 4081 a

1814 4106 2112 4176 frequentia
2143 4106 2394 4162 sacriﬁcii
2423 4115 2477 4161 et
2504 4109 2676 4163 thuris
2705 4108 2844 4164 dicta
2874 4117 2976 4164 est.
3006 4110 3175 4166 Gallia
3206 4129 3235 4166 a
3258 4128 3394 4168 can-t

1817 4199 1945 4252 dore
1966 4196 2144 4265 populi
2169 4206 2493 4265 nuncupata.
2525 4196 2654 4252 Gala
2677 4199 2819 4252 enim
2844 4198 3028 4254 Graece
3058 4200 3139 4255 lac
3166 4201 3391 4269 dicitur,

1817 4286 2024 4340 Montes
2045 4294 2099 4339 et
2123 4285 2267 4355 rigor
2289 4286 2407 4339 caeli
2432 4286 2498 4340 ab
2520 4302 2580 4339 ea
2611 4295 2763 4355 parte
2786 4288 2913 4343 solis
2938 4290 3183 4343 ardorem
3206 4291 3393 4347 exclu-t

1817 4378 1967 4435 dunt.
2013 4376 2129 4442 Quo
2178 4376 2254 4439 ﬁt,
2280 4384 2338 4429 ut
2365 4376 2565 4430 candor
2611 4391 2893 4448 corporum
2944 4395 3049 4433 non
3095 4381 3392 4449 color-etum

1819 4469 1968 4522 lianc
2015 4469 2082 4521 ab
2127 4467 2333 4522 oriente
2372 4467 2581 4538 Alpium
2620 4466 2747 4537 juga
2798 4476 3034 4531 tuentur.
3083 4472 3149 4525 ab
3192 4487 3395 4527 occasu

1820 4559 2063 4615 Oceanus
2108 4556 2353 4622 includit,
2394 4572 2425 4611 a
2475 4557 2696 4611 meridie
2742 4568 3009 4628 praerupta
3056 4561 3318 4631 Pyrenaei,
3358 4580 3388 4618 a

1820 4646 2182 4717 septentrione
2224 4645 2397 4701 Rheni
2442 4644 2638 4701 ﬂuenta
2678 4659 2839 4716 atque
2885 4647 3190 4715 Germanla,
3237 4652 3388 4721 cujus

1821 4740 2029 4794 initium
2061 4737 2271 4808 Belgica
2298 4737 2437 4792 ﬁnis.
2470 4738 2756 4811 Aquitania
2782 4748 2863 4793 ost
2888 4740 3033 4809 regio
3060 4740 3211 4808 gleba
3239 4742 3388 4801 uberi

1820 4839 1875 4885 et
1902 4829 2176 4899 pabulosa,
2202 4837 2257 4883 et
2276 4828 2341 4881 ad
2367 4844 2520 4883 usum
2543 4830 2890 4887 animantium
2919 4839 3059 4899 apta,
3084 4830 3390 4888 ﬂuminibus

1821 4932 2031 4986 quoque
2060 4925 2114 4970 et
2159 4915 2394 4970 fontibus
2436 4917 2655 4987 irrigua,
2688 4917 2901 4986 perfusa
2933 4919 3138 4974 duobus
3181 4922 3392 4990 magnis

1819 5007 2007 5061 Rheno
2035 5016 2088 5060 et
2116 5006 2373 5060 Rhodano
2412 5006 2605 5061 ﬂuviis.
2656 5006 2829 5076 Belgis
2870 5018 3045 5062 autem
3087 4996 3276 5066 civitas
3303 5018 3387 5068 εει

1818 5096 2025 5157 Galliae,
2055 5111 2083 5148 a
2112 5110 2215 5164 qua
2248 5094 2458 5164 Belgica
2497 5096 2770 5165 provincia
2799 5097 2937 5151 dicta
2964 5107 3066 5163 est,
3093 5099 3385 5168 Cisalpina,

1819 5184 1941 5252 quia
1970 5184 2108 5237 citra
2134 5183 2313 5251 Alpes,
2341 5183 2424 5237 vel
2455 5184 2780 5252 transalpina
2802 5224 2815 5246 ,
2846 5185 2897 5237 id
2938 5194 3018 5239 est
3049 5194 3196 5241 trans
3224 5169 3388 5257 Alpes

1820 5279 2005 5325 contra
2026 5271 2461 5339 septentrionem.
2491 5271 2679 5325 Rhetia
2701 5287 2828 5325 vero
2857 5280 2999 5326 terra
3024 5274 3203 5329 hieme
3224 5284 3388 5346 atque

1819 5368 2002 5414 astate
2036 5368 2242 5422 vernat,
2268 5359 2346 5413 sol
2383 5359 2453 5413 ibi
2486 5358 2650 5422 mitis,
2674 5368 2825 5427 grata
2870 5361 3176 5429 temperies,
3218 5377 3387 5429 purus

1818 5464 1911 5503 aer
1931 5457 1984 5503 et
2012 5448 2239 5503 blandus
2264 5467 2274 5501 :
2302 5442 2422 5502 inde
2443 5458 2652 5512 vocata,
2676 5450 2817 5517 quod
2844 5450 2915 5503 sit
2937 5449 3084 5515 juxta
3114 5451 3387 5510 Rhenum;

1818 5537 2102 5606 Aquitania
2144 5548 2321 5592 autem
2366 5538 2433 5591 ab
2458 5537 2688 5607 obliquis
2731 5538 2885 5605 aquis
2931 5536 3106 5608 Ligeri
3150 5539 3386 5596 ﬂuminis

1820 5628 2099 5697 appellata,
2130 5629 2253 5697 quia
2280 5644 2345 5683 ex
2391 5627 2614 5695 plurima
2659 5636 2809 5696 parte
2839 5628 3097 5682 terminus
3124 5628 3239 5697 ejus
3278 5638 3383 5696 est,

1818 5734 2040 5789 eamque
2064 5735 2197 5789 pene
2222 5719 2272 5772 in
2296 5717 2477 5773 orbem
2502 5717 2680 5787 cingit.
2707 5716 2956 5793 Ilispania
2979 5719 3127 5795 prius
3148 5718 3216 5777 ab
3231 5717 3388 5778 lbere
