  <div class='ocr_page' id='page_1' title='image "/cluster/home/n/w/nwhite01/storage/ocr_20150623/111/uva.x000827067/183.png"; bbox 0 0 3930 6364; ppageno 0'>
   <div class='ocr_carea' id='block_1_1' title="bbox 486 371 584 427">
    <p class='ocr_par' dir='ltr' id='par_1_1' title="bbox 486 371 584 427">
     <span class='ocr_line' id='line_1_1' title="bbox 486 371 584 427; baseline 0.02 -2"><span class='ocrx_word' id='word_1_1' title='bbox 486 371 584 427; x_wconf 73' lang='lat'><strong>35!</strong></span> 
     </span>
    </p>
   </div>
   <div class='ocr_carea' id='block_1_2' title="bbox 1126 367 3089 431">
    <p class='ocr_par' dir='ltr' id='par_1_2' title="bbox 1126 367 3089 431">
     <span class='ocr_line' id='line_1_2' title="bbox 1126 367 3089 431; baseline 0.002 -6"><span class='ocrx_word' id='word_1_2' title='bbox 1126 373 1184 425; x_wconf 84' lang='grc' dir='ltr'><strong>Β.</strong></span> <span class='ocrx_word' id='word_1_3' title='bbox 1224 370 1474 426; x_wconf 68' lang='lat' dir='ltr'><strong>RAilANl</strong></span> <span class='ocrx_word' id='word_1_4' title='bbox 1516 369 1733 425; x_wconf 67' lang='lat' dir='ltr'><strong>MAURI</strong></span> <span class='ocrx_word' id='word_1_5' title='bbox 1771 367 2089 424; x_wconf 77' lang='lat' dir='ltr'><strong>ARCHIEP.</strong></span> <span class='ocrx_word' id='word_1_6' title='bbox 2130 369 2437 427; x_wconf 71' lang='lat' dir='ltr'><strong>MOGUNT.</strong></span> <span class='ocrx_word' id='word_1_7' title='bbox 2478 371 2763 428; x_wconf 82' lang='lat' dir='ltr'><strong>OPERUM</strong></span> <span class='ocrx_word' id='word_1_8' title='bbox 2805 374 2985 430; x_wconf 77' lang='lat' dir='ltr'><strong>PARS</strong></span> <span class='ocrx_word' id='word_1_9' title='bbox 3026 376 3089 431; x_wconf 87' lang='lat' dir='ltr'><strong>ll.</strong></span> 
     </span>
    </p>
   </div>
   <div class='ocr_carea' id='block_1_3' title="bbox 3636 382 3736 438">
    <p class='ocr_par' dir='ltr' id='par_1_3' title="bbox 3636 382 3736 438">
     <span class='ocr_line' id='line_1_3' title="bbox 3636 382 3736 438; baseline 0.01 -1"><span class='ocrx_word' id='word_1_10' title='bbox 3636 382 3736 438; x_wconf 61' lang='grc'><strong>553</strong></span> 
     </span>
    </p>
   </div>
   <div class='ocr_carea' id='block_1_4' title="bbox 487 481 3739 561">
    <p class='ocr_par' dir='ltr' id='par_1_4' title="bbox 487 481 3739 561">
     <span class='ocr_line' id='line_1_4' title="bbox 487 481 3739 561; baseline 0.003 -23"><span class='ocrx_word' id='word_1_11' title='bbox 487 499 644 539; x_wconf 87' lang='lat' dir='ltr'><strong>amne</strong></span> <span class='ocrx_word' id='word_1_12' title='bbox 665 484 835 537; x_wconf 89' lang='lat' dir='ltr'><strong>lberla</strong></span> <span class='ocrx_word' id='word_1_13' title='bbox 859 492 1163 552; x_wconf 88' lang='lat' dir='ltr'><strong>nuncupata</strong></span> <span class='ocrx_word' id='word_1_14' title='bbox 1189 492 1289 537; x_wconf 90' lang='lat' dir='ltr'><strong>est.</strong></span> <span class='ocrx_word' id='word_1_15' title='bbox 1316 482 1504 536; x_wconf 87' lang='lat' dir='ltr'><strong>Postea</strong></span> <span class='ocrx_word' id='word_1_16' title='bbox 1528 481 1832 550; x_wconf 86' lang='lat' dir='ltr'><strong>abllispalo</strong></span> <span class='ocrx_word' id='word_1_17' title='bbox 1865 481 2056 550; x_wconf 36' lang='lat' dir='ltr'><strong>l&#39;l’spa-</strong></span> <span class='ocrx_word' id='word_1_18' title='bbox 2085 485 2133 543; x_wconf 82' lang='grc' dir='ltr'>Α</span> <span class='ocrx_word' id='word_1_19' title='bbox 2161 492 2533 538; x_wconf 91' lang='lat' dir='ltr'><strong>renascantur.</strong></span> <span class='ocrx_word' id='word_1_20' title='bbox 2566 485 2788 555; x_wconf 85' lang='lat' dir='ltr'><strong>Zeugis,</strong></span> <span class='ocrx_word' id='word_1_21' title='bbox 2822 487 2911 539; x_wconf 92' lang='lat' dir='ltr'><strong>ubi</strong></span> <span class='ocrx_word' id='word_1_22' title='bbox 2944 486 3215 557; x_wconf 88' lang='lat' dir='ltr'><strong>Carthago</strong></span> <span class='ocrx_word' id='word_1_23' title='bbox 3242 505 3455 561; x_wconf 87' lang='lat' dir='ltr'><strong>magna,</strong></span> <span class='ocrx_word' id='word_1_24' title='bbox 3498 493 3614 560; x_wconf 84' lang='lat' dir='ltr'><strong>ipsa</strong></span> <span class='ocrx_word' id='word_1_25' title='bbox 3656 502 3739 548; x_wconf 83' lang='lat' dir='ltr'><strong>est</strong></span> 
     </span>
    </p>
   </div>
   <div class='ocr_carea' id='block_1_5' title="bbox 486 570 2059 643">
    <p class='ocr_par' dir='ltr' id='par_1_5' title="bbox 486 570 2059 643">
     <span class='ocr_line' id='line_1_5' title="bbox 486 570 2059 643; baseline -0.002 -16"><span class='ocrx_word' id='word_1_26' title='bbox 486 575 573 628; x_wconf 88' lang='lat' dir='ltr'><strong>nia</strong></span> <span class='ocrx_word' id='word_1_27' title='bbox 588 575 960 643; x_wconf 87' lang='lat' dir='ltr'><strong>cognominata</strong></span> <span class='ocrx_word' id='word_1_28' title='bbox 978 582 1076 627; x_wconf 88' lang='lat' dir='ltr'><strong>cst.</strong></span> <span class='ocrx_word' id='word_1_29' title='bbox 1097 574 1211 641; x_wconf 82' lang='lat' dir='ltr'><strong>Ipsa</strong></span> <span class='ocrx_word' id='word_1_30' title='bbox 1225 580 1304 626; x_wconf 87' lang='lat' dir='ltr'><strong>est</strong></span> <span class='ocrx_word' id='word_1_31' title='bbox 1322 587 1444 625; x_wconf 85' lang='lat' dir='ltr'><strong>vera</strong></span> <span class='ocrx_word' id='word_1_32' title='bbox 1464 570 1717 640; x_wconf 84' lang='lat' dir='ltr'><strong>Hesperia</strong></span> <span class='ocrx_word' id='word_1_33' title='bbox 1740 571 1807 624; x_wconf 86' lang='lat' dir='ltr'><strong>ab</strong></span> <span class='ocrx_word' id='word_1_34' title='bbox 1823 570 2059 639; x_wconf 85' lang='lat' dir='ltr'><strong>Hespero</strong></span> 
     </span>
    </p>
   </div>
   <div class='ocr_carea' id='block_1_6' title="bbox 484 662 2060 721">
    <p class='ocr_par' dir='ltr' id='par_1_6' title="bbox 484 662 2060 721">
     <span class='ocr_line' id='line_1_6' title="bbox 484 662 2060 721; baseline -0.003 -1"><span class='ocrx_word' id='word_1_35' title='bbox 484 667 638 720; x_wconf 77' lang='lat' dir='ltr'><strong>stella</strong></span> <span class='ocrx_word' id='word_1_36' title='bbox 661 664 973 721; x_wconf 77' lang='lat' dir='ltr'><strong>occidentali</strong></span> <span class='ocrx_word' id='word_1_37' title='bbox 998 666 1138 719; x_wconf 90' lang='lat' dir='ltr'><strong>dicta</strong></span> <span class='ocrx_word' id='word_1_38' title='bbox 1170 682 1181 717; x_wconf 93' lang='lat'>:</span> <span class='ocrx_word' id='word_1_39' title='bbox 1211 665 1311 718; x_wconf 88' lang='lat' dir='ltr'><strong>sita</strong></span> <span class='ocrx_word' id='word_1_40' title='bbox 1338 672 1422 718; x_wconf 88' lang='lat' dir='ltr'><strong>est</strong></span> <span class='ocrx_word' id='word_1_41' title='bbox 1447 674 1626 717; x_wconf 89' lang='lat' dir='ltr'><strong>autem</strong></span> <span class='ocrx_word' id='word_1_42' title='bbox 1658 665 1796 717; x_wconf 90' lang='lat' dir='ltr'><strong>inter</strong></span> <span class='ocrx_word' id='word_1_43' title='bbox 1822 662 2060 717; x_wconf 79' lang='lat' dir='ltr'><strong>Africam</strong></span> 
     </span>
    </p>
   </div>
   <div class='ocr_carea' id='block_1_7' title="bbox 485 753 2056 824">
    <p class='ocr_par' dir='ltr' id='par_1_7' title="bbox 485 753 2056 824">
     <span class='ocr_line' id='line_1_7' title="bbox 485 753 2056 824; baseline -0.003 -13"><span class='ocrx_word' id='word_1_44' title='bbox 485 764 540 811; x_wconf 92' lang='lat' dir='ltr'><strong>et</strong></span> <span class='ocrx_word' id='word_1_45' title='bbox 565 755 810 820; x_wconf 86' lang='lat' dir='ltr'><strong>Galliam,</strong></span> <span class='ocrx_word' id='word_1_46' title='bbox 828 771 857 809; x_wconf 92' lang='lat' dir='ltr'><strong>a</strong></span> <span class='ocrx_word' id='word_1_47' title='bbox 878 755 1240 824; x_wconf 87' lang='lat' dir='ltr'><strong>septentrione</strong></span> <span class='ocrx_word' id='word_1_48' title='bbox 1266 753 1537 823; x_wconf 83' lang='lat' dir='ltr'><strong>Pyrenaeis</strong></span> <span class='ocrx_word' id='word_1_49' title='bbox 1561 755 1829 808; x_wconf 85' lang='lat' dir='ltr'><strong>montibus</strong></span> <span class='ocrx_word' id='word_1_50' title='bbox 1857 753 2056 817; x_wconf 84' lang='lat' dir='ltr'><strong>clausa,</strong></span> 
     </span>
    </p>
   </div>
   <div class='ocr_carea' id='block_1_8' title="bbox 485 841 2058 913">
    <p class='ocr_par' dir='ltr' id='par_1_8' title="bbox 485 841 2058 913">
     <span class='ocr_line' id='line_1_8' title="bbox 485 841 2058 913; baseline -0.001 -17"><span class='ocrx_word' id='word_1_51' title='bbox 485 858 514 896; x_wconf 86' lang='lat' dir='ltr'><strong>a</strong></span> <span class='ocrx_word' id='word_1_52' title='bbox 548 844 766 913; x_wconf 84' lang='lat' dir='ltr'><strong>reliquis</strong></span> <span class='ocrx_word' id='word_1_53' title='bbox 792 845 1034 913; x_wconf 88' lang='lat' dir='ltr'><strong>partibus</strong></span> <span class='ocrx_word' id='word_1_54' title='bbox 1064 842 1301 910; x_wconf 87' lang='lat' dir='ltr'><strong>undique</strong></span> <span class='ocrx_word' id='word_1_55' title='bbox 1339 843 1471 894; x_wconf 88' lang='lat' dir='ltr'><strong>mari</strong></span> <span class='ocrx_word' id='word_1_56' title='bbox 1515 842 1765 896; x_wconf 89' lang='lat' dir='ltr'><strong>conclusa</strong></span> <span class='ocrx_word' id='word_1_57' title='bbox 1785 881 1799 905; x_wconf 88' lang='lat'><strong>,</strong></span> <span class='ocrx_word' id='word_1_58' title='bbox 1826 841 2058 895; x_wconf 83' lang='lat' dir='ltr'><strong>salubri-</strong></span> 
     </span>
    </p>
   </div>
   <div class='ocr_carea' id='block_1_9' title="bbox 486 928 2057 1000">
    <p class='ocr_par' dir='ltr' id='par_1_9' title="bbox 486 928 2057 1000">
     <span class='ocr_line' id='line_1_9' title="bbox 486 928 2057 1000; baseline -0.001 -13"><span class='ocrx_word' id='word_1_59' title='bbox 486 942 597 987; x_wconf 88' lang='lat' dir='ltr'><strong>tate</strong></span> <span class='ocrx_word' id='word_1_60' title='bbox 631 932 754 988; x_wconf 73' lang='grc' dir='ltr'><strong>οωιί</strong></span> <span class='ocrx_word' id='word_1_61' title='bbox 803 932 1044 999; x_wconf 64' lang='lat' dir='ltr'><strong>aequalis,</strong></span> <span class='ocrx_word' id='word_1_62' title='bbox 1071 932 1312 985; x_wconf 88' lang='lat' dir='ltr'><strong>omnium</strong></span> <span class='ocrx_word' id='word_1_63' title='bbox 1341 928 1633 1000; x_wconf 44' lang='lat' dir='ltr'><strong>.fructuum</strong></span> <span class='ocrx_word' id='word_1_64' title='bbox 1664 930 1947 1000; x_wconf 78' lang='lat' dir='ltr'><strong>generibus</strong></span> <span class='ocrx_word' id='word_1_65' title='bbox 1977 929 2057 985; x_wconf 84' lang='lat' dir='ltr'><strong>fe-</strong></span> 
     </span>
    </p>
   </div>
   <div class='ocr_carea' id='block_1_10' title="bbox 484 1019 2056 1092">
    <p class='ocr_par' dir='ltr' id='par_1_10' title="bbox 484 1019 2056 1092">
     <span class='ocr_line' id='line_1_10' title="bbox 484 1019 2056 1092; baseline -0.003 -15"><span class='ocrx_word' id='word_1_66' title='bbox 484 1023 678 1087; x_wconf 89' lang='lat' dir='ltr'><strong>cunda,</strong></span> <span class='ocrx_word' id='word_1_67' title='bbox 708 1037 1041 1092; x_wconf 89' lang='lat' dir='ltr'><strong>gemmarum</strong></span> <span class='ocrx_word' id='word_1_68' title='bbox 1075 1020 1521 1088; x_wconf 89' lang='lat' dir='ltr'><strong>metallorumque</strong></span> <span class='ocrx_word' id='word_1_69' title='bbox 1563 1022 1732 1090; x_wconf 89' lang='lat' dir='ltr'><strong>copiis</strong></span> <span class='ocrx_word' id='word_1_70' title='bbox 1772 1019 2056 1073; x_wconf 89' lang='lat' dir='ltr'><strong>ditissima.</strong></span> 
     </span>
    </p>
   </div>
   <div class='ocr_carea' id='block_1_11' title="bbox 484 1108 2061 1178">
    <p class='ocr_par' dir='ltr' id='par_1_11' title="bbox 484 1108 2061 1178">
     <span class='ocr_line' id='line_1_11' title="bbox 484 1108 2061 1178; baseline -0.001 -15"><span class='ocrx_word' id='word_1_71' title='bbox 484 1110 798 1166; x_wconf 83' lang='lat' dir='ltr'><strong>interfluunt</strong></span> <span class='ocrx_word' id='word_1_72' title='bbox 819 1126 938 1164; x_wconf 89' lang='lat' dir='ltr'><strong>eam</strong></span> <span class='ocrx_word' id='word_1_73' title='bbox 958 1110 1175 1165; x_wconf 83' lang='lat' dir='ltr'><strong>flumina</strong></span> <span class='ocrx_word' id='word_1_74' title='bbox 1199 1124 1409 1178; x_wconf 88' lang='lat' dir='ltr'><strong>magna,</strong></span> <span class='ocrx_word' id='word_1_75' title='bbox 1434 1108 1618 1166; x_wconf 73' lang='lat' dir='ltr'><strong>Bmtis.</strong></span> <span class='ocrx_word' id='word_1_76' title='bbox 1640 1108 1852 1170; x_wconf 82' lang='lat' dir='ltr'><strong>Minius,</strong></span> <span class='ocrx_word' id='word_1_77' title='bbox 1877 1108 2061 1161; x_wconf 89' lang='lat' dir='ltr'><strong>lberus</strong></span> 
     </span>
    </p>
   </div>
   <div class='ocr_carea' id='block_1_12' title="bbox 484 1194 2062 1267">
    <p class='ocr_par' dir='ltr' id='par_1_12' title="bbox 484 1194 2062 1267">
     <span class='ocr_line' id='line_1_12' title="bbox 484 1194 2062 1267; baseline -0.002 -15"><span class='ocrx_word' id='word_1_78' title='bbox 484 1208 538 1252; x_wconf 89' lang='lat' dir='ltr'><strong>et</strong></span> <span class='ocrx_word' id='word_1_79' title='bbox 578 1198 791 1267; x_wconf 80' lang='lat' dir='ltr'><strong>Tagus,</strong></span> <span class='ocrx_word' id='word_1_80' title='bbox 818 1213 1008 1251; x_wconf 87' lang='lat' dir='ltr'><strong>aurum</strong></span> <span class='ocrx_word' id='word_1_81' title='bbox 1042 1197 1287 1260; x_wconf 88' lang='lat' dir='ltr'><strong>trahens,</strong></span> <span class='ocrx_word' id='word_1_82' title='bbox 1316 1205 1373 1249; x_wconf 89' lang='lat' dir='ltr'><strong>ut</strong></span> <span class='ocrx_word' id='word_1_83' title='bbox 1407 1196 1677 1249; x_wconf 83' lang='lat' dir='ltr'><strong>Pactolus.</strong></span> <span class='ocrx_word' id='word_1_84' title='bbox 1724 1194 1899 1249; x_wconf 82' lang='lat' dir='ltr'><strong>Habet</strong></span> <span class='ocrx_word' id='word_1_85' title='bbox 1938 1211 2062 1263; x_wconf 82' lang='lat' dir='ltr'><strong>pro-</strong></span> 
     </span>
    </p>
   </div>
   <div class='ocr_carea' id='block_1_13' title="bbox 484 1285 2057 1359">
    <p class='ocr_par' dir='ltr' id='par_1_13' title="bbox 484 1285 2057 1359">
     <span class='ocr_line' id='line_1_13' title="bbox 484 1285 2057 1359; baseline -0.001 -18"><span class='ocrx_word' id='word_1_86' title='bbox 484 1290 687 1343; x_wconf 80' lang='lat' dir='ltr'><strong>vincias</strong></span> <span class='ocrx_word' id='word_1_87' title='bbox 736 1305 829 1343; x_wconf 75' lang='lat' dir='ltr'><strong>sex</strong></span> <span class='ocrx_word' id='word_1_88' title='bbox 858 1306 870 1341; x_wconf 80' lang='lat'><strong>.&#39;</strong></span> <span class='ocrx_word' id='word_1_89' title='bbox 896 1289 1115 1342; x_wconf 89' lang='lat' dir='ltr'><strong>Terram</strong></span> <span class='ocrx_word' id='word_1_90' title='bbox 1156 1303 1441 1342; x_wconf 90' lang='lat' dir='ltr'><strong>conensem</strong></span> <span class='ocrx_word' id='word_1_91' title='bbox 1493 1287 1990 1359; x_wconf 85' lang='lat' dir='ltr'><strong>[Tarraconensem</strong></span> <span class='ocrx_word' id='word_1_92' title='bbox 2016 1285 2057 1356; x_wconf 70' lang='lat' dir='ltr'><strong>l,</strong></span> 
     </span>
    </p>
   </div>
   <div class='ocr_carea' id='block_1_14' title="bbox 481 1374 2063 1444">
    <p class='ocr_par' dir='ltr' id='par_1_14' title="bbox 481 1374 2063 1444">
     <span class='ocr_line' id='line_1_14' title="bbox 481 1374 2063 1444; baseline -0.001 -16"><span class='ocrx_word' id='word_1_93' title='bbox 481 1375 976 1444; x_wconf 85' lang='lat' dir='ltr'><strong>Carthaginensem,</strong></span> <span class='ocrx_word' id='word_1_94' title='bbox 1000 1375 1350 1435; x_wconf 86' lang='lat' dir='ltr'><strong>Lusitaniam.</strong></span> <span class='ocrx_word' id='word_1_95' title='bbox 1376 1376 1689 1439; x_wconf 84' lang='lat' dir='ltr'><strong>Galleciam,</strong></span> <span class='ocrx_word' id='word_1_96' title='bbox 1712 1374 1987 1437; x_wconf 71' lang='lat' dir='ltr'><strong>Bmticam,</strong></span> <span class='ocrx_word' id='word_1_97' title='bbox 2008 1382 2063 1427; x_wconf 92' lang='lat' dir='ltr'><strong>et</strong></span> 
     </span>
    </p>
   </div>
   <div class='ocr_carea' id='block_1_15' title="bbox 482 1463 2063 1539">
    <p class='ocr_par' dir='ltr' id='par_1_15' title="bbox 482 1463 2063 1539">
     <span class='ocr_line' id='line_1_15' title="bbox 482 1463 2063 1539; baseline -0.001 -22"><span class='ocrx_word' id='word_1_98' title='bbox 482 1474 633 1520; x_wconf 88' lang='lat' dir='ltr'><strong>trans</strong></span> <span class='ocrx_word' id='word_1_99' title='bbox 662 1465 878 1539; x_wconf 84' lang='lat' dir='ltr'><strong>fretain</strong></span> <span class='ocrx_word' id='word_1_100' title='bbox 909 1465 1123 1535; x_wconf 80' lang='lat' dir='ltr'><strong>regione</strong></span> <span class='ocrx_word' id='word_1_101' title='bbox 1146 1464 1341 1519; x_wconf 76' lang='lat' dir='ltr'><strong>Africa:</strong></span> <span class='ocrx_word' id='word_1_102' title='bbox 1367 1464 1747 1534; x_wconf 87' lang='lat' dir='ltr'><strong>Tingitaniam.</strong></span> <span class='ocrx_word' id='word_1_103' title='bbox 1783 1463 1909 1517; x_wconf 63' lang='lat' dir='ltr'><strong>Duae</strong></span> <span class='ocrx_word' id='word_1_104' title='bbox 1937 1470 2063 1517; x_wconf 89' lang='lat' dir='ltr'><strong>sunt</strong></span> 
     </span>
    </p>
   </div>
   <div class='ocr_carea' id='block_1_16' title="bbox 482 1554 2062 1625">
    <p class='ocr_par' dir='ltr' id='par_1_16' title="bbox 482 1554 2062 1625">
     <span class='ocr_line' id='line_1_16' title="bbox 482 1554 2062 1625; baseline -0.001 -17"><span class='ocrx_word' id='word_1_105' title='bbox 482 1556 752 1625; x_wconf 64' lang='lat' dir='ltr'><strong>llispaniee</strong></span> <span class='ocrx_word' id='word_1_106' title='bbox 801 1574 812 1609; x_wconf 94' lang='lat'>:</span> <span class='ocrx_word' id='word_1_107' title='bbox 860 1556 1111 1619; x_wconf 87' lang='lat' dir='ltr'><strong>citerior,</strong></span> <span class='ocrx_word' id='word_1_108' title='bbox 1147 1572 1265 1624; x_wconf 62' lang='lat' dir='ltr'><strong>qua:</strong></span> <span class='ocrx_word' id='word_1_109' title='bbox 1313 1557 1366 1609; x_wconf 93' lang='lat' dir='ltr'><strong>in</strong></span> <span class='ocrx_word' id='word_1_110' title='bbox 1412 1554 1791 1623; x_wconf 83' lang='lat' dir='ltr'><strong>septentrionis</strong></span> <span class='ocrx_word' id='word_1_111' title='bbox 1833 1554 1988 1624; x_wconf 87' lang='lat' dir='ltr'><strong>plaga</strong></span> <span class='ocrx_word' id='word_1_112' title='bbox 2029 1568 2062 1607; x_wconf 85' lang='lat' dir='ltr'><strong>a</strong></span> 
     </span>
    </p>
   </div>
   <div class='ocr_carea' id='block_1_17' title="bbox 482 1642 2059 1715">
    <p class='ocr_par' dir='ltr' id='par_1_17' title="bbox 482 1642 2059 1715">
     <span class='ocr_line' id='line_1_17' title="bbox 482 1642 2059 1715; baseline -0.003 -17"><span class='ocrx_word' id='word_1_113' title='bbox 482 1645 740 1715; x_wconf 67' lang='lat' dir='ltr'><strong>Pyrenazo</strong></span> <span class='ocrx_word' id='word_1_114' title='bbox 770 1661 938 1713; x_wconf 89' lang='lat' dir='ltr'><strong>usque</strong></span> <span class='ocrx_word' id='word_1_115' title='bbox 966 1645 1033 1699; x_wconf 85' lang='lat' dir='ltr'><strong>ad</strong></span> <span class='ocrx_word' id='word_1_116' title='bbox 1064 1644 1443 1712; x_wconf 82' lang='lat' dir='ltr'><strong>Carthaginem</strong></span> <span class='ocrx_word' id='word_1_117' title='bbox 1469 1644 1790 1713; x_wconf 77' lang='lat' dir='ltr'><strong>porrigitur;</strong></span> <span class='ocrx_word' id='word_1_118' title='bbox 1817 1642 2059 1706; x_wconf 87' lang='lat' dir='ltr'><strong>ulterior,</strong></span> 
     </span>
    </p>
   </div>
   <div class='ocr_carea' id='block_1_18' title="bbox 483 1730 2060 1802">
    <p class='ocr_par' dir='ltr' id='par_1_18' title="bbox 483 1730 2060 1802">
     <span class='ocr_line' id='line_1_18' title="bbox 483 1730 2060 1802; baseline -0.002 -15"><span class='ocrx_word' id='word_1_119' title='bbox 483 1750 602 1801; x_wconf 65' lang='lat' dir='ltr'><strong>quae</strong></span> <span class='ocrx_word' id='word_1_120' title='bbox 640 1735 694 1789; x_wconf 92' lang='lat' dir='ltr'><strong>in</strong></span> <span class='ocrx_word' id='word_1_121' title='bbox 738 1736 1017 1789; x_wconf 90' lang='lat' dir='ltr'><strong>meridiem</strong></span> <span class='ocrx_word' id='word_1_122' title='bbox 1042 1750 1069 1787; x_wconf 89' lang='lat' dir='ltr'><strong>a</strong></span> <span class='ocrx_word' id='word_1_123' title='bbox 1099 1734 1383 1789; x_wconf 85' lang='lat' dir='ltr'><strong>Celtiberis</strong></span> <span class='ocrx_word' id='word_1_124' title='bbox 1425 1748 1594 1802; x_wconf 89' lang='lat' dir='ltr'><strong>usque</strong></span> <span class='ocrx_word' id='word_1_125' title='bbox 1634 1732 1699 1785; x_wconf 90' lang='lat' dir='ltr'><strong>ad</strong></span> <span class='ocrx_word' id='word_1_126' title='bbox 1737 1730 2060 1786; x_wconf 87' lang='lat' dir='ltr'><strong>Gaditanum</strong></span> 
     </span>
    </p>
   </div>
   <div class='ocr_carea' id='block_1_19' title="bbox 2160 572 3733 648">
    <p class='ocr_par' dir='ltr' id='par_1_19' title="bbox 2160 572 3733 648">
     <span class='ocr_line' id='line_1_19' title="bbox 2160 572 3733 648; baseline 0.008 -26"><span class='ocrx_word' id='word_1_127' title='bbox 2160 579 2215 623; x_wconf 91' lang='lat' dir='ltr'><strong>et</strong></span> <span class='ocrx_word' id='word_1_128' title='bbox 2262 587 2385 624; x_wconf 90' lang='lat' dir='ltr'><strong>vera</strong></span> <span class='ocrx_word' id='word_1_129' title='bbox 2428 572 2610 641; x_wconf 81' lang='lat' dir='ltr'><strong>Africa</strong></span> <span class='ocrx_word' id='word_1_130' title='bbox 2660 574 2800 628; x_wconf 90' lang='lat' dir='ltr'><strong>inter</strong></span> <span class='ocrx_word' id='word_1_131' title='bbox 2828 574 3151 645; x_wconf 86' lang='lat' dir='ltr'><strong>Byzancium</strong></span> <span class='ocrx_word' id='word_1_132' title='bbox 3184 590 3239 632; x_wconf 88' lang='lat' dir='ltr'><strong>et</strong></span> <span class='ocrx_word' id='word_1_133' title='bbox 3268 577 3569 634; x_wconf 82' lang='lat' dir='ltr'><strong>Numidiam</strong></span> <span class='ocrx_word' id='word_1_134' title='bbox 3609 580 3733 648; x_wconf 86' lang='lat' dir='ltr'><strong>sita,</strong></span> 
     </span>
    </p>
   </div>
   <div class='ocr_carea' id='block_1_20' title="bbox 2161 662 3736 739">
    <p class='ocr_par' dir='ltr' id='par_1_20' title="bbox 2161 662 3736 739">
     <span class='ocr_line' id='line_1_20' title="bbox 2161 662 3736 739; baseline 0.008 -26"><span class='ocrx_word' id='word_1_135' title='bbox 2161 676 2190 713; x_wconf 90' lang='lat' dir='ltr'><strong>a</strong></span> <span class='ocrx_word' id='word_1_136' title='bbox 2217 662 2578 728; x_wconf 85' lang='lat' dir='ltr'><strong>septentrione</strong></span> <span class='ocrx_word' id='word_1_137' title='bbox 2599 664 2732 714; x_wconf 90' lang='lat' dir='ltr'><strong>mari</strong></span> <span class='ocrx_word' id='word_1_138' title='bbox 2758 664 2939 717; x_wconf 85' lang='lat' dir='ltr'><strong>Siculo</strong></span> <span class='ocrx_word' id='word_1_139' title='bbox 2959 662 3168 731; x_wconf 88' lang='lat' dir='ltr'><strong>juncta,</strong></span> <span class='ocrx_word' id='word_1_140' title='bbox 3191 674 3244 719; x_wconf 89' lang='lat' dir='ltr'><strong>et</strong></span> <span class='ocrx_word' id='word_1_141' title='bbox 3264 681 3295 719; x_wconf 89' lang='lat' dir='ltr'><strong>a</strong></span> <span class='ocrx_word' id='word_1_142' title='bbox 3315 669 3539 723; x_wconf 85' lang='lat' dir='ltr'><strong>meridie</strong></span> <span class='ocrx_word' id='word_1_143' title='bbox 3565 684 3736 739; x_wconf 82' lang='lat' dir='ltr'><strong>usque</strong></span> 
     </span>
    </p>
   </div>
   <div class='ocr_carea' id='block_1_21' title="bbox 2159 750 3739 827">
    <p class='ocr_par' dir='ltr' id='par_1_21' title="bbox 2159 750 3739 827">
     <span class='ocr_line' id='line_1_21' title="bbox 2159 750 3739 827; baseline 0.006 -24"><span class='ocrx_word' id='word_1_144' title='bbox 2159 751 2226 803; x_wconf 91' lang='lat' dir='ltr'><strong>ad</strong></span> <span class='ocrx_word' id='word_1_145' title='bbox 2274 750 2585 805; x_wconf 87' lang='lat' dir='ltr'><strong>Getulorum</strong></span> <span class='ocrx_word' id='word_1_146' title='bbox 2635 752 2909 820; x_wconf 80' lang='lat' dir='ltr'><strong>regionem</strong></span> <span class='ocrx_word' id='word_1_147' title='bbox 2958 763 3238 823; x_wconf 90' lang='lat' dir='ltr'><strong>porrecta,</strong></span> <span class='ocrx_word' id='word_1_148' title='bbox 3288 755 3438 823; x_wconf 89' lang='lat' dir='ltr'><strong>cujus</strong></span> <span class='ocrx_word' id='word_1_149' title='bbox 3490 759 3739 827; x_wconf 71' lang='lat' dir='ltr'><strong>proxima</strong></span> 
     </span>
    </p>
   </div>
   <div class='ocr_carea' id='block_1_22' title="bbox 2158 840 3740 911">
    <p class='ocr_par' dir='ltr' id='par_1_22' title="bbox 2158 840 3740 911">
     <span class='ocr_line' id='line_1_22' title="bbox 2158 840 3740 911; baseline 0.008 -21"><span class='ocrx_word' id='word_1_150' title='bbox 2158 855 2383 911; x_wconf 65' lang='lat' dir='ltr'><strong>quaeque</strong></span> <span class='ocrx_word' id='word_1_151' title='bbox 2431 840 2690 911; x_wconf 88' lang='lat' dir='ltr'><strong>frugifera</strong></span> <span class='ocrx_word' id='word_1_152' title='bbox 2741 850 2887 907; x_wconf 88' lang='lat' dir='ltr'><strong>sunt,</strong></span> <span class='ocrx_word' id='word_1_153' title='bbox 2934 843 3188 898; x_wconf 88' lang='lat' dir='ltr'><strong>ulteriora</strong></span> <span class='ocrx_word' id='word_1_154' title='bbox 3236 854 3415 899; x_wconf 89' lang='lat' dir='ltr'><strong>autem</strong></span> <span class='ocrx_word' id='word_1_155' title='bbox 3454 847 3644 902; x_wconf 88' lang='lat' dir='ltr'><strong>bestiis</strong></span> <span class='ocrx_word' id='word_1_156' title='bbox 3684 855 3740 903; x_wconf 84' lang='lat' dir='ltr'><strong>et</strong></span> 
     </span>
    </p>
   </div>
   <div class='ocr_carea' id='block_1_23' title="bbox 2160 928 3739 1003">
    <p class='ocr_par' dir='ltr' id='par_1_23' title="bbox 2160 928 3739 1003">
     <span class='ocr_line' id='line_1_23' title="bbox 2160 928 3739 1003; baseline 0.006 -20"><span class='ocrx_word' id='word_1_157' title='bbox 2160 929 2498 997; x_wconf 87' lang='lat' dir='ltr'><strong>serpentibus</strong></span> <span class='ocrx_word' id='word_1_158' title='bbox 2533 928 2722 997; x_wconf 88' lang='lat' dir='ltr'><strong>plena,</strong></span> <span class='ocrx_word' id='word_1_159' title='bbox 2754 936 2913 998; x_wconf 90' lang='lat' dir='ltr'><strong>atque</strong></span> <span class='ocrx_word' id='word_1_160' title='bbox 2949 934 3164 1000; x_wconf 84' lang='lat' dir='ltr'><strong>onagris</strong></span> <span class='ocrx_word' id='word_1_161' title='bbox 3210 934 3421 1003; x_wconf 89' lang='lat' dir='ltr'><strong>magnis</strong></span> <span class='ocrx_word' id='word_1_162' title='bbox 3447 934 3501 987; x_wconf 86' lang='lat' dir='ltr'><strong>in</strong></span> <span class='ocrx_word' id='word_1_163' title='bbox 3527 935 3739 993; x_wconf 87' lang='lat' dir='ltr'><strong>deserto</strong></span> 
     </span>
    </p>
   </div>
   <div class='ocr_carea' id='block_1_24' title="bbox 2158 1016 3741 1090">
    <p class='ocr_par' dir='ltr' id='par_1_24' title="bbox 2158 1016 3741 1090">
     <span class='ocr_line' id='line_1_24' title="bbox 2158 1016 3741 1090; baseline 0.005 -21"><span class='ocrx_word' id='word_1_164' title='bbox 2158 1017 2495 1087; x_wconf 83' lang='lat' dir='ltr'><strong>vagantibus.</strong></span> <span class='ocrx_word' id='word_1_165' title='bbox 2544 1016 2755 1072; x_wconf 86' lang='lat' dir='ltr'><strong>Getulia</strong></span> <span class='ocrx_word' id='word_1_166' title='bbox 2800 1024 2977 1072; x_wconf 90' lang='lat' dir='ltr'><strong>autem</strong></span> <span class='ocrx_word' id='word_1_167' title='bbox 3028 1019 3225 1075; x_wconf 57' lang='lat' dir='ltr'><strong>Africae</strong></span> <span class='ocrx_word' id='word_1_168' title='bbox 3264 1036 3393 1090; x_wconf 87' lang='lat' dir='ltr'><strong>pars</strong></span> <span class='ocrx_word' id='word_1_169' title='bbox 3436 1021 3741 1077; x_wconf 83' lang='lat' dir='ltr'><strong>Mediterra-</strong></span> 
     </span>
    </p>
   </div>
   <div class='ocr_carea' id='block_1_25' title="bbox 2159 1106 3741 1186">
    <p class='ocr_par' dir='ltr' id='par_1_25' title="bbox 2159 1106 3741 1186">
     <span class='ocr_line' id='line_1_25' title="bbox 2159 1106 3741 1186; baseline 0.006 -24"><span class='ocrx_word' id='word_1_170' title='bbox 2159 1122 2260 1162; x_wconf 90' lang='lat' dir='ltr'><strong>nea</strong></span> <span class='ocrx_word' id='word_1_171' title='bbox 2308 1116 2409 1161; x_wconf 89' lang='lat' dir='ltr'><strong>est.</strong></span> <span class='ocrx_word' id='word_1_172' title='bbox 2439 1106 2687 1162; x_wconf 86' lang='lat' dir='ltr'><strong>Numidia</strong></span> <span class='ocrx_word' id='word_1_173' title='bbox 2732 1112 2800 1163; x_wconf 87' lang='lat' dir='ltr'><strong>ab</strong></span> <span class='ocrx_word' id='word_1_174' title='bbox 2842 1109 3032 1165; x_wconf 90' lang='lat' dir='ltr'><strong>incolis</strong></span> <span class='ocrx_word' id='word_1_175' title='bbox 3073 1114 3271 1181; x_wconf 89' lang='lat' dir='ltr'><strong>passim</strong></span> <span class='ocrx_word' id='word_1_176' title='bbox 3316 1115 3636 1186; x_wconf 81' lang='lat' dir='ltr'><strong>vagantibus</strong></span> <span class='ocrx_word' id='word_1_177' title='bbox 3663 1117 3741 1172; x_wconf 88' lang='lat' dir='ltr'><strong>sic</strong></span> 
     </span>
    </p>
   </div>
   <div class='ocr_carea' id='block_1_26' title="bbox 2160 1198 3742 1266">
    <p class='ocr_par' dir='ltr' id='par_1_26' title="bbox 2160 1198 3742 1266">
     <span class='ocr_line' id='line_1_26' title="bbox 2160 1198 3742 1266; baseline 0.008 -17"><span class='ocrx_word' id='word_1_178' title='bbox 2160 1205 2367 1261; x_wconf 82' lang='lat' dir='ltr'><strong>vocata,</strong></span> <span class='ocrx_word' id='word_1_179' title='bbox 2401 1198 2541 1266; x_wconf 89' lang='lat' dir='ltr'><strong>quod</strong></span> <span class='ocrx_word' id='word_1_180' title='bbox 2566 1198 2766 1251; x_wconf 90' lang='lat' dir='ltr'><strong>nullam</strong></span> <span class='ocrx_word' id='word_1_181' title='bbox 2815 1208 3018 1254; x_wconf 88' lang='lat' dir='ltr'><strong>certam</strong></span> <span class='ocrx_word' id='word_1_182' title='bbox 3062 1201 3325 1257; x_wconf 90' lang='lat' dir='ltr'><strong>haberent</strong></span> <span class='ocrx_word' id='word_1_183' title='bbox 3354 1206 3555 1260; x_wconf 88' lang='lat' dir='ltr'><strong>sedem.</strong></span> <span class='ocrx_word' id='word_1_184' title='bbox 3607 1205 3742 1262; x_wconf 80' lang='lat' dir='ltr'><strong>Nam</strong></span> 
     </span>
    </p>
   </div>
   <div class='ocr_carea' id='block_1_27' title="bbox 2159 1286 3741 1361">
    <p class='ocr_par' dir='ltr' id='par_1_27' title="bbox 2159 1286 3741 1361">
     <span class='ocr_line' id='line_1_27' title="bbox 2159 1286 3741 1361; baseline 0.008 -23"><span class='ocrx_word' id='word_1_185' title='bbox 2159 1286 2339 1357; x_wconf 88' lang='lat' dir='ltr'><strong>lingua</strong></span> <span class='ocrx_word' id='word_1_186' title='bbox 2364 1301 2550 1341; x_wconf 90' lang='lat' dir='ltr'><strong>eorum</strong></span> <span class='ocrx_word' id='word_1_187' title='bbox 2576 1288 2797 1343; x_wconf 82' lang='lat' dir='ltr'><strong>incertae</strong></span> <span class='ocrx_word' id='word_1_188' title='bbox 2822 1289 2974 1344; x_wconf 90' lang='lat' dir='ltr'><strong>sedes</strong></span> <span class='ocrx_word' id='word_1_189' title='bbox 2997 1299 3051 1344; x_wconf 90' lang='lat' dir='ltr'><strong>et</strong></span> <span class='ocrx_word' id='word_1_190' title='bbox 3070 1305 3234 1361; x_wconf 74' lang='lat' dir='ltr'><strong>vagze,</strong></span> <span class='ocrx_word' id='word_1_191' title='bbox 3262 1292 3519 1349; x_wconf 78' lang='lat' dir='ltr'><strong>Numidia</strong></span> <span class='ocrx_word' id='word_1_192' title='bbox 3546 1295 3741 1351; x_wconf 87' lang='lat' dir='ltr'><strong>dicun-</strong></span> 
     </span>
    </p>
   </div>
   <div class='ocr_carea' id='block_1_28' title="bbox 2162 1377 3746 1457">
    <p class='ocr_par' dir='ltr' id='par_1_28' title="bbox 2162 1377 3746 1457">
     <span class='ocr_line' id='line_1_28' title="bbox 2162 1377 3746 1457; baseline 0.004 -26"><span class='ocrx_word' id='word_1_193' title='bbox 2162 1386 2268 1432; x_wconf 89' lang='lat' dir='ltr'><strong>tur.</strong></span> <span class='ocrx_word' id='word_1_194' title='bbox 2317 1377 2507 1447; x_wconf 87' lang='lat' dir='ltr'><strong>lncipit</strong></span> <span class='ocrx_word' id='word_1_195' title='bbox 2550 1387 2728 1433; x_wconf 86' lang='lat' dir='ltr'><strong>autem</strong></span> <span class='ocrx_word' id='word_1_196' title='bbox 2777 1394 2806 1433; x_wconf 90' lang='lat' dir='ltr'><strong>a</strong></span> <span class='ocrx_word' id='word_1_197' title='bbox 2862 1380 3081 1447; x_wconf 84' lang='lat' dir='ltr'><strong>flumine</strong></span> <span class='ocrx_word' id='word_1_198' title='bbox 3111 1384 3413 1454; x_wconf 84' lang='lat' dir='ltr'><strong>Ampsaga,</strong></span> <span class='ocrx_word' id='word_1_199' title='bbox 3452 1386 3507 1440; x_wconf 91' lang='lat' dir='ltr'><strong>in</strong></span> <span class='ocrx_word' id='word_1_200' title='bbox 3552 1385 3746 1457; x_wconf 72' lang='grc' dir='ltr'><strong>Ζοιιεί-</strong></span> 
     </span>
    </p>
   </div>
   <div class='ocr_carea' id='block_1_29' title="bbox 2162 1468 3744 1545">
    <p class='ocr_par' dir='ltr' id='par_1_29' title="bbox 2162 1468 3744 1545">
     <span class='ocr_line' id='line_1_29' title="bbox 2162 1468 3744 1545; baseline 0.006 -24"><span class='ocrx_word' id='word_1_201' title='bbox 2162 1475 2345 1521; x_wconf 88' lang='lat' dir='ltr'><strong>tanum</strong></span> <span class='ocrx_word' id='word_1_202' title='bbox 2375 1468 2599 1523; x_wconf 84' lang='lat' dir='ltr'><strong>limitem</strong></span> <span class='ocrx_word' id='word_1_203' title='bbox 2629 1470 2848 1534; x_wconf 85' lang='lat' dir='ltr'><strong>desinit,</strong></span> <span class='ocrx_word' id='word_1_204' title='bbox 2882 1470 3087 1525; x_wconf 86' lang='lat' dir='ltr'><strong>habens</strong></span> <span class='ocrx_word' id='word_1_205' title='bbox 3109 1472 3175 1527; x_wconf 90' lang='lat' dir='ltr'><strong>ab</strong></span> <span class='ocrx_word' id='word_1_206' title='bbox 3197 1482 3316 1527; x_wconf 90' lang='lat' dir='ltr'><strong>ortu</strong></span> <span class='ocrx_word' id='word_1_207' title='bbox 3344 1474 3534 1545; x_wconf 88' lang='lat' dir='ltr'><strong>Syrtes</strong></span> <span class='ocrx_word' id='word_1_208' title='bbox 3564 1476 3744 1531; x_wconf 81' lang='lat' dir='ltr'><strong>mino—</strong></span> 
     </span>
    </p>
   </div>
   <div class='ocr_carea' id='block_1_30' title="bbox 2161 1559 3745 1629">
    <p class='ocr_par' dir='ltr' id='par_1_30' title="bbox 2161 1559 3745 1629">
     <span class='ocr_line' id='line_1_30' title="bbox 2161 1559 3745 1629; baseline 0.006 -20"><span class='ocrx_word' id='word_1_209' title='bbox 2161 1571 2272 1621; x_wconf 88' lang='lat' dir='ltr'><strong>res,</strong></span> <span class='ocrx_word' id='word_1_210' title='bbox 2298 1572 2328 1610; x_wconf 90' lang='lat' dir='ltr'><strong>a</strong></span> <span class='ocrx_word' id='word_1_211' title='bbox 2368 1559 2734 1627; x_wconf 86' lang='lat' dir='ltr'><strong>septentrione</strong></span> <span class='ocrx_word' id='word_1_212' title='bbox 2762 1575 2943 1625; x_wconf 89' lang='lat' dir='ltr'><strong>mare,</strong></span> <span class='ocrx_word' id='word_1_213' title='bbox 2975 1561 3115 1629; x_wconf 90' lang='lat' dir='ltr'><strong>quod</strong></span> <span class='ocrx_word' id='word_1_214' title='bbox 3144 1561 3375 1617; x_wconf 84' lang='lat' dir='ltr'><strong>intendit</strong></span> <span class='ocrx_word' id='word_1_215' title='bbox 3406 1563 3745 1629; x_wconf 86' lang='lat' dir='ltr'><strong>Sardiniam,</strong></span> 
     </span>
    </p>
   </div>
   <div class='ocr_carea' id='block_1_31' title="bbox 2162 1645 3751 1716">
    <p class='ocr_par' dir='ltr' id='par_1_31' title="bbox 2162 1645 3751 1716">
     <span class='ocr_line' id='line_1_31' title="bbox 2162 1645 3751 1716; baseline 0.004 -17"><span class='ocrx_word' id='word_1_216' title='bbox 2162 1645 2231 1699; x_wconf 90' lang='lat' dir='ltr'><strong>ab</strong></span> <span class='ocrx_word' id='word_1_217' title='bbox 2254 1661 2451 1700; x_wconf 86' lang='lat' dir='ltr'><strong>occasu</strong></span> <span class='ocrx_word' id='word_1_218' title='bbox 2474 1646 2850 1701; x_wconf 83' lang='lat' dir='ltr'><strong>Mauritaniam</strong></span> <span class='ocrx_word' id='word_1_219' title='bbox 2878 1648 3206 1716; x_wconf 85' lang='lat' dir='ltr'><strong>Sitifensem,</strong></span> <span class='ocrx_word' id='word_1_220' title='bbox 3230 1666 3259 1704; x_wconf 89' lang='lat' dir='ltr'><strong>a</strong></span> <span class='ocrx_word' id='word_1_221' title='bbox 3288 1653 3511 1706; x_wconf 90' lang='lat' dir='ltr'><strong>meridie</strong></span> <span class='ocrx_word' id='word_1_222' title='bbox 3539 1652 3751 1707; x_wconf 56' lang='lat' dir='ltr'><strong>{Ethio-</strong></span> 
     </span>
    </p>
   </div>
   <div class='ocr_carea' id='block_1_32' title="bbox 2163 1736 3750 1809">
    <p class='ocr_par' dir='ltr' id='par_1_32' title="bbox 2163 1736 3750 1809">
     <span class='ocr_line' id='line_1_32' title="bbox 2163 1736 3750 1809; baseline 0.005 -22"><span class='ocrx_word' id='word_1_223' title='bbox 2163 1749 2291 1803; x_wconf 91' lang='lat' dir='ltr'><strong>pum</strong></span> <span class='ocrx_word' id='word_1_224' title='bbox 2342 1736 2743 1805; x_wconf 82' lang='lat' dir='ltr'><strong>genteszregio</strong></span> <span class='ocrx_word' id='word_1_225' title='bbox 2788 1736 2991 1805; x_wconf 89' lang='lat' dir='ltr'><strong>campis</strong></span> <span class='ocrx_word' id='word_1_226' title='bbox 3030 1741 3385 1809; x_wconf 67' lang='lat' dir='ltr'><strong>praepinguis,</strong></span> <span class='ocrx_word' id='word_1_227' title='bbox 3435 1742 3524 1796; x_wconf 91' lang='lat' dir='ltr'><strong>ubi</strong></span> <span class='ocrx_word' id='word_1_228' title='bbox 3565 1751 3750 1797; x_wconf 85' lang='lat' dir='ltr'><strong>autem</strong></span> 
     </span>
    </p>
   </div>
   <div class='ocr_carea' id='block_1_33' title="bbox 481 1812 3753 1900">
    <p class='ocr_par' dir='ltr' id='par_1_33' title="bbox 481 1812 3753 1900">
     <span class='ocr_line' id='line_1_33' title="bbox 481 1812 3753 1900; baseline 0.002 -23"><span class='ocrx_word' id='word_1_229' title='bbox 481 1824 679 1878; x_wconf 89' lang='lat' dir='ltr'><strong>fretum</strong></span> <span class='ocrx_word' id='word_1_230' title='bbox 726 1824 1067 1878; x_wconf 78' lang='lat' dir='ltr'><strong>extenditur:</strong></span> <span class='ocrx_word' id='word_1_231' title='bbox 1092 1824 1312 1879; x_wconf 90' lang='lat' dir='ltr'><strong>citerior</strong></span> <span class='ocrx_word' id='word_1_232' title='bbox 1354 1830 1409 1875; x_wconf 89' lang='lat' dir='ltr'><strong>et</strong></span> <span class='ocrx_word' id='word_1_233' title='bbox 1448 1822 1672 1876; x_wconf 86' lang='lat' dir='ltr'><strong>ulterior</strong></span> <span class='ocrx_word' id='word_1_234' title='bbox 1714 1821 1874 1885; x_wconf 85' lang='lat' dir='ltr'><strong>dicta,</strong></span> <span class='ocrx_word' id='word_1_235' title='bbox 1907 1819 2059 1890; x_wconf 85' lang='lat' dir='ltr'><strong>quasi</strong></span> <span class='ocrx_word' id='word_1_236' title='bbox 2091 1812 2134 1870; x_wconf 88' lang='grc' dir='ltr'><strong>Β</strong></span> <span class='ocrx_word' id='word_1_237' title='bbox 2164 1825 2428 1879; x_wconf 83' lang='lat' dir='ltr'><strong>silvestris</strong></span> <span class='ocrx_word' id='word_1_238' title='bbox 2461 1835 2564 1890; x_wconf 92' lang='lat' dir='ltr'><strong>est,</strong></span> <span class='ocrx_word' id='word_1_239' title='bbox 2594 1825 2736 1880; x_wconf 90' lang='lat' dir='ltr'><strong>feras</strong></span> <span class='ocrx_word' id='word_1_240' title='bbox 2774 1826 3001 1891; x_wconf 89' lang='lat' dir='ltr'><strong>educat;</strong></span> <span class='ocrx_word' id='word_1_241' title='bbox 3046 1828 3135 1881; x_wconf 90' lang='lat' dir='ltr'><strong>ubi</strong></span> <span class='ocrx_word' id='word_1_242' title='bbox 3175 1828 3320 1899; x_wconf 86' lang='lat' dir='ltr'><strong>jugis</strong></span> <span class='ocrx_word' id='word_1_243' title='bbox 3362 1831 3549 1895; x_wconf 89' lang='lat' dir='ltr'><strong>ardua,</strong></span> <span class='ocrx_word' id='word_1_244' title='bbox 3576 1845 3753 1900; x_wconf 76' lang='lat' dir='ltr'><strong>equos</strong></span> 
     </span>
    </p>
   </div>
   <div class='ocr_carea' id='block_1_34' title="bbox 480 1912 2062 1982">
    <p class='ocr_par' dir='ltr' id='par_1_34' title="bbox 480 1912 2062 1982">
     <span class='ocr_line' id='line_1_34' title="bbox 480 1912 2062 1982; baseline -0.003 -13"><span class='ocrx_word' id='word_1_245' title='bbox 480 1915 614 1969; x_wconf 88' lang='lat' dir='ltr'><strong>citra</strong></span> <span class='ocrx_word' id='word_1_246' title='bbox 644 1923 698 1969; x_wconf 92' lang='lat' dir='ltr'><strong>et</strong></span> <span class='ocrx_word' id='word_1_247' title='bbox 727 1915 899 1978; x_wconf 85' lang='lat' dir='ltr'><strong>ultra;</strong></span> <span class='ocrx_word' id='word_1_248' title='bbox 928 1914 1019 1968; x_wconf 91' lang='lat' dir='ltr'><strong>sed</strong></span> <span class='ocrx_word' id='word_1_249' title='bbox 1045 1915 1211 1977; x_wconf 84' lang='lat' dir='ltr'><strong>circa,</strong></span> <span class='ocrx_word' id='word_1_250' title='bbox 1241 1914 1395 1982; x_wconf 87' lang='lat' dir='ltr'><strong>quasi</strong></span> <span class='ocrx_word' id='word_1_251' title='bbox 1424 1914 1559 1968; x_wconf 89' lang='lat' dir='ltr'><strong>citra</strong></span> <span class='ocrx_word' id='word_1_252' title='bbox 1590 1924 1790 1977; x_wconf 86' lang='lat' dir='ltr'><strong>terras,</strong></span> <span class='ocrx_word' id='word_1_253' title='bbox 1819 1922 1874 1966; x_wconf 91' lang='lat' dir='ltr'><strong>et</strong></span> <span class='ocrx_word' id='word_1_254' title='bbox 1901 1912 2062 1976; x_wconf 85' lang='lat' dir='ltr'><strong>ultra,</strong></span> 
     </span>
    </p>
   </div>
   <div class='ocr_carea' id='block_1_35' title="bbox 480 2004 2066 2075">
    <p class='ocr_par' dir='ltr' id='par_1_35' title="bbox 480 2004 2066 2075">
     <span class='ocr_line' id='line_1_35' title="bbox 480 2004 2066 2075; baseline 0.002 -18"><span class='ocrx_word' id='word_1_255' title='bbox 480 2004 565 2058; x_wconf 89' lang='lat' dir='ltr'><strong>vel</strong></span> <span class='ocrx_word' id='word_1_256' title='bbox 592 2005 735 2075; x_wconf 89' lang='lat' dir='ltr'><strong>quod</strong></span> <span class='ocrx_word' id='word_1_257' title='bbox 757 2004 963 2067; x_wconf 89' lang='lat' dir='ltr'><strong>ultima,</strong></span> <span class='ocrx_word' id='word_1_258' title='bbox 987 2004 1071 2058; x_wconf 87' lang='lat' dir='ltr'><strong>vel</strong></span> <span class='ocrx_word' id='word_1_259' title='bbox 1098 2004 1239 2073; x_wconf 87' lang='lat' dir='ltr'><strong>quod</strong></span> <span class='ocrx_word' id='word_1_260' title='bbox 1271 2020 1374 2057; x_wconf 94' lang='lat' dir='ltr'><strong>non</strong></span> <span class='ocrx_word' id='word_1_261' title='bbox 1404 2006 1471 2058; x_wconf 89' lang='lat' dir='ltr'><strong>sit</strong></span> <span class='ocrx_word' id='word_1_262' title='bbox 1494 2014 1613 2073; x_wconf 89' lang='lat' dir='ltr'><strong>post</strong></span> <span class='ocrx_word' id='word_1_263' title='bbox 1639 2005 1777 2058; x_wconf 88' lang='lat' dir='ltr'><strong>hanc</strong></span> <span class='ocrx_word' id='word_1_264' title='bbox 1802 2004 1937 2068; x_wconf 75' lang='lat' dir='ltr'><strong>ulla&#39;,</strong></span> <span class='ocrx_word' id='word_1_265' title='bbox 1962 2006 2066 2061; x_wconf 90' lang='lat' dir='ltr'><strong>hoc</strong></span> 
     </span>
    </p>
   </div>
   <div class='ocr_carea' id='block_1_36' title="bbox 482 2080 2068 2164">
    <p class='ocr_par' dir='ltr' id='par_1_36' title="bbox 482 2080 2068 2164">
     <span class='ocr_line' id='line_1_36' title="bbox 482 2080 2068 2164; baseline -0.001 -16"><span class='ocrx_word' id='word_1_266' title='bbox 482 2106 567 2149; x_wconf 88' lang='lat' dir='ltr'><strong>est</strong></span> <span class='ocrx_word' id='word_1_267' title='bbox 591 2096 695 2148; x_wconf 90' lang='lat' dir='ltr'><strong>alia</strong></span> <span class='ocrx_word' id='word_1_268' title='bbox 733 2080 1057 2148; x_wconf 29' lang='lat' dir='ltr'><strong>terrafﬂmc</strong></span> <span class='ocrx_word' id='word_1_269' title='bbox 1080 2095 1143 2148; x_wconf 90' lang='lat' dir='ltr'><strong>de</strong></span> <span class='ocrx_word' id='word_1_270' title='bbox 1172 2094 1397 2161; x_wconf 79' lang='lat' dir='ltr'><strong>Europae</strong></span> <span class='ocrx_word' id='word_1_271' title='bbox 1426 2095 1730 2164; x_wconf 82' lang='lat' dir='ltr'><strong>regionibus</strong></span> <span class='ocrx_word' id='word_1_272' title='bbox 1752 2094 1895 2149; x_wconf 90' lang='lat' dir='ltr'><strong>dicta</strong></span> <span class='ocrx_word' id='word_1_273' title='bbox 1922 2093 2068 2149; x_wconf 80' lang='lat' dir='ltr'><strong>suill-</strong></span> 
     </span>
    </p>
   </div>
   <div class='ocr_carea' id='block_1_37' title="bbox 484 2184 2069 2254">
    <p class='ocr_par' dir='ltr' id='par_1_37' title="bbox 484 2184 2069 2254">
     <span class='ocr_line' id='line_1_37' title="bbox 484 2184 2069 2254; baseline 0.001 -16"><span class='ocrx_word' id='word_1_274' title='bbox 484 2186 647 2247; x_wconf 88' lang='lat' dir='ltr'><strong>ciant,</strong></span> <span class='ocrx_word' id='word_1_275' title='bbox 682 2200 823 2237; x_wconf 89' lang='lat' dir='ltr'><strong>nunc</strong></span> <span class='ocrx_word' id='word_1_276' title='bbox 849 2184 915 2239; x_wconf 89' lang='lat' dir='ltr'><strong>de</strong></span> <span class='ocrx_word' id='word_1_277' title='bbox 944 2186 1185 2254; x_wconf 91' lang='lat' dir='ltr'><strong>partibus</strong></span> <span class='ocrx_word' id='word_1_278' title='bbox 1210 2186 1405 2238; x_wconf 69' lang='lat' dir='ltr'><strong>Africm</strong></span> <span class='ocrx_word' id='word_1_279' title='bbox 1434 2186 1669 2239; x_wconf 82' lang='lat' dir='ltr'><strong>breviter</strong></span> <span class='ocrx_word' id='word_1_280' title='bbox 1697 2186 1956 2241; x_wconf 84' lang='lat' dir='ltr'><strong>dicamus.</strong></span> <span class='ocrx_word' id='word_1_281' title='bbox 1985 2185 2069 2239; x_wconf 88' lang='lat' dir='ltr'><strong>Li-</strong></span> 
     </span>
    </p>
   </div>
   <div class='ocr_carea' id='block_1_38' title="bbox 481 2274 2063 2343">
    <p class='ocr_par' dir='ltr' id='par_1_38' title="bbox 481 2274 2063 2343">
     <span class='ocr_line' id='line_1_38' title="bbox 481 2274 2063 2343; baseline 0.001 -16"><span class='ocrx_word' id='word_1_282' title='bbox 481 2274 582 2343; x_wconf 84' lang='lat' dir='ltr'><strong>bya</strong></span> <span class='ocrx_word' id='word_1_283' title='bbox 606 2282 689 2326; x_wconf 91' lang='lat' dir='ltr'><strong>est</strong></span> <span class='ocrx_word' id='word_1_284' title='bbox 718 2274 882 2337; x_wconf 87' lang='lat' dir='ltr'><strong>dicta,</strong></span> <span class='ocrx_word' id='word_1_285' title='bbox 907 2274 1049 2342; x_wconf 89' lang='lat' dir='ltr'><strong>quod</strong></span> <span class='ocrx_word' id='word_1_286' title='bbox 1103 2274 1225 2327; x_wconf 89' lang='lat' dir='ltr'><strong>inde</strong></span> <span class='ocrx_word' id='word_1_287' title='bbox 1255 2274 1379 2327; x_wconf 87' lang='lat' dir='ltr'><strong>Libs</strong></span> <span class='ocrx_word' id='word_1_288' title='bbox 1406 2274 1516 2337; x_wconf 83' lang='lat' dir='ltr'><strong>flat,</strong></span> <span class='ocrx_word' id='word_1_289' title='bbox 1558 2274 1661 2327; x_wconf 89' lang='lat' dir='ltr'><strong>hoc</strong></span> <span class='ocrx_word' id='word_1_290' title='bbox 1693 2282 1775 2327; x_wconf 88' lang='lat' dir='ltr'><strong>est</strong></span> <span class='ocrx_word' id='word_1_291' title='bbox 1806 2274 2019 2328; x_wconf 85' lang='lat' dir='ltr'><strong>Africus</strong></span> <span class='ocrx_word' id='word_1_292' title='bbox 2049 2292 2063 2327; x_wconf 89' lang='lat'><strong>:</strong></span> 
     </span>
    </p>
   </div>
   <div class='ocr_carea' id='block_1_39' title="bbox 483 2361 2065 2432">
    <p class='ocr_par' dir='ltr' id='par_1_39' title="bbox 483 2361 2065 2432">
     <span class='ocr_line' id='line_1_39' title="bbox 483 2361 2065 2432; baseline 0.001 -17"><span class='ocrx_word' id='word_1_293' title='bbox 483 2363 572 2416; x_wconf 86' lang='lat' dir='ltr'><strong>alii</strong></span> <span class='ocrx_word' id='word_1_294' title='bbox 606 2363 757 2416; x_wconf 87' lang='lat' dir='ltr'><strong>aiunt</strong></span> <span class='ocrx_word' id='word_1_295' title='bbox 792 2362 1076 2431; x_wconf 88' lang='lat' dir='ltr'><strong>Epaphum</strong></span> <span class='ocrx_word' id='word_1_296' title='bbox 1118 2361 1266 2417; x_wconf 80' lang='lat' dir='ltr'><strong>Jovis</strong></span> <span class='ocrx_word' id='word_1_297' title='bbox 1316 2362 1501 2427; x_wconf 86' lang='lat' dir='ltr'><strong>filium,</strong></span> <span class='ocrx_word' id='word_1_298' title='bbox 1534 2362 1626 2432; x_wconf 89' lang='lat' dir='ltr'><strong>qui</strong></span> <span class='ocrx_word' id='word_1_299' title='bbox 1683 2361 1970 2431; x_wconf 83' lang='lat' dir='ltr'><strong>Memphim</strong></span> <span class='ocrx_word' id='word_1_300' title='bbox 2010 2363 2065 2416; x_wconf 91' lang='lat' dir='ltr'><strong>in</strong></span> 
     </span>
    </p>
   </div>
   <div class='ocr_carea' id='block_1_40' title="bbox 482 2450 2067 2521">
    <p class='ocr_par' dir='ltr' id='par_1_40' title="bbox 482 2450 2067 2521">
     <span class='ocr_line' id='line_1_40' title="bbox 482 2450 2067 2521; baseline 0 -16"><span class='ocrx_word' id='word_1_301' title='bbox 482 2450 715 2521; x_wconf 70' lang='lat' dir='ltr'><strong>Egypto</strong></span> <span class='ocrx_word' id='word_1_302' title='bbox 743 2452 999 2513; x_wconf 89' lang='lat' dir='ltr'><strong>condidit,</strong></span> <span class='ocrx_word' id='word_1_303' title='bbox 1021 2467 1085 2505; x_wconf 77' lang='lat' dir='ltr'><strong>ex</strong></span> <span class='ocrx_word' id='word_1_304' title='bbox 1109 2450 1363 2520; x_wconf 85' lang='lat' dir='ltr'><strong>Cassiopa</strong></span> <span class='ocrx_word' id='word_1_305' title='bbox 1384 2467 1549 2505; x_wconf 77' lang='lat' dir='ltr'><strong>uxore</strong></span> <span class='ocrx_word' id='word_1_306' title='bbox 1569 2466 1881 2520; x_wconf 87' lang='lat' dir='ltr'><strong>procreasse</strong></span> <span class='ocrx_word' id='word_1_307' title='bbox 1906 2451 2067 2505; x_wconf 86' lang='lat' dir='ltr'><strong>filiam</strong></span> 
     </span>
    </p>
   </div>
   <div class='ocr_carea' id='block_1_41' title="bbox 481 2538 2069 2611">
    <p class='ocr_par' dir='ltr' id='par_1_41' title="bbox 481 2538 2069 2611">
     <span class='ocr_line' id='line_1_41' title="bbox 481 2538 2069 2611; baseline 0.001 -17"><span class='ocrx_word' id='word_1_308' title='bbox 481 2538 726 2610; x_wconf 81' lang='lat' dir='ltr'><strong>Libyam,</strong></span> <span class='ocrx_word' id='word_1_309' title='bbox 754 2556 871 2609; x_wconf 75' lang='lat' dir='ltr'><strong>quce</strong></span> <span class='ocrx_word' id='word_1_310' title='bbox 894 2550 1077 2607; x_wconf 86' lang='lat' dir='ltr'><strong>postea</strong></span> <span class='ocrx_word' id='word_1_311' title='bbox 1102 2540 1155 2593; x_wconf 91' lang='lat' dir='ltr'><strong>in</strong></span> <span class='ocrx_word' id='word_1_312' title='bbox 1184 2541 1367 2595; x_wconf 83' lang='lat' dir='ltr'><strong>Africa</strong></span> <span class='ocrx_word' id='word_1_313' title='bbox 1395 2556 1616 2609; x_wconf 88' lang='lat' dir='ltr'><strong>regnum</strong></span> <span class='ocrx_word' id='word_1_314' title='bbox 1637 2541 1893 2609; x_wconf 79' lang='lat' dir='ltr'><strong>possedit,</strong></span> <span class='ocrx_word' id='word_1_315' title='bbox 1916 2541 2069 2611; x_wconf 90' lang='lat' dir='ltr'><strong>cujus</strong></span> 
     </span>
    </p>
   </div>
   <div class='ocr_carea' id='block_1_42' title="bbox 484 2624 2067 2699">
    <p class='ocr_par' dir='ltr' id='par_1_42' title="bbox 484 2624 2067 2699">
     <span class='ocr_line' id='line_1_42' title="bbox 484 2624 2067 2699; baseline 0.001 -18"><span class='ocrx_word' id='word_1_316' title='bbox 484 2644 553 2681; x_wconf 77' lang='lat' dir='ltr'><strong>ex</strong></span> <span class='ocrx_word' id='word_1_317' title='bbox 576 2630 792 2683; x_wconf 84' lang='lat' dir='ltr'><strong>nomine</strong></span> <span class='ocrx_word' id='word_1_318' title='bbox 815 2638 958 2682; x_wconf 89' lang='lat' dir='ltr'><strong>terra</strong></span> <span class='ocrx_word' id='word_1_319' title='bbox 987 2624 1073 2684; x_wconf 59' lang='lat' dir='ltr'><strong>est</strong></span> <span class='ocrx_word' id='word_1_320' title='bbox 1098 2629 1183 2682; x_wconf 89' lang='lat' dir='ltr'><strong>illa</strong></span> <span class='ocrx_word' id='word_1_321' title='bbox 1202 2629 1366 2699; x_wconf 86' lang='lat' dir='ltr'><strong>Libya</strong></span> <span class='ocrx_word' id='word_1_322' title='bbox 1390 2630 1687 2698; x_wconf 87' lang='lat' dir='ltr'><strong>appellata;</strong></span> <span class='ocrx_word' id='word_1_323' title='bbox 1709 2628 1945 2683; x_wconf 82' lang='lat' dir='ltr'><strong>Africam</strong></span> <span class='ocrx_word' id='word_1_324' title='bbox 1970 2645 2067 2683; x_wconf 90' lang='lat' dir='ltr'><strong>au-</strong></span> 
     </span>
    </p>
   </div>
   <div class='ocr_carea' id='block_1_43' title="bbox 484 2720 2069 2789">
    <p class='ocr_par' dir='ltr' id='par_1_43' title="bbox 484 2720 2069 2789">
     <span class='ocr_line' id='line_1_43' title="bbox 484 2720 2069 2789; baseline 0 -16"><span class='ocrx_word' id='word_1_325' title='bbox 484 2729 593 2773; x_wconf 88' lang='lat' dir='ltr'><strong>tem</strong></span> <span class='ocrx_word' id='word_1_326' title='bbox 622 2720 951 2773; x_wconf 88' lang='lat' dir='ltr'><strong>nominatam</strong></span> <span class='ocrx_word' id='word_1_327' title='bbox 991 2720 1203 2788; x_wconf 88' lang='lat' dir='ltr'><strong>quidam</strong></span> <span class='ocrx_word' id='word_1_328' title='bbox 1234 2720 1356 2773; x_wconf 90' lang='lat' dir='ltr'><strong>inde</strong></span> <span class='ocrx_word' id='word_1_329' title='bbox 1384 2720 1720 2784; x_wconf 82' lang='lat' dir='ltr'><strong>existimant,</strong></span> <span class='ocrx_word' id='word_1_330' title='bbox 1748 2720 1903 2788; x_wconf 90' lang='lat' dir='ltr'><strong>quasi</strong></span> <span class='ocrx_word' id='word_1_331' title='bbox 1928 2721 2069 2789; x_wconf 85' lang='lat' dir='ltr'><strong>apri-</strong></span> 
     </span>
    </p>
   </div>
   <div class='ocr_carea' id='block_1_44' title="bbox 486 2808 2067 2879">
    <p class='ocr_par' dir='ltr' id='par_1_44' title="bbox 486 2808 2067 2879">
     <span class='ocr_line' id='line_1_44' title="bbox 486 2808 2067 2879; baseline 0.001 -17"><span class='ocrx_word' id='word_1_332' title='bbox 486 2825 620 2870; x_wconf 86' lang='lat' dir='ltr'><strong>cam,</strong></span> <span class='ocrx_word' id='word_1_333' title='bbox 646 2810 786 2877; x_wconf 73' lang='lat' dir='ltr'><strong>quo]</strong></span> <span class='ocrx_word' id='word_1_334' title='bbox 806 2812 873 2863; x_wconf 85' lang='lat' dir='ltr'><strong>sit</strong></span> <span class='ocrx_word' id='word_1_335' title='bbox 899 2819 1081 2879; x_wconf 87' lang='lat' dir='ltr'><strong>aperta</strong></span> <span class='ocrx_word' id='word_1_336' title='bbox 1105 2808 1241 2864; x_wconf 64' lang='lat' dir='ltr'><strong>caelo</strong></span> <span class='ocrx_word' id='word_1_337' title='bbox 1264 2809 1346 2864; x_wconf 86' lang='lat' dir='ltr'><strong>vel</strong></span> <span class='ocrx_word' id='word_1_338' title='bbox 1369 2810 1488 2874; x_wconf 88' lang='lat' dir='ltr'><strong>soli,</strong></span> <span class='ocrx_word' id='word_1_339' title='bbox 1516 2818 1569 2863; x_wconf 90' lang='lat' dir='ltr'><strong>et</strong></span> <span class='ocrx_word' id='word_1_340' title='bbox 1584 2810 1701 2865; x_wconf 91' lang='lat' dir='ltr'><strong>sine</strong></span> <span class='ocrx_word' id='word_1_341' title='bbox 1722 2810 1946 2865; x_wconf 83' lang='lat' dir='ltr'><strong>horrore</strong></span> <span class='ocrx_word' id='word_1_342' title='bbox 1968 2808 2067 2863; x_wconf 90' lang='lat' dir='ltr'><strong>fri-</strong></span> 
     </span>
    </p>
   </div>
   <div class='ocr_carea' id='block_1_45' title="bbox 486 2899 2069 2971">
    <p class='ocr_par' dir='ltr' id='par_1_45' title="bbox 486 2899 2069 2971">
     <span class='ocr_line' id='line_1_45' title="bbox 486 2899 2069 2971; baseline 0.003 -20"><span class='ocrx_word' id='word_1_343' title='bbox 486 2899 663 2969; x_wconf 85' lang='lat' dir='ltr'><strong>goris:</strong></span> <span class='ocrx_word' id='word_1_344' title='bbox 688 2900 775 2952; x_wconf 86' lang='lat' dir='ltr'><strong>alii</strong></span> <span class='ocrx_word' id='word_1_345' title='bbox 794 2900 975 2953; x_wconf 84' lang='lat' dir='ltr'><strong>dicunt</strong></span> <span class='ocrx_word' id='word_1_346' title='bbox 1000 2900 1233 2953; x_wconf 84' lang='lat' dir='ltr'><strong>Africam</strong></span> <span class='ocrx_word' id='word_1_347' title='bbox 1262 2900 1515 2968; x_wconf 83' lang='lat' dir='ltr'><strong>appellari</strong></span> <span class='ocrx_word' id='word_1_348' title='bbox 1540 2900 1605 2955; x_wconf 88' lang='lat' dir='ltr'><strong>ab</strong></span> <span class='ocrx_word' id='word_1_349' title='bbox 1621 2914 1727 2955; x_wconf 92' lang='lat' dir='ltr'><strong>uno</strong></span> <span class='ocrx_word' id='word_1_350' title='bbox 1750 2914 1815 2954; x_wconf 78' lang='lat' dir='ltr'><strong>ex</strong></span> <span class='ocrx_word' id='word_1_351' title='bbox 1837 2900 2069 2971; x_wconf 90' lang='lat' dir='ltr'><strong>posteris</strong></span> 
     </span>
    </p>
   </div>
   <div class='ocr_carea' id='block_1_46' title="bbox 483 2990 2068 3061">
    <p class='ocr_par' dir='ltr' id='par_1_46' title="bbox 483 2990 2068 3061">
     <span class='ocr_line' id='line_1_46' title="bbox 483 2990 2068 3061; baseline 0.002 -18"><span class='ocrx_word' id='word_1_352' title='bbox 483 2990 717 3046; x_wconf 74' lang='lat' dir='ltr'><strong>Abrahte</strong></span> <span class='ocrx_word' id='word_1_353' title='bbox 761 2991 825 3045; x_wconf 92' lang='lat' dir='ltr'><strong>de</strong></span> <span class='ocrx_word' id='word_1_354' title='bbox 876 2991 1106 3045; x_wconf 89' lang='lat' dir='ltr'><strong>Cethura</strong></span> <span class='ocrx_word' id='word_1_355' title='bbox 1128 3032 1141 3055; x_wconf 89' lang='lat'><strong>,</strong></span> <span class='ocrx_word' id='word_1_356' title='bbox 1173 2992 1261 3061; x_wconf 88' lang='lat' dir='ltr'><strong>qui</strong></span> <span class='ocrx_word' id='word_1_357' title='bbox 1308 3001 1528 3046; x_wconf 84' lang='lat' dir='ltr'><strong>vocatus</strong></span> <span class='ocrx_word' id='word_1_358' title='bbox 1562 3000 1645 3046; x_wconf 88' lang='lat' dir='ltr'><strong>est</strong></span> <span class='ocrx_word' id='word_1_359' title='bbox 1671 2990 1821 3053; x_wconf 84' lang='lat' dir='ltr'><strong>Afer,</strong></span> <span class='ocrx_word' id='word_1_360' title='bbox 1852 2992 1916 3046; x_wconf 92' lang='lat' dir='ltr'><strong>de</strong></span> <span class='ocrx_word' id='word_1_361' title='bbox 1960 3006 2068 3060; x_wconf 91' lang='lat' dir='ltr'><strong>quo</strong></span> 
     </span>
    </p>
   </div>
   <div class='ocr_carea' id='block_1_47' title="bbox 484 3082 2060 3153">
    <p class='ocr_par' dir='ltr' id='par_1_47' title="bbox 484 3082 2060 3153">
     <span class='ocr_line' id='line_1_47' title="bbox 484 3082 2060 3153; baseline 0.001 -20"><span class='ocrx_word' id='word_1_362' title='bbox 484 3094 646 3150; x_wconf 86' lang='lat' dir='ltr'><strong>supra</strong></span> <span class='ocrx_word' id='word_1_363' title='bbox 692 3083 1051 3137; x_wconf 89' lang='lat' dir='ltr'><strong>meminimus.</strong></span> <span class='ocrx_word' id='word_1_364' title='bbox 1106 3083 1296 3151; x_wconf 87' lang='lat' dir='ltr'><strong>Incipit</strong></span> <span class='ocrx_word' id='word_1_365' title='bbox 1331 3091 1507 3137; x_wconf 86' lang='lat' dir='ltr'><strong>autem</strong></span> <span class='ocrx_word' id='word_1_366' title='bbox 1535 3099 1565 3137; x_wconf 89' lang='lat' dir='ltr'><strong>a</strong></span> <span class='ocrx_word' id='word_1_367' title='bbox 1599 3083 1793 3137; x_wconf 76' lang='lat' dir='ltr'><strong>finibus</strong></span> <span class='ocrx_word' id='word_1_368' title='bbox 1821 3082 2060 3153; x_wconf 62' lang='lat' dir='ltr'><strong>Egypti,</strong></span> 
     </span>
    </p>
   </div>
   <div class='ocr_carea' id='block_1_48' title="bbox 2163 1916 3756 1988">
    <p class='ocr_par' dir='ltr' id='par_1_48' title="bbox 2163 1916 3756 1988">
     <span class='ocr_line' id='line_1_48' title="bbox 2163 1916 3756 1988; baseline 0.003 -18"><span class='ocrx_word' id='word_1_369' title='bbox 2163 1924 2219 1970; x_wconf 90' lang='lat' dir='ltr'><strong>et</strong></span> <span class='ocrx_word' id='word_1_370' title='bbox 2244 1930 2475 1985; x_wconf 88' lang='lat' dir='ltr'><strong>onagros</strong></span> <span class='ocrx_word' id='word_1_371' title='bbox 2515 1923 2781 1985; x_wconf 83' lang='lat' dir='ltr'><strong>procreat.</strong></span> <span class='ocrx_word' id='word_1_372' title='bbox 2814 1916 3019 1970; x_wconf 78' lang='lat' dir='ltr'><strong>Eximio</strong></span> <span class='ocrx_word' id='word_1_373' title='bbox 3045 1917 3206 1970; x_wconf 90' lang='lat' dir='ltr'><strong>etiam</strong></span> <span class='ocrx_word' id='word_1_374' title='bbox 3255 1934 3524 1972; x_wconf 86' lang='lat' dir='ltr'><strong>marmore</strong></span> <span class='ocrx_word' id='word_1_375' title='bbox 3554 1918 3756 1988; x_wconf 61' lang='lat' dir='ltr'><strong>prandi-</strong></span> 
     </span>
    </p>
   </div>
   <div class='ocr_carea' id='block_1_49' title="bbox 2164 2003 3755 2072">
    <p class='ocr_par' dir='ltr' id='par_1_49' title="bbox 2164 2003 3755 2072">
     <span class='ocr_line' id='line_1_49' title="bbox 2164 2003 3755 2072; baseline 0.003 -15"><span class='ocrx_word' id='word_1_376' title='bbox 2164 2011 2328 2069; x_wconf 89' lang='lat' dir='ltr'><strong>tatur,</strong></span> <span class='ocrx_word' id='word_1_377' title='bbox 2358 2004 2500 2072; x_wconf 88' lang='lat' dir='ltr'><strong>quod</strong></span> <span class='ocrx_word' id='word_1_378' title='bbox 2537 2003 2877 2061; x_wconf 86' lang='lat' dir='ltr'><strong>Numidicum</strong></span> <span class='ocrx_word' id='word_1_379' title='bbox 2908 2004 3124 2059; x_wconf 88' lang='lat' dir='ltr'><strong>dicitur.</strong></span> <span class='ocrx_word' id='word_1_380' title='bbox 3172 2004 3343 2060; x_wconf 80' lang='lat' dir='ltr'><strong>Habet</strong></span> <span class='ocrx_word' id='word_1_381' title='bbox 3376 2014 3555 2059; x_wconf 89' lang='lat' dir='ltr'><strong>autem</strong></span> <span class='ocrx_word' id='word_1_382' title='bbox 3585 2004 3755 2062; x_wconf 65' lang='lat' dir='ltr'><strong>urbe!</strong></span> 
     </span>
    </p>
   </div>
   <div class='ocr_carea' id='block_1_50' title="bbox 2165 2093 3751 2164">
    <p class='ocr_par' dir='ltr' id='par_1_50' title="bbox 2165 2093 3751 2164">
     <span class='ocr_line' id='line_1_50' title="bbox 2165 2093 3751 2164; baseline 0.003 -17"><span class='ocrx_word' id='word_1_383' title='bbox 2165 2095 2484 2164; x_wconf 74' lang='lat' dir='ltr'><strong>pnecipuas,</strong></span> <span class='ocrx_word' id='word_1_384' title='bbox 2502 2094 2797 2164; x_wconf 85' lang='lat' dir='ltr'><strong>Hipponem</strong></span> <span class='ocrx_word' id='word_1_385' title='bbox 2823 2094 3026 2164; x_wconf 89' lang='lat' dir='ltr'><strong>regium</strong></span> <span class='ocrx_word' id='word_1_386' title='bbox 3048 2103 3103 2149; x_wconf 91' lang='lat' dir='ltr'><strong>et</strong></span> <span class='ocrx_word' id='word_1_387' title='bbox 3120 2093 3462 2152; x_wconf 85' lang='lat' dir='ltr'><strong>Rusicadam.</strong></span> <span class='ocrx_word' id='word_1_388' title='bbox 3484 2096 3751 2151; x_wconf 88' lang='lat' dir='ltr'><strong>Maurita-</strong></span> 
     </span>
    </p>
   </div>
   <div class='ocr_carea' id='block_1_51' title="bbox 2165 2184 3752 2259">
    <p class='ocr_par' dir='ltr' id='par_1_51' title="bbox 2165 2184 3752 2259">
     <span class='ocr_line' id='line_1_51' title="bbox 2165 2184 3752 2259; baseline 0.004 -21"><span class='ocrx_word' id='word_1_389' title='bbox 2165 2184 2254 2238; x_wconf 87' lang='lat' dir='ltr'><strong>nia</strong></span> <span class='ocrx_word' id='word_1_390' title='bbox 2281 2194 2470 2238; x_wconf 86' lang='lat' dir='ltr'><strong>vocata</strong></span> <span class='ocrx_word' id='word_1_391' title='bbox 2493 2200 2523 2237; x_wconf 90' lang='lat' dir='ltr'><strong>a</strong></span> <span class='ocrx_word' id='word_1_392' title='bbox 2555 2185 2735 2239; x_wconf 86' lang='lat' dir='ltr'><strong>colore</strong></span> <span class='ocrx_word' id='word_1_393' title='bbox 2773 2184 3125 2253; x_wconf 90' lang='lat' dir='ltr'><strong>populorum;</strong></span> <span class='ocrx_word' id='word_1_394' title='bbox 3153 2185 3327 2241; x_wconf 73' lang='lat' dir='ltr'><strong>Gmci</strong></span> <span class='ocrx_word' id='word_1_395' title='bbox 3355 2188 3498 2241; x_wconf 90' lang='lat' dir='ltr'><strong>enim</strong></span> <span class='ocrx_word' id='word_1_396' title='bbox 3528 2190 3752 2259; x_wconf 86' lang='lat' dir='ltr'><strong>nigrum</strong></span> 
     </span>
    </p>
   </div>
   <div class='ocr_carea' id='block_1_52' title="bbox 2166 2271 3753 2349">
    <p class='ocr_par' dir='ltr' id='par_1_52' title="bbox 2166 2271 3753 2349">
     <span class='ocr_line' id='line_1_52' title="bbox 2166 2271 3753 2349; baseline 0.003 -22"><span class='ocrx_word' id='word_1_397' title='bbox 2166 2286 2391 2327; x_wconf 90' lang='lat' dir='ltr'><strong>mauron</strong></span> <span class='ocrx_word' id='word_1_398' title='bbox 2422 2280 2635 2327; x_wconf 87' lang='lat' dir='ltr'><strong>vocant.</strong></span> <span class='ocrx_word' id='word_1_399' title='bbox 2668 2271 2821 2349; x_wconf 72' lang='lat' dir='ltr'><strong>Sicut</strong></span> <span class='ocrx_word' id='word_1_400' title='bbox 2846 2274 2987 2327; x_wconf 92' lang='lat' dir='ltr'><strong>enim</strong></span> <span class='ocrx_word' id='word_1_401' title='bbox 3019 2272 3187 2328; x_wconf 87' lang='lat' dir='ltr'><strong>Gallia</strong></span> <span class='ocrx_word' id='word_1_402' title='bbox 3214 2289 3245 2328; x_wconf 88' lang='lat' dir='ltr'><strong>a</strong></span> <span class='ocrx_word' id='word_1_403' title='bbox 3268 2276 3501 2329; x_wconf 86' lang='lat' dir='ltr'><strong>candore</strong></span> <span class='ocrx_word' id='word_1_404' title='bbox 3542 2277 3753 2346; x_wconf 88' lang='lat' dir='ltr'><strong>populi,</strong></span> 
     </span>
    </p>
   </div>
   <div class='ocr_carea' id='block_1_53' title="bbox 2167 2361 3755 2435">
    <p class='ocr_par' dir='ltr' id='par_1_53' title="bbox 2167 2361 3755 2435">
     <span class='ocr_line' id='line_1_53' title="bbox 2167 2361 3755 2435; baseline 0.003 -19"><span class='ocrx_word' id='word_1_405' title='bbox 2167 2361 2243 2416; x_wconf 88' lang='lat' dir='ltr'><strong>ita</strong></span> <span class='ocrx_word' id='word_1_406' title='bbox 2268 2361 2584 2415; x_wconf 81' lang='lat' dir='ltr'><strong>Mauritania</strong></span> <span class='ocrx_word' id='word_1_407' title='bbox 2606 2376 2635 2415; x_wconf 86' lang='lat' dir='ltr'><strong>a</strong></span> <span class='ocrx_word' id='word_1_408' title='bbox 2658 2362 2813 2431; x_wconf 85' lang='lat' dir='ltr'><strong>nigro</strong></span> <span class='ocrx_word' id='word_1_409' title='bbox 2832 2377 3027 2416; x_wconf 89' lang='lat' dir='ltr'><strong>nomen</strong></span> <span class='ocrx_word' id='word_1_410' title='bbox 3050 2365 3237 2418; x_wconf 87' lang='lat' dir='ltr'><strong>sortita</strong></span> <span class='ocrx_word' id='word_1_411' title='bbox 3257 2372 3358 2419; x_wconf 92' lang='lat' dir='ltr'><strong>est.</strong></span> <span class='ocrx_word' id='word_1_412' title='bbox 3386 2363 3549 2432; x_wconf 89' lang='lat' dir='ltr'><strong>Cujus</strong></span> <span class='ocrx_word' id='word_1_413' title='bbox 3573 2367 3755 2435; x_wconf 83' lang='lat' dir='ltr'><strong>prima</strong></span> 
     </span>
    </p>
   </div>
   <div class='ocr_carea' id='block_1_54' title="bbox 2170 2452 3756 2524">
    <p class='ocr_par' dir='ltr' id='par_1_54' title="bbox 2170 2452 3756 2524">
     <span class='ocr_line' id='line_1_54' title="bbox 2170 2452 3756 2524; baseline 0.003 -19"><span class='ocrx_word' id='word_1_414' title='bbox 2170 2453 2447 2523; x_wconf 83' lang='lat' dir='ltr'><strong>provincia</strong></span> <span class='ocrx_word' id='word_1_415' title='bbox 2500 2452 2819 2506; x_wconf 81' lang='lat' dir='ltr'><strong>Mauritania</strong></span> <span class='ocrx_word' id='word_1_416' title='bbox 2861 2452 3133 2508; x_wconf 82' lang='lat' dir='ltr'><strong>Sitifensis</strong></span> <span class='ocrx_word' id='word_1_417' title='bbox 3171 2462 3285 2521; x_wconf 91' lang='lat' dir='ltr'><strong>est,</strong></span> <span class='ocrx_word' id='word_1_418' title='bbox 3313 2471 3433 2524; x_wconf 64' lang='lat' dir='ltr'><strong>qua:</strong></span> <span class='ocrx_word' id='word_1_419' title='bbox 3468 2456 3611 2511; x_wconf 90' lang='lat' dir='ltr'><strong>Sitili</strong></span> <span class='ocrx_word' id='word_1_420' title='bbox 3654 2457 3756 2510; x_wconf 88' lang='lat' dir='ltr'><strong>ha-</strong></span> 
     </span>
    </p>
   </div>
   <div class='ocr_carea' id='block_1_55' title="bbox 2160 2543 3757 2614">
    <p class='ocr_par' dir='ltr' id='par_1_55' title="bbox 2160 2543 3757 2614">
     <span class='ocr_line' id='line_1_55' title="bbox 2160 2543 3757 2614; baseline -0.001 -13"><span class='ocrx_word' id='word_1_421' title='bbox 2160 2545 2261 2601; x_wconf 86' lang='lat' dir='ltr'><strong>bet</strong></span> <span class='ocrx_word' id='word_1_422' title='bbox 2296 2543 2570 2613; x_wconf 87' lang='lat' dir='ltr'><strong>oppidum,</strong></span> <span class='ocrx_word' id='word_1_423' title='bbox 2604 2560 2631 2596; x_wconf 90' lang='lat' dir='ltr'><strong>a</strong></span> <span class='ocrx_word' id='word_1_424' title='bbox 2658 2557 2765 2611; x_wconf 88' lang='lat' dir='ltr'><strong>quo</strong></span> <span class='ocrx_word' id='word_1_425' title='bbox 2785 2552 2838 2598; x_wconf 89' lang='lat' dir='ltr'><strong>et</strong></span> <span class='ocrx_word' id='word_1_426' title='bbox 2862 2543 3174 2599; x_wconf 87' lang='lat' dir='ltr'><strong>vocabulum</strong></span> <span class='ocrx_word' id='word_1_427' title='bbox 3200 2544 3429 2599; x_wconf 79' lang='lat' dir='ltr'><strong>traxisse</strong></span> <span class='ocrx_word' id='word_1_428' title='bbox 3456 2546 3604 2614; x_wconf 87' lang='lat' dir='ltr'><strong>regio</strong></span> <span class='ocrx_word' id='word_1_429' title='bbox 3628 2560 3757 2613; x_wconf 82' lang='lat' dir='ltr'><strong>per-</strong></span> 
     </span>
    </p>
   </div>
   <div class='ocr_carea' id='block_1_56' title="bbox 2169 2632 3759 2699">
    <p class='ocr_par' dir='ltr' id='par_1_56' title="bbox 2169 2632 3759 2699">
     <span class='ocr_line' id='line_1_56' title="bbox 2169 2632 3759 2699; baseline 0.003 -12"><span class='ocrx_word' id='word_1_430' title='bbox 2169 2633 2400 2688; x_wconf 87' lang='lat' dir='ltr'><strong>hibetur.</strong></span> <span class='ocrx_word' id='word_1_431' title='bbox 2427 2632 2745 2686; x_wconf 85' lang='lat' dir='ltr'><strong>Mauritania</strong></span> <span class='ocrx_word' id='word_1_432' title='bbox 2774 2648 2901 2687; x_wconf 92' lang='lat' dir='ltr'><strong>vero</strong></span> <span class='ocrx_word' id='word_1_433' title='bbox 2926 2632 3272 2689; x_wconf 74' lang='lat' dir='ltr'><strong>Caesariensis</strong></span> <span class='ocrx_word' id='word_1_434' title='bbox 3298 2634 3530 2699; x_wconf 85' lang='lat' dir='ltr'><strong>colonia,</strong></span> <span class='ocrx_word' id='word_1_435' title='bbox 3570 2634 3759 2691; x_wconf 51' lang='lat' dir='ltr'><strong>Cassa.</strong></span> 
     </span>
    </p>
   </div>
   <div class='ocr_carea' id='block_1_57' title="bbox 2172 2722 3755 2791">
    <p class='ocr_par' dir='ltr' id='par_1_57' title="bbox 2172 2722 3755 2791">
     <span class='ocr_line' id='line_1_57' title="bbox 2172 2722 3755 2791; baseline 0.001 -14"><span class='ocrx_word' id='word_1_436' title='bbox 2172 2723 2248 2777; x_wconf 84' lang='lat' dir='ltr'><strong>ria</strong></span> <span class='ocrx_word' id='word_1_437' title='bbox 2289 2722 2480 2781; x_wconf 86' lang='lat' dir='ltr'><strong>civitas</strong></span> <span class='ocrx_word' id='word_1_438' title='bbox 2515 2722 2634 2787; x_wconf 90' lang='lat' dir='ltr'><strong>fuit,</strong></span> <span class='ocrx_word' id='word_1_439' title='bbox 2675 2730 2730 2777; x_wconf 92' lang='lat' dir='ltr'><strong>et</strong></span> <span class='ocrx_word' id='word_1_440' title='bbox 2766 2737 2961 2777; x_wconf 90' lang='lat' dir='ltr'><strong>nomen</strong></span> <span class='ocrx_word' id='word_1_441' title='bbox 3000 2723 3289 2791; x_wconf 75' lang='lat' dir='ltr'><strong>provincia:</strong></span> <span class='ocrx_word' id='word_1_442' title='bbox 3317 2737 3381 2777; x_wconf 79' lang='lat' dir='ltr'><strong>ex</strong></span> <span class='ocrx_word' id='word_1_443' title='bbox 3420 2738 3483 2777; x_wconf 86' lang='lat' dir='ltr'><strong>ea</strong></span> <span class='ocrx_word' id='word_1_444' title='bbox 3517 2723 3755 2779; x_wconf 84' lang='lat' dir='ltr'><strong>dictum.</strong></span> 
     </span>
    </p>
   </div>
   <div class='ocr_carea' id='block_1_58' title="bbox 2168 2809 3759 2883">
    <p class='ocr_par' dir='ltr' id='par_1_58' title="bbox 2168 2809 3759 2883">
     <span class='ocr_line' id='line_1_58' title="bbox 2168 2809 3759 2883; baseline 0.001 -17"><span class='ocrx_word' id='word_1_445' title='bbox 2168 2809 2421 2883; x_wconf 56' lang='lat' dir='ltr'><strong>Utraque</strong></span> <span class='ocrx_word' id='word_1_446' title='bbox 2462 2810 2623 2881; x_wconf 82' lang='lat' dir='ltr'><strong>igitur</strong></span> <span class='ocrx_word' id='word_1_447' title='bbox 2654 2812 2939 2881; x_wconf 68' lang='lat' dir='ltr'><strong>provincia:</strong></span> <span class='ocrx_word' id='word_1_448' title='bbox 2983 2812 3083 2867; x_wconf 85' lang='lat' dir='ltr'><strong>sibi</strong></span> <span class='ocrx_word' id='word_1_449' title='bbox 3113 2812 3409 2882; x_wconf 73' lang='lat' dir='ltr'><strong>conjunctae</strong></span> <span class='ocrx_word' id='word_1_450' title='bbox 3435 2814 3502 2867; x_wconf 90' lang='lat' dir='ltr'><strong>ab</strong></span> <span class='ocrx_word' id='word_1_451' title='bbox 3536 2814 3759 2868; x_wconf 85' lang='lat' dir='ltr'><strong>oriente</strong></span> 
     </span>
    </p>
   </div>
   <div class='ocr_carea' id='block_1_59' title="bbox 2170 2900 3758 2974">
    <p class='ocr_par' dir='ltr' id='par_1_59' title="bbox 2170 2900 3758 2974">
     <span class='ocr_line' id='line_1_59' title="bbox 2170 2900 3758 2974; baseline 0.003 -19"><span class='ocrx_word' id='word_1_452' title='bbox 2170 2900 2473 2956; x_wconf 82' lang='lat' dir='ltr'><strong>Numidiam</strong></span> <span class='ocrx_word' id='word_1_453' title='bbox 2502 2902 2722 2971; x_wconf 87' lang='lat' dir='ltr'><strong>habent,</strong></span> <span class='ocrx_word' id='word_1_454' title='bbox 2755 2918 2783 2955; x_wconf 90' lang='lat' dir='ltr'><strong>a</strong></span> <span class='ocrx_word' id='word_1_455' title='bbox 2808 2904 3171 2972; x_wconf 84' lang='lat' dir='ltr'><strong>septentrione</strong></span> <span class='ocrx_word' id='word_1_456' title='bbox 3197 2919 3345 2957; x_wconf 89' lang='lat' dir='ltr'><strong>mare</strong></span> <span class='ocrx_word' id='word_1_457' title='bbox 3371 2903 3651 2974; x_wconf 81' lang='lat' dir='ltr'><strong>Magnum,</strong></span> <span class='ocrx_word' id='word_1_458' title='bbox 3685 2905 3758 2959; x_wconf 83' lang='lat' dir='ltr'><strong>ab</strong></span> 
     </span>
    </p>
   </div>
   <div class='ocr_carea' id='block_1_60' title="bbox 2168 2989 3757 3059">
    <p class='ocr_par' dir='ltr' id='par_1_60' title="bbox 2168 2989 3757 3059">
     <span class='ocr_line' id='line_1_60' title="bbox 2168 2989 3757 3059; baseline 0.001 -13"><span class='ocrx_word' id='word_1_459' title='bbox 2168 3005 2365 3046; x_wconf 90' lang='lat' dir='ltr'><strong>occasu</strong></span> <span class='ocrx_word' id='word_1_460' title='bbox 2393 2989 2589 3045; x_wconf 83' lang='lat' dir='ltr'><strong>ﬂumen</strong></span> <span class='ocrx_word' id='word_1_461' title='bbox 2622 2992 2866 3057; x_wconf 84' lang='lat' dir='ltr'><strong>Malvam,</strong></span> <span class='ocrx_word' id='word_1_462' title='bbox 2888 3008 2916 3044; x_wconf 89' lang='lat' dir='ltr'><strong>a</strong></span> <span class='ocrx_word' id='word_1_463' title='bbox 2948 2993 3170 3047; x_wconf 90' lang='lat' dir='ltr'><strong>meridie</strong></span> <span class='ocrx_word' id='word_1_464' title='bbox 3196 3001 3428 3047; x_wconf 87' lang='lat' dir='ltr'><strong>montem</strong></span> <span class='ocrx_word' id='word_1_465' title='bbox 3458 2994 3757 3059; x_wconf 80' lang='lat' dir='ltr'><strong>Astrixim,</strong></span> 
     </span>
    </p>
   </div>
   <div class='ocr_carea' id='block_1_61' title="bbox 2171 3080 3762 3150">
    <p class='ocr_par' dir='ltr' id='par_1_61' title="bbox 2171 3080 3762 3150">
     <span class='ocr_line' id='line_1_61' title="bbox 2171 3080 3762 3150; baseline 0.001 -15"><span class='ocrx_word' id='word_1_466' title='bbox 2171 3080 2263 3150; x_wconf 88' lang='lat' dir='ltr'><strong>qui</strong></span> <span class='ocrx_word' id='word_1_467' title='bbox 2288 3080 2545 3137; x_wconf 89' lang='lat' dir='ltr'><strong>discernit</strong></span> <span class='ocrx_word' id='word_1_468' title='bbox 2570 3081 2710 3135; x_wconf 92' lang='lat' dir='ltr'><strong>inter</strong></span> <span class='ocrx_word' id='word_1_469' title='bbox 2741 3081 3021 3135; x_wconf 80' lang='lat' dir='ltr'><strong>fecundam</strong></span> <span class='ocrx_word' id='word_1_470' title='bbox 3047 3088 3245 3135; x_wconf 88' lang='lat' dir='ltr'><strong>terram</strong></span> <span class='ocrx_word' id='word_1_471' title='bbox 3268 3091 3322 3135; x_wconf 91' lang='lat' dir='ltr'><strong>et</strong></span> <span class='ocrx_word' id='word_1_472' title='bbox 3340 3096 3533 3135; x_wconf 87' lang='lat' dir='ltr'><strong>arenas</strong></span> <span class='ocrx_word' id='word_1_473' title='bbox 3555 3081 3731 3150; x_wconf 83' lang='lat' dir='ltr'><strong>jacen</strong></span> <span class='ocrx_word' id='word_1_474' title='bbox 3747 3112 3762 3123; x_wconf 85' lang='lat'><strong>-</strong></span> 
     </span>
    </p>
   </div>
   <div class='ocr_carea' id='block_1_62' title="bbox 481 3145 3763 3241">
    <p class='ocr_par' dir='ltr' id='par_1_62' title="bbox 481 3145 3763 3241">
     <span class='ocr_line' id='line_1_62' title="bbox 481 3145 3763 3241; baseline 0.001 -19"><span class='ocrx_word' id='word_1_475' title='bbox 481 3145 713 3240; x_wconf 77' lang='lat' dir='ltr'><strong>pergens</strong></span> <span class='ocrx_word' id='word_1_476' title='bbox 752 3170 905 3239; x_wconf 78' lang='lat' dir='ltr'><strong>juxta</strong></span> <span class='ocrx_word' id='word_1_477' title='bbox 956 3145 1234 3227; x_wconf 82' lang='lat' dir='ltr'><strong>meridiem</strong></span> <span class='ocrx_word' id='word_1_478' title='bbox 1280 3187 1375 3241; x_wconf 92' lang='lat' dir='ltr'><strong>per</strong></span> <span class='ocrx_word' id='word_1_479' title='bbox 1420 3171 1751 3240; x_wconf 62' lang='lat' dir='ltr'><strong>[Ethiopiam</strong></span> <span class='ocrx_word' id='word_1_480' title='bbox 1795 3145 2061 3241; x_wconf 45' lang='lat' dir='ltr'><strong>usque-ad</strong></span> <span class='ocrx_word' id='word_1_481' title='bbox 2092 3145 2135 3206; x_wconf 67' lang='grc' dir='ltr'>Ο</span> <span class='ocrx_word' id='word_1_482' title='bbox 2170 3145 2249 3224; x_wconf 77' lang='lat' dir='ltr'><strong>tes</strong></span> <span class='ocrx_word' id='word_1_483' title='bbox 2278 3184 2447 3237; x_wconf 86' lang='lat' dir='ltr'><strong>usque</strong></span> <span class='ocrx_word' id='word_1_484' title='bbox 2469 3168 2533 3221; x_wconf 91' lang='lat' dir='ltr'><strong>ad</strong></span> <span class='ocrx_word' id='word_1_485' title='bbox 2561 3168 2857 3224; x_wconf 89' lang='lat' dir='ltr'><strong>Oceanum.</strong></span> <span class='ocrx_word' id='word_1_486' title='bbox 2889 3168 3207 3223; x_wconf 87' lang='lat' dir='ltr'><strong>Mauritania</strong></span> <span class='ocrx_word' id='word_1_487' title='bbox 3230 3145 3591 3239; x_wconf 73' lang='lat' dir='ltr'><strong>Tingitana,a</strong></span> <span class='ocrx_word' id='word_1_488' title='bbox 3623 3170 3763 3230; x_wconf 85' lang='lat' dir='ltr'><strong>Tin-</strong></span> 
     </span>
    </p>
   </div>
   <div class='ocr_carea' id='block_1_63' title="bbox 485 3258 2066 3329">
    <p class='ocr_par' dir='ltr' id='par_1_63' title="bbox 485 3258 2066 3329">
     <span class='ocr_line' id='line_1_63' title="bbox 485 3258 2066 3329; baseline 0.001 -17"><span class='ocrx_word' id='word_1_489' title='bbox 485 3259 753 3313; x_wconf 83' lang='lat' dir='ltr'><strong>Atlantem</strong></span> <span class='ocrx_word' id='word_1_490' title='bbox 788 3270 1051 3324; x_wconf 86' lang='lat' dir='ltr'><strong>montem,</strong></span> <span class='ocrx_word' id='word_1_491' title='bbox 1093 3275 1122 3313; x_wconf 92' lang='lat' dir='ltr'><strong>a</strong></span> <span class='ocrx_word' id='word_1_492' title='bbox 1167 3260 1571 3329; x_wconf 88' lang='lat' dir='ltr'><strong>septentrionali</strong></span> <span class='ocrx_word' id='word_1_493' title='bbox 1610 3274 1739 3314; x_wconf 87' lang='lat' dir='ltr'><strong>vero</strong></span> <span class='ocrx_word' id='word_1_494' title='bbox 1776 3268 1927 3328; x_wconf 89' lang='lat' dir='ltr'><strong>parte</strong></span> <span class='ocrx_word' id='word_1_495' title='bbox 1958 3258 2066 3314; x_wconf 85' lang='lat' dir='ltr'><strong>Me-</strong></span> 
     </span>
    </p>
   </div>
   <div class='ocr_carea' id='block_1_64' title="bbox 486 3346 2064 3417">
    <p class='ocr_par' dir='ltr' id='par_1_64' title="bbox 486 3346 2064 3417">
     <span class='ocr_line' id='line_1_64' title="bbox 486 3346 2064 3417; baseline 0.001 -17"><span class='ocrx_word' id='word_1_496' title='bbox 486 3348 797 3401; x_wconf 88' lang='lat' dir='ltr'><strong>diterraneo</strong></span> <span class='ocrx_word' id='word_1_497' title='bbox 842 3350 975 3401; x_wconf 84' lang='lat' dir='ltr'><strong>mari</strong></span> <span class='ocrx_word' id='word_1_498' title='bbox 1024 3349 1311 3417; x_wconf 81' lang='lat' dir='ltr'><strong>conjuncta</strong></span> <span class='ocrx_word' id='word_1_499' title='bbox 1355 3347 1652 3413; x_wconf 70' lang='lat' dir='ltr'><strong>clauditur,</strong></span> <span class='ocrx_word' id='word_1_500' title='bbox 1701 3357 1755 3403; x_wconf 92' lang='lat' dir='ltr'><strong>et</strong></span> <span class='ocrx_word' id='word_1_501' title='bbox 1797 3346 2064 3402; x_wconf 86' lang='lat' dir='ltr'><strong>Gaditano</strong></span> 
     </span>
    </p>
   </div>
   <div class='ocr_carea' id='block_1_65' title="bbox 488 3435 2060 3509">
    <p class='ocr_par' dir='ltr' id='par_1_65' title="bbox 488 3435 2060 3509">
     <span class='ocr_line' id='line_1_65' title="bbox 488 3435 2060 3509; baseline 0.001 -21"><span class='ocrx_word' id='word_1_502' title='bbox 488 3436 628 3489; x_wconf 88' lang='lat' dir='ltr'><strong>freto</strong></span> <span class='ocrx_word' id='word_1_503' title='bbox 654 3435 853 3500; x_wconf 89' lang='lat' dir='ltr'><strong>finitur,</strong></span> <span class='ocrx_word' id='word_1_504' title='bbox 874 3438 1078 3491; x_wconf 86' lang='lat' dir='ltr'><strong>habens</strong></span> <span class='ocrx_word' id='word_1_505' title='bbox 1102 3439 1410 3506; x_wconf 87' lang='lat' dir='ltr'><strong>provincias</strong></span> <span class='ocrx_word' id='word_1_506' title='bbox 1434 3437 1654 3509; x_wconf 87' lang='lat' dir='ltr'><strong>Libyam</strong></span> <span class='ocrx_word' id='word_1_507' title='bbox 1677 3437 2060 3509; x_wconf 86' lang='lat' dir='ltr'><strong>Cyrenensem,</strong></span> 
     </span>
    </p>
   </div>
   <div class='ocr_carea' id='block_1_66' title="bbox 484 3522 2066 3596">
    <p class='ocr_par' dir='ltr' id='par_1_66' title="bbox 484 3522 2066 3596">
     <span class='ocr_line' id='line_1_66' title="bbox 484 3522 2066 3596; baseline 0.001 -20"><span class='ocrx_word' id='word_1_508' title='bbox 484 3522 837 3593; x_wconf 88' lang='lat' dir='ltr'><strong>Pentapolim,</strong></span> <span class='ocrx_word' id='word_1_509' title='bbox 864 3524 1143 3592; x_wconf 84' lang='lat' dir='ltr'><strong>Tripolim,</strong></span> <span class='ocrx_word' id='word_1_510' title='bbox 1166 3524 1510 3595; x_wconf 87' lang='lat' dir='ltr'><strong>Byzancium,</strong></span> <span class='ocrx_word' id='word_1_511' title='bbox 1536 3524 1933 3596; x_wconf 87' lang='lat' dir='ltr'><strong>Carthaginem,</strong></span> <span class='ocrx_word' id='word_1_512' title='bbox 1959 3525 2066 3578; x_wconf 85' lang='lat' dir='ltr'><strong>Nu-</strong></span> 
     </span>
    </p>
   </div>
   <div class='ocr_carea' id='block_1_67' title="bbox 488 3612 2065 3679">
    <p class='ocr_par' dir='ltr' id='par_1_67' title="bbox 488 3612 2065 3679">
     <span class='ocr_line' id='line_1_67' title="bbox 488 3612 2065 3679; baseline 0.001 -13"><span class='ocrx_word' id='word_1_513' title='bbox 488 3612 733 3675; x_wconf 86' lang='lat' dir='ltr'><strong>midiam,</strong></span> <span class='ocrx_word' id='word_1_514' title='bbox 761 3612 1135 3667; x_wconf 83' lang='lat' dir='ltr'><strong>Mauritaniam</strong></span> <span class='ocrx_word' id='word_1_515' title='bbox 1166 3612 1473 3669; x_wconf 82' lang='lat' dir='ltr'><strong>Sitifensem</strong></span> <span class='ocrx_word' id='word_1_516' title='bbox 1492 3655 1506 3679; x_wconf 97' lang='lat'><strong>,</strong></span> <span class='ocrx_word' id='word_1_517' title='bbox 1530 3614 1904 3668; x_wconf 86' lang='lat' dir='ltr'><strong>Mauritaniam</strong></span> <span class='ocrx_word' id='word_1_518' title='bbox 1934 3613 2065 3668; x_wconf 91' lang='lat' dir='ltr'><strong>Tin-</strong></span> 
     </span>
    </p>
   </div>
   <div class='ocr_carea' id='block_1_68' title="bbox 490 3700 2065 3773">
    <p class='ocr_par' dir='ltr' id='par_1_68' title="bbox 490 3700 2065 3773">
     <span class='ocr_line' id='line_1_68' title="bbox 490 3700 2065 3773; baseline 0.003 -22"><span class='ocrx_word' id='word_1_519' title='bbox 490 3700 751 3770; x_wconf 88' lang='lat' dir='ltr'><strong>gitanam,</strong></span> <span class='ocrx_word' id='word_1_520' title='bbox 796 3712 847 3755; x_wconf 90' lang='lat' dir='ltr'><strong>et</strong></span> <span class='ocrx_word' id='word_1_521' title='bbox 878 3703 1020 3755; x_wconf 86' lang='lat' dir='ltr'><strong>circa</strong></span> <span class='ocrx_word' id='word_1_522' title='bbox 1060 3703 1187 3756; x_wconf 91' lang='lat' dir='ltr'><strong>solis</strong></span> <span class='ocrx_word' id='word_1_523' title='bbox 1234 3705 1478 3757; x_wconf 89' lang='lat' dir='ltr'><strong>ardorem</strong></span> <span class='ocrx_word' id='word_1_524' title='bbox 1511 3702 1861 3773; x_wconf 59' lang='lat' dir='ltr'><strong>:Etbiopiam.</strong></span> <span class='ocrx_word' id='word_1_525' title='bbox 1899 3701 2065 3773; x_wconf 89' lang='lat' dir='ltr'><strong>Libya</strong></span> 
     </span>
    </p>
   </div>
   <div class='ocr_carea' id='block_1_69' title="bbox 490 3788 2066 3862">
    <p class='ocr_par' dir='ltr' id='par_1_69' title="bbox 490 3788 2066 3862">
     <span class='ocr_line' id='line_1_69' title="bbox 490 3788 2066 3862; baseline 0.003 -20"><span class='ocrx_word' id='word_1_526' title='bbox 490 3788 812 3858; x_wconf 88' lang='lat' dir='ltr'><strong>Cyrenensis</strong></span> <span class='ocrx_word' id='word_1_527' title='bbox 841 3792 892 3844; x_wconf 90' lang='lat' dir='ltr'><strong>in</strong></span> <span class='ocrx_word' id='word_1_528' title='bbox 921 3802 1073 3861; x_wconf 88' lang='lat' dir='ltr'><strong>parte</strong></span> <span class='ocrx_word' id='word_1_529' title='bbox 1096 3792 1293 3860; x_wconf 67' lang='lat' dir='ltr'><strong>Africa:</strong></span> <span class='ocrx_word' id='word_1_530' title='bbox 1329 3793 1497 3861; x_wconf 90' lang='lat' dir='ltr'><strong>prima</strong></span> <span class='ocrx_word' id='word_1_531' title='bbox 1524 3804 1607 3846; x_wconf 88' lang='lat' dir='ltr'><strong>est</strong></span> <span class='ocrx_word' id='word_1_532' title='bbox 1639 3808 1667 3845; x_wconf 85' lang='lat' dir='ltr'><strong>a</strong></span> <span class='ocrx_word' id='word_1_533' title='bbox 1696 3792 1902 3862; x_wconf 87' lang='lat' dir='ltr'><strong>Cyrene</strong></span> <span class='ocrx_word' id='word_1_534' title='bbox 1933 3791 2066 3847; x_wconf 84' lang='lat' dir='ltr'><strong>urbe</strong></span> 
     </span>
    </p>
   </div>
   <div class='ocr_carea' id='block_1_70' title="bbox 488 3880 2065 3951">
    <p class='ocr_par' dir='ltr' id='par_1_70' title="bbox 488 3880 2065 3951">
     <span class='ocr_line' id='line_1_70' title="bbox 488 3880 2065 3951; baseline 0.003 -20"><span class='ocrx_word' id='word_1_535' title='bbox 488 3881 788 3949; x_wconf 88' lang='lat' dir='ltr'><strong>metropoli,</strong></span> <span class='ocrx_word' id='word_1_536' title='bbox 814 3896 931 3949; x_wconf 77' lang='lat' dir='ltr'><strong>qua:</strong></span> <span class='ocrx_word' id='word_1_537' title='bbox 953 3891 1037 3935; x_wconf 88' lang='lat' dir='ltr'><strong>est</strong></span> <span class='ocrx_word' id='word_1_538' title='bbox 1060 3882 1112 3935; x_wconf 90' lang='lat' dir='ltr'><strong>in</strong></span> <span class='ocrx_word' id='word_1_539' title='bbox 1134 3884 1249 3951; x_wconf 90' lang='lat' dir='ltr'><strong>ejus</strong></span> <span class='ocrx_word' id='word_1_540' title='bbox 1273 3882 1467 3936; x_wconf 83' lang='lat' dir='ltr'><strong>ﬁnibus</strong></span> <span class='ocrx_word' id='word_1_541' title='bbox 1488 3890 1813 3951; x_wconf 84' lang='lat' dir='ltr'><strong>nuncupata.</strong></span> <span class='ocrx_word' id='word_1_542' title='bbox 1844 3882 1979 3935; x_wconf 80' lang='lat' dir='ltr'><strong>Huic</strong></span> <span class='ocrx_word' id='word_1_543' title='bbox 1998 3880 2065 3935; x_wconf 89' lang='lat' dir='ltr'><strong>ab</strong></span> 
     </span>
    </p>
   </div>
   <div class='ocr_carea' id='block_1_71' title="bbox 486 3969 2066 4041">
    <p class='ocr_par' dir='ltr' id='par_1_71' title="bbox 486 3969 2066 4041">
     <span class='ocr_line' id='line_1_71' title="bbox 486 3969 2066 4041; baseline -0.001 -17"><span class='ocrx_word' id='word_1_544' title='bbox 486 3970 695 4025; x_wconf 89' lang='lat' dir='ltr'><strong>oriente</strong></span> <span class='ocrx_word' id='word_1_545' title='bbox 741 3969 1007 4041; x_wconf 68' lang='lat' dir='ltr'><strong>Aigyptus</strong></span> <span class='ocrx_word' id='word_1_546' title='bbox 1039 3981 1138 4031; x_wconf 71' lang='grc' dir='ltr'><strong>εει,</strong></span> <span class='ocrx_word' id='word_1_547' title='bbox 1178 3971 1245 4025; x_wconf 89' lang='lat' dir='ltr'><strong>ab</strong></span> <span class='ocrx_word' id='word_1_548' title='bbox 1290 3986 1483 4025; x_wconf 87' lang='lat' dir='ltr'><strong>occasu</strong></span> <span class='ocrx_word' id='word_1_549' title='bbox 1523 3970 1709 4041; x_wconf 86' lang='lat' dir='ltr'><strong>Syrtes</strong></span> <span class='ocrx_word' id='word_1_550' title='bbox 1756 3970 1985 4038; x_wconf 89' lang='lat' dir='ltr'><strong>majores</strong></span> <span class='ocrx_word' id='word_1_551' title='bbox 2012 3979 2066 4025; x_wconf 90' lang='lat' dir='ltr'><strong>et</strong></span> 
     </span>
    </p>
   </div>
   <div class='ocr_carea' id='block_1_72' title="bbox 488 4057 2065 4129">
    <p class='ocr_par' dir='ltr' id='par_1_72' title="bbox 488 4057 2065 4129">
     <span class='ocr_line' id='line_1_72' title="bbox 488 4057 2065 4129; baseline 0.001 -18"><span class='ocrx_word' id='word_1_552' title='bbox 488 4057 844 4127; x_wconf 66' lang='lat' dir='ltr'><strong>Troglodytze,</strong></span> <span class='ocrx_word' id='word_1_553' title='bbox 870 4074 897 4110; x_wconf 87' lang='lat' dir='ltr'><strong>a</strong></span> <span class='ocrx_word' id='word_1_554' title='bbox 920 4060 1282 4127; x_wconf 86' lang='lat' dir='ltr'><strong>septentrione</strong></span> <span class='ocrx_word' id='word_1_555' title='bbox 1310 4074 1457 4113; x_wconf 88' lang='lat' dir='ltr'><strong>mare</strong></span> <span class='ocrx_word' id='word_1_556' title='bbox 1481 4059 1755 4129; x_wconf 88' lang='lat' dir='ltr'><strong>Libycum,</strong></span> <span class='ocrx_word' id='word_1_557' title='bbox 1785 4076 1815 4113; x_wconf 91' lang='lat' dir='ltr'><strong>a</strong></span> <span class='ocrx_word' id='word_1_558' title='bbox 1843 4060 2065 4113; x_wconf 86' lang='lat' dir='ltr'><strong>meridie</strong></span> 
     </span>
    </p>
   </div>
   <div class='ocr_carea' id='block_1_73' title="bbox 487 4145 2066 4215">
    <p class='ocr_par' dir='ltr' id='par_1_73' title="bbox 487 4145 2066 4215">
     <span class='ocr_line' id='line_1_73' title="bbox 487 4145 2066 4215; baseline 0.001 -14"><span class='ocrx_word' id='word_1_559' title='bbox 487 4145 762 4215; x_wconf 58' lang='lat' dir='ltr'><strong>{Ethiopia</strong></span> <span class='ocrx_word' id='word_1_560' title='bbox 790 4156 841 4200; x_wconf 92' lang='lat' dir='ltr'><strong>et</strong></span> <span class='ocrx_word' id='word_1_561' title='bbox 863 4148 1215 4201; x_wconf 84' lang='lat' dir='ltr'><strong>barbarorum</strong></span> <span class='ocrx_word' id='word_1_562' title='bbox 1231 4148 1391 4200; x_wconf 69' lang='lat' dir='ltr'><strong>varice</strong></span> <span class='ocrx_word' id='word_1_563' title='bbox 1415 4148 1655 4201; x_wconf 80' lang='lat' dir='ltr'><strong>nationes</strong></span> <span class='ocrx_word' id='word_1_564' title='bbox 1677 4157 1730 4201; x_wconf 91' lang='lat' dir='ltr'><strong>et</strong></span> <span class='ocrx_word' id='word_1_565' title='bbox 1749 4148 2066 4203; x_wconf 86' lang='lat' dir='ltr'><strong>solitudines</strong></span> 
     </span>
    </p>
   </div>
   <div class='ocr_carea' id='block_1_74' title="bbox 487 4236 2061 4306">
    <p class='ocr_par' dir='ltr' id='par_1_74' title="bbox 487 4236 2061 4306">
     <span class='ocr_line' id='line_1_74' title="bbox 487 4236 2061 4306; baseline -0.001 -17"><span class='ocrx_word' id='word_1_566' title='bbox 487 4236 910 4299; x_wconf 80' lang='lat' dir='ltr'><strong>inaccessibiles,</strong></span> <span class='ocrx_word' id='word_1_567' title='bbox 935 4253 1053 4305; x_wconf 73' lang='lat' dir='ltr'><strong>quze</strong></span> <span class='ocrx_word' id='word_1_568' title='bbox 1076 4237 1237 4290; x_wconf 88' lang='lat' dir='ltr'><strong>etiam</strong></span> <span class='ocrx_word' id='word_1_569' title='bbox 1264 4237 1540 4291; x_wconf 85' lang='lat' dir='ltr'><strong>basiliscos</strong></span> <span class='ocrx_word' id='word_1_570' title='bbox 1558 4246 1833 4306; x_wconf 73' lang='lat' dir='ltr'><strong>serpentes</strong></span> <span class='ocrx_word' id='word_1_571' title='bbox 1859 4245 2061 4291; x_wconf 88' lang='lat' dir='ltr'><strong>creant.</strong></span> 
     </span>
    </p>
   </div>
   <div class='ocr_carea' id='block_1_75' title="bbox 486 4323 2067 4394">
    <p class='ocr_par' dir='ltr' id='par_1_75' title="bbox 486 4323 2067 4394">
     <span class='ocr_line' id='line_1_75' title="bbox 486 4323 2067 4394; baseline 0 -15"><span class='ocrx_word' id='word_1_572' title='bbox 486 4324 795 4393; x_wconf 88' lang='lat' dir='ltr'><strong>Pentapolis</strong></span> <span class='ocrx_word' id='word_1_573' title='bbox 829 4323 1015 4377; x_wconf 57' lang='lat' dir='ltr'><strong>Graeca</strong></span> <span class='ocrx_word' id='word_1_574' title='bbox 1056 4325 1231 4394; x_wconf 83' lang='lat' dir='ltr'><strong>lingua</strong></span> <span class='ocrx_word' id='word_1_575' title='bbox 1263 4341 1291 4377; x_wconf 89' lang='lat' dir='ltr'><strong>a</strong></span> <span class='ocrx_word' id='word_1_576' title='bbox 1338 4326 1572 4394; x_wconf 83' lang='lat' dir='ltr'><strong>quinque</strong></span> <span class='ocrx_word' id='word_1_577' title='bbox 1601 4327 1821 4380; x_wconf 88' lang='lat' dir='ltr'><strong>urbibus</strong></span> <span class='ocrx_word' id='word_1_578' title='bbox 1862 4341 2067 4379; x_wconf 89' lang='lat' dir='ltr'><strong>nuncu-</strong></span> 
     </span>
    </p>
   </div>
   <div class='ocr_carea' id='block_1_76' title="bbox 487 4414 2061 4485">
    <p class='ocr_par' dir='ltr' id='par_1_76' title="bbox 487 4414 2061 4485">
     <span class='ocr_line' id='line_1_76' title="bbox 487 4414 2061 4485; baseline 0.001 -18"><span class='ocrx_word' id='word_1_579' title='bbox 487 4424 633 4485; x_wconf 80' lang='lat' dir='ltr'><strong>pata,</strong></span> <span class='ocrx_word' id='word_1_580' title='bbox 668 4416 717 4468; x_wconf 91' lang='lat' dir='ltr'><strong>id</strong></span> <span class='ocrx_word' id='word_1_581' title='bbox 750 4422 831 4469; x_wconf 89' lang='lat' dir='ltr'><strong>est</strong></span> <span class='ocrx_word' id='word_1_582' title='bbox 858 4414 1083 4484; x_wconf 79' lang='lat' dir='ltr'><strong>Cyrene,</strong></span> <span class='ocrx_word' id='word_1_583' title='bbox 1118 4415 1373 4470; x_wconf 87' lang='lat' dir='ltr'><strong>Berenice</strong></span> <span class='ocrx_word' id='word_1_584' title='bbox 1407 4417 1471 4469; x_wconf 89' lang='lat' dir='ltr'><strong>de</strong></span> <span class='ocrx_word' id='word_1_585' title='bbox 1503 4415 1736 4481; x_wconf 90' lang='lat' dir='ltr'><strong>Ceutria,</strong></span> <span class='ocrx_word' id='word_1_586' title='bbox 1764 4417 2061 4485; x_wconf 78' lang='lat' dir='ltr'><strong>Apollonia,</strong></span> 
     </span>
    </p>
   </div>
   <div class='ocr_carea' id='block_1_77' title="bbox 2167 3258 3759 3336">
    <p class='ocr_par' dir='ltr' id='par_1_77' title="bbox 2167 3258 3759 3336">
     <span class='ocr_line' id='line_1_77' title="bbox 2167 3258 3759 3336; baseline 0.002 -23"><span class='ocrx_word' id='word_1_587' title='bbox 2167 3258 2544 3336; x_wconf 19' lang='lat' dir='ltr'><strong>gigmetropoli</strong></span> <span class='ocrx_word' id='word_1_588' title='bbox 2596 3259 2754 3328; x_wconf 84' lang='lat' dir='ltr'><strong>hujus</strong></span> <span class='ocrx_word' id='word_1_589' title='bbox 2802 3258 3093 3327; x_wconf 70' lang='lat' dir='ltr'><strong>provincia:</strong></span> <span class='ocrx_word' id='word_1_590' title='bbox 3146 3258 3361 3312; x_wconf 89' lang='lat' dir='ltr'><strong>civitate</strong></span> <span class='ocrx_word' id='word_1_591' title='bbox 3410 3268 3601 3313; x_wconf 84' lang='lat' dir='ltr'><strong>vocata</strong></span> <span class='ocrx_word' id='word_1_592' title='bbox 3650 3268 3759 3316; x_wconf 83' lang='lat' dir='ltr'><strong>est.</strong></span> 
     </span>
    </p>
   </div>
   <div class='ocr_carea' id='block_1_78' title="bbox 2168 3348 3761 3419">
    <p class='ocr_par' dir='ltr' id='par_1_78' title="bbox 2168 3348 3761 3419">
     <span class='ocr_line' id='line_1_78' title="bbox 2168 3348 3761 3419; baseline 0.001 -17"><span class='ocrx_word' id='word_1_593' title='bbox 2168 3348 2293 3402; x_wconf 62' lang='lat' dir='ltr'><strong>Haec</strong></span> <span class='ocrx_word' id='word_1_594' title='bbox 2342 3348 2528 3402; x_wconf 90' lang='lat' dir='ltr'><strong>ultima</strong></span> <span class='ocrx_word' id='word_1_595' title='bbox 2576 3348 2772 3403; x_wconf 81' lang='lat' dir='ltr'><strong>Africae</strong></span> <span class='ocrx_word' id='word_1_596' title='bbox 2808 3349 3046 3417; x_wconf 76' lang='lat' dir='ltr'><strong>exsurgit</strong></span> <span class='ocrx_word' id='word_1_597' title='bbox 3098 3363 3129 3401; x_wconf 88' lang='lat' dir='ltr'><strong>a</strong></span> <span class='ocrx_word' id='word_1_598' title='bbox 3172 3348 3442 3403; x_wconf 89' lang='lat' dir='ltr'><strong>montibus</strong></span> <span class='ocrx_word' id='word_1_599' title='bbox 3501 3362 3761 3419; x_wconf 87' lang='lat' dir='ltr'><strong>septem,</strong></span> 
     </span>
    </p>
   </div>
   <div class='ocr_carea' id='block_1_79' title="bbox 2168 3437 3765 3507">
    <p class='ocr_par' dir='ltr' id='par_1_79' title="bbox 2168 3437 3765 3507">
     <span class='ocr_line' id='line_1_79' title="bbox 2168 3437 3765 3507; baseline 0.001 -14"><span class='ocrx_word' id='word_1_600' title='bbox 2168 3438 2373 3493; x_wconf 86' lang='lat' dir='ltr'><strong>habens</strong></span> <span class='ocrx_word' id='word_1_601' title='bbox 2416 3439 2483 3493; x_wconf 89' lang='lat' dir='ltr'><strong>ab</strong></span> <span class='ocrx_word' id='word_1_602' title='bbox 2526 3442 2733 3494; x_wconf 85' lang='lat' dir='ltr'><strong>oriente</strong></span> <span class='ocrx_word' id='word_1_603' title='bbox 2779 3437 2978 3494; x_wconf 84' lang='lat' dir='ltr'><strong>ﬂumen</strong></span> <span class='ocrx_word' id='word_1_604' title='bbox 3023 3438 3282 3503; x_wconf 83' lang='lat' dir='ltr'><strong>Malvam,</strong></span> <span class='ocrx_word' id='word_1_605' title='bbox 3312 3454 3342 3493; x_wconf 88' lang='lat' dir='ltr'><strong>a</strong></span> <span class='ocrx_word' id='word_1_606' title='bbox 3383 3442 3765 3507; x_wconf 86' lang='lat' dir='ltr'><strong>septentrione</strong></span> 
     </span>
    </p>
   </div>
   <div class='ocr_carea' id='block_1_80' title="bbox 2165 3526 3763 3594">
    <p class='ocr_par' dir='ltr' id='par_1_80' title="bbox 2165 3526 3763 3594">
     <span class='ocr_line' id='line_1_80' title="bbox 2165 3526 3763 3594; baseline 0.001 -13"><span class='ocrx_word' id='word_1_607' title='bbox 2165 3526 2362 3583; x_wconf 84' lang='lat' dir='ltr'><strong>fretum</strong></span> <span class='ocrx_word' id='word_1_608' title='bbox 2382 3527 2725 3593; x_wconf 84' lang='lat' dir='ltr'><strong>Gaditanum,</strong></span> <span class='ocrx_word' id='word_1_609' title='bbox 2753 3528 2820 3583; x_wconf 87' lang='lat' dir='ltr'><strong>ab</strong></span> <span class='ocrx_word' id='word_1_610' title='bbox 2848 3527 3072 3581; x_wconf 90' lang='lat' dir='ltr'><strong>occiduo</strong></span> <span class='ocrx_word' id='word_1_611' title='bbox 3098 3541 3359 3581; x_wconf 89' lang='lat' dir='ltr'><strong>oceanum</strong></span> <span class='ocrx_word' id='word_1_612' title='bbox 3379 3528 3718 3583; x_wconf 84' lang='lat' dir='ltr'><strong>Atlanticum</strong></span> <span class='ocrx_word' id='word_1_613' title='bbox 3744 3569 3763 3594; x_wconf 88' lang='lat'><strong>,</strong></span> 
     </span>
    </p>
   </div>
   <div class='ocr_carea' id='block_1_81' title="bbox 2170 3616 3763 3687">
    <p class='ocr_par' dir='ltr' id='par_1_81' title="bbox 2170 3616 3763 3687">
     <span class='ocr_line' id='line_1_81' title="bbox 2170 3616 3763 3687; baseline -0.001 -14"><span class='ocrx_word' id='word_1_614' title='bbox 2170 3634 2200 3673; x_wconf 82' lang='lat' dir='ltr'><strong>a</strong></span> <span class='ocrx_word' id='word_1_615' title='bbox 2228 3619 2453 3672; x_wconf 89' lang='lat' dir='ltr'><strong>meridie</strong></span> <span class='ocrx_word' id='word_1_616' title='bbox 2483 3616 2760 3671; x_wconf 87' lang='lat' dir='ltr'><strong>Gaulalum</strong></span> <span class='ocrx_word' id='word_1_617' title='bbox 2800 3626 2989 3687; x_wconf 87' lang='lat' dir='ltr'><strong>gentes</strong></span> <span class='ocrx_word' id='word_1_618' title='bbox 3028 3632 3200 3686; x_wconf 88' lang='lat' dir='ltr'><strong>usque</strong></span> <span class='ocrx_word' id='word_1_619' title='bbox 3244 3616 3309 3669; x_wconf 90' lang='lat' dir='ltr'><strong>ad</strong></span> <span class='ocrx_word' id='word_1_620' title='bbox 3340 3632 3604 3670; x_wconf 87' lang='lat' dir='ltr'><strong>oceanum</strong></span> <span class='ocrx_word' id='word_1_621' title='bbox 3647 3617 3763 3672; x_wconf 74' lang='lat' dir='ltr'><strong>He-</strong></span> 
     </span>
    </p>
   </div>
   <div class='ocr_carea' id='block_1_82' title="bbox 2166 3703 3765 3775">
    <p class='ocr_par' dir='ltr' id='par_1_82' title="bbox 2166 3703 3765 3775">
     <span class='ocr_line' id='line_1_82' title="bbox 2166 3703 3765 3775; baseline 0.001 -16"><span class='ocrx_word' id='word_1_622' title='bbox 2166 3707 2402 3774; x_wconf 87' lang='lat' dir='ltr'><strong>sperium</strong></span> <span class='ocrx_word' id='word_1_623' title='bbox 2428 3714 2790 3774; x_wconf 88' lang='lat' dir='ltr'><strong>pererrantes,</strong></span> <span class='ocrx_word' id='word_1_624' title='bbox 2815 3704 2960 3773; x_wconf 85' lang='lat' dir='ltr'><strong>regio</strong></span> <span class='ocrx_word' id='word_1_625' title='bbox 2986 3704 3209 3775; x_wconf 90' lang='lat' dir='ltr'><strong>gignens</strong></span> <span class='ocrx_word' id='word_1_626' title='bbox 3232 3703 3597 3759; x_wconf 87' lang='lat' dir='ltr'><strong>ferocissimos</strong></span> <span class='ocrx_word' id='word_1_627' title='bbox 3628 3706 3765 3761; x_wconf 57' lang='lat' dir='ltr'><strong>dra.</strong></span> 
     </span>
    </p>
   </div>
   <div class='ocr_carea' id='block_1_83' title="bbox 2166 3793 3765 3864">
    <p class='ocr_par' dir='ltr' id='par_1_83' title="bbox 2166 3793 3765 3864">
     <span class='ocr_line' id='line_1_83' title="bbox 2166 3793 3765 3864; baseline 0.001 -15"><span class='ocrx_word' id='word_1_628' title='bbox 2166 3809 2329 3849; x_wconf 91' lang='lat' dir='ltr'><strong>cones</strong></span> <span class='ocrx_word' id='word_1_629' title='bbox 2355 3804 2408 3849; x_wconf 92' lang='lat' dir='ltr'><strong>et</strong></span> <span class='ocrx_word' id='word_1_630' title='bbox 2423 3795 2772 3857; x_wconf 87' lang='lat' dir='ltr'><strong>struthiones,</strong></span> <span class='ocrx_word' id='word_1_631' title='bbox 2796 3793 2922 3847; x_wconf 89' lang='lat' dir='ltr'><strong>olim</strong></span> <span class='ocrx_word' id='word_1_632' title='bbox 2942 3794 3104 3848; x_wconf 88' lang='lat' dir='ltr'><strong>etiam</strong></span> <span class='ocrx_word' id='word_1_633' title='bbox 3126 3804 3180 3848; x_wconf 89' lang='lat' dir='ltr'><strong>et</strong></span> <span class='ocrx_word' id='word_1_634' title='bbox 3199 3794 3571 3864; x_wconf 86' lang='lat' dir='ltr'><strong>elephantibus</strong></span> <span class='ocrx_word' id='word_1_635' title='bbox 3591 3794 3765 3864; x_wconf 77' lang='lat' dir='ltr'><strong>plena</strong></span> 
     </span>
    </p>
   </div>
   <div class='ocr_carea' id='block_1_84' title="bbox 2166 3882 3764 3953">
    <p class='ocr_par' dir='ltr' id='par_1_84' title="bbox 2166 3882 3764 3953">
     <span class='ocr_line' id='line_1_84' title="bbox 2166 3882 3764 3953; baseline 0.001 -16"><span class='ocrx_word' id='word_1_636' title='bbox 2166 3882 2284 3947; x_wconf 91' lang='lat' dir='ltr'><strong>fuit,</strong></span> <span class='ocrx_word' id='word_1_637' title='bbox 2316 3900 2449 3953; x_wconf 89' lang='lat' dir='ltr'><strong>quos</strong></span> <span class='ocrx_word' id='word_1_638' title='bbox 2486 3884 2596 3939; x_wconf 90' lang='lat' dir='ltr'><strong>sola</strong></span> <span class='ocrx_word' id='word_1_639' title='bbox 2626 3898 2769 3939; x_wconf 90' lang='lat' dir='ltr'><strong>nunc</strong></span> <span class='ocrx_word' id='word_1_640' title='bbox 2809 3883 2957 3936; x_wconf 86' lang='lat' dir='ltr'><strong>India</strong></span> <span class='ocrx_word' id='word_1_641' title='bbox 2992 3884 3242 3951; x_wconf 89' lang='lat' dir='ltr'><strong>parturit.</strong></span> <span class='ocrx_word' id='word_1_642' title='bbox 3274 3882 3625 3939; x_wconf 86' lang='lat' dir='ltr'><strong>Garamantis</strong></span> <span class='ocrx_word' id='word_1_643' title='bbox 3664 3899 3764 3939; x_wconf 68' lang='lat' dir='ltr'><strong>rev</strong></span> 
     </span>
    </p>
   </div>
   <div class='ocr_carea' id='block_1_85' title="bbox 2165 3973 3765 4047">
    <p class='ocr_par' dir='ltr' id='par_1_85' title="bbox 2165 3973 3765 4047">
     <span class='ocr_line' id='line_1_85' title="bbox 2165 3973 3765 4047; baseline -0.001 -15"><span class='ocrx_word' id='word_1_644' title='bbox 2165 3977 2335 4047; x_wconf 89' lang='lat' dir='ltr'><strong>gionis</strong></span> <span class='ocrx_word' id='word_1_645' title='bbox 2365 3985 2524 4044; x_wconf 87' lang='lat' dir='ltr'><strong>caput</strong></span> <span class='ocrx_word' id='word_1_646' title='bbox 2552 3976 2820 4029; x_wconf 87' lang='lat' dir='ltr'><strong>Garaman</strong></span> <span class='ocrx_word' id='word_1_647' title='bbox 2847 3973 3097 4043; x_wconf 84' lang='lat' dir='ltr'><strong>Oppidum</strong></span> <span class='ocrx_word' id='word_1_648' title='bbox 3124 3974 3240 4026; x_wconf 90' lang='lat' dir='ltr'><strong>fuit.</strong></span> <span class='ocrx_word' id='word_1_649' title='bbox 3273 3973 3367 4027; x_wconf 86' lang='lat' dir='ltr'><strong>Est</strong></span> <span class='ocrx_word' id='word_1_650' title='bbox 3391 3982 3568 4026; x_wconf 89' lang='lat' dir='ltr'><strong>autem</strong></span> <span class='ocrx_word' id='word_1_651' title='bbox 3606 3975 3765 4031; x_wconf 80' lang='lat' dir='ltr'><strong>inter</strong></span> 
     </span>
    </p>
   </div>
   <div class='ocr_carea' id='block_1_86' title="bbox 2164 4062 3764 4136">
    <p class='ocr_par' dir='ltr' id='par_1_86' title="bbox 2164 4062 3764 4136">
     <span class='ocr_line' id='line_1_86' title="bbox 2164 4062 3764 4136; baseline 0 -14"><span class='ocrx_word' id='word_1_652' title='bbox 2164 4066 2525 4136; x_wconf 88' lang='lat' dir='ltr'><strong>Cyrenensem</strong></span> <span class='ocrx_word' id='word_1_653' title='bbox 2546 4074 2600 4120; x_wconf 92' lang='lat' dir='ltr'><strong>et</strong></span> <span class='ocrx_word' id='word_1_654' title='bbox 2619 4063 2966 4133; x_wconf 65' lang='lat' dir='ltr'><strong>Ethiopiam,</strong></span> <span class='ocrx_word' id='word_1_655' title='bbox 2989 4062 3081 4116; x_wconf 92' lang='lat' dir='ltr'><strong>ubi</strong></span> <span class='ocrx_word' id='word_1_656' title='bbox 3107 4073 3189 4117; x_wconf 88' lang='lat' dir='ltr'><strong>est</strong></span> <span class='ocrx_word' id='word_1_657' title='bbox 3212 4062 3351 4127; x_wconf 86' lang='lat' dir='ltr'><strong>fons,</strong></span> <span class='ocrx_word' id='word_1_658' title='bbox 3374 4064 3462 4132; x_wconf 86' lang='lat' dir='ltr'><strong>qui</strong></span> <span class='ocrx_word' id='word_1_659' title='bbox 3490 4072 3545 4117; x_wconf 91' lang='lat' dir='ltr'><strong>et</strong></span> <span class='ocrx_word' id='word_1_660' title='bbox 3561 4064 3764 4122; x_wconf 76' lang='lat' dir='ltr'><strong>calore</strong></span> 
     </span>
    </p>
   </div>
   <div class='ocr_carea' id='block_1_87' title="bbox 2166 4149 3764 4224">
    <p class='ocr_par' dir='ltr' id='par_1_87' title="bbox 2166 4149 3764 4224">
     <span class='ocr_line' id='line_1_87' title="bbox 2166 4149 3764 4224; baseline -0.001 -15"><span class='ocrx_word' id='word_1_661' title='bbox 2166 4155 2271 4209; x_wconf 89' lang='lat' dir='ltr'><strong>dici</strong></span> <span class='ocrx_word' id='word_1_662' title='bbox 2308 4153 2563 4224; x_wconf 84' lang='lat' dir='ltr'><strong>frigescit,</strong></span> <span class='ocrx_word' id='word_1_663' title='bbox 2592 4161 2646 4207; x_wconf 89' lang='lat' dir='ltr'><strong>et</strong></span> <span class='ocrx_word' id='word_1_664' title='bbox 2670 4152 2804 4206; x_wconf 87' lang='lat' dir='ltr'><strong>calet</strong></span> <span class='ocrx_word' id='word_1_665' title='bbox 2836 4149 3035 4221; x_wconf 87' lang='lat' dir='ltr'><strong>frigore</strong></span> <span class='ocrx_word' id='word_1_666' title='bbox 3059 4151 3253 4205; x_wconf 91' lang='lat' dir='ltr'><strong>noctis.</strong></span> <span class='ocrx_word' id='word_1_667' title='bbox 3288 4150 3563 4218; x_wconf 65' lang='lat' dir='ltr'><strong>Ethiopia</strong></span> <span class='ocrx_word' id='word_1_668' title='bbox 3602 4152 3764 4207; x_wconf 77' lang='lat' dir='ltr'><strong>dicta</strong></span> 
     </span>
    </p>
   </div>
   <div class='ocr_carea' id='block_1_88' title="bbox 2166 4240 3769 4314">
    <p class='ocr_par' dir='ltr' id='par_1_88' title="bbox 2166 4240 3769 4314">
     <span class='ocr_line' id='line_1_88' title="bbox 2166 4240 3769 4314; baseline -0.006 -15"><span class='ocrx_word' id='word_1_669' title='bbox 2166 4260 2197 4299; x_wconf 89' lang='lat' dir='ltr'><strong>a</strong></span> <span class='ocrx_word' id='word_1_670' title='bbox 2230 4243 2411 4299; x_wconf 90' lang='lat' dir='ltr'><strong>colore</strong></span> <span class='ocrx_word' id='word_1_671' title='bbox 2439 4242 2783 4314; x_wconf 85' lang='lat' dir='ltr'><strong>pepulorum,</strong></span> <span class='ocrx_word' id='word_1_672' title='bbox 2813 4256 2947 4309; x_wconf 90' lang='lat' dir='ltr'><strong>quos</strong></span> <span class='ocrx_word' id='word_1_673' title='bbox 2974 4241 3103 4296; x_wconf 92' lang='lat' dir='ltr'><strong>solis</strong></span> <span class='ocrx_word' id='word_1_674' title='bbox 3133 4240 3379 4295; x_wconf 90' lang='lat' dir='ltr'><strong>vicinitas</strong></span> <span class='ocrx_word' id='word_1_675' title='bbox 3417 4249 3610 4294; x_wconf 90' lang='lat' dir='ltr'><strong>torret.</strong></span> <span class='ocrx_word' id='word_1_676' title='bbox 3648 4242 3769 4298; x_wconf 79' lang='lat' dir='ltr'><strong>De.</strong></span> 
     </span>
    </p>
   </div>
   <div class='ocr_carea' id='block_1_89' title="bbox 2166 4331 3767 4405">
    <p class='ocr_par' dir='ltr' id='par_1_89' title="bbox 2166 4331 3767 4405">
     <span class='ocr_line' id='line_1_89' title="bbox 2166 4331 3767 4405; baseline -0.001 -15"><span class='ocrx_word' id='word_1_677' title='bbox 2166 4337 2327 4405; x_wconf 89' lang='lat' dir='ltr'><strong>nique</strong></span> <span class='ocrx_word' id='word_1_678' title='bbox 2364 4335 2469 4389; x_wconf 89' lang='lat' dir='ltr'><strong>vim</strong></span> <span class='ocrx_word' id='word_1_679' title='bbox 2515 4334 2705 4387; x_wconf 88' lang='lat' dir='ltr'><strong>sideris</strong></span> <span class='ocrx_word' id='word_1_680' title='bbox 2741 4333 2915 4401; x_wconf 88' lang='lat' dir='ltr'><strong>prodit</strong></span> <span class='ocrx_word' id='word_1_681' title='bbox 2946 4332 3094 4386; x_wconf 91' lang='lat' dir='ltr'><strong>color</strong></span> <span class='ocrx_word' id='word_1_682' title='bbox 3132 4332 3427 4385; x_wconf 89' lang='lat' dir='ltr'><strong>hominum.</strong></span> <span class='ocrx_word' id='word_1_683' title='bbox 3472 4331 3565 4384; x_wconf 89' lang='lat' dir='ltr'><strong>Est</strong></span> <span class='ocrx_word' id='word_1_684' title='bbox 3600 4334 3767 4390; x_wconf 84' lang='lat' dir='ltr'><strong>enim</strong></span> 
     </span>
    </p>
   </div>
   <div class='ocr_carea' id='block_1_90' title="bbox 2168 4419 3767 4494">
    <p class='ocr_par' dir='ltr' id='par_1_90' title="bbox 2168 4419 3767 4494">
     <span class='ocr_line' id='line_1_90' title="bbox 2168 4419 3767 4494; baseline -0.003 -17"><span class='ocrx_word' id='word_1_685' title='bbox 2168 4425 2241 4479; x_wconf 89' lang='lat' dir='ltr'><strong>ibi</strong></span> <span class='ocrx_word' id='word_1_686' title='bbox 2283 4423 2428 4494; x_wconf 87' lang='lat' dir='ltr'><strong>jugis</strong></span> <span class='ocrx_word' id='word_1_687' title='bbox 2468 4431 2647 4476; x_wconf 55' lang='lat' dir='ltr'><strong>aestus.</strong></span> <span class='ocrx_word' id='word_1_688' title='bbox 2690 4420 2825 4473; x_wconf 85' lang='lat' dir='ltr'><strong>Nam</strong></span> <span class='ocrx_word' id='word_1_689' title='bbox 2864 4419 3124 4489; x_wconf 89' lang='lat' dir='ltr'><strong>quidquid</strong></span> <span class='ocrx_word' id='word_1_690' title='bbox 3164 4420 3279 4489; x_wconf 88' lang='lat' dir='ltr'><strong>ejus</strong></span> <span class='ocrx_word' id='word_1_691' title='bbox 3315 4428 3415 4482; x_wconf 85' lang='lat' dir='ltr'><strong>est,</strong></span> <span class='ocrx_word' id='word_1_692' title='bbox 3446 4419 3544 4471; x_wconf 90' lang='lat' dir='ltr'><strong>sub</strong></span> <span class='ocrx_word' id='word_1_693' title='bbox 3580 4421 3767 4475; x_wconf 81' lang='lat' dir='ltr'><strong>meri-</strong></span> 
     </span>
    </p>
   </div>
   <div class='ocr_carea' id='block_1_91' title="bbox 489 4482 3767 4574">
    <p class='ocr_par' dir='ltr' id='par_1_91' title="bbox 489 4482 3767 4574">
     <span class='ocr_line' id='line_1_91' title="bbox 489 4482 3767 4574; baseline 0.001 -17"><span class='ocrx_word' id='word_1_694' title='bbox 489 4504 796 4565; x_wconf 86' lang='lat' dir='ltr'><strong>Ptolomais,</strong></span> <span class='ocrx_word' id='word_1_695' title='bbox 846 4520 909 4558; x_wconf 81' lang='lat' dir='ltr'><strong>ex</strong></span> <span class='ocrx_word' id='word_1_696' title='bbox 953 4505 1147 4573; x_wconf 87' lang='lat' dir='ltr'><strong>quibus</strong></span> <span class='ocrx_word' id='word_1_697' title='bbox 1194 4505 1482 4559; x_wconf 89' lang='lat' dir='ltr'><strong>Ptolomais</strong></span> <span class='ocrx_word' id='word_1_698' title='bbox 1522 4516 1576 4560; x_wconf 90' lang='lat' dir='ltr'><strong>et</strong></span> <span class='ocrx_word' id='word_1_699' title='bbox 1615 4505 1873 4561; x_wconf 89' lang='lat' dir='ltr'><strong>Berenice</strong></span> <span class='ocrx_word' id='word_1_700' title='bbox 1911 4522 1939 4558; x_wconf 90' lang='lat' dir='ltr'><strong>a</strong></span> <span class='ocrx_word' id='word_1_701' title='bbox 1981 4521 2067 4559; x_wconf 87' lang='lat' dir='ltr'><strong>re-</strong></span> <span class='ocrx_word' id='word_1_702' title='bbox 2094 4482 2142 4540; x_wconf 69' lang='grc' dir='ltr'>Β</span> <span class='ocrx_word' id='word_1_703' title='bbox 2169 4515 2325 4569; x_wconf 89' lang='lat' dir='ltr'><strong>diano</strong></span> <span class='ocrx_word' id='word_1_704' title='bbox 2347 4482 2570 4567; x_wconf 67' lang='lat' dir='ltr'><strong>cardine</strong></span> <span class='ocrx_word' id='word_1_705' title='bbox 2599 4519 2699 4574; x_wconf 89' lang='lat' dir='ltr'><strong>est,</strong></span> <span class='ocrx_word' id='word_1_706' title='bbox 2725 4512 2867 4563; x_wconf 90' lang='lat' dir='ltr'><strong>circa</strong></span> <span class='ocrx_word' id='word_1_707' title='bbox 2894 4509 3176 4565; x_wconf 90' lang='lat' dir='ltr'><strong>occiduum</strong></span> <span class='ocrx_word' id='word_1_708' title='bbox 3221 4515 3401 4560; x_wconf 90' lang='lat' dir='ltr'><strong>autem</strong></span> <span class='ocrx_word' id='word_1_709' title='bbox 3448 4516 3767 4565; x_wconf 80' lang='lat' dir='ltr'><strong>montuosa</strong></span> 
     </span>
    </p>
   </div>
   <div class='ocr_carea' id='block_1_92' title="bbox 488 4595 2066 4667">
    <p class='ocr_par' dir='ltr' id='par_1_92' title="bbox 488 4595 2066 4667">
     <span class='ocr_line' id='line_1_92' title="bbox 488 4595 2066 4667; baseline 0.001 -18"><span class='ocrx_word' id='word_1_710' title='bbox 488 4598 641 4666; x_wconf 84' lang='lat' dir='ltr'><strong>gibus</strong></span> <span class='ocrx_word' id='word_1_711' title='bbox 688 4598 975 4652; x_wconf 71' lang='lat' dir='ltr'><strong>nominata:</strong></span> <span class='ocrx_word' id='word_1_712' title='bbox 1014 4605 1155 4649; x_wconf 92' lang='lat' dir='ltr'><strong>sunt.</strong></span> <span class='ocrx_word' id='word_1_713' title='bbox 1202 4598 1294 4649; x_wconf 83' lang='lat' dir='ltr'><strong>Est</strong></span> <span class='ocrx_word' id='word_1_714' title='bbox 1325 4605 1500 4649; x_wconf 88' lang='lat' dir='ltr'><strong>autem</strong></span> <span class='ocrx_word' id='word_1_715' title='bbox 1540 4595 1844 4667; x_wconf 87' lang='lat' dir='ltr'><strong>Pentapolis</strong></span> <span class='ocrx_word' id='word_1_716' title='bbox 1886 4597 2066 4667; x_wconf 77' lang='lat' dir='ltr'><strong>Libya:</strong></span> 
     </span>
    </p>
   </div>
   <div class='ocr_carea' id='block_1_93' title="bbox 489 4686 2067 4757">
    <p class='ocr_par' dir='ltr' id='par_1_93' title="bbox 489 4686 2067 4757">
     <span class='ocr_line' id='line_1_93' title="bbox 489 4686 2067 4757; baseline -0.001 -15"><span class='ocrx_word' id='word_1_717' title='bbox 489 4687 783 4757; x_wconf 84' lang='lat' dir='ltr'><strong>Cyrenensi</strong></span> <span class='ocrx_word' id='word_1_718' title='bbox 825 4687 1071 4755; x_wconf 87' lang='lat' dir='ltr'><strong>adjuncta</strong></span> <span class='ocrx_word' id='word_1_719' title='bbox 1100 4696 1153 4740; x_wconf 90' lang='lat' dir='ltr'><strong>et</strong></span> <span class='ocrx_word' id='word_1_720' title='bbox 1182 4688 1233 4740; x_wconf 92' lang='lat' dir='ltr'><strong>in</strong></span> <span class='ocrx_word' id='word_1_721' title='bbox 1270 4688 1385 4755; x_wconf 89' lang='lat' dir='ltr'><strong>ejus</strong></span> <span class='ocrx_word' id='word_1_722' title='bbox 1415 4686 1607 4741; x_wconf 88' lang='lat' dir='ltr'><strong>finibus</strong></span> <span class='ocrx_word' id='word_1_723' title='bbox 1636 4687 1905 4756; x_wconf 88' lang='lat' dir='ltr'><strong>deputata.</strong></span> <span class='ocrx_word' id='word_1_724' title='bbox 1948 4688 2067 4741; x_wconf 87' lang='lat' dir='ltr'><strong>Tri-</strong></span> 
     </span>
    </p>
   </div>
   <div class='ocr_carea' id='block_1_94' title="bbox 488 4773 2066 4847">
    <p class='ocr_par' dir='ltr' id='par_1_94' title="bbox 488 4773 2066 4847">
     <span class='ocr_line' id='line_1_94' title="bbox 488 4773 2066 4847; baseline 0.001 -20"><span class='ocrx_word' id='word_1_725' title='bbox 488 4776 781 4847; x_wconf 75' lang='lat' dir='ltr'><strong>politanum</strong></span> <span class='ocrx_word' id='word_1_726' title='bbox 826 4791 1039 4844; x_wconf 87' lang='lat' dir='ltr'><strong>quoque</strong></span> <span class='ocrx_word' id='word_1_727' title='bbox 1078 4776 1407 4843; x_wconf 81' lang='lat' dir='ltr'><strong>provinciam</strong></span> <span class='ocrx_word' id='word_1_728' title='bbox 1446 4773 1614 4829; x_wconf 63' lang='grc' dir='ltr'><strong>(ἵππερί</strong></span> <span class='ocrx_word' id='word_1_729' title='bbox 1646 4774 1820 4845; x_wconf 88' lang='lat' dir='ltr'><strong>lingua</strong></span> <span class='ocrx_word' id='word_1_730' title='bbox 1856 4791 1950 4829; x_wconf 90' lang='lat' dir='ltr'><strong>sua</strong></span> <span class='ocrx_word' id='word_1_731' title='bbox 1994 4777 2066 4828; x_wconf 89' lang='lat' dir='ltr'><strong>si-</strong></span> 
     </span>
    </p>
   </div>
   <div class='ocr_carea' id='block_1_95' title="bbox 487 4862 2067 4938">
    <p class='ocr_par' dir='ltr' id='par_1_95' title="bbox 487 4862 2067 4938">
     <span class='ocr_line' id='line_1_95' title="bbox 487 4862 2067 4938; baseline -0.001 -19"><span class='ocrx_word' id='word_1_732' title='bbox 487 4875 655 4938; x_wconf 80' lang='lat' dir='ltr'><strong>gnant</strong></span> <span class='ocrx_word' id='word_1_733' title='bbox 681 4866 746 4919; x_wconf 90' lang='lat' dir='ltr'><strong>de</strong></span> <span class='ocrx_word' id='word_1_734' title='bbox 776 4878 998 4918; x_wconf 87' lang='lat' dir='ltr'><strong>numero</strong></span> <span class='ocrx_word' id='word_1_735' title='bbox 1030 4865 1186 4917; x_wconf 88' lang='lat' dir='ltr'><strong>trium</strong></span> <span class='ocrx_word' id='word_1_736' title='bbox 1216 4880 1527 4934; x_wconf 86' lang='lat' dir='ltr'><strong>magnarum</strong></span> <span class='ocrx_word' id='word_1_737' title='bbox 1557 4865 1787 4929; x_wconf 91' lang='lat' dir='ltr'><strong>urbium,</strong></span> <span class='ocrx_word' id='word_1_738' title='bbox 1811 4862 1937 4927; x_wconf 89' lang='lat' dir='ltr'><strong>Oea,</strong></span> <span class='ocrx_word' id='word_1_739' title='bbox 1968 4863 2067 4917; x_wconf 88' lang='lat' dir='ltr'><strong>Sa-</strong></span> 
     </span>
    </p>
   </div>
   <div class='ocr_carea' id='block_1_96' title="bbox 487 4954 2065 5026">
    <p class='ocr_par' dir='ltr' id='par_1_96' title="bbox 487 4954 2065 5026">
     <span class='ocr_line' id='line_1_96' title="bbox 487 4954 2065 5026; baseline 0.001 -15"><span class='ocrx_word' id='word_1_740' title='bbox 487 4958 671 5019; x_wconf 82' lang='lat' dir='ltr'><strong>brate.</strong></span> <span class='ocrx_word' id='word_1_741' title='bbox 714 4958 892 5024; x_wconf 90' lang='lat' dir='ltr'><strong>Leptis</strong></span> <span class='ocrx_word' id='word_1_742' title='bbox 929 4972 1153 5026; x_wconf 72' lang='lat' dir='ltr'><strong>magum.</strong></span> <span class='ocrx_word' id='word_1_743' title='bbox 1182 4957 1305 5011; x_wconf 59' lang='lat' dir='ltr'><strong>llaec</strong></span> <span class='ocrx_word' id='word_1_744' title='bbox 1337 4958 1497 5011; x_wconf 84' lang='lat' dir='ltr'><strong>habet</strong></span> <span class='ocrx_word' id='word_1_745' title='bbox 1536 4960 1604 5013; x_wconf 89' lang='lat' dir='ltr'><strong>ab</strong></span> <span class='ocrx_word' id='word_1_746' title='bbox 1631 4959 1837 5013; x_wconf 89' lang='lat' dir='ltr'><strong>oriente</strong></span> <span class='ocrx_word' id='word_1_747' title='bbox 1879 4954 2065 5026; x_wconf 85' lang='lat' dir='ltr'><strong>Syrtes</strong></span> 
     </span>
    </p>
   </div>
   <div class='ocr_carea' id='block_1_97' title="bbox 490 5045 2065 5115">
    <p class='ocr_par' dir='ltr' id='par_1_97' title="bbox 490 5045 2065 5115">
     <span class='ocr_line' id='line_1_97' title="bbox 490 5045 2065 5115; baseline 0.001 -16"><span class='ocrx_word' id='word_1_748' title='bbox 490 5045 722 5113; x_wconf 87' lang='lat' dir='ltr'><strong>majores</strong></span> <span class='ocrx_word' id='word_1_749' title='bbox 760 5055 813 5099; x_wconf 91' lang='lat' dir='ltr'><strong>et</strong></span> <span class='ocrx_word' id='word_1_750' title='bbox 848 5045 1216 5114; x_wconf 83' lang='lat' dir='ltr'><strong>Troglodytas,</strong></span> <span class='ocrx_word' id='word_1_751' title='bbox 1252 5062 1280 5099; x_wconf 87' lang='lat' dir='ltr'><strong>a</strong></span> <span class='ocrx_word' id='word_1_752' title='bbox 1319 5048 1679 5115; x_wconf 85' lang='lat' dir='ltr'><strong>septentrione</strong></span> <span class='ocrx_word' id='word_1_753' title='bbox 1705 5063 1853 5101; x_wconf 82' lang='lat' dir='ltr'><strong>mare</strong></span> <span class='ocrx_word' id='word_1_754' title='bbox 1878 5048 2065 5101; x_wconf 81' lang='lat' dir='ltr'><strong>Adria-</strong></span> 
     </span>
    </p>
   </div>
   <div class='ocr_carea' id='block_1_98' title="bbox 492 5133 2065 5202">
    <p class='ocr_par' dir='ltr' id='par_1_98' title="bbox 492 5133 2065 5202">
     <span class='ocr_line' id='line_1_98' title="bbox 492 5133 2065 5202; baseline 0.001 -15"><span class='ocrx_word' id='word_1_755' title='bbox 492 5134 677 5197; x_wconf 89' lang='lat' dir='ltr'><strong>ticum,</strong></span> <span class='ocrx_word' id='word_1_756' title='bbox 703 5135 768 5185; x_wconf 89' lang='lat' dir='ltr'><strong>ab</strong></span> <span class='ocrx_word' id='word_1_757' title='bbox 790 5149 983 5187; x_wconf 80' lang='lat' dir='ltr'><strong>occasu</strong></span> <span class='ocrx_word' id='word_1_758' title='bbox 1007 5133 1339 5202; x_wconf 82' lang='lat' dir='ltr'><strong>Byzantium,</strong></span> <span class='ocrx_word' id='word_1_759' title='bbox 1360 5150 1388 5187; x_wconf 88' lang='lat' dir='ltr'><strong>a</strong></span> <span class='ocrx_word' id='word_1_760' title='bbox 1411 5136 1632 5189; x_wconf 90' lang='lat' dir='ltr'><strong>meridie</strong></span> <span class='ocrx_word' id='word_1_761' title='bbox 1653 5135 1872 5190; x_wconf 90' lang='lat' dir='ltr'><strong>Getulos</strong></span> <span class='ocrx_word' id='word_1_762' title='bbox 1892 5146 1944 5191; x_wconf 91' lang='lat' dir='ltr'><strong>et</strong></span> <span class='ocrx_word' id='word_1_763' title='bbox 1960 5136 2065 5191; x_wconf 86' lang='lat' dir='ltr'><strong>Ga-</strong></span> 
     </span>
    </p>
   </div>
   <div class='ocr_carea' id='block_1_99' title="bbox 492 5224 2063 5295">
    <p class='ocr_par' dir='ltr' id='par_1_99' title="bbox 492 5224 2063 5295">
     <span class='ocr_line' id='line_1_99' title="bbox 492 5224 2063 5295; baseline 0.001 -16"><span class='ocrx_word' id='word_1_764' title='bbox 492 5236 764 5280; x_wconf 88' lang='lat' dir='ltr'><strong>ramantes</strong></span> <span class='ocrx_word' id='word_1_765' title='bbox 789 5240 957 5293; x_wconf 87' lang='lat' dir='ltr'><strong>usque</strong></span> <span class='ocrx_word' id='word_1_766' title='bbox 985 5226 1049 5277; x_wconf 85' lang='lat' dir='ltr'><strong>ad</strong></span> <span class='ocrx_word' id='word_1_767' title='bbox 1076 5240 1331 5279; x_wconf 84' lang='lat' dir='ltr'><strong>oceanum</strong></span> <span class='ocrx_word' id='word_1_768' title='bbox 1356 5224 1718 5295; x_wconf 60' lang='lat' dir='ltr'><strong>:Etbiopicum</strong></span> <span class='ocrx_word' id='word_1_769' title='bbox 1744 5228 2063 5294; x_wconf 88' lang='lat' dir='ltr'><strong>pertenden-</strong></span> 
     </span>
    </p>
   </div>
   <div class='ocr_carea' id='block_1_100' title="bbox 492 5314 2062 5386">
    <p class='ocr_par' dir='ltr' id='par_1_100' title="bbox 492 5314 2062 5386">
     <span class='ocr_line' id='line_1_100' title="bbox 492 5314 2062 5386; baseline 0 -16"><span class='ocrx_word' id='word_1_770' title='bbox 492 5324 594 5371; x_wconf 84' lang='lat' dir='ltr'><strong>tes.</strong></span> <span class='ocrx_word' id='word_1_771' title='bbox 613 5314 886 5386; x_wconf 84' lang='lat' dir='ltr'><strong>Bysacena</strong></span> <span class='ocrx_word' id='word_1_772' title='bbox 912 5316 1142 5384; x_wconf 42' lang='lat' dir='ltr'><strong>regio’ex</strong></span> <span class='ocrx_word' id='word_1_773' title='bbox 1163 5315 1368 5369; x_wconf 88' lang='lat' dir='ltr'><strong>duobus</strong></span> <span class='ocrx_word' id='word_1_774' title='bbox 1383 5316 1724 5371; x_wconf 85' lang='lat' dir='ltr'><strong>nobilissimis</strong></span> <span class='ocrx_word' id='word_1_775' title='bbox 1737 5317 1945 5385; x_wconf 83' lang='lat' dir='ltr'><strong>Oppidis</strong></span> <span class='ocrx_word' id='word_1_776' title='bbox 1970 5333 2062 5370; x_wconf 82' lang='lat' dir='ltr'><strong>no-</strong></span> 
     </span>
    </p>
   </div>
   <div class='ocr_carea' id='block_1_101' title="bbox 492 5407 2061 5476">
    <p class='ocr_par' dir='ltr' id='par_1_101' title="bbox 492 5407 2061 5476">
     <span class='ocr_line' id='line_1_101' title="bbox 492 5407 2061 5476; baseline -0.003 -16"><span class='ocrx_word' id='word_1_777' title='bbox 492 5421 615 5461; x_wconf 88' lang='lat' dir='ltr'><strong>men</strong></span> <span class='ocrx_word' id='word_1_778' title='bbox 641 5408 826 5461; x_wconf 89' lang='lat' dir='ltr'><strong>sortita</strong></span> <span class='ocrx_word' id='word_1_779' title='bbox 849 5415 951 5469; x_wconf 91' lang='lat' dir='ltr'><strong>est,</strong></span> <span class='ocrx_word' id='word_1_780' title='bbox 975 5422 1041 5459; x_wconf 74' lang='lat' dir='ltr'><strong>ex</strong></span> <span class='ocrx_word' id='word_1_781' title='bbox 1067 5407 1260 5476; x_wconf 87' lang='lat' dir='ltr'><strong>quibus</strong></span> <span class='ocrx_word' id='word_1_782' title='bbox 1284 5422 1446 5459; x_wconf 90' lang='lat' dir='ltr'><strong>unum</strong></span> <span class='ocrx_word' id='word_1_783' title='bbox 1478 5407 1799 5461; x_wconf 88' lang='lat' dir='ltr'><strong>Adrumetus</strong></span> <span class='ocrx_word' id='word_1_784' title='bbox 1820 5418 2061 5461; x_wconf 87' lang='lat' dir='ltr'><strong>vocatur.</strong></span> 
     </span>
    </p>
   </div>
   <div class='ocr_carea' id='block_1_102' title="bbox 494 5497 2062 5568">
    <p class='ocr_par' dir='ltr' id='par_1_102' title="bbox 494 5497 2062 5568">
     <span class='ocr_line' id='line_1_102' title="bbox 494 5497 2062 5568; baseline -0.003 -15"><span class='ocrx_word' id='word_1_785' title='bbox 494 5497 619 5553; x_wconf 61' lang='grc' dir='ltr'><strong>Παῖς</strong></span> <span class='ocrx_word' id='word_1_786' title='bbox 638 5499 736 5552; x_wconf 90' lang='lat' dir='ltr'><strong>sub</strong></span> <span class='ocrx_word' id='word_1_787' title='bbox 754 5499 950 5567; x_wconf 86' lang='lat' dir='ltr'><strong>Tripoli</strong></span> <span class='ocrx_word' id='word_1_788' title='bbox 969 5507 1046 5552; x_wconf 91' lang='lat' dir='ltr'><strong>est</strong></span> <span class='ocrx_word' id='word_1_789' title='bbox 1070 5510 1259 5568; x_wconf 84' lang='lat' dir='ltr'><strong>patens</strong></span> <span class='ocrx_word' id='word_1_790' title='bbox 1282 5514 1533 5568; x_wconf 90' lang='lat' dir='ltr'><strong>passuum</strong></span> <span class='ocrx_word' id='word_1_791' title='bbox 1557 5497 1784 5551; x_wconf 89' lang='lat' dir='ltr'><strong>ducenta</strong></span> <span class='ocrx_word' id='word_1_792' title='bbox 1802 5498 1965 5551; x_wconf 89' lang='lat' dir='ltr'><strong>millia</strong></span> <span class='ocrx_word' id='word_1_793' title='bbox 1984 5498 2062 5550; x_wconf 75' lang='lat' dir='ltr'><strong>vel</strong></span> 
     </span>
    </p>
   </div>
   <div class='ocr_carea' id='block_1_103' title="bbox 495 5588 2067 5659">
    <p class='ocr_par' dir='ltr' id='par_1_103' title="bbox 495 5588 2067 5659">
     <span class='ocr_line' id='line_1_103' title="bbox 495 5588 2067 5659; baseline -0.002 -18"><span class='ocrx_word' id='word_1_794' title='bbox 495 5589 745 5657; x_wconf 84' lang='lat' dir='ltr'><strong>amplius,</strong></span> <span class='ocrx_word' id='word_1_795' title='bbox 778 5588 1000 5642; x_wconf 71' lang='lat' dir='ltr'><strong>fectmda</strong></span> <span class='ocrx_word' id='word_1_796' title='bbox 1046 5590 1207 5654; x_wconf 86' lang='lat' dir='ltr'><strong>oleis,</strong></span> <span class='ocrx_word' id='word_1_797' title='bbox 1239 5600 1291 5642; x_wconf 90' lang='lat' dir='ltr'><strong>et</strong></span> <span class='ocrx_word' id='word_1_798' title='bbox 1321 5589 1488 5659; x_wconf 79' lang='lat' dir='ltr'><strong>glebis</strong></span> <span class='ocrx_word' id='word_1_799' title='bbox 1526 5588 1597 5641; x_wconf 88' lang='lat' dir='ltr'><strong>ita</strong></span> <span class='ocrx_word' id='word_1_800' title='bbox 1631 5588 1975 5657; x_wconf 58' lang='lat' dir='ltr'><strong>praepinguis,</strong></span> <span class='ocrx_word' id='word_1_801' title='bbox 2009 5596 2067 5639; x_wconf 86' lang='lat' dir='ltr'><strong>ut</strong></span> 
     </span>
    </p>
   </div>
   <div class='ocr_carea' id='block_1_104' title="bbox 490 5676 2065 5748">
    <p class='ocr_par' dir='ltr' id='par_1_104' title="bbox 490 5676 2065 5748">
     <span class='ocr_line' id='line_1_104' title="bbox 490 5676 2065 5748; baseline -0.001 -16"><span class='ocrx_word' id='word_1_802' title='bbox 490 5678 631 5745; x_wconf 84' lang='lat' dir='ltr'><strong>jccta</strong></span> <span class='ocrx_word' id='word_1_803' title='bbox 664 5678 732 5733; x_wconf 90' lang='lat' dir='ltr'><strong>ibi</strong></span> <span class='ocrx_word' id='word_1_804' title='bbox 768 5680 966 5732; x_wconf 80' lang='lat' dir='ltr'><strong>semina</strong></span> <span class='ocrx_word' id='word_1_805' title='bbox 1013 5679 1341 5734; x_wconf 86' lang='lat' dir='ltr'><strong>incremento</strong></span> <span class='ocrx_word' id='word_1_806' title='bbox 1390 5693 1524 5748; x_wconf 82' lang='lat' dir='ltr'><strong>pene</strong></span> <span class='ocrx_word' id='word_1_807' title='bbox 1564 5678 1855 5733; x_wconf 89' lang='lat' dir='ltr'><strong>centesimo</strong></span> <span class='ocrx_word' id='word_1_808' title='bbox 1899 5676 2065 5745; x_wconf 78' lang='lat' dir='ltr'><strong>frugis</strong></span> 
     </span>
    </p>
   </div>
   <div class='ocr_carea' id='block_1_105' title="bbox 2166 4592 3765 4665">
    <p class='ocr_par' dir='ltr' id='par_1_105' title="bbox 2166 4592 3765 4665">
     <span class='ocr_line' id='line_1_105' title="bbox 2166 4592 3765 4665; baseline -0.003 -11"><span class='ocrx_word' id='word_1_809' title='bbox 2166 4610 2269 4663; x_wconf 90' lang='lat' dir='ltr'><strong>est,</strong></span> <span class='ocrx_word' id='word_1_810' title='bbox 2297 4615 2520 4653; x_wconf 87' lang='lat' dir='ltr'><strong>arenosa</strong></span> <span class='ocrx_word' id='word_1_811' title='bbox 2563 4599 2615 4651; x_wconf 91' lang='lat' dir='ltr'><strong>in</strong></span> <span class='ocrx_word' id='word_1_812' title='bbox 2650 4598 2845 4660; x_wconf 90' lang='lat' dir='ltr'><strong>medio,</strong></span> <span class='ocrx_word' id='word_1_813' title='bbox 2878 4596 2944 4649; x_wconf 87' lang='lat' dir='ltr'><strong>ad</strong></span> <span class='ocrx_word' id='word_1_814' title='bbox 2988 4595 3304 4650; x_wconf 86' lang='lat' dir='ltr'><strong>orientalem</strong></span> <span class='ocrx_word' id='word_1_815' title='bbox 3348 4608 3475 4648; x_wconf 88' lang='lat' dir='ltr'><strong>vero</strong></span> <span class='ocrx_word' id='word_1_816' title='bbox 3522 4592 3765 4665; x_wconf 76' lang='lat' dir='ltr'><strong>p‘agam</strong></span> 
     </span>
    </p>
   </div>
   <div class='ocr_carea' id='block_1_106' title="bbox 2167 4686 3770 4757">
    <p class='ocr_par' dir='ltr' id='par_1_106' title="bbox 2167 4686 3770 4757">
     <span class='ocr_line' id='line_1_106' title="bbox 2167 4686 3770 4757; baseline -0.003 -11"><span class='ocrx_word' id='word_1_817' title='bbox 2167 4692 2397 4753; x_wconf 85' lang='lat' dir='ltr'><strong>deserta,</strong></span> <span class='ocrx_word' id='word_1_818' title='bbox 2435 4690 2585 4757; x_wconf 86' lang='lat' dir='ltr'><strong>cujus</strong></span> <span class='ocrx_word' id='word_1_819' title='bbox 2612 4689 2747 4742; x_wconf 90' lang='lat' dir='ltr'><strong>situs</strong></span> <span class='ocrx_word' id='word_1_820' title='bbox 2795 4689 2862 4741; x_wconf 91' lang='lat' dir='ltr'><strong>ab</strong></span> <span class='ocrx_word' id='word_1_821' title='bbox 2890 4687 3113 4741; x_wconf 91' lang='lat' dir='ltr'><strong>occiduo</strong></span> <span class='ocrx_word' id='word_1_822' title='bbox 3144 4686 3376 4739; x_wconf 84' lang='lat' dir='ltr'><strong>Altantis</strong></span> <span class='ocrx_word' id='word_1_823' title='bbox 3428 4686 3640 4740; x_wconf 85' lang='lat' dir='ltr'><strong>montis</strong></span> <span class='ocrx_word' id='word_1_824' title='bbox 3693 4686 3770 4741; x_wconf 76' lang='lat' dir='ltr'><strong>ad</strong></span> 
     </span>
    </p>
   </div>
   <div class='ocr_carea' id='block_1_107' title="bbox 2165 4774 3773 4847">
    <p class='ocr_par' dir='ltr' id='par_1_107' title="bbox 2165 4774 3773 4847">
     <span class='ocr_line' id='line_1_107' title="bbox 2165 4774 3773 4847; baseline 0 -14"><span class='ocrx_word' id='word_1_825' title='bbox 2165 4781 2426 4835; x_wconf 89' lang='lat' dir='ltr'><strong>orientem</strong></span> <span class='ocrx_word' id='word_1_826' title='bbox 2460 4794 2625 4847; x_wconf 79' lang='lat' dir='ltr'><strong>uSque</strong></span> <span class='ocrx_word' id='word_1_827' title='bbox 2653 4779 2705 4831; x_wconf 91' lang='lat' dir='ltr'><strong>in</strong></span> <span class='ocrx_word' id='word_1_828' title='bbox 2729 4776 2943 4846; x_wconf 63' lang='lat' dir='ltr'><strong>Egypti</strong></span> <span class='ocrx_word' id='word_1_829' title='bbox 2974 4775 3104 4829; x_wconf 78' lang='lat' dir='ltr'><strong>fines</strong></span> <span class='ocrx_word' id='word_1_830' title='bbox 3124 4774 3489 4844; x_wconf 79' lang='lat' dir='ltr'><strong>porrigitur.A</strong></span> <span class='ocrx_word' id='word_1_831' title='bbox 3515 4777 3773 4834; x_wconf 78' lang='lat' dir='ltr'><strong>meridie</strong></span> 
     </span>
    </p>
   </div>
   <div class='ocr_carea' id='block_1_108' title="bbox 2166 4861 3771 4933">
    <p class='ocr_par' dir='ltr' id='par_1_108' title="bbox 2166 4861 3771 4933">
     <span class='ocr_line' id='line_1_108' title="bbox 2166 4861 3771 4933; baseline -0.003 -12"><span class='ocrx_word' id='word_1_832' title='bbox 2166 4866 2397 4928; x_wconf 83' lang='lat' dir='ltr'><strong>Oceano,</strong></span> <span class='ocrx_word' id='word_1_833' title='bbox 2429 4880 2457 4917; x_wconf 88' lang='lat' dir='ltr'><strong>a</strong></span> <span class='ocrx_word' id='word_1_834' title='bbox 2484 4866 2847 4933; x_wconf 82' lang='lat' dir='ltr'><strong>septentrione</strong></span> <span class='ocrx_word' id='word_1_835' title='bbox 2871 4862 2989 4916; x_wconf 73' lang='lat' dir='ltr'><strong>Nilo</strong></span> <span class='ocrx_word' id='word_1_836' title='bbox 3018 4862 3234 4917; x_wconf 83' lang='lat' dir='ltr'><strong>flumine</strong></span> <span class='ocrx_word' id='word_1_837' title='bbox 3258 4861 3539 4925; x_wconf 90' lang='lat' dir='ltr'><strong>clauditur,</strong></span> <span class='ocrx_word' id='word_1_838' title='bbox 3569 4862 3771 4931; x_wconf 82' lang='lat' dir='ltr'><strong>pluri-</strong></span> 
     </span>
    </p>
   </div>
   <div class='ocr_carea' id='block_1_109' title="bbox 2170 4952 3778 5023">
    <p class='ocr_par' dir='ltr' id='par_1_109' title="bbox 2170 4952 3778 5023">
     <span class='ocr_line' id='line_1_109' title="bbox 2170 4952 3778 5023; baseline -0.005 -14"><span class='ocrx_word' id='word_1_839' title='bbox 2170 4971 2285 5009; x_wconf 89' lang='lat' dir='ltr'><strong>mas</strong></span> <span class='ocrx_word' id='word_1_840' title='bbox 2316 4955 2517 5008; x_wconf 86' lang='lat' dir='ltr'><strong>habens</strong></span> <span class='ocrx_word' id='word_1_841' title='bbox 2537 4962 2721 5023; x_wconf 87' lang='lat' dir='ltr'><strong>gentes</strong></span> <span class='ocrx_word' id='word_1_842' title='bbox 2748 4954 2957 5006; x_wconf 88' lang='lat' dir='ltr'><strong>diverso</strong></span> <span class='ocrx_word' id='word_1_843' title='bbox 2983 4952 3128 5004; x_wconf 81' lang='lat' dir='ltr'><strong>vultu</strong></span> <span class='ocrx_word' id='word_1_844' title='bbox 3157 4960 3209 5004; x_wconf 90' lang='lat' dir='ltr'><strong>et</strong></span> <span class='ocrx_word' id='word_1_845' title='bbox 3254 4958 3595 5003; x_wconf 79' lang='lat' dir='ltr'><strong>monstruosa</strong></span> <span class='ocrx_word' id='word_1_846' title='bbox 3643 4968 3778 5023; x_wconf 74' lang='lat' dir='ltr'><strong>spe-</strong></span> 
     </span>
    </p>
   </div>
   <div class='ocr_carea' id='block_1_110' title="bbox 2166 5039 3773 5111">
    <p class='ocr_par' dir='ltr' id='par_1_110' title="bbox 2166 5039 3773 5111">
     <span class='ocr_line' id='line_1_110' title="bbox 2166 5039 3773 5111; baseline -0.001 -12"><span class='ocrx_word' id='word_1_847' title='bbox 2166 5044 2577 5111; x_wconf 84' lang='lat' dir='ltr'><strong>cic_horribiles,</strong></span> <span class='ocrx_word' id='word_1_848' title='bbox 2606 5042 2838 5096; x_wconf 85' lang='lat' dir='ltr'><strong>ferarum</strong></span> <span class='ocrx_word' id='word_1_849' title='bbox 2869 5056 3079 5109; x_wconf 89' lang='lat' dir='ltr'><strong>quoque</strong></span> <span class='ocrx_word' id='word_1_850' title='bbox 3105 5050 3153 5093; x_wconf 92' lang='lat' dir='ltr'><strong>et</strong></span> <span class='ocrx_word' id='word_1_851' title='bbox 3187 5039 3515 5106; x_wconf 89' lang='lat' dir='ltr'><strong>serpentium</strong></span> <span class='ocrx_word' id='word_1_852' title='bbox 3540 5042 3773 5098; x_wconf 78' lang='lat' dir='ltr'><strong>referta</strong></span> 
     </span>
    </p>
   </div>
   <div class='ocr_carea' id='block_1_111' title="bbox 2166 5130 3771 5201">
    <p class='ocr_par' dir='ltr' id='par_1_111' title="bbox 2166 5130 3771 5201">
     <span class='ocr_line' id='line_1_111' title="bbox 2166 5130 3771 5201; baseline -0.003 -11"><span class='ocrx_word' id='word_1_853' title='bbox 2166 5147 2247 5190; x_wconf 90' lang='lat' dir='ltr'><strong>est</strong></span> <span class='ocrx_word' id='word_1_854' title='bbox 2264 5135 2615 5188; x_wconf 89' lang='lat' dir='ltr'><strong>multitudine.</strong></span> <span class='ocrx_word' id='word_1_855' title='bbox 2637 5135 2951 5201; x_wconf 86' lang='lat' dir='ltr'><strong>lllicquippe</strong></span> <span class='ocrx_word' id='word_1_856' title='bbox 2975 5132 3283 5183; x_wconf 84' lang='lat' dir='ltr'><strong>rhinoceros</strong></span> <span class='ocrx_word' id='word_1_857' title='bbox 3304 5130 3470 5183; x_wconf 88' lang='lat' dir='ltr'><strong>bestia</strong></span> <span class='ocrx_word' id='word_1_858' title='bbox 3488 5138 3539 5182; x_wconf 88' lang='lat' dir='ltr'><strong>et</strong></span> <span class='ocrx_word' id='word_1_859' title='bbox 3555 5146 3771 5187; x_wconf 81' lang='lat' dir='ltr'><strong>came-</strong></span> 
     </span>
    </p>
   </div>
   <div class='ocr_carea' id='block_1_112' title="bbox 2167 5219 3775 5293">
    <p class='ocr_par' dir='ltr' id='par_1_112' title="bbox 2167 5219 3775 5293">
     <span class='ocr_line' id='line_1_112' title="bbox 2167 5219 3775 5293; baseline 0 -18"><span class='ocrx_word' id='word_1_860' title='bbox 2167 5224 2441 5293; x_wconf 88' lang='lat' dir='ltr'><strong>lopardus,</strong></span> <span class='ocrx_word' id='word_1_861' title='bbox 2478 5223 2777 5285; x_wconf 86' lang='lat' dir='ltr'><strong>basiliscus,</strong></span> <span class='ocrx_word' id='word_1_862' title='bbox 2813 5223 3071 5273; x_wconf 88' lang='lat' dir='ltr'><strong>dracones</strong></span> <span class='ocrx_word' id='word_1_863' title='bbox 3108 5219 3381 5287; x_wconf 87' lang='lat' dir='ltr'><strong>ingentes,</strong></span> <span class='ocrx_word' id='word_1_864' title='bbox 3410 5234 3473 5270; x_wconf 76' lang='lat' dir='ltr'><strong>ex</strong></span> <span class='ocrx_word' id='word_1_865' title='bbox 3510 5234 3775 5286; x_wconf 86' lang='lat' dir='ltr'><strong>quorum</strong></span> 
     </span>
    </p>
   </div>
   <div class='ocr_carea' id='block_1_113' title="bbox 2169 5307 3782 5381">
    <p class='ocr_par' dir='ltr' id='par_1_113' title="bbox 2169 5307 3782 5381">
     <span class='ocr_line' id='line_1_113' title="bbox 2169 5307 3782 5381; baseline -0.003 -14"><span class='ocrx_word' id='word_1_866' title='bbox 2169 5314 2389 5367; x_wconf 88' lang='lat' dir='ltr'><strong>cerebro</strong></span> <span class='ocrx_word' id='word_1_867' title='bbox 2416 5327 2638 5381; x_wconf 65' lang='lat' dir='ltr'><strong>gemma:</strong></span> <span class='ocrx_word' id='word_1_868' title='bbox 2668 5311 3048 5373; x_wconf 75' lang='lat' dir='ltr'><strong>extrahuntur;</strong></span> <span class='ocrx_word' id='word_1_869' title='bbox 3093 5307 3413 5377; x_wconf 84' lang='lat' dir='ltr'><strong>hyacinthus</strong></span> <span class='ocrx_word' id='word_1_870' title='bbox 3449 5322 3694 5377; x_wconf 80' lang='lat' dir='ltr'><strong>quoque</strong></span> <span class='ocrx_word' id='word_1_871' title='bbox 3719 5319 3782 5367; x_wconf 66' lang='lat' dir='ltr'><strong>et</strong></span> 
     </span>
    </p>
   </div>
   <div class='ocr_carea' id='block_1_114' title="bbox 2165 5395 3781 5474">
    <p class='ocr_par' dir='ltr' id='par_1_114' title="bbox 2165 5395 3781 5474">
     <span class='ocr_line' id='line_1_114' title="bbox 2165 5395 3781 5474; baseline -0.008 -16"><span class='ocrx_word' id='word_1_872' title='bbox 2165 5402 2636 5474; x_wconf 81' lang='lat' dir='ltr'><strong>chrysoprasusibi</strong></span> <span class='ocrx_word' id='word_1_873' title='bbox 2664 5399 3016 5468; x_wconf 89' lang='lat' dir='ltr'><strong>reperiuntur,</strong></span> <span class='ocrx_word' id='word_1_874' title='bbox 3038 5397 3439 5451; x_wconf 88' lang='lat' dir='ltr'><strong>cinnamomum</strong></span> <span class='ocrx_word' id='word_1_875' title='bbox 3468 5395 3575 5449; x_wconf 86' lang='lat' dir='ltr'><strong>illic</strong></span> <span class='ocrx_word' id='word_1_876' title='bbox 3594 5398 3781 5457; x_wconf 73' lang='lat' dir='ltr'><strong>coni-</strong></span> 
     </span>
    </p>
   </div>
   <div class='ocr_carea' id='block_1_115' title="bbox 2164 5486 3782 5567">
    <p class='ocr_par' dir='ltr' id='par_1_115' title="bbox 2164 5486 3782 5567">
     <span class='ocr_line' id='line_1_115' title="bbox 2164 5486 3782 5567; baseline -0.006 -18"><span class='ocrx_word' id='word_1_877' title='bbox 2164 5496 2325 5567; x_wconf 91' lang='lat' dir='ltr'><strong>gitur.</strong></span> <span class='ocrx_word' id='word_1_878' title='bbox 2346 5495 2472 5549; x_wconf 74' lang='lat' dir='ltr'><strong>Duce</strong></span> <span class='ocrx_word' id='word_1_879' title='bbox 2496 5502 2618 5547; x_wconf 91' lang='lat' dir='ltr'><strong>sunt</strong></span> <span class='ocrx_word' id='word_1_880' title='bbox 2638 5500 2816 5544; x_wconf 90' lang='lat' dir='ltr'><strong>autem</strong></span> <span class='ocrx_word' id='word_1_881' title='bbox 2836 5488 3141 5556; x_wconf 52' lang='lat' dir='ltr'><strong>ﬁtbiopize,</strong></span> <span class='ocrx_word' id='word_1_882' title='bbox 3158 5501 3261 5539; x_wconf 92' lang='lat' dir='ltr'><strong>una</strong></span> <span class='ocrx_word' id='word_1_883' title='bbox 3284 5486 3430 5539; x_wconf 84' lang='lat' dir='ltr'><strong>circa</strong></span> <span class='ocrx_word' id='word_1_884' title='bbox 3455 5494 3657 5540; x_wconf 87' lang='lat' dir='ltr'><strong>ortum</strong></span> <span class='ocrx_word' id='word_1_885' title='bbox 3675 5506 3782 5545; x_wconf 73' lang='lat' dir='ltr'><strong>so—</strong></span> 
     </span>
    </p>
   </div>
   <div class='ocr_carea' id='block_1_116' title="bbox 2164 5572 3783 5647">
    <p class='ocr_par' dir='ltr' id='par_1_116' title="bbox 2164 5572 3783 5647">
     <span class='ocr_line' id='line_1_116' title="bbox 2164 5572 3783 5647; baseline -0.009 -11"><span class='ocrx_word' id='word_1_886' title='bbox 2164 5585 2251 5647; x_wconf 89' lang='lat' dir='ltr'><strong>lis,</strong></span> <span class='ocrx_word' id='word_1_887' title='bbox 2283 5583 2445 5637; x_wconf 87' lang='lat' dir='ltr'><strong>altera</strong></span> <span class='ocrx_word' id='word_1_888' title='bbox 2463 5584 2603 5635; x_wconf 89' lang='lat' dir='ltr'><strong>circa</strong></span> <span class='ocrx_word' id='word_1_889' title='bbox 2628 5593 2877 5633; x_wconf 87' lang='lat' dir='ltr'><strong>occasum</strong></span> <span class='ocrx_word' id='word_1_890' title='bbox 2894 5577 2944 5630; x_wconf 90' lang='lat' dir='ltr'><strong>in</strong></span> <span class='ocrx_word' id='word_1_891' title='bbox 2963 5574 3299 5629; x_wconf 84' lang='lat' dir='ltr'><strong>Mauritania.</strong></span> <span class='ocrx_word' id='word_1_892' title='bbox 3326 5572 3493 5626; x_wconf 76' lang='lat' dir='ltr'><strong>Extra</strong></span> <span class='ocrx_word' id='word_1_893' title='bbox 3512 5581 3642 5629; x_wconf 86' lang='lat' dir='ltr'><strong>tres</strong></span> <span class='ocrx_word' id='word_1_894' title='bbox 3668 5593 3783 5631; x_wconf 77' lang='lat' dir='ltr'><strong>an-</strong></span> 
     </span>
    </p>
   </div>
   <div class='ocr_carea' id='block_1_117' title="bbox 2168 5664 3783 5745">
    <p class='ocr_par' dir='ltr' id='par_1_117' title="bbox 2168 5664 3783 5745">
     <span class='ocr_line' id='line_1_117' title="bbox 2168 5664 3783 5745; baseline -0.004 -15"><span class='ocrx_word' id='word_1_895' title='bbox 2168 5688 2271 5730; x_wconf 75' lang='lat' dir='ltr'><strong>tum</strong></span> <span class='ocrx_word' id='word_1_896' title='bbox 2308 5684 2485 5745; x_wconf 85' lang='lat' dir='ltr'><strong>partes</strong></span> <span class='ocrx_word' id='word_1_897' title='bbox 2510 5674 2653 5728; x_wconf 86' lang='lat' dir='ltr'><strong>orbis</strong></span> <span class='ocrx_word' id='word_1_898' title='bbox 2684 5680 2872 5741; x_wconf 81' lang='lat' dir='ltr'><strong>quarta</strong></span> <span class='ocrx_word' id='word_1_899' title='bbox 2899 5683 3024 5739; x_wconf 85' lang='lat' dir='ltr'><strong>pars</strong></span> <span class='ocrx_word' id='word_1_900' title='bbox 3047 5676 3195 5721; x_wconf 88' lang='lat' dir='ltr'><strong>trans</strong></span> <span class='ocrx_word' id='word_1_901' title='bbox 3218 5664 3495 5720; x_wconf 84' lang='lat' dir='ltr'><strong>Oceanum</strong></span> <span class='ocrx_word' id='word_1_902' title='bbox 3526 5666 3783 5723; x_wconf 79' lang='lat' dir='ltr'><strong>interior</strong></span> 
     </span>
    </p>
   </div>
  </div>
