3930 6354
1166 360 1253 416 DE
1290 361 1637 419 UNlV‘EllSO
1672 363 1849 419 LlBRl
1892 361 2052 417 XX".
2094 392 2161 401 -—-
2202 361 2329 418 LIB.
2370 361 2483 419 ΧΠ.

3358 358 3464 416 ’554

200 469 251 523 in
274 468 698 538 meridie,qu:ea
722 470 849 525 solis
874 470 1067 525 ardore
1094 471 1367 541 incognita
1396 473 1551 527 nobis
1580 481 1681 535 est,
1711 474 1762 527 in
1795 480 1841 536 Α
1870 474 2188 543 periuntur:
2234 475 2353 529 ideo
2397 491 2502 530 non
2542 474 2810 529 credimus
2845 474 2896 529 in
2932 473 3035 531 hoc
3074 490 3236 544 opere
3272 493 3461 533 neces-

198 560 344 629 cujus
374 559 575 613 finibus
599 560 890 629 Antipodas
913 560 1154 614 fabulose
1188 560 1491 615 inhabitare
1528 563 1769 629 proluu-

199 660 299 704 tur.
321 650 576 704 Proxima
603 660 778 705 autem
806 648 1073 719 l'ispaniaa
1098 650 1418 704 Mauritania
1446 661 1551 714 est,
1578 652 1770 705 deinde

195 736 458 805 Numidia,
496 740 621 794 inde
647 738 1080 807 Carthaginiensis
1100 778 1113 800 ,
1143 748 1264 807 post
1303 755 1466 808 quam
1500 738 1769 794 Getuliam

196 831 511 898 accipimus,
538 840 724 899 postea
746 829 1099 897 EthiOpiam,
1124 828 1248 881 inde
1283 828 1399 883 loca
1423 839 1610 882 exusta
1639 829 1770 883 solis

194 922 491 975 ardoribus.
542 920 827 975 Sciendum
859 934 988 972 sane
1023 917 1161 987 quod
1194 918 1438 986 qumdam
1479 917 1769 985 provincia:

191 1015 416 1083 primum
447 1014 513 1067 de
540 1014 756 1068 nomine
782 1011 1018 1064 auctoris
1047 1009 1325 1077 appellata:
1369 1018 1543 1071 erant,
1581 1017 1767 1078 postea

192 1120 220 1158 a
250 1104 525 1174 provincia
572 1102 715 1173 genti
765 1117 960 1155 nomen
990 1108 1074 1153 est
1110 1099 1331 1153 factum.
1378 1099 1509 1153 Nam
1541 1100 1608 1153 ab
1638 1100 1767 1153 italo

192 1192 354 1256 italia,
380 1200 435 1245 et
477 1206 669 1245 rursus
694 1188 935 1245 abitalia
976 1187 1167 1249 Italus,
1199 1196 1255 1240 et
1286 1188 1364 1241 sic
1405 1187 1610 1239 utimur
1652 1186 1768 1255 ipso

193 1281 399 1337 nomine
426 1282 625 1351 gentis,
654 1280 921 1349 quomodo
956 1276 1056 1330 fuit
1084 1278 1258 1346 ipsum
1286 1292 1481 1331 nomen
1507 1278 1765 1340 auctoris,

188 1371 323 1425 unde
343 1370 647 1423 derivatum
669 1378 751 1423 est
773 1381 964 1422 nomen
988 1366 1298 1435 provinciaz.
1324 1366 1400 1419 Ex
1423 1381 1531 1435 quo
1548 1367 1766 1432 accidit,

191 1476 252 1515 ex
279 1476 383 1515 uno
432 1461 655 1514 homine
694 1458 969 1513 nominare
1007 1455 1281 1510 civitatem
1317 1465 1372 1510 et
1415 1456 1686 1525 regionem
1716 1465 1771 1511 et

192 1561 414 1620 gentem.
448 1550 751 1605 Provinciae
781 1557 959 1601 autem
986 1561 1048 1600 ex
1074 1560 1237 1601 causa
1274 1545 1589 1599 vocabulum
1616 1560 1770 1599 acce-

192 1651 394 1711 perunt.
439 1640 782 1709 Principatus
816 1651 1045 1706 namque
1070 1636 1309 1705 gentium
1341 1636 1465 1703 quia
1507 1636 1570 1688 ad
1613 1650 1769 1704 reges

190 1734 314 1787 alios
336 1733 703 1802 pertinebant,
736 1745 857 1783 cum
881 1729 933 1782 in
952 1728 1042 1795 jus
1067 1743 1222 1781 suum
1251 1726 1477 1779 Romani
1502 1726 1767 1780 vincendo

1874 564 2077 615 sarium
2109 578 2227 617 esse
2250 578 2436 617 earum
2470 565 2685 617 nomina
2726 566 2965 633 reperire
2996 579 3169 634 posse.
3203 565 3459 623 Attamen

1873 654 2225 720 quarumdam
2270 667 2452 706 earum
2503 654 2589 707 hic
2622 655 2970 725 etymologias
3023 657 3315 709 secundum
3347 672 3461 711 ma-

1870 739 2042 807 jorum
2079 741 2421 795 traditionem
2469 758 2668 811 ponere
2710 760 2813 798 non
2853 746 3015 815 piget,
3053 745 3178 814 quia
3227 744 3461 801 fortasse

1870 832 2059 888 lectori
2083 840 2293 903 gratum
2322 842 2424 896 est,
2467 835 2510 888 si
2540 837 2664 904 quid
2711 836 2833 891 inde
2863 838 2914 889 in
2940 839 3041 891 hoc
3067 836 3324 905 opusculo
3358 851 3459 891 nos

1871 930 1985 977 stre
2008 922 2288 990 reperierit
2320 924 2597 986 dictatum,
2630 940 2748 977 cum
2783 926 2904 980 inde
2938 926 3134 979 habeat
3176 926 3458 978 materiam

1871 1013 1939 1067 ad
1994 1014 2289 1082 spiritalem
2321 1014 2726 1084 intelligentiam
2776 1033 2963 1071 earnm
3012 1018 3219 1087 signilic
3258 1020 3456 1073 tionem

1871 1102 2253 1167 transferendi,
2296 1105 2339 1158 si
2367 1104 2559 1158 alicubi
2588 1106 2635 1158 ei
2666 1116 3025 1174 opportunum
3065 1108 3239 1159 visum
3276 1106 3456 1160 fuerit.

1870 1191 2008 1247 Chio
2044 1193 2214 1247 insula
2246 1203 2369 1248 ante
2400 1194 2727 1264 Bithyniam,
2752 1212 2911 1264 quam
2940 1195 3045 1263 iam
3078 1198 3239 1264 aliqui
3270 1197 3459 1250 Chiam

1873 1282 2295 1351 appellaverunt.
2348 1284 2551 1339 Gindus
2603 1286 2773 1339 insula
2822 1294 3007 1339 contra
3058 1263 3242 1339 Asiam
3289 1302 3301 1338 :
3344 1287 3459 1339 lucc

1872 1372 2259 1440 interpretatur
2304 1376 2488 1428 utentis
2537 1392 2794 1429 excessus.
2824 1376 3033 1430 Micilize
3064 1376 3235 1430 insula
3267 1384 3456 1430 contra

1870 1462 2058 1516 Asiam
2088 1479 2118 1515 a
2150 1464 2376 1530 septimo
2409 1464 2678 1519 milliario.
2721 1465 2845 1519 llzec
2874 1466 3263 1535 interpretatur
3289 1466 3351 1517 dc
3378 1466 3459 1516 in-

1871 1552 2139 1620 ﬁrmitate,
2165 1553 2277 1606 sive
2297 1553 2600 1606 mandatum
2625 1554 2957 1607 humilitatis.
2984 1555 3354 1608 Samothracia
3377 1561 3460 1607 est
3518 1584 3521 1587 ν

1872 1642 2044 1695 insula
2084 1644 2135 1696 in
2169 1642 2396 1699 Pathmo
2442 1644 2581 1698 sinu.
2638 1646 2913 1699 Britannia
2942 1646 3140 1701 Oceani
3171 1646 3342 1700 insula
3376 1646 3459 1699 in-

1873 1733 2079 1789 terfuso
2100 1735 2235 1789 mari
2262 1751 2293 1788 a
2327 1743 2439 1790 toto
2465 1736 2595 1789 orbe
2625 1737 2815 1799 divisa,
2842 1751 2870 1789 a
2896 1737 3157 1790 vocabulo
3193 1753 3303 1790 sua:
3331 1752 3458 1805 gen-

191 1824 523 1892 mdegemmo
558 1819 745 1891 Ρτοευι
790 1818 994 1889 Ροδίίθδ
1025 1816 1273 1887 regiones
1322 1816 1630 1886 ιηὀνῐηείίιδ
1675 1830 1767 1883 ίῳ·
1797 1809 1843 1867 Β
1874 1826 1943 1880 tis
1977 1826 2372 1896 cognominata.
2426 1826 2549 1881 llzec
2596 1828 2822 1881 adversa
2867 1827 3161 1882 Galliarum
3203 1836 3356 1897 parte
3391 1828 3460 1881 ad

189 1914 537 1985 pcllaverunt.
598 1912 776 1967 Patria
819 1920 996 1965 autem
1041 1918 1256 1973 vocata,
1289 1910 1431 1978 quod
1460 1908 1766 1962 communis

190 2006 253 2058 sit
276 2004 542 2068 omnium,
573 2005 666 2072 qui
702 2005 756 2056 in
783 2017 847 2055 ea
877 2002 987 2054 nati
1021 2009 1165 2055 sunt.
1200 2000 1366 2052 Terra
1398 2008 1578 2053 autem
1603 1998 1771 2067 signi-

190 2096 305 2151 ficat
330 2097 410 2166 (ut
434 2092 806 2164 ptmdiximus)
837 2093 1160 2147 elementum
1182 2130 1196 2156 ,
1231 2099 1406 2144 terras
1435 2103 1562 2143 vero
1589 2088 1772 2158 singu-

189 2186 262 2239 las
281 2194 482 2254 partes,
512 2193 573 2237 ut
594 2183 795 2247 Africa,
826 2182 995 2246 Italia,
1022 2182 1211 2236 eadem
1233 2188 1287 2234 et
1317 2180 1451 2234 loca.
1486 2178 1621 2232 Nam
1650 2177 1768 2231 loca

191 2284 242 2330 et
278 2284 430 2329 terra?
462 2276 639 2345 Spatia
672 2276 723 2328 in
752 2275 882 2328 orbe
909 2282 1175 2327 terrarum
1204 2271 1398 2326 multas
1428 2272 1480 2325 in
1512 2286 1571 2325 se
1599 2270 1772 2325 conti-

190 2378 310 2421 nent
352 2367 666 2437 provincias
693 2384 705 2419 :
732 2367 869 2421 sicut
912 2380 1140 2433 corpore
1182 2364 1331 2419 locus
1370 2372 1453 2417 est
1496 2378 1621 2431 pars
1663 2376 1769 2414 una

190 2456 347 2511 multa
371 2457 423 2509 in
448 2471 508 2509 se
530 2456 816 2509 continens
847 2456 1109 2518 membra,
1142 2455 1280 2508 sicut
1304 2463 1358 2507 et
1382 2454 1572 2507 domus
1603 2452 1767 2505 multa

189 2548 239 2602 in
266 2564 323 2602 se
352 2547 564 2601 habens
589 2544 856 2611 cubicula,
880 2545 958 2599 sic
985 2552 1145 2598 terra:
1166 2552 1221 2599 et
1240 2543 1357 2598 loca
1380 2542 1633 2598 dicuntur
1652 2558 1772 2612 spa-

188 2641 276 2705 tia,
292 2656 527 2711 quorum
542 2646 722 2710 partes
738 2647 863 2694 sunt
882 2637 1174 2707 provinciae
1191 2655 1203 2691 :
1220 2636 1361 2690 sicut
1376 2636 1427 2689 in
1443 2635 1593 2700 Asia,
1608 2635 1774 2703 Phry-

187 2732 286 2805 gia,
304 2733 356 2786 in
385 2732 628 2800 Europa,
660 2729 855 2795 Gallia,
875 2730 1068 2784 Rhetia
1091 2770 1105 2794 ,
1143 2730 1196 2783 in
1225 2729 1482 2799 Hispania
1503 2770 1518 2795 ,
1544 2728 1767 2784 Baetica.

190 2824 314 2877 Nam
327 2823 452 2878 Asia
479 2824 635 2877 locus
654 2831 759 2886 est,
774 2821 1050 2890 provincra
1068 2820 1205 2876 Asia:
1218 2820 1449 2891 Phrygia
1472 2838 1484 2873 :
1504 2819 1663 2888 Troja
1687 2834 1772 2873 re-

189 2914 267 2982 gio
282 2912 554 2982 Pbrygim,
576 2910 727 2965 llium
744 2910 936 2965 civitas
956 2909 1148 2978 Trojae.
1171 2910 1302 2964 Item
1323 2912 1571 2978 regiones
1590 2918 1772 2980 partes

193 3012 305 3055 sunt
319 3000 745 3071 provinciarum,
762 3014 898 3069 quas
914 2999 1101 3068 vulgus
1116 3009 1412 3053 conventus
1434 3006 1611 3061 vocat,
1632 2999 1773 3052 sicut

192 3092 239 3145 in
255 3091 481 3162 Phrygia
504 3089 687 3157 Troja,
707 3091 843 3143 sicut
862 3089 914 3141 in
938 3086 1183 3151 Gallicia,
1198 3088 1513 3152 Cantabria,
1529 3087 1765 3141 Asturia.

190 3182 228 3235 Α
245 3182 544 3235 rectoribus
570 3189 749 3234 autem
778 3180 924 3249 regio
950 3187 1255 3249 nuncupata
1278 3190 1381 3242 est,
1408 3178 1561 3245 cujus
1588 3187 1769 3247 partes

190 3273 452 3328 territoria
467 3280 625 3334 sunt;
648 3270 977 3324 territorium
991 3278 1171 3322 autem
1188 3277 1435 3323 vocatum
1448 3309 1461 3333 ,
1481 3268 1635 3338 quasi
1660 3275 1770 3321 tau-

188 3362 424 3415 ritorinm
442 3362 634 3414 tritum
647 3358 819 3412 bobus
830 3365 883 3411 et
900 3366 1101 3412 aratro.
1117 3357 1335 3426 Antiqui
1356 3357 1500 3411 enim
1515 3357 1664 3411 sulco
1680 3357 1772 3410 du-

188 3460 268 3504 cto
287 3460 337 3503 et
364 3448 770 3519 possessionum
798 3455 852 3501 et
877 3446 1271 3501 territoriorum
1302 3444 1499 3499 limites
1527 3444 1769 3515 designa-

188 3542 326 3596 bant.

806 3629 1032 3685 CAPUT
1073 3627 1136 3682 V.

824 3722 897 3775 De
923 3721 1130 3776 insulis.

253 3818 438 3873 Insula:
470 3817 647 3880 dictae,
680 3816 821 3883 quod
867 3815 920 3867 in
962 3815 1075 3868 salo
1119 3813 1245 3875 sint,
1278 3810 1329 3865 id
1378 3817 1480 3874 est,
1533 3809 1585 3863 in
1632 3808 1768 3863 mari

187 3914 364 3981 posita:
389 3952 404 3975 ,
439 3926 561 3979 quae
594 3909 646 3961 in
676 3907 923 3977 plurimis
964 3906 1097 3960 locis
1138 3920 1307 3959 sacra:
1354 3900 1645 3970 Scriptura:
1677 3908 1769 3951 aut

188 4000 451 4056 Ecclesias
472 3998 673 4053 Christi
706 3995 1030 4066 significant,
1058 4002 1149 4047 aut
1173 3991 1476 4062 specialiter
1501 3987 1769 4059 quoslibet

188 4101 396 4144 sanctos
444 4091 610 4151 viros,
667 4087 757 4155 qui
808 4085 1103 4139 tunduntur
1145 4082 1393 4136 fluctibus
1441 4079 1769 4150 persecutio-

188 4198 306 4234 num
328 4223 341 4245 ,
374 4180 472 4234 sed
501 4196 607 4233 non
644 4178 1011 4240 destruuntur,
1036 4175 1164 4244 quia
1191 4189 1220 4227 a
1250 4174 1360 4228 Deo
1389 4181 1764 4243 proteguntur.

186 4272 313 4325 Nam
361 4273 414 4325 in
459 4270 712 4340 psalterio
755 4269 1015 4337 scriptum
1051 4274 1135 4321 est
1165 4285 1177 4319 :
1209 4265 1468 4318 Dominus
1515 4264 1763 4333 regnavit,

188 4363 398 4416 exsultet
436 4373 598 4425 terra,
651 4360 891 4414 [tutentur
933 4356 1122 4411 insula:
1164 4355 1342 4409 multa:
1388 4353 1558 4423 (Psal.
1596 4352 1763 4422 xcvr).

187 4452 462 4522 Beguante
518 4452 698 4519 itaque
746 4449 973 4502 Domino
1001 4463 1099 4516 per
1140 4454 1307 4500 totum
1360 4446 1616 4498 mundum
1656 4444 1763 4497 dis-

187 4544 365 4613 posita:
408 4542 654 4596 lzetentur
684 4537 936 4592 Ecclesize
965 4554 977 4589 :
1008 4551 1127 4605 qua:
1157 4535 1349 4588 merito
1383 4533 1571 4587 insulis
1611 4548 1758 4586 com-

184 4641 461 4701 parantur,
503 4629 629 4697 quia
681 4626 864 4681 mundi
913 4625 1161 4704 fluctibus
1211 4624 1426 4677 ambitae
1478 4623 1762 4677 circumla-

190 4723 441 4775 trantium
490 4719 924 4789 persecutionum
976 4718 1362 4771 numerositate
1419 4716 1759 4771 tunduntur:

187 4814 274 4867 sed
316 4812 454 4866 sicut
498 4812 613 4863 ista:
663 4809 1005 4863 s:evientibus
1040 4808 1287 4861 ﬂuctibus
1325 4807 1567 4861 nesciunt
1617 4806 1757 4869 lzedi,

188 4904 257 4955 ita
307 4917 408 4956 nec
452 4910 655 4954 sancta:
700 4900 951 4953 Ecclesia:
980 4898 1471 4969 perturbationibus
1511 4898 1762 4951 adversa-

190 5001 383 5054 riorum
421 5000 716 5068 probantur
753 4998 1017 5051 immunes
1053 5014 1064 5048 :
1097 4996 1225 5062 quin
1267 4994 1445 5063 potius
1485 4992 1604 5045 illos
1651 4990 1761 5045 suis

190 5089 429 5142 cautibus
475 5088 750 5156 frangunt,
797 5086 887 5155 qui
928 5085 981 5138 in
1033 5099 1126 5137 eas
1172 5083 1391 5137 undosis
1438 5080 1761 5135 culminibus

192 5178 477 5232 irruerunt.
530 5177 595 5230 Et
637 5178 753 5230 vide
798 5177 920 5246 quia
970 5176 1099 5229 dicit
1144 5174 1345 5237 multa},
1395 5189 1500 5226 non
1550 5188 1759 5236 omnes,

192 5278 404 5337 propter
465 5267 746 5320 hzcreticas
801 5266 1114 5335 pravitates,
1170 5264 1260 5332 qui
1312 5263 1589 5316 erroribus
1648 5262 1760 5316 suis

193 5360 546 5414 Ecclesiarum
598 5372 787 5411 nomen
841 5358 1140 5427 imponunt.
1193 5355 1324 5409 ltem
1372 5355 1563 5416 insula,
1611 5356 1760 5422 plele

191 5447 386 5513 ludam,
437 5458 498 5503 ut
548 5450 601 5501 in
652 5448 964 5501 Ezechiele:
1001 5445 1109 5499 Fili
1152 5446 1397 5510 hominis,
1437 5446 1644 5515 loquere
1690 5447 1758 5498 ad

192 5541 499 5593 habitatores
531 5539 714 5591 insula:
744 5537 955 5608 (Ezech.
995 5538 1204 5605 χχχιχ).
1238 5536 1376 5590 Sunt
1404 5538 1618 5606 quidem
1645 5537 1759 5605 plu-

196 5632 336 5685 rima:
360 5629 550 5683 insulas
581 5627 806 5695 propriis
855 5625 1159 5680 nominibus
1194 5635 1416 5689 vocatte,
1446 5626 1536 5679 sed
1574 5626 1757 5693 paucis

194 5723 315 5775 locis
357 5724 407 5774 iu
438 5719 735 5786 Scripturis
776 5720 941 5773 sacris
966 5732 1151 5772 eorum
1203 5718 1414 5771 nomina
1464 5717 1635 5784 posita
1666 5731 1751 5770 re—

1871 1927 2216 1985 prospectum
2242 1918 2510 1987 Hispania:
2538 1920 2639 1973 sita
2668 1928 2770 1974 est.
2794 1920 3062 1974 Circuitus
3090 1918 3205 1986 ejus
3225 1922 3458 1989 quadra-

1870 2003 1984 2072 gies
2013 2003 2184 2058 octies
2210 2004 2549 2075 septuaginta
2578 2006 2815 2073 quinque
2845 2005 3028 2058 millia.
3064 2005 3224 2057 Multa
3255 2014 3308 2058 et
3341 2021 3456 2058 ma-

1869 2109 1971 2164 gna
2022 2094 2242 2150 ﬂumina
2288 2096 2342 2149 in
2371 2111 2454 2159 ea,
2497 2095 2674 2151 fontes
2709 2096 2886 2159 calidi,
2937 2096 3273 2150 metallorum
3307 2095 3457 2165 larga

1868 2192 1925 2238 et
1953 2185 2100 2239 varia
2132 2186 2307 2254 copia,
2338 2196 2556 2254 gagates
2584 2186 2719 2254 lapis
2752 2187 2823 2239 ibi
2854 2186 3138 2254 plurimus,
3169 2194 3225 2239 ct
3252 2199 3460 2255 marga-

1870 2277 2004 2331 ritae.
2033 2277 2306 2333 Thanatos
2336 2277 2509 2333 insula
2538 2278 2735 2333 Oceani
2762 2278 2898 2332 freto
2913 2277 3098 2332 Galliae
3124 2293 3153 2329 a
3183 2276 3460 2330 Britannia

1869 2377 2154 2438 separata,
2206 2367 2574 2425 frumentariis
2613 2370 2817 2439 campis
2868 2376 2923 2422 et
2969 2368 3125 2438 gleba
3164 2368 3457 2420 uberrima.

1872 2460 2021 2515 Dicta
2050 2470 2230 2515 autem
2245 2461 2518 2516 Thanatos
2541 2477 2569 2515 a
2600 2471 2775 2515 morte
2802 2468 3132 2529 serpentum,
3162 2473 3298 2527 quos
3332 2458 3458 2511 dum

1872 2555 1986 2624 ipsa
2018 2556 2251 2619 nesciat,
2282 2563 2557 2623 asportata
2604 2555 2728 2609 inde
2776 2561 2918 2607 terra
2971 2566 3184 2620 quoque
3220 2550 3458 2619 gentium

1870 2655 2024 2701 vecta
2075 2647 2164 2711 sit,
2208 2660 2408 2713 angues
2438 2645 2578 2699 illico
2607 2644 2841 2714 perimit.
2868 2642 3035 2712 Thyle
3066 2640 3251 2693 ultima
3286 2638 3457 2693 insula

1872 2734 2070 2790 Oceani
2094 2734 2231 2788 inter
2261 2733 2736 2802 septentrionalem
2759 2740 2813 2786 et
2839 2729 3225 2785 occidentalem
3246 2728 3460 2796 plagam

1872 2826 2011 2879 ultra
2051 2825 2405 2886 Britanniam,
2437 2840 2465 2878 a
2507 2825 2619 2878 sole
2664 2838 2859 2877 nomen
2902 2822 3127 2883 habens,
3156 2819 3280 2887 quia
3310 2818 3363 2871 in
3393 2830 3455 2869 ea

1872 2915 2116 2970 aestivum
2162 2914 2447 2968 solstitium
2496 2914 2575 2967 sol
2622 2912 2782 2975 facit,
2826 2920 2881 2965 ut
2926 2910 3143 2979 quidam
3173 2908 3379 2971 dicunt,
3406 2913 3460 2959 et

1874 3003 2056 3057 nullus
2104 3002 2244 3055 ultra
2277 3017 2397 3055 eam
2425 3002 2539 3055 dies
2585 3010 2689 3064 est,
2728 3000 2867 3054 unde
2897 3006 2953 3053 et
2977 2998 3189 3067 pigrum
3236 3003 3291 3049 et
3330 3008 3459 3048 cou-

1877 3101 2081 3149 cretum
2117 3102 2202 3147 est
2240 3094 2357 3161 ejus
2388 3106 2555 3146 mare.
2600 3091 2836 3147 Oreades
2868 3088 3055 3142 insulae
3089 3084 3286 3141 Oceani
3319 3083 3457 3138 ultra

1871 3183 2205 3237 Britanniam
2249 3182 2457 3251 posita,
2505 3196 2729 3235 numero
2758 3179 2845 3241 55,
2879 3192 3103 3247 quarum
3130 3174 3199 3227 20
3229 3174 3457 3228 deserta:

1870 3281 2016 3337 sunt,
2058 3271 2316 3326 tredecim
2345 3271 2613 3325 coluntur.
2666 3268 2869 3331 Seotia,
2904 3266 3091 3321 eadem
3138 3272 3192 3317 et
3220 3262 3453 3325 lbernia,

1868 3365 2113 3435 proxima
2137 3364 2424 3417 Britannia:
2445 3362 2641 3426 insula,
2663 3360 2837 3430 spatio
2859 3369 3123 3413 terrarum
3155 3356 3453 3426 angustior,

1868 3457 1964 3511 sed
2014 3456 2119 3510 situ
2163 3454 2461 3509 fecundior.
2513 3453 2639 3508 llazc
2679 3454 2745 3507 ab
2783 3442 2965 3505 Africo'
2996 3452 3047 3503 in
3078 3450 3302 3503 Boream
3334 3462 3458 3517 por-

1869 3548 2080 3618 rigitur.
2132 3547 2297 3616 Cujus
2328 3554 2509 3614 partes
2564 3546 2773 3614 priores
2827 3543 3095 3607 lberiam,
3148 3549 3203 3594 et
3261 3539 3460 3595 Canta-

1866 3636 2075 3690 bricum
2107 3649 2369 3689 oceanum
2418 3636 2721 3689 intendunt.
2760 3633 2911 3689 Unde
2951 3642 3005 3687 et
3039 3630 3248 3685 lbernia
3289 3630 3452 3683 dicta.

1870 3727 2051 3782 Scotia
2088 3737 2290 3789 autem,
2324 3724 2465 3795 quod
2505 3726 2571 3778 ah
2616 3722 2900 3778 Scotorum
2951 3721 3199 3790 gentibus
3240 3718 3454 3782 colitur,

1869 3818 2151 3887 appellata.
2200 3816 2313 3871 Illic
2355 3816 2498 3869 nulla
2542 3815 2753 3883 anguis,
2792 3813 2908 3866 avis
2949 3826 3097 3874 rara,
3126 3810 3241 3879 apis
3287 3808 3451 3869 nulla,

1868 3911 2003 3962 adeo
2032 3918 2089 3959 ut
2118 3909 2370 3961 advectos
2420 3908 2540 3961 inde
2580 3905 2824 3975 pulveres
2866 3919 2963 3958 seu
3002 3902 3213 3971 lapillos
3255 3901 3300 3955 si
3332 3899 3455 3969 quis

1868 4000 1993 4055 alibi
2044 4000 2305 4066 sparserit
2356 3998 2496 4051 inter
2547 3996 2801 4057 alvearia,
2840 3992 3087 4047 examina
3129 3991 3456 4044 favosdese-

1867 4100 2007 4146 rant.
2026 4090 2204 4144 Gades
2233 4088 2406 4142 insula
2434 4089 2487 4142 in
2517 4086 2622 4141 fine
2643 4087 2851 4140 Bmticze
2867 4084 3154 4155 provincire
3186 4083 3308 4146 sila,
3338 4097 3456 4150 qua:

1866 4185 2069 4240 dirimit
2093 4183 2361 4252 Europam
2390 4182 2457 4235 ab
2482 4180 2685 4243 Africa,
2712 4181 2765 4233 in
2790 4194 2895 4248 qua
2928 4176 3170 4231 llerculis
3191 4176 3455 4230 columna:

1864 4276 2134 4336 visuntur,
2167 4282 2219 4325 et
2272 4272 2413 4326 unde
2439 4270 2702 4341 Tyrrheni
2752 4268 2917 4323 maris
2970 4266 3213 4321 faucibus
3262 4264 3452 4319 oceani

1864 4376 2028 4422 aestus
2075 4364 2399 4419 immittitur.
2444 4362 2540 4415 Est
2578 4371 2757 4413 autem
2788 4375 2817 4411 a
2846 4356 3249 4413 continentilus
3294 4354 3454 4407 terris

1867 4465 2081 4513 centum
2113 4453 2301 4523 viginti
2338 4450 2583 4519 passibus
2613 4449 2804 4511 divisa,
2829 4462 2990 4515 quam
3015 4445 3186 4516 Tyrii,
3217 4461 3244 4497 a
3269 4443 3452 4497 Rubro

1866 4544 2093 4618 profecti
2121 4543 2277 4605 mari,
2312 4546 2663 4609 occupantes,
2708 4537 2760 4590 in
2805 4536 2985 4605 lingua
3027 4550 3121 4587 sua
3169 4533 3353 4597 Gadir,
3401 4533 3451 4584 id

1869 4646 1971 4702 est,
2015 4649 2197 4705 sepem
2225 4632 2661 4691 nominaverunt,
2692 4642 2789 4695 pro
2828 4640 2893 4680 eo
2918 4624 3059 4693 quod
3092 4624 3448 4689 circumsepla

1869 4728 1939 4782 sit
1966 4725 2102 4780 mari
2139 4744 2149 4777 :
2191 4722 2430 4777 nascitur
2460 4720 2512 4773 in
2550 4733 2611 4771 ea
2644 4718 2803 4771 arbor
2831 4714 3021 4769 similis
3050 4713 3261 4782 palmre,
3296 4709 3451 4777 cujus

1869 4816 2103 4888 gummis
2149 4813 2405 4867 infectum
2436 4810 2633 4862 vitrum
2683 4806 2989 4861 cerauniam
3018 4816 3283 4872 gemmam
3329 4800 3447 4852 red-

1870 4906 1966 4961 dit.
1996 4904 2305 4959 Fortunatze
2340 4900 2525 4954 insulae
2554 4896 2813 4952 vocabulo
2854 4910 2951 4949 suo
2979 4892 3285 4963 significant
3326 4905 3442 4943 om-

1869 4997 1958 5050 nia
2004 4994 2143 5047 ferre
2190 4994 2328 5045 bona
2360 5032 2374 5054 ,
2423 4989 2578 5059 quasi
2634 4988 2817 5041 felices
2865 4994 2915 5039 et
2954 4984 3125 5038 beata:
3171 4980 3443 5036 fructuum

1868 5088 2129 5141 ubertate.
2181 5085 2381 5151 Suapte
2430 5082 2571 5136 enim
2632 5088 2825 5134 natura
2883 5077 3240 5146 pretiosarum
3286 5089 3443 5143 poma

1868 5175 2122 5229 silvarum
2152 5174 2487 5242 parturiunt,
2540 5170 2773 5223 fortuitis
2813 5166 3011 5220 vitibus
3059 5164 3184 5233 juga
3230 5162 3445 5218 collium

1867 5268 2187 5329 vestiuntur,
2218 5266 2281 5319 ad
2310 5267 2599 5320 herbarum
2635 5264 2805 5317 vicem
2834 5262 3027 5315 messis
3055 5269 3107 5313 et
3142 5259 3260 5313 olus
3289 5257 3445 5327 volgo

1866 5365 1966 5410 est.
1984 5356 2131 5410 Unde
2152 5355 2428 5425 gentilium
2444 5369 2599 5408 error
2624 5360 2677 5407 et
2700 5351 3038 5407 sazcularium
3061 5349 3300 5403 carmina
3318 5362 3446 5415 poe-

1863 5455 2038 5499 tarqu
2072 5453 2291 5515 propter
2326 5443 2424 5499 soli
2449 5443 2829 5497 fecunditatem
2854 5442 3066 5494 easdem
3092 5437 3443 5507 esseparadi-

1862 5552 1979 5591 sum
2023 5544 2368 5604 putaverunt.
2396 5534 2525 5589 Sita:
2564 5543 2691 5588 sunt
2715 5542 2892 5586 autem
2920 5531 2971 5584 in
2996 5528 3234 5584 Oceano'
3255 5536 3443 5583 contra

1863 5627 2047 5680 laevam
2077 5625 2427 5689 Mauritania},
2463 5626 2685 5679 occiduo
2711 5623 2985 5691 proxim-.c,
3014 5630 3067 5673 et
3098 5620 3239 5673 inter
3284 5633 3340 5670 se
3369 5618 3444 5669 in—

1863 5712 2085 5781 terjecto
2109 5716 2242 5771 mari
2268 5715 2532 5769 discretrc.
2567 5711 2861 5783 Gorgades,
2885 5710 3074 5765 insula'
3101 5708 3322 5771 Occa:.i,
3346 5704 3444 5761 ob-
