3922 6386
417 393 523 456 853

1030 386 1092 441 Β.
1132 378 1383 437 RABANI
1421 373 1639 432 MAURI
1673 363 2000 428 ARCHIEP.
2042 356 2353 423 MOGUNT.
2392 357 2678 420 OPERUM
2711 355 2893 416 PARS
2927 353 2993 412 Il.

3583 353 3693 412 356

417 523 588 567 versa:
609 504 978 581 promontorio
1005 499 1147 571 quod
1180 504 1401 552 vocatur
1425 493 1844 561 Hesperuceras,
1865 498 1999 554 quas
2029 485 2075 544 Α
2105 487 2193 535 tur
2218 478 2486 581 excursio,
2512 478 2598 581 vel
2641 470 3269 581 prauolatio..Cycl:des
3313 470 3503 581 insulae
3551 473 3696 528 anti-

420 578 765 655 ln'colnerunt
812 593 1110 664 Gorgones,
1167 587 1383 643 femina:
1429 583 1614 636 alitum
1660 578 2002 649 pernicitate,

421 687 634 742 hirsuto
659 692 713 739 et
739 695 931 750 aspero
957 692 1205 748 corpore,
1230 683 1284 730 et
1313 689 1380 728 ex
1408 672 1495 726 his
1516 669 1703 725 insula:
1731 664 2007 737 cognomi-

425 784 585 832 natm.
619 773 832 828 Distant
855 779 1034 824 autem
1058 782 1086 820 a
1113 762 1408 820 continenti
1434 770 1577 816 terra
1609 758 1758 814 bidui
1792 756 2006 825 naviga-

424 867 594 922 tione.
626 859 980 929 Hespesidum
1026 855 1212 910 insula:
1257 860 1461 907 vocata:
1497 865 1527 904 a
1551 849 1766 904 civitate
1802 846 2004 915 Hespe-

427 955 561 1017 ride,
596 965 714 1020 qua:
743 947 841 1003 fuit
874 946 927 1000 in
961 945 1066 999 fine
1096 941 1450 997 Mauritaniae.
1479 939 1618 993 Sunt
1640 937 1778 990 ultra
1802 933 2008 1004 Gorga-

427 1042 510 1098 dis
545 1040 664 1094 sita:
703 1036 802 1092 sub
834 1033 1162 1089 Atlanticum
1209 1030 1360 1083 littus
1389 1028 1443 1081 in
1480 1025 1689 1080 intimis
1727 1022 1895 1077 maris
1934 1022 2007 1076 si-

425 1131 623 1195 nibus,
659 1127 713 1182 in
752 1139 983 1196 quarum
1036 1121 1211 1178 hortis
1247 1118 1453 1187 ﬁngunt
1490 1114 1685 1170 fabula:
1717 1115 2008 1169 draconem

427 1217 740 1292 pervigilem
770 1229 934 1269 aurea
965 1211 1104 1266 mala
1136 1219 1479 1266 servantem:
1507 1205 1677 1259 fertur
1710 1203 1853 1276 enim
1889 1216 2010 1256 esse

429 1291 582 1362 mare
625 1300 935 1358 azstuarium
963 1338 978 1364 ,
1028 1297 1164 1351 adeo
1210 1294 1432 1349 undosis
1480 1291 1740 1347 lateribus
1791 1297 2005 1343 tortuo-

432 1411 575 1460 sum,
619 1402 680 1449 ut
715 1392 1014 1448 visentibus
1055 1388 1240 1460 procul
1287 1387 1468 1455 lapsus
1513 1384 1705 1454 anguis
1745 1382 2007 1436 imitetur.

431 1485 636 1557 Chryse
665 1489 720 1538 et
737 1480 947 1551 'Argyre
974 1478 1162 1533 insulse
1192 1478 1245 1530 in
1270 1476 1451 1530 indico
1477 1485 1680 1528 oceano
1713 1472 1852 1539 sitae,
1876 1471 2012 1525 adeo

434 1573 678 1630 fecunda:
706 1572 858 1641 copia
895 1567 1255 1631 metallorum,
1288 1573 1347 1619 ut
1373 1564 1618 1636 plerique
1653 1577 1748 1617 eas
1792 1575 2013 1616 auream

433 1661 775 1733 superficiem
818 1668 871 1715 et
906 1666 1216 1728 argenteam
1248 1656 1444 1710 habere
1473 1651 1842 1723 prodiderint:
1876 1650 2016 1707 unde

435 1761 493 1810 et
527 1751 786 1808 vocabula
832 1749 1038 1805 sortita:
1075 1753 1220 1801 sunt.
1267 1742 1582 1813 Taprobana
1634 1739 1807 1794 insula
1853 1738 2016 1793 India:

2110 571 2292 639 quitus
2315 567 2536 628 Graecia:
2558 567 2798 631 fuerunt,
2827 578 2963 634 quas
2991 563 3116 618 inde
3133 561 3392 633 Cycladas
3411 572 3700 619 autumant

2109 661 2305 724 dictas,
2357 656 2501 728 quod
2538 656 2730 726 spatiis
2772 653 3103 726 longioribus
3131 667 3163 706 a
3199 653 3328 708 Delo
3354 652 3616 724 proiectae
3643 654 3698 708 in

2109 749 2320 812 orbem,
2359 754 2540 800 tamen
2580 743 2727 813 circa
2772 743 2959 798 Delum
3004 742 3123 796 sita:
3159 740 3311 796 sint:
3347 757 3476 797 nam
3505 741 3699 798 orbem

2110 840 2300 913 cyclon
2339 837 2514 893 Graeci
2555 836 2870 905 loquuntur.
2903 835 3131 903 Quidam
3161 850 3292 891 vero
3324 852 3432 891 non
3463 837 3608 907 quod
3641 836 3698 891 in

2111 931 2298 985 orbem
2327 930 2568 998 digestae,
2597 927 2693 983 sed
2721 935 2941 998 propter
2960 927 3226 997 scopulos,
3252 927 3343 998 qui
3374 928 3517 983 circa
3547 943 3700 983 eam-

2112 1017 2233 1072 dem
2277 1025 2425 1081 sunt,
2477 1014 2652 1076 dictas
2693 1022 2885 1086 putant
2924 1013 3208 1084 Cycladas.
3256 1014 3349 1069 Ha:
3389 1015 3443 1069 in
3489 1015 3699 1071 Helles-

2112 1116 2335 1178 pontum
2367 1106 2507 1161 inter
2530 1105 2777 1177 aEgaeum
2817 1112 2872 1159 et
2912 1103 3157 1159 Malzeum
3200 1119 3350 1160 mare
3391 1105 3703 1160 constitutas

2115 1197 2522 1253 circumdantur
2546 1197 2711 1250 etiam
2736 1194 2923 1266 pelago
2958 1193 3185 1264 Myrtoo.
3220 1194 3358 1249 Sunt
3379 1203 3562 1248 autem
3588 1208 3704 1247 om—

2116 1301 2212 1342 nes
2248 1299 2474 1340 numero
2502 1283 2572 1340 55
2602 1292 2848 1338 tenentes
2873 1298 2904 1337 a
2929 1282 3298 1351 septentrione
3331 1282 3384 1335 in
3421 1281 3703 1336 meridiem

2117 1375 2284 1430 millia
2298 1373 2612 1445 quingenta,
2629 1373 2697 1427 ab
2709 1373 2919 1450 oriente
2933 1372 2986 1426 in
3000 1385 3252 1426 occasum
3268 1370 3433 1424 millia
3448 1371 3701 1425 ducenta.

2118 1464 2428 1535 Metropolis
2473 1465 2662 1539 earum
2708 1463 2952 1518 Rhodus.
3003 1460 3163 1516 Delos
3206 1459 3381 1514 insula
3427 1460 3484 1514 in
3528 1459 3708 1513 medio

2117 1553 2408 1626 Cycladum
2437 1552 2573 1617 sita,
2604 1558 2660 1607 et
2693 1550 2832 1606 dicta
2866 1549 3024 1605 Delos
3064 1548 3270 1614 fertur,
3298 1547 3439 1617 quod
3479 1556 3606 1617 post
3631 1547 3711 1600 di-

2118 1646 2342 1710 luvium,
2378 1643 2520 1715 quod
2548 1643 2717 1714 Ogygi
2749 1642 3081 1711 temporibus
3109 1649 3347 1706 notatur,
3373 1655 3497 1694 cum
3524 1638 3712 1694 orbem

2121 1734 2309 1790 multis
2357 1730 2634 1788 mensibus
2676 1731 2933 1787 continua
2979 1745 3088 1784 nox
3136 1730 3537 1795 inumbrasset,
3588 1738 3715 1785 ante

436 1841 724 1910 subiacens
745 1839 810 1893 ad
833 1821 1056 1899 Eurum,
1083 1850 1149 1889 ex
1170 1848 1276 1903 qua
1301 1847 1537 1888 oceanus
1562 1829 1772 1884 Indicus
1799 1828 2016 1898 incipit:
2049 1840 2096 1900 Β
2124 1839 2312 1880 omnes
2359 1832 2534 1878 terras
2579 1823 2745 1878 radiis
2775 1822 2904 1878 solis
2928 1820 3246 1894 tillumiuata
3272 1828 3376 1886 est,
3415 1821 3716 1890 sortitaque

435 1937 628 2002 patens
668 1929 722 1982 in
750 1924 1084 1997 longitudine
1129 1920 1455 1992 octingentis
1492 1917 1829 1990 septuaginta
1867 1917 2024 1987 quin-

438 2036 545 2093 que
568 2019 806 2076 millibus
832 2029 1111 2086 passuum,
1144 2013 1198 2066 in
1227 2011 1510 2066 latitudine
1539 2009 1810 2064 sexcentis
1839 2005 2025 2091 viginti

440 2111 679 2180 quinque
709 2104 945 2160 millibus
993 2102 1311 2157 stadiorum.
1350 2099 1626 2155 Scinditur
1656 2112 1814 2152 amne
1856 2097 2024 2150 inter—

440 2199 548 2256 fluo
595 2204 703 2252 tota
747 2194 1057 2265 margaritis
1096 2191 1300 2261 repleta
1341 2197 1395 2244 et
1441 2188 1689 2259 gemmis.
1734 2187 1868 2241 Pars
1911 2186 2027 2255 ejus

440 2290 630 2347 bestiis
656 2295 712 2342 et
739 2284 1038 2354 elephantis
1081 2282 1286 2352 repleta
1315 2286 1416 2342 est,
1457 2286 1666 2348 partem
1693 2289 1823 2330 vero
1856 2273 2028 2328 homi-

443 2396 543 2436 nes
565 2386 772 2433 tenent.
804 2376 862 2434 ln
894 2376 998 2430 hac
1043 2371 1221 2428 insula
1265 2371 1450 2425 dicunt
1491 2371 1544 2423 in
1586 2356 1693 2422 uno
1730 2382 1872 2421 anno
1895 2366 2030 2420 duas

442 2484 565 2525 esse
596 2474 813 2539 aestates
840 2475 894 2520 et
921 2466 1055 2520 duas
1084 2464 1309 2527 hiemes,
1335 2469 1391 2516 et
1423 2460 1506 2515 bis
1530 2458 1750 2512 fioribus
1778 2469 2024 2520 vernare,

445 2559 608 2630 Tylos
634 2556 806 2611 insula
836 2555 996 2610 india:
1031 2553 1210 2608 ferens
1260 2553 1408 2608 omni
1451 2559 1690 2620 tempore
1736 2545 1882 2600 folia.
1916 2544 2047 2603 Huc.

449 2660 622 2716 usque
655 2644 854 2700 Oceani
894 2643 1102 2698 insulae.
1143 2642 1274 2698 item
1309 2641 1514 2704 insulse,
1544 2652 1664 2709 quae
1714 2637 1783 2691 ab
1829 2634 2033 2690 Helles-

442 2747 613 2809 ponto
641 2750 813 2804 usque
845 2733 910 2788 ad
954 2733 1132 2788 Gades
1179 2734 1234 2786 in
1287 2733 1423 2786 mari
1453 2731 1648 2799 Magno
1681 2736 1806 2782 sunt
1831 2725 2034 2781 consti-

447 2835 599 2880 tutae.
628 2824 838 2894 Cyprus
864 2821 1034 2876 insula
1073 2835 1104 2874 a
1123 2821 1340 2876 civitate
1358 2819 1560 2890 Cypro,
1590 2832 1709 2887 qua:
1742 2817 1795 2869 in
1834 2829 1896 2868 ea
1923 2821 2030 2876 est,

451 2928 647 2970 nomen
677 2913 882 2982 accepit
916 2929 928 2964 :
960 2912 1074 2980 ipsa
1107 2921 1190 2965 est
1226 2910 1437 2979 Paphos
1472 2907 1666 2963 Veneri
1716 2911 2032 2960 consecrata

451 3005 505 3060 in
536 3003 832 3074 Carpathio
861 3000 1021 3066 mari,
1065 3002 1238 3055 vicina
1263 3001 1477 3064 Austro,
1527 2992 1732 3054 famosa
1763 2994 2033 3065 quondam

449 3093 671 3158 divitiis,
699 3101 753 3146 et
781 3093 1013 3146 maxime
1037 3091 1161 3146 teris
1189 3109 1201 3143 :
1233 3091 1304 3144 ibi
1327 3091 1469 3144 enim
1517 3091 1690 3160 prima
1730 3087 1888 3156 huius
1922 3104 2036 3143 me-

2127 1931 2195 1971 ex
2216 1931 2281 1971 eo
2301 1930 2519 1978 nomen,
2541 1914 2684 1984 quod
2711 1913 2883 1984 prima
2910 1911 3253 1967 manifestata
3279 1911 3467 1966 fuisset
3488 1911 3714 1965 visibus.

2128 2008 2261 2084 Nam
2280 2007 2434 2066 delon
2449 2006 2634 2068 Grazce
2649 2005 3013 2060 manifestum.
3033 2004 3238 2059 Dicitur
3255 2004 3400 2058 enim
3421 2012 3476 2058 et
3495 2001 3716 2073 Ortygia

2129 2116 2195 2157 eo
2225 2101 2366 2172 quod
2404 2100 2638 2170 primum
2668 2098 2738 2152 ibi
2766 2097 2894 2152 visae
2921 2105 3047 2150 sunt
3071 2097 3377 2152 coturnices
3403 2111 3549 2160 aves,
3582 2109 3719 2163 quas

2130 2191 2302 2246 (ἔτωεί
2332 2198 2552 2258 ortygas
2573 2195 2788 2241 vocant.
2813 2186 2870 2240 ln
2902 2187 3003 2240 hac
3024 2185 3196 2240 insula
3223 2186 3427 2239 Latona
3451 2185 3612 2240 enixa
3639 2192 3720 2240 est

2128 2280 2432 2354 Apollinem
2465 2288 2520 2334 et
2561 2277 2806 2332 Dianam.
2835 2276 2996 2331 Delos
3025 2281 3205 2329 autem
3229 2283 3284 2329 et
3311 2274 3503 2330 civitas
3523 2274 3723 2329 dicitur

2131 2382 2187 2427 et
2209 2369 2404 2426 insula.
2431 2367 2652 2423 Rhodos
2675 2365 2848 2421 insula
2876 2363 3165 2436 Cycladum
3189 2363 3365 2433 prima
3395 2364 3462 2419 ab
3489 2363 3722 2427 oriente,

2134 2463 2188 2516 in
2231 2475 2339 2530 qua
2387 2474 2526 2515 rosa:
2564 2457 2857 2528 capitulum
2884 2457 3083 2511 dicitur
3112 2456 3541 2510 esse'inventum
3593 2454 3723 2508 dum

2135 2554 2209 2609 ibi
2239 2552 2431 2608 civitas
2451 2550 2776 2606 conderetur
2803 2567 2817 2603 ς
2849 2563 2915 2603 ex
2941 2562 3048 2618 quo
3075 2546 3203 2602 urbs
3223 2557 3278 2601 et
3298 2547 3472 2601 insula
3502 2544 3726 2601 Rhodos

2134 2654 2219 2701 est
2245 2644 2532 2715 appellata.
2572 2642 2630 2697 ln
2667 2643 2772 2697 hac
2793 2641 2924 2695 urbe
2964 2640 3092 2695 solis
3131 2639 3384 2694 Colossus
3406 2637 3726 2701 fuitmreus,

2135 2738 2473 2809 septuaginta
2524 2733 2828 2790 cubitorum
2873 2733 3159 2788 altitudine
3206 2749 3220 2785 :
3275 2731 3496 2788 fuerunt
3538 2740 3595 2786 et
3637 2728 3727 2784 alii

2135 2836 2352 2884 centum
2399 2841 2626 2882 numero
2674 2827 2728 2880 in
2785 2825 2972 2879 eadem
3022 2823 3197 2878 insula
3241 2821 3432 2877 colossi
3463 2813 3725 2875 minores.

2134 2919 2381 2974 Tenedos
2406 2918 2599 2982 insula,
2623 2933 2728 2971 una
2748 2931 2812 2971 ex
2837 2914 3181 2986 Cycladibus,
3204 2913 3272 2968 ad
3301 2912 3728 2982 septentrionem

2137 3011 2276 3076 sita,
2324 3009 2377 3064 in
2415 3025 2518 3078 qua
2559 3008 2687 3063 olim
2735 3009 2928 3063 civitas
2970 3022 3001 3061 a
3047 3007 3193 3061 Tene
3231 2989 3460 3074 quodam
3515 3005 3731 3059 condita

2138 3109 2241 3166 est,
2264 3099 2404 3153 unde
2427 3099 2482 3152 e't
2503 3090 2697 3152 nomen
2723 3097 2871 3151 urbis
2899 3095 3057 3158 illius,
3085 3095 3167 3148 vel
3189 3095 3370 3165 potius
3390 3093 3581 3147 insula:
3605 3091 3728 3145 fuit.

450 3182 816 3240 talliim'enlio
837 3190 892 3236 εἰ
921 3181 1126 3234 utilitas
1148 3180 1266 3235 ΐυὶι-
1294 3180 1419 3234 "330
1442 3190 1620 3235 autem
1647 3179 2033 3253 interpretatur
2062 3173 2106 3235 C
2138 3187 2271 3243 Nam
2313 3189 2488 3245 Tenes
2525 3189 2626 3242 iste
2671 3187 2988 3250 infamatus,
3028 3186 3172 3254 quod
3201 3200 3321 3239 cum
3365 3198 3594 3238 noverca
3633 3197 3729 3237 sua

453 3275 620 3328 tristis
655 3281 750 3326 aut
793 3287 1000 3325 maeror.
1024 3270 1185 3326 Creta
1213 3271 1435 3332 Gramina
1463 3271 1635 3326 insula
1664 3289 1790 3343 pars
1811 3284 1894 3330 est
1926 3293 2040 3332 ver.

458 3379 588 3434 gens
615 3364 667 3416 in
697 3361 1141 3430 Peloponnesum.
1175 3361 1297 3416 Haec
1324 3363 1553 3430 primum
1580 3377 1609 3415 a
1637 3366 1895 3436 temperie
1917 3368 2038 3423 caeli

454 3451 856 3506 Maearonesum
899 3451 1164 3521 appellata
1206 3460 1289 3505 est
1323 3469 1335 3504 :
1370 3451 1560 3506 deinde
1610 3450 1769 3507 Creta
1815 3455 1956 3509 dicta
2009 3471 2040 3510 a

455 3541 614 3598 Crete
646 3543 878 3612 quodam
919 3542 1200 3612 indigena,
1233 3558 1390 3612 quem
1421 3543 1570 3597 aiunt
1599 3559 1759 3598 unum
1783 3531 2040 3603 Curetum

456 3631 642 3697 fuisse,
675 3648 705 3686 a
732 3633 928 3702 quibus
957 3631 1166 3700 Jupiter
1208 3633 1279 3686 ibi
1328 3633 1670 3688 absconditus
1700 3643 1784 3690 est
1827 3644 1882 3689 et
1911 3652 2044 3691 enu-

457 3724 637 3778 tritus.
687 3721 784 3774 Est
813 3727 990 3774 autem
1021 3720 1191 3795 insula
1225 3720 1444 3775 Grzeciae
1473 3722 1610 3777 inter
1644 3730 1820 3776 ortum
1860 3734 1915 3778 et
1948 3740 2043 3779 oc-

457 3825 643 3868 casum
684 3809 996 3879 longissimo
1049 3817 1222 3863 tractu
1266 3819 1513 3879 porrecta
1543 3850 1557 3874 ,
1609 3826 1640 3864 a
1680 3812 2046 3880 septentrione

457 3897 682 3955 Graecia:
712 3898 952 3962 testibus,
978 3897 1044 3951 ab
1067 3907 1251 3951 austro
1285 3896 1556 3967 IEgyptiis
1595 3898 1754 3952 undis
1781 3898 1999 3968 perfusa
2027 3916 2042 3954 :

465 3989 572 4044 fuit
615 3997 795 4042 autem
830 3988 1100 4055 quondam
1135 3998 1349 4042 centum
1385 3989 1606 4043 urbibus
1642 3988 1857 4053 nobilis,
1905 3990 2046 4044 unde

462 4088 520 4134 et
567 4077 965 4146 Hecatompolis
1019 4077 1159 4131 dicta
1213 4085 1315 4132 est.
1360 4077 1541 4133 Prima
1583 4079 1746 4132 etiam
1787 4081 1951 4134 remis
1993 4090 2047 4136 et

463 4170 675 4241 sagittis
710 4168 905 4223 claruit
933 4186 945 4220 :
976 4168 1147 4238 prima
1178 4169 1370 4223 litteris
1391 4168 1512 4238 jura
1551 4170 1702 4224 ﬁnxit
1726 4186 1747 4224 :
1769 4182 2048 4240 equestres

469 4268 677 4314 turmas
720 4258 895 4327 prima
944 4258 1125 4312 docuit
1160 4272 1174 4310 :
1216 4259 1450 4313 studium
1501 4261 1760 4314 musicum
1789 4262 1857 4314 ab
1901 4263 2048 4317 idmis

466 4348 696 4417 dactylis
721 4348 776 4400 in
807 4362 870 4400 ea
909 4355 1143 4416 emptum
1169 4361 1183 4399 :
1213 4349 1388 4416 capris
1408 4349 1645 4418 capiosa,
1675 4351 1850 4406 cervis
1884 4359 2005 4422 eget
2031 4367 2044 4404 :

467 4437 621 4507 lupos
648 4446 701 4492 et
741 4436 946 4506 vulpes,
977 4437 1186 4506 aliaque
1229 4436 1462 4492 ferarum
1496 4440 1655 4493 noxia
1681 4456 1946 4510 nusquam
1970 4440 2049 4512 gi-

467 4528 610 4598 gnit:
628 4542 848 4597 serpens
870 4527 1044 4580 nullus
1071 4528 1163 4592 ibi,
1189 4529 1330 4581 nulla
1360 4539 1573 4594 noctua,
1592 4539 1646 4582 ct
1670 4532 1714 4584 si
1743 4503 2046 4609 invehatur,
2079 4503 2127 4562 Β

469 4618 652 4671 statim
672 4619 952 4672 emoritur.
982 4617 1154 4687 Larga
1180 4629 1264 4673 est
1285 4620 1484 4674 vitibus
1517 4630 1569 4675 et
1595 4622 1896 4676 arboribus.
1929 4623 2053 4677 Dic-

472 4715 690 4760 tamnus
715 4707 879 4761 herba
914 4707 966 4761 in
999 4706 1158 4761 Creta
1190 4709 1444 4775 nascitur,
1471 4717 1525 4764 et
1546 4711 1757 4774 alimus,
1800 4727 1920 4782 quae
1953 4713 2051 4766 ad-

474 4810 653 4850 morsa
707 4796 954 4866 diurnam
998 4795 1189 4851 famem
1230 4800 1495 4868 prohibet,
1539 4802 1832 4872 phalangos
1872 4813 2052 4858 autem

473 4895 767 4942 venenatos
789 4888 978 4958 gignit,
1005 4899 1059 4943 et
1080 4888 1328 4957 lapidem,
1348 4893 1438 4960 qui
1468 4893 1632 4947 idmus
1655 4894 1897 4964 dactylus
1922 4896 2054 4949 dici-

478 4984 586 5031 tur.
619 4975 787 5044 Hujus
809 4987 985 5031 autem
1017 4980 1336 5033 vocabulum
1369 4989 1449 5036 est
1481 4983 1621 5036 inter
1648 4983 1841 5054 Syrum
1873 4995 1926 5038 et
1952 4986 2056 5041 lle-

477 5063 701 5118 brteum.
728 5065 940 5134 Abydos
961 5068 1131 5122 insula
1163 5069 1215 5122 in
1242 5069 1451 5140 Etll‘Opa
1477 5087 1636 5140 super
1657 5073 2055 5144 Hellespontum

478 5155 674 5225 posita,
727 5164 956 5226 angusto
1013 5166 1069 5210 et
1128 5160 1426 5228 periculoso
1479 5163 1613 5214 mari
1664 5171 1946 5230 separata,
2003 5173 2058 5218 et

477 5243 696 5314 Abydos
723 5244 907 5300 (ἐι-ποθ
943 5246 1103 5310 dicta,
1143 5247 1282 5315 quod
1327 5249 1397 5302 sit
1437 5249 1688 5305 introitus
1730 5251 2058 5323 Hellesponti

481 5333 666 5396 maris,
697 5333 752 5388 in
787 5349 894 5404 quo
914 5334 1122 5389 Xerxes
1153 5345 1369 5404 pontem
1405 5352 1470 5393 ex
1498 5340 1719 5396 navibus
1745 5340 1888 5407 fecit,
1921 5353 1976 5398 et
2003 5344 2056 5398 in

481 5416 742 5476 Graeciam
789 5423 1021 5478 transiit.
1074 5423 1212 5480 Coos
1254 5425 1425 5480 insula
1474 5427 1723 5496 adjacens
1766 5434 2060 5502 provincia:

483 5507 694 5575 Attice,
744 5512 796 5566 in
840 5529 944 5582 qua
984 5513 1334 5585 Hippocrates
1365 5517 1603 5573 medicus
1626 5530 1783 5576 natus
1812 5533 1916 5588 est,
1937 5540 2057 5593 quae

487 5597 568 5667 (ut
613 5599 782 5655 Varro
828 5604 978 5658 testis
1007 5605 1109 5675 est)
1157 5615 1276 5662 arte
1307 5606 1524 5663 lanificii
1571 5610 1744 5678 prima
1799 5611 1852 5666 in
1897 5629 2060 5669 orna-

489 5700 670 5745 mento
707 5691 1024 5748 feminarum
1067 5695 1334 5753 inclaruit.
1377 5697 1498 5754 lizrc
1527 5707 1703 5756 autem
1740 5700 2057 5774 interpreta-

2141 3277 2542 3342 concubuisset,
2577 3286 2630 3331 et
2657 3274 2869 3346 fugiens
2917 3274 2969 3329 in
3011 3275 3153 3328 hanc
3199 3272 3456 3337 insulam,
3501 3284 3734 3326 vacuam

2141 3368 2441 3424 cultoribus
2487 3365 2739 3430 obtinuit,
2771 3365 2914 3419 unde
2953 3374 3008 3418 et
3040 3363 3284 3418 Tenedos
3317 3363 3457 3417 dicta
3488 3369 3590 3416 est.
3642 3360 3735 3416 Sic

2140 3458 2364 3514 Cicero:
2395 3456 2584 3509 Tenent
2616 3455 2786 3524 ipsum
2830 3454 2982 3523 cujus
3025 3469 3090 3506 ea:
3128 3453 3333 3506 nomine
3370 3450 3600 3504 Tenedos
3633 3467 3735 3503 no-

2141 3549 2391 3601 minatur.
2423 3545 2725 3614 Carpathos
2757 3542 2953 3608 insula,
2977 3558 3080 3596 una
3112 3556 3175 3595 ex
3198 3539 3538 3612 Cycladibus,
3562 3555 3592 3593 a
3619 3554 3736 3593 meo

2145 3634 2280 3687 ridic
2324 3633 2496 3701 posita
2535 3632 2588 3684 in
2630 3631 2945 3701 Egyptum,
2987 3646 3019 3683 a
3058 3644 3162 3698 qua
3203 3628 3550 3697 Carpathium
3580 3642 3738 3681 mare

2144 3719 2468 3788 appellatum
2492 3728 2598 3783 est,
2627 3729 2816 3773 vocata
2850 3726 2930 3772 cst
2958 3728 3178 3786 propter
3203 3716 3430 3771 celerem
3461 3715 3735 3768 fructuum

2145 3810 2535 3865 maturitatem.
2581 3809 2676 3873 Est
2717 3809 2861 3863 enim
2895 3809 3036 3863 inter
3063 3807 3357 3877 Aﬂgyptum
3381 3815 3436 3861 et
3461 3805 3734 3875 Rhodum.

2145 3901 2224 3956 Ex
2248 3901 2350 3955 hac
2377 3898 2550 3953 insula
2578 3898 2833 3955 dicuntur
2862 3908 2916 3952 et
2940 3898 3231 3966 carpatinas
3252 3911 3416 3950 naves
3446 3910 3654 3963 magna:
3680 3902 3740 3947 et

2145 3991 2415 4060 spatiosaa.
2440 3987 2709 4058 Cytherea
2733 3987 2927 4052 insula,
2946 4002 3051 4040 una
3073 4001 3138 4041 cx
3161 3985 3501 4056 Cycladibus,
3530 3999 3556 4036 a
3577 3992 3741 4052 parte

2147 4080 2367 4138 occidua
2389 4080 2508 4144 sita,
2530 4081 2684 4150 cujus
2699 4079 2992 4150 Porphyris
3014 4089 3169 4134 antea
3187 4093 3378 4133 nomen
3402 4077 3519 4130 fuit.
3536 4076 3740 4147 Cythe-

2150 4189 2243 4229 rea
2277 4180 2459 4226 autem
2489 4181 2699 4234 vocata,
2729 4172 2870 4240 quod
2901 4172 2972 4225 ibi
3003 4171 3182 4225 Venus
3207 4170 3277 4224 sit
3299 4178 3439 4224 orta.
3463 4169 3630 4222 lcaria
3655 4167 3742 4220 in-

2149 4263 2285 4329 sula,
2327 4278 2434 4318 una
2485 4263 2551 4316 de
2595 4253 2935 4333 Cycladibus,
2979 4278 3100 4331 qua:
3135 4262 3303 4316 Icario
3353 4262 3489 4315 mari
3537 4273 3741 4314 nomen

2149 4353 2314 4408 dedit.
2349 4352 2475 4406 Haec
2515 4352 2658 4405 inter
2688 4350 2905 4406 Samum
2947 4361 3000 4404 et
3045 4349 3348 4420 Myconium
3372 4349 3743 4418 procurrenti-

2151 4448 2253 4503 bus
2282 4447 2427 4501 saxis
2455 4445 2793 4515 inhospitalis
2820 4453 2934 4510 est,
2962 4454 3014 4500 et
3038 4445 3196 4499 nullis
3224 4445 3431 4499 sinibus
3455 4453 3739 4514 portuosa.

2155 4540 2361 4594 Dicitur
2382 4548 2557 4592 autem
2590 4539 2806 4610 Icarum.
2826 4537 3141 4592 Cretensem
3183 4539 3254 4592 ibi
3292 4535 3570 4605 naufragio
3594 4535 3745 4590 inte—

2154 4630 2321 4692 risse,
2364 4636 2418 4682 et
2452 4630 2517 4682 de
2553 4629 2700 4682 exitu
2742 4627 2976 4682 hominis
3016 4627 3323 4695 impositum
3363 4639 3552 4679 nomen
3591 4623 3740 4678 loco.

2155 4716 2335 4772 Naxos
2365 4717 2559 4781 insula,
2588 4725 2712 4770 ante
2733 4716 3016 4786 Dionysius
3038 4716 3178 4769 dicta
3197 4756 3210 4780 ,
3243 4715 3396 4784 quasi
3432 4713 3709 4767 Dionaxos
3728 4751 3743 4775 ,

2155 4809 2298 4877 quod
2345 4807 2620 4861 fertilitate
2662 4807 2847 4860 vitium
2884 4807 3064 4861 vincat
3092 4814 3314 4860 caeteras
3340 4822 3352 4858 :
3382 4813 3465 4859 est
3494 4814 3678 4856 autem
3713 4818 3744 4855 a

2157 4898 2286 4953 Delo
2319 4898 2502 4952 decem
2539 4904 2589 4951 et
2623 4907 2745 4952 octo
2773 4897 2937 4950 millia
2960 4913 3212 4967 passuum
3245 4905 3512 4965 separata,
3540 4909 3602 4949 ex
3632 4910 3744 4962 qua

2156 4986 2282 5041 olim
2334 4985 2541 5056 Jupiter
2588 4986 2762 5041 fertur
2803 4988 3061 5041 adversus
3103 4986 3322 5039 Titanas
3365 4985 3528 5039 fuisse
3557 4985 3747 5053 profe~

2158 5086 2295 5130 ctus.
2338 5076 2501 5130 Melos
2550 5077 2724 5130 insula
2769 5092 2834 5131 ex
2882 5091 3110 5129 numero
3139 5074 3446 5145 Cycladum,
3487 5089 3589 5126 una
3621 5089 3748 5127 om-

2160 5168 2308 5221 nium
2352 5168 2647 5221 insularum
2692 5168 3099 5230 rotundissima,
3131 5167 3272 5221 unde
3315 5175 3369 5220 et
3407 5175 3742 5234 nuncupata.

2163 5258 2398 5312 Historia
2431 5259 2560 5312 dicit
2591 5273 2656 5313 ex
2692 5258 2887 5312 Jasone
2926 5268 3110 5313 uatum
3150 5257 3316 5315 fuisse
3358 5258 3747 5322 Philomelam,

2161 5358 2216 5404 et
2236 5350 2446 5405 Plutum
2481 5367 2546 5406 ex
2582 5352 2873 5406 Philomelo
2902 5351 3224 5409 Pareantum
3266 5354 3529 5424 genitum,
3557 5353 3651 5421 qui
3682 5354 3749 5408 de

2161 5455 2260 5494 suo
2283 5443 2498 5495 nomine
2542 5442 2716 5497 Paron
2760 5441 2988 5497 insulam
3028 5453 3084 5498 et
3125 5444 3378 5513 oppidum
3427 5443 3744 5514 appellavit.

2161 5529 2315 5584 Prius
2359 5541 2536 5583 autem
2585 5530 2800 5598 Minoia,
2842 5533 3034 5588 deinde
3087 5534 3263 5588 Paron
3309 5533 3472 5600 dicta,
3523 5535 3590 5589 de
3635 5548 3749 5602 qua

2162 5616 2413 5688 Virgilius
2455 5637 2466 5670 :
2511 5617 2827 5691 Niveamque
2862 5622 3068 5688 Paron;
3107 5623 3276 5692 gignit
3315 5623 3460 5678 enim
3504 5637 3752 5678 marmor

2160 5707 2618 5776 candidissimum,
2656 5713 2797 5781 quod
2827 5713 3042 5769 Parium
3080 5715 3263 5769 dicunt
3291 5732 3304 5769 :
3337 5715 3502 5770 mittit
3536 5724 3593 5772 et
3623 5728 3748 5769 sar-
