3922 6340
223 360 326 421 357

1187 369 1276 425 DE
1316 369 1657 430 UNIVERSO
1695 370 1870 428 LIBRI
1913 371 2076 429 XXII.
2120 403 2172 413 -
2205 372 2330 430 LIB.
2373 376 2485 432 XII.

3386 384 3494 450 558

223 475 348 533 dam
377 475 633 548 lapidem,
679 479 1036 536 marmoribus
1087 482 1300 550 quidem
1349 484 1800 553 praestantiorem,
1831 491 1875 550 Α
1905 502 1934 539 a
1961 488 2333 558 navigantibus
2347 489 2656 547 Graecorum
2684 491 2875 550 lchnos
2909 497 3171 568 appellata
3194 511 3276 556 est
3305 521 3318 557 :
3345 512 3492 564 terra

223 574 284 622 et
303 566 442 620 inter
462 581 706 637 gemmas
728 568 1061 624 vilissimum.
1083 569 1246 628 Chios
1268 573 1443 628 insula
1471 573 1604 645 Syra
1629 575 1806 643 lingua

224 656 548 727 appellatur,
576 673 642 712 eo
668 660 808 729 quod
835 661 1022 714 mastix
1059 660 1249 731 gignit.
1279 662 1401 733 Syri
1441 664 1582 716 enim
1625 663 1810 717 masti-

223 760 347 800 cem
381 745 543 802 Chios
563 759 779 803 vocant.
805 747 998 804 Samos
1030 750 1200 806 insula
1235 762 1317 807 est
1366 753 1418 806 in
1447 752 1583 807 mari
1613 751 1804 823 Egeo,

223 833 320 889 ubi
350 845 474 889 nata
502 845 585 891 est
604 835 765 902 Juno,
806 853 873 893 ex
902 855 1007 908 qua
1041 839 1140 894 fuit
1163 840 1363 912 Sibylla
1395 841 1600 905 Samia,
1622 851 1678 896 et
1702 841 1806 912 Py-

222 929 481 999 thagoras
508 930 743 997 Samius,
780 947 810 986 a
850 947 957 1002 quo
996 931 1348 1004 Philoromum
1389 951 1582 992 nomen
1619 937 1804 992 inven-

219 1023 360 1072 tum.
394 1018 449 1072 In
480 1019 580 1074 hac
606 1020 778 1076 insula
813 1034 1021 1090 reperta
1051 1023 1202 1092 prius
1223 1022 1406 1077 ﬂctilia
1429 1039 1557 1078 vasa
1584 1025 1804 1080 tradun-

223 1115 335 1173 tur,
371 1111 512 1163 unde
539 1117 592 1164 et
617 1125 744 1163 vasa
766 1109 948 1164 Samia
975 1111 1238 1180 appellata
1267 1121 1409 1168 sunt.
1443 1113 1624 1171 Sicilia
1651 1131 1681 1168 a
1716 1113 1803 1170 Si-

219 1211 358 1253 cano
387 1213 510 1269 rege
539 1198 752 1254 Sicania
772 1201 1142 1267 cognominata
1172 1209 1249 1256 est
1280 1219 1292 1255 :
1323 1202 1515 1259 deinde
1535 1219 1564 1257 a
1601 1204 1796 1268 Siculo,

215 1286 340 1342 Itali
377 1287 565 1353 fratre,
597 1288 797 1344 Sicilia.
830 1289 988 1345 Prius
1019 1299 1196 1345 autem
1234 1290 1568 1348 Trinacriam
1601 1294 1799 1349 dictam

213 1386 442 1448 prepter
480 1378 584 1433 tria
623 1394 781 1445 acra,
818 1380 871 1434 id
917 1387 1020 1444 est,
1071 1382 1436 1449 promontoria
1476 1400 1489 1435 :
1528 1382 1796 1447 Pelorum,

215 1467 526 1540 Pachynum
548 1479 604 1524 et
629 1471 941 1542 Lilybmum.
967 1469 1246 1526 Trinacria
1269 1472 1410 1526 enim
1431 1471 1675 1526 Caecum
1696 1480 1798 1526 est.

215 1561 371 1629 Quod
401 1562 596 1618 Latine
627 1565 907 1633 triquetra,
943 1565 1094 1633 quasi
1119 1565 1172 1620 in
1201 1573 1311 1618 tres
1336 1565 1570 1634 quadras
1605 1565 1797 1619 divisa.

215 1652 344 1708 ILec
380 1654 451 1708 ab
491 1654 641 1708 Italia
671 1655 866 1724 exiguo
903 1653 1038 1708 freto
1067 1654 1299 1709 discreta
1320 1694 1335 1721 ,
1361 1654 1604 1708 Africum
1651 1670 1800 1710 mare

211 1755 590 1816 prospectans,
622 1747 781 1800 terris
815 1745 1090 1816 frugifera,
1122 1761 1255 1802 auro
1279 1747 1579 1812 abundans,
1613 1763 1799 1801 caver-

1909 587 2057 646 patet
2078 579 2129 632 in
2163 579 2492 648 longitudine
2516 583 2678 637 millia
2700 594 2914 640 centum
2937 591 3310 662 quadraginta,
3339 595 3392 649 in
3415 595 3490 652 la-

1911 667 2134 721 titudine
2159 669 2512 739 quadraginta
2542 689 2554 725 :
2586 673 2639 726 in
2679 689 2744 729 ea
2781 690 2955 746 neque
2980 695 3200 748 serpens
3228 683 3489 752 gignitur,

1908 754 2303 842 nequelupus,
2347 757 2441 810 sed
2479 758 2704 831 soliluga
2745 770 2954 819 tantum
2993 769 3190 822 animal
3232 772 3487 842 exiguum

1907 839 2215 896 hominibus
2253 844 2612 912 perniciosum
2649 866 2663 902 :
2714 865 2976 907 venenum
3016 870 3230 925 quoque
3269 839 3346 912 ibi
3379 875 3488 915 non

1904 930 2167 993 nascitur,
2198 932 2299 986 nisi
2331 933 2493 989 herba
2527 952 2624 1005 per
2647 940 2936 1010 scriptores
2971 943 3231 1012 plurimos
3277 956 3332 1002 et
3359 963 3488 1018 poeo

1905 1027 1987 1073 tas
2014 1031 2331 1084 memorata,
2346 1024 2583 1093 apiastro
2605 1029 2816 1094 similis,
2839 1047 2958 1100 quae
2989 1033 3292 1092 hominibus
3315 1040 3483 1097 rictus

1902 1109 2193 1175 contrahit,
2236 1119 2290 1165 et
2324 1115 2476 1181 quasi
2521 1115 2758 1172 ridentes
2787 1118 3064 1175 interimit.
3096 1123 3294 1180 Fontes
3321 1127 3486 1185 habet

1904 1197 2154 1254 Sardinia
2184 1202 2406 1269 calidos,
2442 1205 2675 1261 inﬂrmis’
2701 1208 2961 1262 medelam
2993 1213 3316 1281 praebentes,
3349 1217 3486 1272 furi-

1903 1289 2004 1344 bus
2051 1291 2374 1358 caecitatem,
2419 1294 2498 1357 si,
2544 1307 2885 1352 sacramento
2922 1299 3063 1365 dato,
3099 1303 3285 1359 oculos
3331 1306 3488 1374 aquis

1902 1377 2018 1446 ejus
2048 1379 2340 1448 tetigerint.
2374 1381 2605 1437 Corsica:
2639 1385 2827 1440 insulae
2855 1390 3135 1444 exordium
3167 1393 3355 1450 incola:
3390 1395 3485 1449 Li-

1904 1480 2066 1535 gures
2098 1467 2380 1534 dederunt,
2410 1472 2737 1539 appellantes
2782 1489 2901 1531 eam
2940 1492 3004 1532 ex
3048 1482 3264 1536 nomine
3309 1484 3481 1539 ducis.

1901 1554 2037 1609 Nam
2092 1557 2336 1626 quaedam
2385 1559 2549 1616 Corsa
2602 1565 2841 1630 nomine,
2897 1568 3060 1638 Ligur
3109 1572 3305 1625 mulier
3360 1589 3484 1630 cum

1902 1651 2115 1698 taurum
2157 1660 2222 1700 ex
2267 1652 2447 1717 grege,
2474 1665 2633 1718 quem
2663 1667 2827 1723 prope
2853 1655 3032 1710 littora
3065 1660 3282 1729 regebat
3311 1671 3480 1724 trans—

1901 1738 2090 1788 natare
2140 1734 2354 1789 solitum
2407 1747 2570 1808 atque
2608 1756 2704 1810 per
2746 1744 3025 1800 intervalla
3069 1730 3294 1818 corpore
3325 1762 3485 1808 aucto

210 1835 300 1889 nis
339 1844 516 1890 tamen
546 1845 601 1891 et
642 1835 833 1890 ﬂstulis
868 1836 1231 1905 penetrabilis,
1265 1836 1545 1904 ventisque
1587 1844 1641 1890 et
1683 1836 1794 1890 sul-
1827 1818 1870 1875 Β
1901 1836 2144 1912 γεηιθπθ
2188 1824 2420 1892 νίάθτθῑ,
2465 1830 2686 1898 cupiens
2734 1835 2875 1888 SCire
2927 1834 3198 1909 incognita
3244 1841 3344 1895 sibi
3391 1858 3483 1912 pa-

208 1922 333 1978 fure
363 1925 542 1994 plena,
577 1926 717 1980 unde
763 1934 817 1979 et
862 1926 932 1980 ibi
962 1925 1139 1980 Alma:
1182 1925 1376 1979 montis
1425 1926 1691 1990 incendia,
1740 1926 1794 1979 in

207 2013 368 2082 cujus
396 2014 534 2068 freto
563 2013 743 2084 Scylla
784 2023 866 2068 est
899 2023 954 2067 et
981 2013 1296 2084 Charybdis,
1340 2015 1535 2083 quibus
1583 2015 1797 2084 navigia

207 2113 307 2156 aut
338 2105 698 2158 absorbentur
724 2112 816 2156 aut
851 2103 1191 2158 colliduntur.
1238 2104 1359 2157 Fuit
1403 2113 1578 2158 autem
1627 2121 1799 2174 quon-

206 2193 337 2247 dam
369 2195 546 2262 patria
577 2193 887 2264 Cyclopum,
917 2203 971 2248 et
1002 2202 1185 2264 postea
1210 2195 1388 2248 nutrix
1422 2203 1792 2264 tyrannorum,

208 2281 428 2352 frugum
458 2282 669 2343 fertilis.
698 2298 762 2337 ac
784 2284 1016 2352 primum
1042 2283 1200 2337 terris
1220 2283 1470 2337 omnibus
1495 2285 1797 2340 commissis

207 2372 518 2426 seminibus
548 2381 731 2427 aratro
750 2374 1036 2440 proscissa.
1064 2371 1366 2442 Principem
1390 2373 1600 2427 urbium
1634 2374 1793 2444 Syra-

205 2475 340 2515 cusa
368 2479 382 2514 :
416 2461 592 2523 habet,
612 2461 812 2515 fontem
843 2461 1164 2516 Arethusam
1187 2460 1533 2531 ctAlphmum
1551 2461 1793 2524 ﬂuvium.

205 2566 532 2622 magnorum
560 2562 930 2623 generatorem
959 2566 1216 2620 equorum
1251 2566 1264 2604 :
1297 2551 1349 2604 in
1379 2566 1442 2605 ea
1485 2553 1656 2608 insula
1685 2553 1794 2622 pri-

205 2654 361 2694 mum
406 2647 492 2693 est
525 2639 737 2694 inventa
786 2639 1071 2694 comoedia.
1119 2637 1360 2692 Achaten
1408 2638 1638 2708 lapidem
1679 2641 1793 2711 ipsa

203 2729 449 2802 primum
494 2745 563 2784 ex
598 2729 802 2784 Achate
829 2727 1047 2784 ﬂumine
1087 2729 1233 2784 dedit
1263 2747 1274 2782 :
1307 2731 1536 2798 parturit
1562 2739 1616 2784 et
1646 2747 1794 2786 mare

206 2819 328 2890 ejus
356 2820 656 2874 coralium:
687 2821 855 2890 gignit
897 2828 953 2874 et
990 2819 1131 2875 sales
1159 2821 1532 2890 Agrigentinos
1572 2822 1625 2875 in
1668 2822 1792 2892 igne

204 2909 498 2974 solubiles,
532 2910 856 2979 crepitantes
889 2910 942 2963 in
976 2909 1148 2978 aquis.
1179 2908 1366 2964 Omnis
1407 2910 1640 2965 ambitus
1676 2909 1792 2978 ejus

205 3000 484 3054 clauditur
506 3000 802 3054 stadiorum
829 3001 1000 3055 tribus
1029 3001 1279 3054 millibus.
1302 2999 1586 3055 Sallustius
1611 3011 1790 3056 autem

203 3088 341 3143 dicit
369 3089 538 3143 Italia:
561 3089 900 3158 conjunctam
937 3089 1101 3144 fuisse
1127 3089 1391 3155 Siciliam,
1437 3089 1528 3144 sed
1556 3091 1788 3146 medium

1897 1911 2043 1976 bula,
2075 1922 2288 1969 taurum
2317 1931 2348 1969 a
2377 1920 2586 1974 ueteris
2611 1921 2998 1992 digredientem
3034 1943 3206 1998 usque
3234 1932 3300 1985 ad
3335 1911 3481 1988 insu-

1899 1999 2004 2087 lam
2053 2003 2268 2074 navigio
2308 2018 2587 2075 persecuta
2639 2022 2740 2066 est.
2788 2013 2951 2081 Cujus
3001 2032 3247 2087 regressu
3293 2021 3482 2077 insula:

1899 2085 2232 2145 fertilitatem
2261 2106 2644 2161 cognoscentes
2672 2098 2895 2170 Ligures
2927 2085 3132 2159 ratibus
3161 2107 3229 2159 ibi
3254 2108 3480 2176 profch

1899 2188 2044 2245 sunt,
2080 2196 2309 2252 eamque
2334 2186 2550 2242 nomine
2575 2189 2816 2246 mulieris
2843 2195 3079 2249 auctoris
3123 2204 3178 2250 et
3208 2197 3358 2254 ducis
3380 2214 3480 2271 ap-

1896 2272 2250 2340 pellaverunt.
2282 2275 2405 2331 limo
2439 2288 2618 2333 autem
2665 2283 2836 2337 insula
2863 2284 3046 2340 Cimce
3081 2287 3256 2358 Cyrne
3285 2291 3478 2347 dicitur

1896 2376 1926 2414 a
1953 2361 2152 2431 Cyrno,
2183 2363 2426 2422 Ilerculis
2471 2367 2602 2433 lilio,
2647 2370 2908 2428 habitata.
2940 2376 3014 2429 De
3048 2393 3151 2446 qua
3185 2378 3478 2450 Virgilius:

1896 2451 2098 2521 Cyrnea
2154 2465 2324 2508 taxos.
2371 2457 2633 2513 Dividitur
2678 2471 2860 2517 autem
2905 2479 2935 2518 a
2994 2465 3240 2521 Sardinia
3292 2472 3478 2542 viginti

1897 2544 2118 2598 millium
2154 2546 2308 2610 freto,
2338 2548 2512 2602 cincta
2556 2551 2810 2620 Ligustici
2842 2558 3072 2624 aequoris
3101 2559 3222 2613 sinu
3261 2562 3327 2615 ad
3357 2578 3477 2631 pro-

1896 2644 2140 2702 spectum
2188 2636 2370 2691 Italiae.
2416 2637 2510 2694 Est
2546 2650 2724 2697 autem
2763 2646 2943 2701 multis
2979 2651 3361 2716 promontoriis
3385 2669 3477 2708 an-

1895 2725 2102 2795 gulosa,
2139 2729 2361 2797 gignens
2398 2739 2453 2785 et
2503 2732 2776 2788 lmtissima
2818 2739 3009 2806 pabula
3037 2779 3052 2806 ,
3098 2750 3152 2795 et
3205 2741 3474 2812 lapidem,

1894 2830 2053 2884 quem
2072 2817 2423 2874 Cathochiten
2444 2821 2615 2878 ϐιτεεί
2634 2836 2844 2881 vocant.
2861 2827 3067 2883 Ebosus
3090 2830 3260 2885 insula
3285 2833 3476 2902 Ilispa-

1893 2905 2024 2967 nite,
2055 2907 2197 2960 dicta
2233 2910 2373 2976 quod
2419 2925 2448 2963 a
2474 2911 2640 2968 Zanio
2671 2930 2776 2968 non
2804 2908 2987 2985 procul
3020 2919 3126 2982 sit,
3166 2923 3318 2990 quasi
3347 2925 3475 2978 ebo—

1893 3010 2006 3050 zos.
2032 2997 2162 3051 Nam
2186 3001 2522 3072 septuaginta
2561 3005 2750 3059 stadiis
2775 3008 2843 3060 ab
2871 3023 2932 3061 ea
2958 3008 3152 3074 distat,
3182 3010 3332 3079 cujus
3364 3022 3474 3067 ter-

1896 3102 2010 3140 ram
2033 3098 2309 3157 serpentes
2328 3090 2554 3161 fugiunt.
2584 3094 2717 3149 Huic
2733 3099 2998 3151 contraria
3024 3107 3109 3154 est
3139 3099 3472 3168 Colubraria,

204 3182 445 3250 spatium
495 3151 696 3248 impetu
739 3182 902 3234 maris
956 3181 1204 3244 divisum,
1255 3189 1311 3235 et
1356 3196 1453 3250 per
1489 3183 1791 3252 angustiam
1820 3151 1864 3212 Ο
1899 3194 2018 3247 qua:
2045 3178 2173 3234 freta
2199 3189 2282 3236 est
2305 3184 2586 3252 anguibus.
2607 3185 3472 3260 Balearesinsulzellispanimdute

200 3269 462 3326 scissum.
496 3267 704 3338 Tapsus
751 3269 923 3323 insula
971 3271 1157 3324 stadiis
1187 3271 1371 3325 decem
1408 3287 1437 3324 a
1483 3271 1664 3327 Sicilia
1713 3287 1796 3326 re-

201 3370 372 3425 mota,
397 3360 589 3429 jacens
617 3371 672 3414 et
696 3360 924 3429 planior.
960 3360 1111 3415 Unde
1151 3369 1202 3415 et
1236 3372 1561 3432 nuncupata,
1594 3365 1659 3418 de
1688 3379 1792 3433 qua

201 3448 491 3520 Virgilius:
513 3449 1126 3520 Tapsumquejacentcm.
1145 3450 1356 3515 Αευιῑω,
1375 3452 1557 3506 insula:
1573 3452 1790 3518 Sicilia}.

199 3542 487 3612 appellatae
516 3541 584 3595 ab
605 3541 785 3605 IE0lo,
817 3542 1012 3611 Ippota:
1052 3543 1181 3606 filio,
1221 3559 1377 3613 quem
1422 3555 1592 3613 poeta:
1623 3545 1793 3599 ﬂnxe-

198 3641 330 3684 rut
363 3646 546 3700 regem
571 3630 737 3685 fuisse
758 3641 1040 3684 ventorum
1069 3649 1082 3685 :
1117 3633 1209 3687 sed
1233 3631 1312 3702 (ut
1335 3631 1503 3688 Varro
1525 3634 1672 3704 dicit)
1709 3649 1792 3688 re-

198 3729 322 3774 ctor
349 3719 454 3772 fuit
475 3720 698 3773 istarum
723 3719 1019 3773 insularum
1039 3737 1052 3749 ο
1083 3729 1138 3774 ει
1167 3721 1289 3789 quia
1314 3737 1381 3775 ex
1411 3736 1594 3775 earum
1623 3723 1792 3776 nebu-

198 3807 266 3862 lis
290 3817 347 3862 et
380 3807 530 3862 fumo
558 3808 767 3862 futuros
810 3809 1135 3877 praedicebat
1178 3808 1337 3863 ﬂatus
1374 3819 1678 3875 ventorum,
1722 3811 1792 3866 ab

197 3898 476 3969 imperitis
505 3900 654 3954 visus
690 3906 774 3953 est
822 3907 1008 3953 ventos
1047 3915 1142 3953 sua
1183 3909 1448 3967 potestate
1484 3902 1788 3966 retinuisse,

194 3986 400 4042 Eolia:
432 3987 619 4042 insulae
659 3996 714 4042 et
744 3987 995 4042 Vulcanus
1033 3996 1315 4052 vocantur,
1357 3990 1498 4057 quod
1538 3999 1592 4043 et
1637 3989 1785 4059 ipsze,

195 4076 343 4130 sicut
373 4075 565 4138 1Etna,
595 4077 837 4131 ardeant.
892 4075 1029 4130 Sunt
1076 4086 1255 4130 autem
1304 4093 1494 4131 novem
1531 4080 1789 4133 habentes

193 4168 426 4238 propria
477 4167 721 4230 nomina,
762 4182 988 4236 quarum
1025 4168 1253 4236 primum
1297 4168 1525 4238 Liparus
1571 4172 1788 4239 quidam

194 4258 460 4328 Liparem
488 4257 722 4322 vocavit,
743 4257 832 4325 qui
863 4272 983 4310 eam
1011 4266 1136 4310 ante
1163 4256 1380 4310 ᾹΞοΙυηι
1412 4259 1549 4311 rexit
1574 4276 1586 4311 :
1618 4259 1787 4313 altera

194 4347 365 4402 Iliera
414 4355 673 4410 vocatur,
715 4345 857 4415 quod
903 4346 974 4399 sit
1016 4345 1242 4400 collibus
1286 4346 1727 4400 eminentissimis
1769 4363 1782 4399 :

193 4440 428 4510 reliqum
445 4453 594 4500 vero,
619 4438 669 4491 id
693 4446 794 4502 est,
822 4435 1129 4506 Strongyle,
1153 4436 1398 4507 Didyme,
1422 4437 1665 4502 Ericusa,
1683 4438 1785 4492 lle-

191 4530 484 4601 pbazstias,
507 4527 838 4590 sznnicusa,
864 4526 1172 4591 Evonimos,
1198 4526 1471 4590 Ericodes,
1515 4526 1785 4583 Phaenico-

191 4622 314 4687 des,
329 4635 460 4690 qua:
482 4619 732 4688 quoniam
765 4625 923 4672 nocte
944 4617 1158 4682 ardent,
1177 4617 1365 4671 Aioliaa
1386 4619 1498 4672 sive
1511 4619 1781 4674 Vulcaniae

193 4716 490 4770 dicuntur:
507 4727 570 4765 ex
588 4712 671 4766 his
687 4710 931 4780 quaedam
954 4711 1020 4764 ab
1045 4710 1195 4763 initio
1217 4725 1321 4763 non
1347 4709 1778 4778 fuerunt,postea

193 4806 249 4860 in
285 4803 432 4858 mari
465 4803 621 4856 edita:
643 4816 812 4870 usque
844 4801 911 4854 ad
937 4815 1079 4854 nunc
1098 4808 1433 4868 permanent.
1466 4799 1783 4854 Stmchades

194 4894 389 4950 insula:
412 4891 825 4946 Massiliensium
854 4890 1130 4961 sexaginta
1155 4889 1378 4943 millium
1401 4890 1573 4958 spatio
1596 4904 1625 4942 a
1651 4904 1782 4943 con-

195 4984 395 5040 tinenti
440 4983 494 5037 in
533 4982 709 5036 fronte
737 4981 1102 5036 Narbonensis
1137 4980 1457 5050 provinciae,
1490 4995 1593 5048 qua
1636 4979 1781 5033 Rho-

197 5079 373 5134 danus
398 5075 600 5129 ﬂuvius
626 5075 678 5128 in
703 5089 851 5128 mare
881 5073 1012 5127 exit.
1036 5071 1199 5125 Dicta:
1226 5078 1403 5124 autem
1428 5069 1612 5125 Graece
1638 5069 1781 5124 Staa-

196 5167 420 5226 chades,
455 5163 610 5232 quasi
643 5178 804 5232 opere
827 5163 878 5215 in
905 5161 1146 5215 ordinem
1171 5169 1310 5212 stent
1337 5159 1542 5227 positae.
1576 5157 1779 5213 Sardus

195 5257 434 5316 Hercule
472 5261 785 5323 procreatus
814 5269 935 5306 cum
965 5266 1154 5321 magna
1192 5249 1529 5304 multitudine
1556 5265 1584 5303 a
1612 5249 1778 5320 Libya

195 5350 480 5418 profatus
522 5339 826 5396 Sardiniam
868 5340 1165 5413 occupavit,
1209 5347 1264 5393 et
1303 5352 1368 5392 ex
1395 5354 1492 5392 suo
1521 5338 1779 5394 vocabulo

197 5435 386 5494 Insqu
417 5446 620 5488 nomen
653 5429 812 5483 dedit.
851 5427 973 5483 llzee
1001 5430 1053 5483 in
1077 5428 1259 5484 Africo
1288 5428 1418 5482 mari
1448 5428 1582 5482 facie
1610 5429 1777 5482 vesti-

196 5528 268 5598 gii
299 5522 527 5580 humani
558 5522 616 5573 in
645 5519 899 5573 orientem
926 5535 1085 5586 quam
1108 5519 1438 5575 occidentem
1461 5519 1618 5574 latior
1653 5535 1780 5589 pro-

197 5616 367 5671 minet
412 5612 592 5666 ferme
639 5609 856 5677 paribus
910 5608 1182 5673 lateribus,
1237 5624 1355 5678 qua?
1399 5612 1452 5664 in
1499 5609 1776 5664 meridiem

194 5717 247 5762 et
273 5701 718 5775 septentrionem
751 5709 974 5768 vertunt,
1003 5716 1066 5757 ex
1101 5717 1207 5772 quo
1237 5712 1362 5757 ante
1395 5702 1775 5759 commercium

1899 3278 2022 3323 sunt
2039 3287 2052 3322 :
2070 3269 2187 3338 Aph
2197 3271 2432 3326 rosiades
2445 3272 2818 3344 etCymnasie,
2846 3276 3016 3344 major
3034 3289 3088 3332 et
3113 3281 3304 3336 minor.
3321 3281 3473 3337 Unde

1897 3366 1952 3410 et
1980 3373 2073 3412 eas
2101 3359 2290 3429 vulgus
2307 3359 2614 3426 Majoricam
2633 3373 2686 3416 et
2710 3363 3022 3420 Minoricam
3048 3370 3469 3438 nuncupavit.ln

1896 3445 1979 3499 his
2002 3447 2230 3515 primum
2249 3448 2437 3504 insulis
2453 3450 2681 3506 invenre
2702 3464 2826 3506 sunt
2843 3452 3038 3519 fundae,
3055 3457 3249 3525 quibus
3266 3457 3469 3527 lapides

1892 3536 2231 3590 emittuntur.
2275 3535 2427 3593 Unde
2473 3549 2541 3616 et?
2577 3541 2828 3600 Baleares
2854 3546 3036 3610 dictaa;
3084 3548 3276 3602 ballein
3320 3551 3465 3604 enim

1892 3621 2079 3677 Graece
2105 3625 2355 3679 emittere
2393 3626 2608 3682 dicitur.
2644 3630 2790 3685 Unde
2827 3631 3059 3697 ballista,
3090 3636 3244 3704 quasi
3276 3637 3460 3703 missa,

1892 3721 1947 3767 et
1992 3712 2344 3770 fundibulum.
2390 3717 2644 3787 Virgilius
2683 3738 2696 3773 :
2744 3720 2982 3777 Balearis
3025 3725 3226 3780 verbere
3256 3725 3457 3795 fundis.

2503 3832 2729 3888 CAPUT
2762 3834 2848 3888 Vl.

2438 3899 2511 3954 De
2533 3905 2919 3970 promontoriis.

1960 3985 2254 4040 Commune
2284 3994 2367 4040 est
2390 3987 2597 4052 insulis,
2627 3999 2685 4041 ut
2715 3991 3054 4058 promineant
3119 3990 3242 4046 inde
3267 4000 3320 4046 et
3345 3990 3464 4051 loca

1889 4091 2075 4130 earum
2111 4077 2474 4146 promontoria
2506 4078 2778 4131 dicuntur.
2809 4078 2900 4133 Sic
2927 4078 3212 4135 Sallustius
3233 4081 3300 4136 de
3331 4081 3466 4137 Sar-

1889 4165 2034 4220 dinia
2062 4183 2074 4217 :
2113 4184 2130 4216 ι
2163 4167 2218 4218 1η
2255 4168 2516 4220 orientem
2543 4183 2702 4236 quam
2723 4169 3051 4223 occidentem
3079 4170 3239 4224 latior
3261 4172 3462 4239 promi-

1887 4264 2000 4308 net.
2034 4275 2051 4305 ι
2082 4254 2312 4324 ὃὶεωυω
2335 4258 2759 4325 promontorium
2787 4259 2945 4322 Asiae,
2971 4261 3059 4312 ubi
3088 4259 3461 4329 Hellespontus

1889 4350 2124 4418 apertius
2171 4347 2439 4400 dilatatur.
2495 4348 2702 4401 Dictum
2751 4357 2927 4402 autem
2969 4348 3198 4419 Sigaaum
3245 4363 3463 4420 propter

1890 4435 2130 4491 Ilerculis
2172 4436 2594 4490 taciturnitatem
2623 4453 2635 4488 :
2668 4438 2791 4504 quia
2837 4439 3139 4506 prohibitus
3167 4441 3400 4508 hospitio
3428 4456 3459 4494 a

1890 4525 2274 4589 Laomedonte,
2291 4525 2643 4595 Trojanorum
2662 4541 2808 4596 rege,
2831 4528 3101 4582 simulavit
3125 4530 3455 4591 abscessum,

1886 4622 1940 4666 et
1970 4614 2092 4667 inde
2123 4623 2306 4667 contra
2340 4612 2555 4681 Trojam
2582 4630 2704 4669 cum
2735 4616 2945 4669 silentio
2975 4617 3141 4682 venit,
3165 4617 3306 4686 quod
3332 4618 3462 4672 dici-

1888 4712 1974 4756 tur
1997 4705 2124 4773 sige.
2157 4704 2408 4767 Maleum,
2453 4706 2876 4772 promontorium
2918 4707 3158 4770 (inscite,
3186 4707 3324 4776 quod
3371 4706 3457 4759 in-

1887 4803 1996 4847 trat
2026 4795 2076 4847 in
2101 4809 2266 4857 mare,
2298 4803 2351 4847 et
2376 4809 2472 4863 per
2498 4795 2661 4849 millia
2688 4796 3071 4867 quinquaginta
3100 4797 3458 4865 protenditur,

1887 4883 1975 4935 ubi
2001 4884 2137 4938 unda
2166 4884 2238 4936 ita
2261 4898 2399 4937 saeva
2432 4893 2532 4945 est,
2563 4891 2618 4936 ut
2646 4885 2892 4952 persequi
2937 4886 3247 4954 navigantes
3275 4885 3460 4940 videa-

1885 4981 1989 5026 tur.
2017 4971 2128 5026 lloc
2161 4981 2338 5026 autem
2365 4974 2788 5041 promontorium
2830 4987 2859 5025 a
2888 4972 3057 5027 Maleo
3086 4987 3212 5042 rege
3237 4973 3457 5041 Argivo-

1886 5079 2001 5116 rum
2025 5077 2216 5116 nomen
2240 5063 2464 5132 accepit.
2487 5062 2759 5128 Pelorum,
2784 5063 3208 5132 promontorium
3237 5062 3454 5127 Sicilia},

1882 5154 2176 5223 respiciens
2195 5155 2518 5222 aquilonem,
2544 5154 2836 5209 secundum
2862 5152 3168 5207 Sallustium
3195 5154 3396 5207 dictmn
3421 5170 3452 5207 a

1883 5245 2240 5317 gubernatore
2256 5245 2564 5300 Hannibalis
2589 5243 2693 5298 illic
2716 5242 2942 5312 sepulto.
2965 5242 3292 5312 Pachynum,
3323 5257 3450 5312 pro-

1883 5338 2207 5393 montorium
2247 5336 2442 5391 Siciliae
2469 5343 2706 5388 austrum
2744 5342 3013 5402 spectans,
3039 5334 3108 5387 ab
3133 5333 3270 5387 aeris
3308 5347 3456 5400 cras-

1881 5429 2110 5484 situdine
2141 5428 2370 5490 dictum;
2398 5440 2520 5478 nam
2553 5424 2756 5493 pachus
2780 5431 2861 5478 est
2878 5423 3088 5492 pinguis
3114 5431 3169 5475 et
3187 5435 3403 5474 crassus
3431 5437 3449 5475 :

1879 5521 2076 5574 Austro
2099 5517 2240 5570 enim
2259 5514 2530 5584 perﬂatur.
2549 5514 2859 5583 Lilybaeum,
2876 5512 3300 5581 promontorium
3313 5511 3451 5575 Sici-

1880 5609 1980 5670 lize,
2009 5606 2134 5663 solis
2154 5620 2400 5660 occasum
2426 5603 2722 5661 intendens,
2743 5609 2989 5683 vocatum
3016 5601 3084 5683 ab
3105 5599 3338 5669 ejusdem
3358 5613 3453 5654 no-

1883 5700 2040 5755 minis
2067 5699 2303 5762 civitate,
2319 5712 2436 5767 quae
2452 5695 2522 5751 ibi
2541 5703 2623 5750 est
2643 5696 2766 5751 sita.
2791 5676 3004 5760 Borion,
3020 5679 3446 5764 promontorium
