3922 6344
409 336 515 393 559
1052 325 1114 381 B.
1155 320 1410 379 RABANI
1446 316 1665 375 MAURI
1701 314 2019 374 'ARCHIEP.
2064 311 2369 370 MOGUNT.
2411 309 2698 369 OPERUM
2734 307 2916 365 PARS
2956 309 3017 365 ll.
3582 300 3703 366 δω·

409 440 693 504 Numidite,
710 445 957 493 vocatum
982 437 1078 499 ita,
1095 433 1235 503 quod
1252 428 1572 502 Aquilonem
1597 427 1854 482 intendat.
1874 426 2005 496 llip-
2034 432 2080 488 Α
2102 424 2256 493 juxta
2281 421 2589 493 allegoriam
2628 421 2877 475 doctores
2904 427 3122 473 sanctos
3145 418 3403 489 figurare,
3443 419 3534 491 qui
3556 434 3695 489 pra:-

410 549 605 607 ponem
625 531 886 601 Rhegium
915 537 1098 597 postea
1116 525 1321 579 dictum
1344 538 1442 593 pro
1461 536 1526 575 eo
1542 521 1682 589 quod
1696 518 1765 573 sit
1788 532 2003 586 aaquore
2110 527 2234 571 sunt
2264 515 2519 569 Ecelesiis
2546 514 2665 578 Dei,
2696 523 2749 567 et
2779 528 2873 568 eos
2902 512 2954 567 in
2984 515 3415 581 persecutionum
3442 512 3695 569 ﬂuctibus

419 601 791 693 interruptum.
811 619 1256 689 Calpcilispaniae
1272 615 1722 686 promontorium.
1747 612 2003 666 Promon-
2108 607 2365 661 roborant
2396 613 2558 673 atque
2587 601 2910 666 confortant,
2945 617 3011 656 ne
3040 604 3274 670 procella
3311 609 3697 675 tempestatum

418 715 551 770 toria
568 714 731 774 enim,
748 713 936 782 qutein
955 710 1249 764 insularum
1267 705 1670 762 summitatibus
1684 703 2000 766 consistunt,
2113 706 2276 768 atque
2302 695 2569 751 alluvione
2596 695 2863 749 undarum
2888 694 3205 749 obruantur.

415 812 467 860 et
482 805 561 860 eis
583 811 772 858 contra
797 801 987 856 ﬂuctus
1010 801 1176 853 maris
1199 798 1470 851 munimen
1488 802 1765 867 prtestant,
1784 802 2011 864 possunt

430 933 3695 967 _________________.___.________——————————————_.

1392 1050 1687 1127 LIBER
1746 1040 2210 1121 TERTIUS
2269 1040 2750 1119 DECIMUS.

1741 1177 2371 1203 g__.__—.__.

944 1248 1173 1306 CAPUT
1206 1246 1533 1309 PRIMUM,
2116 1239 2387 1310 signiﬁcat
2426 1245 2603 1292 autem
2641 1237 2905 1292 idolorum
2936 1235 3203 1293 culturam
3237 1248 3291 1294 et
3329 1237 3595 1309 superbia:
3626 1238 3687 1293 fa-

1036 1343 1107 1396 De
1132 1342 1412 1396 montibus.
2117 1338 2289 1395 stum,
2322 1329 2517 1398 quibus
2552 1327 2746 1381 merito
2775 1328 3062 1382 anathema
3102 1328 3336 1393 dicitur,
3365 1331 3490 1398 quia
3524 1344 3553 1381 a
3584 1343 3705 1382 san-

490 1441 700 1497 Montes
737 1445 864 1493 sunt
918 1442 1157 1490 tumores
1205 1440 1469 1484 terrarum
1493 1470 1507 1494 ,
1557 1425 1803 1481 altissimi
1852 1422 2014 1485 dicti,
2118 1421 2220 1475 ctis
2258 1428 2314 1475 et
2347 1418 2593 1473 ﬁdelibus
2632 1416 2765 1471 viris
2803 1418 2979 1472 omnis
3026 1419 3334 1473 communio
3373 1428 3429 1473 et
3472 1420 3707 1473 societas

421 1532 567 1603 quod
596 1530 704 1585 sint
727 1528 1047 1582 eminentes.
1072 1520 1301 1587 Quidam
1327 1528 1508 1573 autem
1535 1532 1599 1573 ex
1630 1516 1863 1586 propriis
1888 1529 2016 1569 cau-
2119 1512 2237 1581 ejus
2274 1510 2643 1575 interdicitur,
2684 1509 2929 1579 quando,
2964 1507 3118 1576 juxta
3145 1509 3461 1579 Apostolum
3487 1545 3502 1573 ,
3538 1508 3709 1562 Nulla

424 1599 499 1681 sis
525 1622 705 1677 vocati
734 1628 879 1681 sunt,
906 1633 973 1672 ex
1002 1615 1198 1686 quibus
1228 1612 1446 1667 notandi
1475 1619 1618 1674 sunt,
1650 1609 1741 1678 qui
1763 1607 2017 1677 opinione
2053 1664 2090 1686 η
2122 1605 2341 1659 societas
2377 1612 2452 1657 est
2490 1600 2623 1655 lucis
2659 1600 2726 1653 ad
2769 1599 3037 1663 tenebras,
3079 1615 3169 1653 nec
3198 1599 3308 1653 ulla
3336 1610 3411 1654 est
3441 1600 3709 1653 conventio

424 1664 661 1771 :naxime
691 1664 1051 1766 celebrantui:
1083 1705 1235 1759 Mons
1267 1664 1542 1759 Caucasus
1576 1664 1643 1755 ab
1666 1664 1817 1755 india
1846 1713 2017 1767 usque
2053 1664 2093 1721 Β
2122 1690 2317 1747 Christi
2339 1692 2408 1744 ad
2433 1688 2601 1743 Belial
2626 1687 2706 1759 (Il
2731 1684 2854 1740 Cor.
2877 1686 2974 1758 vt).
2999 1687 3403 1759 Catachryseia,
3436 1688 3489 1742 id
3512 1694 3619 1751 est,
3640 1684 3709 1741 ad

424 1804 496 1859 ad
544 1803 783 1857 Taurum
832 1803 1112 1868 porrectus
1157 1807 1255 1861 pro
1302 1790 1538 1860 gentium
1599 1805 1665 1845 ac
1710 1790 2014 1859 linguarum
2122 1798 2272 1835 aura.
2304 1781 2644 1835 Suntautcm
2667 1784 2876 1832 montes
2900 1777 3013 1830 auri
3040 1776 3241 1831 fertiles
3264 1779 3316 1831 in
3345 1779 3562 1832 deserto
3587 1791 3713 1846 pro-

422 1891 721 1953 varietate,
758 1865 973 1956 quoquo
1001 1897 1216 1937 versum
1246 1881 1422 1945 vadit,
1453 1879 1677 1935 diversis
1708 1878 2018 1933 nominibus
2122 1872 2208 1926 cui
2236 1887 2303 1926 ex
2335 1870 2704 1925 mansionibus
2730 1882 2759 1921 a
2789 1865 3149 1934 Coreb,juxla
3176 1883 3313 1937 quos
3340 1868 3549 1939 Moyses
3575 1870 3716 1923 Deu-

428 1986 788 2049 nuncupatur.
820 1975 919 2030 Ubi
956 1982 1136 2027 autem
1170 1970 1236 2024 ad
1268 1970 1532 2024 orientem
1569 1968 1623 2022 in
1667 1966 2019 2022 excelsiorem
2128 1964 2488 2017 teronomium
2518 1960 2798 2028 scripsisse
2828 1959 3173 2027 perhibetur,
3205 1960 3301 2015 sed
3344 1960 3565 2015 metallo
3589 1960 3717 2015 acris

426 2069 709 2139 consurgit
741 2064 1127 2120 sublimitatem
1147 2100 1159 2123 ,
1192 2074 1289 2129 pro
1320 2057 1521 2111 nivium
1550 2058 1785 2111 candore
1812 2055 2021 2109 Cauca-
2128 2051 2273 2115 fano,
2306 2053 2448 2120 quod
2476 2058 2659 2104 nostro
2688 2058 2927 2117 tempore
2952 2050 3177 2112 corruit,
3209 2059 3421 2104 montes
3445 2064 3713 2105 venarum

430 2171 526 2217 sus
542 2137 898 2226 nuncupatur.
919 2152 1051 2207 Nam
1068 2148 1314 2204 orientali
1344 2149 1519 2217 lingua
1544 2161 1830 2200 caucasum
1856 2144 2022 2213 signi-
2127 2142 2241 2195 auri
2273 2141 2458 2209 plenos
2486 2154 2606 2193 esse
2632 2139 2841 2192 vicinos
2868 2137 3156 2191 testimant.
3183 2137 3396 2193 Choreb
3427 2154 3583 2193 mons
3622 2138 3717 2193 Dei

431 2249 558 2303 licat
579 2223 867 2301 candidum
892 2282 907 2305 ,
937 2241 991 2295 id
1013 2246 1098 2293 est
1120 2237 1334 2291 nivibus
1371 2236 1707 2290 densissimis
1735 2233 2025 2290 candican-
2127 2226 2181 2279 in
2210 2226 2427 2294 regione
2449 2224 2657 2279 Madian
2675 2223 2827 2293 juxta
2852 2232 3091 2277 montem
3118 2224 3249 2278 Sina
3274 2239 3435 2293 super
3456 2223 3719 2279 Arabiam

433 2347 564 2395 tem.
599 2335 750 2400 Unde
777 2342 832 2388 et
859 2347 982 2387 eum
1015 2329 1248 2399 Scytha),
1276 2327 1366 2395 qui
1400 2326 1573 2380 eidem
1602 2323 1768 2380 monti
1791 2324 2027 2394 jungun-
2127 2316 2181 2371 in
2211 2317 2458 2381 deserto,
2492 2315 2576 2371 cui
2607 2316 2851 2385 jungitur
2876 2330 3031 2369 mons
3068 2324 3125 2370 et
3160 2316 3723 2381 desertum,Sarrace-

433 2438 555 2494 tur,
587 2424 898 2482 Croaeasim
934 2424 1281 2475 vocaverunt.
1313 2414 1495 2471 Casim
1523 2412 1664 2484 apud
1703 2428 1796 2467 eos
1823 2411 2027 2466 candor
2130 2423 2322 2464 mrum
2344 2450 2358 2473 ,
2390 2410 2530 2478 quod
2562 2417 2759 2462 vocant
2791 2407 2988 2461 Faran.
3018 2407 3147 2461 Mihi
3173 2408 3417 2472 videtur,
3448 2409 3592 2477 quod
3622 2410 3721 2463 du-

434 2516 549 2572 sive
584 2515 675 2569 nix
708 2514 929 2567 dicitur.
970 2508 1123 2562 Mons
1150 2508 1361 2560 Taurus
1391 2522 1421 2559 a
1462 2504 1733 2574 plerisque
1769 2502 1908 2554 idem
1935 2513 2031 2553 vo—
2129 2499 2255 2568 plici
2308 2498 2524 2552 nomine
2573 2498 2714 2552 idem
2756 2512 2911 2552 mons
2948 2512 3094 2552 nunc
3132 2497 3281 2553 Sinai
3322 2514 3465 2554 nunc
3505 2498 3723 2555 Choreb

436 2616 593 2663 catur
629 2613 684 2658 et
719 2601 1014 2657 Caucasus.
1055 2597 1252 2651 Ararat
1288 2610 1443 2649 mons
1485 2594 1787 2655 Armeniae,
1826 2591 1879 2643 in
1920 2605 2030 2659 qua
2131 2596 2372 2643 vocetur.
2398 2587 2791 2657 Interpretatur
2830 2596 3011 2642 autem
3038 2587 3250 2643 Choreb
3279 2588 3479 2652 calvus,
3508 2588 3597 2644 vel
3617 2590 3723 2643 sic-

442 2708 626 2748 arcani
650 2688 894 2745 historici
916 2668 1039 2757 post
1058 2686 1313 2741 diluvium
1338 2684 1541 2739 sedisse
1565 2690 1852 2737 testantur.
1880 2679 2032 2734 Unde
2133 2681 2262 2733 citas
2281 2719 2295 2743 ,
2319 2680 2403 2733 vel
2432 2678 2686 2742 solitudo,
2727 2679 2811 2733 vel
2850 2679 2999 2733 Sinai
3030 2681 3245 2734 tentatio
3266 2721 3279 2746 ,
3304 2680 3389 2734 vel
3419 2680 3637 2733 rubrum
3668 2688 3725 2735 et

440 2794 494 2839 et
520 2796 690 2852 usque
721 2779 883 2833 hodie
922 2776 1122 2831 ibidem
1151 2775 1417 2845 lignorum
1447 2773 1669 2842 vestigia
1707 2770 1824 2838 ejus
1850 2770 2033 2822 vidn-
2134 2771 2385 2841 ampliora
2413 2786 2525 2824 mea
2554 2784 2571 2821 :
2602 2770 2693 2824 ubi
2720 2770 2928 2840 Moyses
2958 2770 3130 2841 legem
3167 2762 3395 2841 accepit,
3421 2782 3477 2826 et
3506 2787 3725 2826 mensu-

443 2885 551 2929 tnr.
576 2874 774 2926 Ararat
800 2871 1186 2939 interpretatur
1228 2864 1543 2919 descendens
1571 2879 1601 2915 a
1624 2859 1853 2930 specula.
1882 2858 2032 2913 Mons
2135 2876 2250 2915 ram
2280 2861 2495 2916 vivendi
2538 2876 2605 2916 ex
2650 2862 2861 2916 Domini
2899 2864 3154 2917 mandato
3198 2862 3317 2917 rudi
3354 2863 3550 2933 populo
3586 2863 3727 2917 scri-

443 2963 895 3028 Moabitarunyin
919 2975 1080 3029 quem
1104 2954 1505 3011 adducitBalac
1527 2952 1668 3007 filius
1694 2951 1903 3020 Sephor
1925 2950 2031 3004 Ba-
2073 3022 2105 3029 _
2139 2954 2250 3022 psit
2298 2971 2311 3007 :
2352 2954 2445 3007 sed
2491 2954 2717 3008 tcntatio
2751 2952 3079 3023 perﬁdorum
3115 2953 3186 3009 ibi
3217 2969 3326 3009 non
3370 2954 3573 3019 defuit,
3622 2968 3727 3008 nec

443 3055 586 3109 laam
616 3055 855 3109 divimun
894 3051 960 3103 ad
994 3044 1420 3102 maledicendum
1445 3042 1610 3097 Israel
1651 3040 1839 3113 (Num.
1870 3039 2032 3110 xxii),
2063 3022 2107 3084 C
2142 3045 2420 3114 sanguinis
2458 3043 2647 3098 cﬂ‘usio
2686 3022 2899 3114 penitus
2936 3045 3189 3101 cessavit.
3226 3044 3427 3101 Galaad
3462 3061 3620 3099 mons
3658 3045 3726 3098 ad

447 3163 609 3218 super
654 3146 913 3199 verticem
964 3141 1055 3210 qui
1103 3146 1325 3209 propter
1370 3135 1664 3189 vehemens
1707 3140 2037 3202 prteruptum
2140 3151 2300 3206 quem
2330 3137 2559 3205 septimo
2588 3135 2675 3190 die
2710 3134 3056 3203 profectionis
3083 3136 3296 3191 echaris
3338 3135 3502 3191 Jaeob
3545 3135 3730 3204 ρι’-υἷας

452 3245 679 3293 vocatur
708 3234 924 3289 excisus
943 3270 957 3296 ,
994 3238 1049 3284 et
1075 3227 1320 3281 imminet
1345 3223 1482 3278 mari
1512 3221 1719 3276 Mortuo
1746 3219 1888 3274 haud
1916 3234 2042 3289 pro-
2142 3240 2240 3295 gus
2264 3225 2427 3279 venit.
2459 3225 2553 3279 Est
2583 3234 2760 3277 autem
2800 3225 2867 3279 ad
2895 3232 3106 3295 tergum
3130 3226 3404 3281 thnicis
3430 3235 3483 3280 et
3509 3226 3729 3282 Arabia

450 3329 540 3384 cui
563 3330 629 3381 ab
655 3327 894 3379 Arnonc.
919 3323 1093 3389 Fogor
1116 3326 1171 3373 et
1188 3314 1477 3383 Bcthfogor
1507 3328 1660 3367 mons
1686 3310 2041 3365 Moabitarum
2141 3314 2365 3369 collibus
2394 3313 2583 3367 Libani
2616 3313 2895 3383 copulatus
2912 3354 2927 3379 ,
2955 3316 3371 3384 extenditurque
3410 3332 3508 3385 per
3533 3316 3727 3370 deser-

450 3419 518 3473 ad
545 3431 704 3485 quem
736 3413 932 3467 Balaac
970 3426 1064 3463 rex
1096 3406 1314 3461 adducit
1352 3403 1567 3456 Balaam
1608 3399 1836 3455 ariolum
1868 3399 1920 3451 in
1952 3413 1999 3451 sv

2176 3422 2256 3460 um
2291 3424 2302 3459 :
2332 3420 2504 3475 usque
2529 3406 2595 3459 ad
2621 3420 2743 3460 eum
2768 3406 2943 3461 locum
2977 3414 3126 3461 trans
3143 3404 3430 3460 Jordanem
3456 3406 3725 3460 habitavit

454 3508 679 3580 percilio
707 3503 965 3558 Libiadis.
994 3499 1100 3554 Sed
1124 3506 1179 3552 et
1201 3497 1304 3550 alia
1333 3494 1454 3566 villa
1486 3493 1661 3547 Sodor
1684 3490 1825 3544 haud
1854 3503 2003 3557 proci

2183 3495 2413 3551 uandam
2443 3495 2582 3551 Seon
2613 3512 2706 3550 rex
2742 3495 3162 3549 Atnorrteorum.
3188 3493 3394 3549 Cecidit
3421 3503 3598 3548 autem
3634 3509 3729 3547 ενι-

453 3612 485 3651 a
533 3594 805 3649 Bethleem
844 3589 1116 3651 cernitur,
1160 3598 1279 3655 qum
1325 3598 1465 3637 nunc
1499 3581 1637 3634 Faor
1679 3584 2002 3645 nuncupatut

2183 3589 2416 3643 radictus
2443 3601 2597 3639 mons
2628 3584 2679 3638 in
2717 3592 2916 3639 sortem
2954 3583 3183 3638 ﬁliorum
3211 3583 3399 3638 Ruben
3438 3592 3492 3637 et
3525 3581 3642 3637 Gad
3674 3591 3730 3637 et

455 3686 681 3741 Abarim
715 3696 900 3744 mons,
942 3681 996 3732 in
1025 3692 1131 3747 quo
1166 3682 1410 3730 mortuus
1450 3681 1533 3725 est
1569 3669 1795 3738 Moyses.
1840 3666 2004 3719 Dicitu

2183 3678 2380 3732 inuidiae
2414 3674 2587 3728 tribus
2623 3672 2886 3727 Manasse.
2926 3671 3032 3726 Sed
3068 3680 3124 3725 et
3158 3665 3418 3727 Jeremias
3442 3670 3685 3739 loquitur
3713 3686 3729 3724 :

457 3786 639 3832 autem
671 3787 824 3827 mons
856 3785 976 3825 esse
1002 3768 1188 3821 Nabau
1221 3766 1272 3818 in
1304 3773 1445 3817 terra
1469 3760 1623 3814 Moab
1652 3768 1840 3813 contra
1867 3755 2006 3807 llicri

2186 3766 2354 3824 'alaad
2400 3774 2455 3819 tu
2488 3763 2617 3816 mihi
2658 3763 2866 3816 initium
2912 3760 3100 3814 Libani
3143 3756 3276 3832 (Jer.
3330 3760 3496 3830 xxtt);
3547 3775 3577 3813 a
3620 3774 3735 3829 quo

457 3866 561 3920 cho
591 3878 754 3933 super
776 3860 1064 3915 Iordanem
1093 3857 1145 3909 in
1182 3852 1470 3921 supercilio
1494 3848 1689 3918 Fasga,
1720 3845 2051 3901 oslenditur-
2149 3863 2331 3912 ηοηλε
2355 3862 2409 3908 ει
2433 3853 2625 3907 civitas
2659 3853 2713 3907 in
2750 3867 2814 3907 eo
2839 3852 3056 3907 condita
3087 3852 3274 3905 δοτιίω
3302 3851 3620 3904 vocabulum
3649 3858 3741 3905 εει

457 3970 563 4024 que
601 3949 1020 4007 ascendentibus
1067 3946 1132 3999 de
1174 3943 1396 3997 Libiade
1440 3942 1491 3993 in
1544 3936 1778 3992 llcrbum
1825 3934 2049 4003 antiquo
2149 3960 2311 4015 quam
2343 3943 2485 4012 copit
2513 3942 2580 3996 de
2611 3940 3007 3995 Amm-pagorum
3034 3956 3195 3995 manu
3219 3939 3419 3994 Galaad
3453 3940 3591 3994 ﬁlius
3620 3939 3738 3993 Ma-

460 4045 729 4111 hodieque
759 4038 1019 4093 vocabulo
1049 4036 1202 4105 juxta
1244 4040 1479 4085 montem
1511 4030 1684 4097 Fogor
1720 4040 1912 4082 nomen
1941 4025 2051 4093 pri-
2151 4035 2291 4099 chir,
2320 4033 2411 4087 filii
2443 4032 2711 4086 Manasse.
2743 4030 2945 4085 Galaad
2980 4039 3183 4092 autem,
3213 4030 3306 4099 qui
3346 4031 3743 4098 interpretatur

461 4135 662 4189 stinum
723 4129 1077 4189 retinentem,
1127 4139 1155 4176 a
1198 4138 1305 4191 quo
1352 4121 1494 4174 circa
1536 4134 1659 4171 eum
1698 4117 1847 4186 regio
1884 4128 2051 4183 usque
2151 4137 2365 4173 acervus
2388 4119 2668 4172 testimonii
2684 4117 3137 4187 ettransmigratio
3160 4115 3743 4186 testimonii,significat

462 4242 604 4283 nunc
635 4230 863 4277 vocatur
893 4220 1085 4288 Fasga.
1114 4214 1331 4269 Abarim
1362 4221 1539 4264 autem
1574 4210 1976 4276 interpretatur,
1998 4204 2052 4256 in
2153 4218 2395 4265 sanciam
2436 4208 2799 4276 scripturam,
2834 4206 2887 4260 in
2914 4222 3019 4275 qua
3055 4207 3228 4262 fmdus
3260 4216 3313 4261 et
3338 4215 3552 4276 pactum
3586 4205 3744 4260 im“

462 4316 711 4377 transitu,
732 4311 875 4382 quod
895 4306 1199 4377 signiﬁcare
1228 4311 1404 4371 potest
1429 4301 1586 4353 linem
1612 4298 1741 4368 legis
1767 4295 2051 4364 :quoniatn
2084 4351 2131 4382 Π
2157 4303 2325 4355 Deum
2366 4308 2421 4353 ei
2458 4299 2704 4353 homines
2744 4296 3091 4351 οοηειῑιυιιιηι
3125 4296 3337 4365 legitur,
3382 4297 3457 4350 lbi
3492 4296 3659 4349 etiam
3684 4303 3745 4349 ει

772 4351 875 4365 υνι.
896 4351 1198 4377 ...θην-π.--
1229 4351 1403 4371 τη---
1662 4351 1691 4368 υ
1817 4351 1833 4364 ,
2377 4351 2418 4353 ἡ-
2592 4351 2600 4352 ,
2691 4351 2695 4352 ,
3177 4351 3206 4365 ν

462 4409 598 4478 legis
627 4351 786 4461 datulr
809 4398 1128 4475 [lcgislator]
1164 4397 1372 4467 Moyses
1401 4393 1473 4448 ibi
1506 4393 1557 4447 in
1584 4398 1765 4445 monte
1794 4389 2051 4441 virtutum
2082 4351 2131 4409 θ
2157 4389 2523 4446 reconciliatio
2543 4388 2763 4441 humani
2795 4386 3006 4457 generis
3033 4400 3129 4454 per
3155 4385 3424 4440 Chi-istum
3460 4386 3597 4455 apud
3629 4387 3747 4442 no-

464 4475 761 4556 collocatus
793 4495 858 4548 de
889 4494 990 4546 hac
1019 4489 1127 4542 vita
1158 4484 1391 4540 transiit.
1430 4482 1540 4535 Nec
1560 4480 1703 4534 enim
1727 4485 2054 4547 poteratpcr
2156 4481 2359 4534 minnm
2390 4478 2731 4547 pmdicaiur,
2758 4475 2961 4531 Galaad
2998 4490 3152 4530 mons
3180 4475 3232 4528 in
3262 4476 3495 4539 deserto,
3526 4476 3613 4528 ubi
3650 4492 3748 4531 ea.

467 4590 685 4659 Moysen
724 4583 954 4654 populus
993 4577 1323 4633 lsraeliticus
1361 4572 1595 4625 transire
1632 4568 1950 4628 Iordanem,
2002 4578 2016 4615 t

2199 4578 2270 4619 Lra
2302 4565 2487 4619 metati
2521 4572 2645 4618 sunt
2673 4564 2767 4617 ﬁlii
2798 4564 2977 4618 Israel.
3005 4563 3168 4617 Cebal
3213 4579 3365 4617 mons
3392 4564 3445 4618 in
3470 4574 3611 4618 terra
3653 4581 3748 4621 re-

468 4653 673 4732 intrarc
716 4653 768 4726 in
816 4681 1018 4724 terram
1064 4661 1523 4733 repromissionis,
1566 4657 1660 4712 sed
1686 4672 1780 4725 per
1803 4656 2054 4707 ducatum
2156 4654 2547 4724 promissionis,
2571 4653 2660 4707 ubi
2688 4654 2755 4708 ad
2784 4653 3065 4721 imperium
3097 4653 3264 4723 Moysi
3294 4654 3462 4707 altare
3487 4664 3750 4708 constru-

468 4767 593 4822 Jcsu
623 4764 725 4817 hoc
754 4759 964 4821 factum
992 4763 1095 4818 est,
1127 4732 1230 4807 hoc
1265 4758 1348 4804 est
1369 4790 1383 4813 ,
1413 4746 1709 4802 Salvator-is
1735 4743 1936 4806 nostri,
1965 4740 2056 4809 qui
2158 4755 2301 4797 ctum
2344 4751 2446 4796 est.
2494 4742 2632 4797 Sunt
2680 4750 2861 4795 autem
2891 4740 3046 4808 juxta
3089 4741 3340 4794 Hiericho
3375 4742 3479 4795 duo
3523 4732 3750 4796 montes

471 4858 537 4911 de
566 4855 781 4907 deserto
822 4848 981 4903 istius
1019 4842 1200 4898 mundi
1238 4856 1334 4910 per
1370 4836 1629 4908 Baptismi
1661 4841 2054 4895 sacramentum
2158 4834 2319 4887 vicini
2346 4842 2537 4887 contra
2569 4846 2627 4885 se
2656 4832 2884 4885 invicem
2918 4830 3282 4899 respicientes,
3318 4843 3349 4883 e
3374 4830 3567 4899 quibus
3594 4845 3752 4886 unus

473 4946 660 5000 fideles
697 4958 824 4997 suos
863 4935 1155 4993 introducit
1196 4934 1248 4987 in
1288 4939 1487 4985 terram
1515 4927 1838 4986 viventium,
1868 4930 1921 4975 et
1948 4921 2059 4989 glo-
2157 4924 2413 4988 Carizim,
2446 4924 2580 4976 alter
2602 4921 2766 4977 Cebal
2797 4922 3011 4975 dicitur.
3041 4921 3209 4975 Porro
3234 4921 3555 4976 Samaritani
3583 4923 3749 4977 arbi-

474 5035 610 5088 riam
650 5031 797 5099 regni
845 5026 1099 5081 ctrlcstis.
1151 5022 1385 5075 llermon
1434 5032 1587 5071 mons
1628 5015 2055 5072 Amorrarorum,
2160 5014 2486 5065 tranturhos
2504 5012 2638 5065 duos
2665 5018 2876 5065 montes
2894 5010 3046 5079 juxta
3062 5008 3335 5080 Neapolim
3360 5026 3501 5075 esse,
3525 5011 3622 5065 sed
3656 5028 3755 5066 vc-

478 5126 547 5178 de
572 5138 679 5192 (1υο
710 5121 911 5173 (“Clum
942 5109 1517 5181 θεινιιιιοιιιιηιωηίεεδ
1543 5113 1737 5159 "003m
1763 5102 1976 5165 SimiOI‘.
2005 5108 2060 5153 α
2160 5104 2440 5157 hcmenter
2471 5109 2673 5155 errant.
2716 5099 3010 5152 Plurimum
3051 5100 3193 5151 enim
3242 5101 3381 5154 inter
3419 5115 3475 5153 se
3511 5100 3751 5163 distant,

475 5183 787 5268 Amorrznus
817 5204 1103 5275 appellavit
1142 5201 1334 5262 Sanir,
1374 5197 1674 5264 diciturque
1701 5208 1823 5249 esse
1856 5193 1907 5245 in
1935 5205 2058 5244 vcr-
2160 5205 2259 5244 nec
2286 5198 2510 5257 possunt
2548 5188 2773 5241 invicem
2807 5183 3238 5239 benedicentium
3275 5187 3389 5241 sive
3415 5184 3756 5240 maledicen-

479 5304 587 5359 tice
609 5301 725 5371 ejus
752 5299 963 5367 insigne
987 5292 1262 5362 templum,
1288 5288 1428 5357 quod
1452 5286 1681 5341 ethnicis
1707 5283 1872 5338 cultui
1905 5282 2063 5335 habe—
2163 5289 2293 5341 iium
2325 5286 2464 5340 inter
2496 5297 2555 5336 se
2582 5281 2755 5335 audiri
2782 5294 2942 5335 voces
2974 5295 2987 5332 :
3019 5278 3161 5347 quod
3188 5277 3467 5345 Scriptura
3501 5290 3755 5330 comme-

480 5402 589 5457 tur,
680 5364 897 5460 regione
924 5382 1186 5440 Paneadis
1215 5390 1270 5435 et
1305 5379 1516 5434 Libani.
1547 5375 1651 5430 Sed
1677 5382 1729 5429 et
1757 5384 1899 5427 terra
1927 5372 2061 5425 lilio-
2162 5382 2356 5430 morat.
2394 5371 2563 5428 Cebal
2601 5371 3016 5439 interpretatur,
3045 5382 3236 5436 vorago
3274 5374 3412 5420 vetus
3454 5380 3471 5418 :
3498 5364 3753 5419 Garizim

487 5496 605 5535 rum
642 5453 805 5531 ιςηῖρι
838 5486 985 5529 trans
1011 5471 1298 5527 Jordanem
1338 5483 1366 5520 a
1412 5466 1539 5520 solis
1566 5472 1685 5517 ortu
1719 5477 1749 5514 a
1792 5470 2061 5530 praerupto
2162 5479 2334 5526 mons,
2366 5476 2515 5530 super
2552 5471 2712 5527 quem
2755 5466 3019 5514 steterunt
3047 5455 3247 5525 iniqui;
3279 5453 3559 5507 maledicta
3594 5466 3756 5506 reso-

487 5568 719 5625 Arnonis
749 5583 917 5636 usque
953 5566 1016 5618 ad
1049 5572 1284 5617 tnontem
1312 5560 1546 5614 llernion
1576 5555 1899 5609 extenditur.
1930 5552 2064 5605 ller-
2163 5555 2367 5608 nabant
2403 5550 2551 5619 juxta
2588 5550 2955 5618 supradictum
2990 5555 3227 5601 montem
3270 5544 3455 5599 Cebal.
3500 5542 3753 5597 Garizim

489 5676 613 5715 mon
656 5668 831 5714 autem
878 5658 1290 5723 interpretatur,
1329 5650 1636 5711 anathema,
1678 5645 1761 5700 vel
1803 5644 2013 5697 tristitia
2044 5658 2061 5696 :
2168 5643 2548 5712 interpretatur
2574 5640 2757 5695 divisio
2781 5640 2891 5694 sive
2916 5636 3173 5707 pra’cisio.
3198 5634 3295 5701 Qui
3328 5642 3449 5689 sunt
3478 5644 3607 5699 ergo
3629 5630 3754 5695 isti,
