3922 6340
194 296 284 353 561
1147 297 1234 350 DE
1276 294 1622 352 UNIVERSO
1662 292 1839 347 LIBRI
1880 290 2041 347 XXII.
2083 323 2153 332 -—
2188 292 2315 348 LIB.
2357 295 2491 350 XIII.

3348 306 3452 361 562

192 410 277 479 qui
301 408 731 479 inccduntjuxta
763 420 1002 465 montem
1031 411 1293 476 Garizim,
1319 421 1373 466 et
1400 412 1491 482 qui
1523 410 1779 464 incedunt
1807 412 1854 473 Α
1882 406 1996 460 ret?
2037 405 2143 461 Sed
2181 408 2303 475 quia
2351 407 2550 463 Gelboc
2597 411 2979 481 interpretatur
3028 414 3319 481 decursus,
3359 435 3455 489 per

187 495 331 565 iuxta
380 510 619 555 montem
658 499 861 555 Cebal?
908 502 985 556 illi
1035 502 1245 570 itaque,
1288 503 1376 570 qui
1416 503 1470 555 in
1509 503 1610 555 hoc
1655 500 1771 556 loco

190 591 330 652 iuxta
356 600 598 645 montem
629 589 867 646 Carizim
902 592 1158 646 incedunt
1180 592 1340 647 electi
1362 592 1430 645 ad
1451 591 1771 645 benedicen-

191 689 330 749 dum,
363 701 458 741 eos
486 685 783 755 ﬁguraliter
812 686 1080 749 indicant,
1121 688 1211 754 qui
1247 701 1351 740 non
1387 692 1532 738 metu
1570 698 1767 754 poenae,

190 777 278 831 sed
301 776 538 831 caelestis
556 775 934 847 promissionis
956 791 1140 831 amore
1162 776 1431 841 succensi,
1454 776 1677 831 veniunt
1703 775 1770 830 ad

190 865 430 920 salutem.
472 866 555 921 Illi
584 881 716 922 vero
752 865 992 933 dimidii,
1029 868 1121 936 qui
1148 865 1303 934 juxta
1336 877 1574 945 montem
1604 866 1771 922 Gebal

190 955 470 1021 incedunt,
515 957 570 1011 in
602 972 713 1027 quo
748 956 1154 1013 maledictiones
1192 957 1416 1027 prolatae
1457 966 1612 1022 sunt,
1654 958 1772 1014 illos

190 1045 443 1113 indicant,
472 1047 567 1115 qui
603 1062 713 1102 non
749 1062 934 1104 amore
969 1048 1404 1103 benedictionum
1430 1049 1513 1102 vel
1546 1050 1774 1118 promis-

186 1136 426 1203 sionum,
472 1138 570 1193 sed
616 1137 922 1194 futurorum
965 1139 1351 1210 suppliciorum
1392 1139 1587 1194 timore
1621 1155 1769 1195 com-

185 1232 327 1303 plent
374 1248 497 1302 quae
536 1233 593 1286 in
634 1233 752 1304 lege
795 1234 997 1303 scripta
1038 1242 1198 1299 sunt,
1240 1241 1300 1287 ut
1336 1234 1653 1304 perveniant
1703 1234 1771 1289 ad

186 1323 425 1378 salutem.
460 1321 668 1379 Omnes
688 1333 869 1379 autem
899 1325 1044 1380 circa
1072 1340 1256 1380 arcam
1285 1325 1563 1391 incedunt,
1591 1326 1682 1394 qui
1704 1328 1771 1380 ab

187 1414 436 1472 Ecclesia:
458 1416 586 1470 sinu
613 1432 717 1471 non
747 1417 1009 1471 recedunt
1039 1436 1051 1469 :
1080 1417 1171 1471 sed
1200 1416 1493 1472 nobiliores
1512 1430 1634 1471 esse
1656 1416 1772 1472 illos

190 1506 456 1569 novimus,
486 1507 587 1575 qui
610 1506 736 1561 boni
771 1507 940 1577 ipsius
968 1507 1266 1573 desiderio,
1303 1514 1519 1563 aeternae
1552 1507 1772 1562 benedi—

192 1597 372 1651 ctionis
409 1612 625 1663 amore,
651 1600 796 1667 quod
824 1599 1023 1653 bonum
1060 1606 1142 1653 est
1187 1607 1382 1668 agunt,
1416 1614 1579 1669 quam
1618 1598 1767 1665 illos,

188 1687 271 1758 qui
297 1702 394 1756 pro
428 1686 561 1741 mali
600 1696 745 1743 metu
775 1689 976 1744 bonum
1007 1692 1304 1743 sectantur.
1332 1689 1485 1744 Mons
1498 1689 1770 1744 Olivarum

1877 498 2003 552 Saul
2034 508 2214 552 autem
2244 508 2463 553 unctum
2489 510 2543 554 et
2576 512 2845 557 mortuum
2875 521 3019 561 mors
3053 510 3223 564 nostri
3253 510 3451 567 Media-

1875 592 2007 645 toris
2036 592 2360 661 exprimitur
2394 612 2405 646 :
2438 610 2543 648 non
2578 596 2845 651 immerito
2888 614 2984 677 per
3018 600 3219 657 Gelboe
3246 614 3455 662 montes

1875 685 2104 752 superba
2136 682 2443 738 Iudaeorum
2476 687 2636 740 corda
2662 680 2959 756 signantur,
2985 705 3101 758 qurc
3129 692 3255 747 dum
3284 695 3335 747 in
3366 695 3456 749 hu-

1867 770 1957 840 jus
1978 773 2161 826 mundi
2194 773 2474 827 desideriis
2494 774 2751 840 deﬂuunt,
2780 777 2832 830 in
2854 776 3074 844 Christi,
3102 768 3155 833 id
3182 792 3262 836 est
3284 786 3453 850 uncti,

1875 879 1933 917 se
1964 873 2139 919 morte
2168 864 2535 928 miscuerunt,
2565 874 2621 919 et
2644 867 2768 933 quia
2805 866 2859 920 in
2890 869 2969 923 eis
2991 878 3185 923 unctus
3217 887 3310 926 rex
3343 888 3458 927 cor—

1874 954 2132 1023 poraliter
2178 955 2438 1020 moritur,
2489 955 2590 1025 ipsi
2637 958 2703 1010 ab
2751 958 2897 1011 omni
2947 974 3141 1029 genere
3186 977 3307 1018 rore
3353 966 3461 1020 sic-

1877 1051 2089 1097 cantur.

1947 1135 2164 1191 Thabor
2189 1144 2243 1191 et
2272 1135 2508 1192 Hermon
2539 1143 2750 1192 montes
2784 1147 2909 1193 sunt
2950 1138 3119 1209 Syrite
3146 1144 3452 1210 provinciae,

1876 1240 2107 1295 quorum
2128 1229 2344 1282 nomina
2366 1229 2603 1298 ingentia
2623 1238 2958 1284 sacramenta
2973 1233 3299 1302 parturiunt.
3321 1235 3459 1289 Tha-

1874 1320 1974 1373 hor
2012 1320 2155 1372 enim
2210 1320 2407 1375 dicitur
2450 1321 2655 1375 veniens
2691 1322 2865 1376 lumen
2909 1338 2926 1375 :
2975 1326 3116 1393 quod
3154 1328 3462 1395 specialiter

1877 1406 2166 1460 adventum
2208 1408 2419 1462 Domini
2459 1407 2755 1465 Salvatoris
2796 1411 3093 1482 signiﬁcat,
3138 1416 3203 1469 de
3245 1433 3351 1486 quo
3388 1420 3463 1473 di-

1876 1506 2022 1552 ctum
2054 1507 2135 1553 est
2164 1517 2175 1552 :
2212 1500 2345 1553 Erat
2374 1500 2548 1554 lumen
2576 1518 2747 1555 verum
2767 1545 2780 1569 ,
2806 1506 2945 1573 quod
2972 1504 3235 1560 illuminat
3260 1526 3461 1563 onmem

1876 1588 2139 1642 hominem
2168 1590 2457 1643 venientem
2484 1590 2539 1643 in
2576 1592 2711 1644 hunc
2746 1594 2999 1647 mundum
3023 1594 3202 1665 (Joan.
3235 1596 3296 1665 ι).
3328 1598 3461 1653 Her-

1876 1696 2004 1735 mon
2061 1679 2331 1752 signiﬁcat
2359 1684 2639 1737 anathema
2669 1685 2802 1753 ejus,
2833 1684 2885 1738 id
2914 1696 2998 1739 est
3045 1687 3265 1753 diaboli,
3297 1707 3459 1759 quam

187 1778 249 1833 ad
271 1780 537 1833 orientem
570 1788 655 1835 est
682 1780 1001 1845 Jerusalem,
1022 1783 1076 1836 in
1104 1797 1211 1851 quo
1238 1781 1531 1852 discipulos
1560 1782 1772 1838 erudie-
1800 1773 1848 1831 Β
1878 1774 2250 1829 aChristianis
2270 1774 2499 1830 Domino
2523 1775 2772 1831 veniente
2797 1778 3050 1847 suscepit.
3069 1778 3294 1849 Dignum
3317 1785 3460 1838 enim

186 1868 273 1922 bat
294 1867 472 1923 Jesus.
506 1869 669 1926 Mons
695 1886 825 1942 ergo
844 1873 946 1926 iste
965 1871 1235 1943 signiﬁcat
1262 1872 1634 1927 celsitudinem
1660 1872 1770 1926 vir-

187 1967 351 2013 tutum
381 1969 437 2014 et
477 1962 780 2030 gratiarum
820 1962 1144 2031 spiritalium
1169 2002 1183 2027 ,
1210 1977 1330 2031 quae
1365 1962 1507 2017 dono
1534 1962 1770 2032 Spiritus

188 2052 350 2107 sancti
380 2053 783 2108 distribuuntur
810 2052 1079 2109 ﬁdelibus.

251 2143 454 2208 Naban,
482 2146 632 2213 quod
681 2144 936 2199 hebraice
978 2144 1176 2200 dicitur
1205 2144 1375 2209 Nabo,
1408 2160 1565 2199 mons
1610 2160 1773 2215 super

187 2232 465 2289 Iordanem
496 2244 691 2290 contra
719 2234 1031 2290 Hierichum
1055 2236 1109 2289 in
1138 2242 1280 2290 terra
1307 2234 1481 2300 Moab,
1510 2236 1603 2291 ubi
1630 2235 1771 2307 Moy-

188 2341 270 2379 ses
297 2334 546 2381 mortuus
578 2335 663 2382 est
682 2367 698 2393 ,
734 2336 791 2381 et
814 2342 986 2397 usque
1013 2328 1172 2382 hodie
1201 2328 1507 2382 ostenditur
1533 2328 1586 2382 in
1617 2338 1772 2384 sexto

188 2416 431 2472 milliario
456 2418 617 2473 urbis
639 2418 812 2473 Esbus
840 2426 1028 2472 contra
1058 2419 1378 2474 orientalem
1402 2419 1637 2491 plagam.
1667 2420 1773 2473 Na-

188 2503 285 2561 ban
315 2521 444 2578 ergo
476 2508 874 2578 interpretatur
897 2549 910 2573 ,
938 2510 992 2560 in
1022 2508 1381 2575 conclusione,
1413 2518 1468 2563 et
1502 2509 1773 2580 signiﬁcat

190 2598 470 2651 terminum
502 2597 663 2667 legis,
691 2599 829 2653 sicut
858 2609 913 2653 et
934 2614 1080 2653 mors
1109 2598 1300 2668 Moysi,
1319 2600 1447 2668 quia
1476 2600 1772 2655 secundum

189 2686 494 2757 Apostolum
532 2689 659 2758 ﬁnis
695 2689 822 2759 legis
864 2686 1100 2743 Christus
1138 2701 1211 2742 est
1243 2690 1311 2742 ad
1333 2689 1601 2758 justitiam
1630 2692 1773 2746 omni

192 2780 405 2832 credenti
441 2779 627 2851 (Rom.
656 2779 734 2851 χ).

256 2870 326 2924 Or
354 2886 532 2937 mons,
562 2872 620 2926 in
650 2887 756 2941 quo
786 2882 1033 2927 mortuus
1064 2880 1148 2927 est
1171 2872 1373 2939 Aaron,
1397 2873 1551 2943 juxta
1582 2874 1772 2927 civita-

193 2968 293 3013 tem
320 2959 564 3026 Petram,
597 2962 688 3015 ubi
713 2977 884 3029 usque
911 2962 978 3015 ad
1005 2972 1326 3030 praesentem
1353 2963 1653 3017 ostenditur
1681 2978 1771 3017 ru-

191 3063 277 3120 pes
326 3065 431 3121 qua
472 3066 739 3122 percussa
780 3051 988 3122 Moyses
1029 3067 1199 3121 aquas
1258 3053 1451 3123 pepulo
1492 3053 1659 3109 dedit.
1698 3054 1772 3110 Or

196 3149 361 3194 autem
394 3141 789 3211 interpretatur
827 3144 1134 3208 iracundia,
1168 3154 1222 3199 et
1252 3146 1474 3210 merito,
1532 3147 1657 3214 quia
1702 3147 1773 3200 ibi

191 3240 401 3302 propter
425 3234 823 3288 dubitationem
858 3234 1022 3304 Moysi
1050 3244 1103 3288 et
1132 3235 1311 3289 Aaron
1342 3236 1395 3289 in
1420 3237 1775 3303 productione

194 3336 336 3390 aquae
362 3324 427 3378 de
457 3334 618 3394 petra
647 3324 990 3379 interdictum
1019 3334 1103 3380 est
1149 3326 1226 3379 eis
1270 3341 1339 3379 ne
1370 3326 1774 3382 introducerent

197 3412 325 3468 ﬁlios
346 3398 514 3468 Israel
540 3414 599 3467 in
627 3424 829 3469 terram
860 3415 1311 3484 repromissionis.

256 3504 394 3559 Gaas
414 3520 577 3559 mons
600 3505 656 3558 in
683 3506 822 3561 tribu
846 3507 1122 3577 Ephraim,
1139 3508 1190 3561 in
1205 3507 1358 3576 cujus
1372 3510 1772 3579 septentrionali

193 3597 336 3669 plaga
367 3598 615 3668 sepultus
640 3606 723 3654 est
750 3596 907 3655 Jesus
942 3601 1085 3656 ﬁlius
1123 3600 1302 3667 Nave,
1332 3610 1387 3657 et
1412 3617 1581 3671 usque
1614 3604 1772 3659 hodie

189 3686 329 3754 juxta
356 3689 539 3743 vicum
568 3689 868 3744 Thamnam
888 3690 1231 3760 sepulchrum
1252 3691 1367 3760 ejus
1388 3693 1598 3763 insigne
1622 3708 1774 3747 mon-

197 3788 407 3834 stratur.

260 3869 378 3925 Seir
415 3888 580 3929 mons
620 3873 672 3927 in
712 3882 854 3929 terra
886 3874 1088 3939 Edom,
1121 3876 1173 3929 in
1210 3889 1316 3943 quo
1342 3875 1601 3929 habitavit
1630 3876 1772 3930 Esau

198 3963 244 4014 in
273 3965 487 4033 regione
515 3964 788 4020 Gebalena
809 4007 822 4029 ,
862 3982 1003 4035 quze,
1035 3983 1099 4021 ex
1133 3981 1197 4020 eo
1233 3966 1374 4034 quod
1402 3966 1544 4020 Esau
1572 3967 1773 4037 pilosus

196 4064 328 4107 esset
356 4065 410 4109 et
438 4056 689 4125 hispidus
708 4096 722 4123 ,
751 4056 873 4111 Seir
893 4098 907 4122 ,
939 4058 1041 4112 hoc
1066 4067 1149 4113 est
1191 4059 1368 4128 pilosi,
1398 4074 1590 4114 nomen
1621 4074 1774 4114 acce-

196 4145 283 4213 pit.
315 4144 371 4200 In
408 4148 609 4216 quibus
648 4146 779 4203 locis
820 4158 944 4203 ante
982 4149 1245 4205 habitavit
1286 4150 1584 4217 Chorreus,
1614 4166 1771 4221 quem

196 4232 455 4290 interfecit
497 4236 719 4291 Chodor
760 4236 1008 4293 Laomor.
1048 4239 1291 4294 Meminit
1326 4242 1526 4296 montis
1562 4240 1681 4295 Seir
1720 4249 1772 4296 et

196 4318 351 4376 Isaias
377 4323 431 4377 in
466 4308 679 4380 visione
704 4324 967 4381 Idumam.
1000 4326 1139 4394 Quid
1178 4338 1359 4384 autem
1396 4330 1534 4395 Seir,
1567 4331 1657 4399 qui
1691 4331 1773 4383 in-

198 4417 522 4481 terpretatur
559 4416 754 4483 pilosus
806 4418 888 4471 vel
919 4420 1187 4487 hispidus,
1221 4421 1513 4491 signiﬁcet,
1556 4422 1642 4476 ille
1680 4423 1769 4490 qui

197 4499 469 4558 historiam
498 4504 668 4561 Jacob
694 4515 747 4561 et
775 4506 916 4561 Esau
948 4508 1077 4579 legit
1101 4520 1155 4564 et
1184 4511 1584 4581 beneintelligit
1613 4512 1769 4567 facile

198 4592 508 4664 dignoscere
534 4608 742 4667 potest,
774 4602 898 4671 quia
916 4601 1078 4656 Jacob
1104 4603 1329 4672 simplex
1355 4603 1621 4674 signiﬁcat
1648 4606 1773 4659 sim-

196 4683 477 4753 plicitatem
513 4689 764 4746 Ecclesia:
806 4710 817 4745 :
859 4692 999 4746 Esau
1042 4709 1169 4748 vero
1204 4693 1405 4763 pilosus
1439 4703 1493 4748 et
1529 4696 1772 4765 hispidus

197 4771 397 4833 Iudaeos
432 4789 490 4834 et.
527 4781 812 4836 haereticos
838 4784 967 4837 setis
1007 4784 1261 4837 vitiorum
1297 4784 1539 4839 sordidos
1574 4794 1629 4838 et
1658 4784 1772 4839 feti-

198 4862 288 4919 dos
309 4870 585 4938 exprimit.

266 4953 390 5009 Baal
416 4957 657 5015 Hermon
685 4978 839 5017 mons
869 4964 1011 5018 circa
1040 4963 1302 5019 Libanum
1333 4966 1386 5018 in
1418 4965 1613 5020 ﬁnibus
1637 4965 1769 5021 allo-

198 5047 494 5115 phylorum.
545 5050 745 5107 Gelboe
785 5062 996 5108 montes
1044 5055 1460 5125 alienigenarum
1512 5057 1567 5109 in
1618 5063 1771 5110 sexto

202 5134 366 5204 lapide
386 5137 759 5208 Ascitopolim.
776 5142 831 5196 In
856 5144 1050 5213 quibus
1071 5152 1126 5199 et
1143 5146 1291 5200 vicus
1312 5154 1393 5200 est
1415 5147 1653 5215 grandis,
1677 5147 1767 5215 qui

202 5227 491 5296 appellatur
518 5228 737 5287 Gelbus.
766 5233 823 5287 In
852 5235 937 5289 his
962 5238 1215 5291 occubuit
1241 5236 1369 5291 Saul
1394 5248 1445 5291 et
1474 5237 1765 5305 Jonathan,

202 5318 265 5371 ob
290 5321 429 5388 quod
458 5320 738 5375 maledixit
766 5322 845 5376 eis
871 5325 1037 5378 David
1064 5326 1248 5381 dicens
1282 5346 1293 5378 :
1328 5326 1529 5380 Montes
1559 5326 1764 5393 Gelboe,

202 5422 287 5460 nec
308 5424 390 5462 ros
419 5426 513 5463 nec
536 5410 710 5479 pluvia
738 5412 945 5464 veniant
975 5430 1128 5482 super
1150 5432 1237 5467 vos
1255 5456 1268 5479 ,
1297 5424 1399 5469 etc.
1430 5415 1516 5483 (ΙΙ
1548 5415 1675 5484 Reg.
1704 5416 1766 5487 ι.)

203 5500 331 5565 Quid
352 5515 482 5570 ergo
510 5513 723 5558 montes
742 5502 941 5558 Celboe
963 5502 1089 5558 Saul
1115 5507 1376 5560 moriente
1406 5506 1760 5575 deliquerunt,

204 5597 456 5654 quatenus
496 5592 549 5643 in
594 5592 673 5646 eis
713 5608 813 5646 nec
849 5608 937 5648 ros
966 5608 1064 5647 nec
1097 5594 1274 5663 pluvia
1312 5596 1527 5649 caderet
1568 5613 1579 5647 :
1621 5605 1673 5649 et
1699 5597 1766 5649 ab

206 5679 339 5732 omni
365 5694 455 5735 eos
482 5681 770 5735 viriditatis
802 5684 1040 5751 germine
1071 5686 1353 5739 sententiae
1386 5701 1559 5740 sermo
1597 5688 1765 5740 sicca-

588 5774 863 5837 I‘sTnoL.
913 5779 1074 5837 CXI.

1796 4467 1847 4525 D

1874 1866 1976 1921 fuit
2000 1876 2059 1921 ut
2091 1869 2346 1936 praesenti
2372 1867 2571 1921 lumine
2594 1869 2909 1924 tenebrosus
2945 1871 3189 1927 diabolus
3216 1874 3459 1931 vincere-

1874 1963 1981 2009 tur.
2001 1955 2091 2010 Isti
2111 1972 2239 2026 ergo
2256 1956 2601 2010 exsultabunt
2621 1957 2673 2011 in
2696 1958 2911 2012 nomine
2926 1959 3159 2025 Domini,
3175 1963 3313 2017 sicut
3334 1964 3460 2019 alibi

1875 2048 2063 2103 ﬁdeles
2088 2048 2269 2103 dicunt
2300 2068 2311 2101 :
2343 2048 2466 2102 Non
2495 2050 2662 2114 nobis,
2686 2049 2926 2115 Domine,
2945 2067 3047 2105 non
3070 2054 3235 2119 nobis,
3260 2056 3349 2109 sed
3373 2073 3463 2109 no-

1874 2141 2003 2193 mini
2054 2151 2142 2193 tuo
2189 2143 2257 2194 da
2293 2142 2513 2210 gloriam
2557 2138 2741 2211 (Psal.
2792 2142 2979 2208 cxm).
3026 2143 3259 2201 Libanus
3308 2165 3462 2205 mons

1874 2229 2190 2283 Phoenicum
2224 2231 2517 2285 altissimus
2536 2271 2550 2295 ,
2577 2230 2729 2298 cujus
2770 2234 3133 2289 meminerunt
3160 2241 3458 2308 Ριηονιιριίῐξ,

1875 2318 2051 2373 dictus
2090 2335 2120 2373 a
2161 2319 2351 2387 thure,
2392 2322 2519 2390 quia
2564 2321 2636 2376 ibi
2679 2322 2969 2394 colligitur.
3008 2327 3172 2397 Cujus
3212 2344 3272 2383 ea
3310 2345 3459 2397 pars,

1876 2422 1997 2476 quse
2027 2418 2113 2463 est
2139 2423 2301 2476 super
2324 2424 2446 2464 eum
2477 2412 2541 2465 ad
2564 2412 2885 2467 orientalem
2907 2415 3117 2487 plagam
3146 2419 3457 2487 respiciens,

1875 2498 2216 2555 Antilibanus
2228 2501 2544 2570 appellatur,
2562 2501 2613 2557 id
2629 2511 2909 2559 estcontra
2924 2507 3207 2563 Libanum.
3225 2510 3461 2567 Libanus

1875 2597 2052 2658 potest
2090 2588 2397 2659 signiﬁcare
2444 2602 2683 2648 sanctam
2714 2594 3009 2652 Ecclesiam
3056 2615 3212 2655 sacro
3259 2603 3462 2673 baptis-

1876 2688 2020 2734 mate
2045 2696 2075 2734 a
2103 2683 2340 2751 peccatis
2378 2684 2686 2739 mundatam
2706 2724 2720 2750 ,
2752 2694 2801 2740 et
2831 2688 3063 2745 candore
3090 2691 3343 2746 virtutum
3372 2694 3461 2748 de-

1875 2770 2129 2827 albatam.
2162 2772 2315 2828 Unde
2344 2774 2539 2829 dicitur
2563 2775 2615 2829 in
2637 2776 2842 2845 psalmo
2878 2796 2889 2830 :
2920 2777 3267 2835 Satiabuntur
3286 2786 3460 2836 omnia

1874 2860 2016 2931 ligna
2045 2861 2295 2916 silvarum
2330 2874 2377 2917 et
2403 2865 2544 2917 cedri
2583 2864 2800 2932 Libani,
2832 2884 2960 2937 quas
2998 2868 3247 2938 plantasti
3285 2869 3455 2941 (Psal.

1875 2952 2012 3023 cm).
2044 2953 2211 3023 Ligna
2236 2955 2490 3009 silvarum
2517 2956 2701 3024 plebes
2727 2959 3030 3028 signiﬁcant
3053 2962 3343 3033 ingentium
3368 2980 3460 3033 po—

1875 3043 2148 3112 pulorum,
2182 3046 2272 3114 qui
2304 3045 2557 3101 Ecclesia:
2595 3047 2873 3105 catholica:
2918 3051 2983 3104 de
3027 3052 3265 3107 dumosis
3300 3062 3460 3123 atque

1803 3127 1847 3189 C
1880 3133 2095 3187 incultis
2134 3135 2442 3189 nationibus
2488 3138 2839 3193 advenerunt.
2877 3139 2999 3195 limo
3039 3141 3181 3209 ligna
3218 3144 3458 3202 indicant

1878 3227 2124 3283 homines
2156 3229 2340 3298 utique
2380 3229 2711 3298 mediocres,
2756 3234 2902 3288 cedri
2935 3245 3113 3289 autem
3149 3237 3335 3296 Libani
3368 3241 3459 3294 de-

1877 3318 2085 3371 clarant
2122 3320 2328 3375 nobiles
2369 3336 2431 3375 ac
2465 3330 2738 3392 potentes,
2769 3327 2858 3395 qui
2900 3328 2952 3379 in
2994 3330 3228 3383 humano
3266 3316 3463 3401 genere

1877 3414 2132 3475 tanquam
2172 3409 2348 3473 cedri,
2390 3412 2629 3466 eminere
2669 3424 2984 3469 noscuntur.
3040 3418 3273 3473 Libanus
3314 3422 3458 3477 enim

1875 3497 2263 3566 interpretatur
2285 3502 2606 3557 candidatio.
2626 3504 2815 3559 Saeculi
2843 3516 3017 3562 autem
3042 3509 3200 3577 hujus
3220 3522 3458 3581 potestas

1875 3590 2120 3659 quaedam
2148 3591 2361 3645 videtur
2390 3608 2509 3648 esse
2540 3593 2807 3651 festivitas
2827 3637 2841 3661 ,
2868 3600 2957 3653 ubi
2989 3601 3181 3656 divites
3212 3603 3459 3661 homines

1876 3693 1938 3732 ac
1979 3687 2228 3747 potentes
2263 3681 2458 3737 excelsi
2503 3692 2665 3753 atque
2702 3688 2912 3755 proceri
2955 3692 3107 3760 quasi
3149 3693 3202 3745 in
3250 3693 3456 3752 Libano

1875 3779 2058 3825 monte
2093 3780 2417 3837 nascuntur,
2457 3774 2549 3842 qui
2588 3782 2768 3831 tamen
2816 3780 2885 3833 ad
2918 3796 3098 3835 veram
3142 3783 3455 3853 religionem

1874 3859 2087 3914 Domini
2120 3876 2342 3916 munere
2376 3874 2753 3931 pervenerunt.
2774 3866 2993 3937 Sophim
3018 3886 3170 3927 mons
3201 3874 3455 3943 Ephraim

1874 3950 1928 4004 in
1960 3950 2077 4005 loco
2109 3951 2449 4007 Ramathem.
2482 3954 2705 4024 Sophim
2738 3974 2868 4013 vero
2920 3961 3305 4030 interpretatur
3342 3983 3457 4035 spc-

1876 4041 2014 4106 cula,
2046 4042 2158 4096 sive
2182 4042 2444 4114 scopulus,
2476 4054 2531 4099 et
2556 4047 2819 4115 signiﬁcat
2846 4050 3053 4104 culmen
3085 4053 3450 4121 perfectionis.

1876 4132 2027 4187 Unde
2056 4132 2251 4203 legitur
2280 4134 2334 4187 in
2364 4134 2570 4206 Regum
2599 4137 2682 4190 vir
2705 4154 2842 4193 unus
2885 4140 3048 4195 fuisse
3085 4143 3149 4196 de
3188 4142 3451 4200 Ramatha

1877 4222 2097 4291 Sophim
2125 4225 2189 4277 de
2212 4233 2391 4279 monte
2411 4226 2689 4295 prraim,
2706 4228 2759 4281 in
2785 4229 2887 4282 alta
2906 4231 3108 4285 scilicet
3129 4238 3455 4304 contempli-

1876 4316 2018 4370 tione
2045 4316 2303 4370 virtutum
2322 4357 2336 4383 ,
2361 4325 2421 4371 ut
2449 4334 2478 4371 a
2511 4318 2674 4373 nullis
2711 4319 3114 4389 subiacentibus
3142 4334 3196 4379 et
3220 4326 3453 4381 circum-

1874 4407 2195 4463 latrantibus
2218 4411 2633 4480 cogitationibus
2666 4412 2863 4467 mentis
2895 4413 3011 4481 ejus
3036 4416 3335 4472 sublimitas
3358 4420 3452 4477 dc.-

1867 4497 2126 4567 jieeretur
2153 4500 2235 4554 vel
2266 4501 2443 4555 unitas
2469 4502 2821 4557 scinderetur.

1946 4571 2074 4644 Sion
2118 4606 2271 4645 mons
2304 4599 2385 4645 est
2426 4592 2574 4647 urbis
2613 4591 2906 4649 Jerusalem
2947 4596 3000 4650 in
3040 4597 3259 4652 australi
3298 4609 3449 4668 parte

1875 4681 2197 4737 constitutus
2234 4684 2639 4751 supereminens
2680 4686 2902 4741 civitati.
2948 4688 3099 4744 Unde
3128 4698 3183 4745 et
3216 4690 3344 4746 Sion
3374 4694 3450 4747 in-

1874 4780 2197 4841 terpretatur
2226 4772 2491 4840 speculum
2514 4814 2527 4840 ,
2572 4775 2685 4830 sive
2721 4778 3001 4845 speculatio
3040 4793 3059 4829 .'
3099 4788 3152 4833 et
3181 4782 3447 4850 signiﬁcat

1874 4870 2113 4917 sanctam
2139 4863 2469 4931 Ecclesiam,
2499 4882 2618 4935 qua:
2648 4870 2806 4922 corde
2838 4884 2974 4938 puro
3010 4880 3065 4925 et
3100 4872 3327 4942 simplici
3365 4875 3448 4928 in-

1874 4958 2111 5013 tentione
2140 4973 2384 5027 supernas
2417 4960 2567 5029 pacis
2603 4960 2810 5016 visione
2850 4964 3245 5034 contemplatur
3281 4976 3336 5021 et
3374 4968 3459 5055 ἰρ-Ω

1873 5067 1989 5105 sum
2022 5066 2181 5121 super
2204 5052 2382 5106 omnia
2414 5052 2779 5108 dominantem
2808 5062 2863 5109 et
2892 5065 3204 5126 regnantem
3229 5058 3445 5129 inspicit

1872 5143 2057 5197 Deum.

1942 5234 2069 5288 Sina
2117 5251 2270 5290 mons
2306 5238 2359 5291 in
2396 5238 2613 5308 regione
2647 5236 2857 5292 Madian
2895 5254 3057 5309 super
3092 5240 3345 5296 Arabiam
3384 5245 3434 5297 in

1871 5329 2081 5382 deserto
2102 5368 2115 5392 ,
2141 5331 2206 5382 de
2234 5344 2339 5397 quo
2371 5331 2424 5383 in
2461 5329 2718 5397 Apostolo
2744 5330 2939 5401 legitur
2974 5350 2986 5386 :
3020 5331 3147 5386 Sina
3183 5350 3328 5387 mons
3362 5347 3435 5388 est

1869 5419 1921 5471 in
1951 5419 2161 5483 Arabia,
2191 5422 2277 5490 qui
2308 5421 2614 5489 conjunctus
2661 5431 2735 5475 est
2764 5424 2813 5475 ei
2848 5440 2962 5491 qum
2991 5438 3125 5474 nunc
3159 5433 3233 5476 est
3282 5424 3439 5478 Jeru-

1868 5509 2059 5574 salem,
2100 5520 2147 5563 et
2177 5513 2327 5564 servit
2365 5529 2480 5564 cum
2514 5513 2637 5579 ﬁliis
2672 5514 2777 5565 suis
2816 5511 2969 5583 (Gal.
3007 5513 3114 5584 Iv).
3162 5512 3437 5582 Signiﬁcat

1869 5609 2042 5653 autem
2073 5614 2394 5669 synagogam
2418 5600 2719 5655 Judmorum
2746 5604 3012 5657 carnalem
3042 5604 3435 5655 observantiam

1869 5689 1996 5753 legis
2020 5698 2307 5745 tenentem.
2338 5706 2493 5757 quam
2527 5692 2808 5758 prmdictus
2834 5692 3117 5760 Apostolus
3154 5692 3433 5758 compara-

2930 5790 2999 5846 12
