3922 6348
392 304 497 363 5675

1034 307 1094 363 Β.
1138 305 1391 364 RABANI
1430 304 1654 364 MAURI
1692 303 2015 363 ARCHIEP.
2057 302 2371 365 MOGUNT.
2413 296 2702 365 OPERUM
2734 305 2919 365 PARS
2954 307 3020 363 Il.

3573 308 3683 367 36‘

389 421 470 475 vit
493 419 637 493 Agar
661 418 869 476 ancillae
897 420 1065 476 Sarae.
1100 419 1241 476 Sunt
1266 428 1322 475 et
1356 420 1445 475 alii
1477 428 1691 475 montes
1726 419 1984 491 insignes,
2018 423 2067 485 Α
2091 420 2214 477 cteli
2243 430 2404 491 atque
2436 430 2587 476 astra
2624 430 2933 478 suswntare
2967 422 3201 481 videtur.
3242 425 3546 496 Aliquando
3574 425 3684 484 Do-

392 528 622 584 quorum
654 514 859 569 mentio
888 521 1099 568 tantum
1129 514 1182 567 in
1208 514 1451 570 historiis
1472 513 1753 586 gentilium
1784 515 1989 584 reperi-

392 616 501 661 tur.
535 605 736 661 Horum
768 606 966 676 quippe
1003 606 1224 663 nomina
1256 606 1347 663 hic
1376 622 1498 663 cum
1527 606 1868 681 etymologiis
1886 624 1993 664 eo-

392 716 511 755 rum
541 700 959 756 commemorari
985 698 1236 755 suﬂiciat.

461 795 849 851 Acroceraunii
881 802 1092 850 montes
1114 802 1333 866 propter
1360 796 1701 851 altitudinem
1728 802 1784 851 et
1809 794 1990 860 fulmi-

391 902 522 942 num
554 887 695 942 ictus
724 885 901 942 vocati
929 894 1075 941 sunt.
1104 885 1293 942 Graece
1318 888 1463 942 enim
1494 903 1757 951 ceraunos
1785 886 1990 951 fulmen

392 978 612 1034 dicitur.
648 975 790 1032 Sunt
820 985 1001 1032 autem
1042 978 1186 1033 inter
1209 979 1522 1035 Armeniam
1548 988 1605 1035 et
1630 979 1882 1045 lberiam,
1909 979 1990 1037 in-

391 1070 662 1140 cipientes
700 1084 732 1123 a
765 1069 939 1141 portis
968 1068 1179 1140 Caspiis
1222 1086 1394 1143 usque
1420 1071 1487 1127 ad
1516 1070 1720 1137 fontem
1756 1069 1991 1141 Tigridis

340 1214 343 1215 ν
390 1162 559 1218 fluvii.

461 1254 795 1326 Hyperborei
835 1263 1049 1309 montes
1090 1254 1327 1327 Scythiae
1366 1254 1526 1321 dicti,
1555 1254 1697 1336 quod
1722 1268 1903 1325 supra,
1936 1251 1989 1308 id

389 1354 503 1413 est,
543 1346 686 1407 ultra
729 1360 823 1402 eos
846 1345 939 1402 ﬁat
968 1348 1187 1408 Boreas.
1230 1346 1445 1419 Riphin
1472 1356 1683 1405 montes
1715 1348 1770 1403 in
1814 1347 1992 1417 capite

391 1440 698 1501 Germaniae
746 1450 908 1507 sunt,
951 1457 982 1498 a
1021 1452 1285 1515 perpetuo
1316 1450 1603 1501 ventorum
1650 1440 1780 1498 ﬁatu
1821 1441 1993 1498 nomi-

389 1532 522 1587 nati.
543 1532 678 1589 Nam
694 1534 849 1604 riphe
863 1533 1049 1590 Griece
1072 1535 1303 1609 impetus
1328 1543 1383 1591 et
1406 1549 1558 1589 orme
1574 1533 1789 1591 dicitur.
1809 1531 1992 1606 Olym-

386 1641 488 1697 pus
528 1642 684 1683 mons
721 1626 1050 1685 Macedoniae
1088 1628 1315 1683 nimium
1344 1625 1670 1699 prazcelsus,
1704 1624 1785 1684 ita
1808 1632 1867 1685 ut
1890 1619 1992 1683 sub

389 1716 483 1773 illo
512 1719 684 1775 nubes
714 1733 837 1775 esse
864 1720 1136 1781 dicantur.
1166 1720 1241 1773 De
1268 1734 1374 1789 quo
1400 1717 1657 1791 Virgilius
1690 1735 1703 1771 :

1053 1830 1225 1884 Nubes
1249 1833 1467 1885 excessit
1490 1830 1743 1895 Olympus.

387 1936 572 1991 Dictus
617 1944 799 1992 autem
844 1935 1139 2009 Olympus,
1190 1938 1347 2007 quasi
1393 1938 1723 2009 ololampus,
1770 1938 1824 1993 id
1881 1946 1987 2006 est,

385 2029 540 2098 quasi
572 2030 793 2084 caelum.
822 2028 923 2084 Hic
948 2045 1107 2084 mons
1132 2029 1504 2085 Macedoniam
1536 2030 1728 2085 dividit
1758 2044 1789 2084 a
1813 2029 1989 2085 Thra-

384 2119 488 2174 cia.
530 2120 700 2175 Athos
729 2135 885 2175 mons
923 2120 1249 2175 Macedonia:
1269 2162 1282 2183 ,
1310 2129 1365 2174 et
1398 2122 1513 2190 ipse
1544 2121 1704 2174 altior
1733 2121 1989 2189 nubibus,

389 2216 711 2279 tantumque
753 2208 1031 2273 sublimis,
1072 2217 1133 2263 ut
1166 2208 1219 2262 in
1254 2208 1461 2263 Lemno
1487 2209 1683 2264 umbra
1717 2207 1835 2279 ejus
1864 2225 1989 2279 per-

389 2301 597 2364 tendat,
613 2315 733 2369 quae
759 2301 828 2355 ab
851 2313 914 2355 co
936 2300 1280 2370 septuaginta
1306 2315 1403 2355 sex
1429 2299 1666 2355 millibus
1683 2308 1988 2371 separatur.

388 2391 690 2446 Parnassus
715 2406 873 2445 mons
895 2391 1189 2446 Thessaliae
1202 2391 1358 2461 juxta
1385 2390 1639 2457 Bestiam,
1657 2392 1749 2461 qui
1778 2392 1992 2463 gemino

384 2484 590 2538 vertice
619 2492 704 2538 est
732 2493 947 2538 erectus
976 2483 1031 2537 in
1064 2482 1291 2547 coelum,
1324 2481 1412 2538 hic
1442 2482 1496 2536 in
1527 2482 1634 2537 duo
1666 2482 1890 2537 ﬁnditur
1905 2483 1994 2552 ju-

385 2592 471 2646 ga,
491 2574 759 2644 Cyrrham
789 2573 1097 2629 etnNissam.
1122 2574 1276 2630 Unde
1308 2582 1671 2644 nuncupatur,
1688 2590 1752 2631 eo
1767 2576 1909 2644 quod.
1938 2576 1991 2629 in

386 2666 617 2737 singulis
640 2666 787 2737 jugis
812 2664 1129 2720 colebantur
1149 2665 1341 2737 Apollo
1363 2674 1419 2720 et
1451 2666 1635 2721 Liber.
1667 2666 1792 2721 [huc
1812 2666 1939 2737 juga
1962 2681 1993 2719 a

387 2759 599 2815 duobus
649 2758 907 2813 fratribus
952 2758 1213 2814 Citheron
1261 2769 1315 2815 et
1365 2759 1585 2815 Helicon
1636 2762 1990 2831 appellantur.

387 2848 523 2903 Nam
566 2848 789 2903 Helicon
831 2849 1005 2904 dictus
1046 2850 1112 2904 ab
1156 2848 1410 2904 Helicone
1451 2850 1617 2905 fratre
1661 2851 1992 2909 Citheronis.

458 2941 776 3009 Apenninus
804 2955 963 2994 mons
984 2940 1282 3010 appellatus
1301 2980 1316 3006 ,
1343 2941 1497 3010 quasi
1517 2941 1679 3011 Alpes
1707 2942 1947 2997 Pmnina:
1978 2960 1991 2995 :

386 3036 515 3105 quia
544 3033 808 3089 Hannibal
844 3034 1067 3088 veniens
1099 3034 1165 3089 ad
1199 3033 1404 3087 Italiam
1436 3034 1656 3089 easdem
1674 3033 1839 3104 Alpes
1866 3050 1993 3105 ape-

389 3129 519 3184 ruit.
555 3127 709 3183 Unde
737 3136 791 3182 et
824 3125 1075 3197 Virgilius
1111 3144 1123 3180 :

1080 3218 1234 3283 Alpes
1258 3220 1492 3271 immittet
1526 3225 1740 3283 apertas.

382 3326 496 3383 Has
523 3324 669 3381 enim
695 3323 963 3378 Hannibal
996 3330 1120 3394 post
1155 3322 1295 3376 bella
1336 3322 1613 3393 Hispania:
1642 3330 1797 3379 aceto
1824 3325 1988 3393 rupit.

380 3416 662 3473 Iuvenalis
693 3433 704 3469 :

1093 3503 1157 3554 Et
1179 3508 1397 3555 mentem
1432 3504 1563 3566 rupit
1580 3510 1737 3555 aceto.

383 3614 452 3669 Et
478 3611 601 3667 inde
636 3610 752 3665 loca
798 3609 943 3677 ipsa,
975 3622 1097 3676 (tua:
1130 3608 1303 3678 rupit,
1345 3607 1679 3677 Appenninae
1707 3605 1870 3676 Alpes
1898 3622 1991 3674 vo-

384 3711 601 3760 cantur.
630 3701 784 3755 Mons
817 3697 980 3753 [Ettia
1008 3712 1072 3751 ex
1108 3697 1231 3767 igne
1260 3706 1317 3751 et
1342 3697 1599 3766 sulphure
1625 3696 1821 3759 dictus,
1849 3695 1991 3749 unde

383 3794 731 3863 ctgehenna.
766 3790 994 3846 Constat
1034 3798 1215 3843 autem
1271 3789 1339 3842 ab
1374 3801 1435 3841 ea
1492 3795 1675 3856 parte,
1726 3800 1831 3855 qua
1879 3786 1987 3839 Eu-

384 3904 480 3943 rus
524 3895 577 3942 et
626 3885 842 3940 Africus
886 3882 1006 3947 ﬁat,
1054 3882 1255 3937 habere
1308 3881 1593 3950 speluncas
1641 3878 1831 3949 plenas
1874 3879 1988 3943 sul-

386 3980 611 4052 phuris,
658 3987 713 4034 et
750 3994 921 4048 usque
966 3977 1033 4031 ad
1064 3990 1215 4029 mare
1239 3974 1531 4037 deductas,
1570 3988 1689 4041 qua:
1719 3973 1989 4043 spelunca:

386 4072 715 4143 recipientes
743 4071 795 4124 in
827 4085 883 4123 se
910 4068 1126 4133 ﬂuctus,
1154 4078 1375 4121 ventum
1408 4073 1615 4131 creant,
1644 4066 1733 4135 qui
1756 4067 1989 4134 agitatus

387 4164 567 4236 ignem
606 4170 755 4217 creat
786 4176 854 4216 ex
882 4159 1159 4229 sulphure.
1194 4156 1347 4213 Unde
1378 4163 1461 4212 est
1488 4155 1630 4225 quod
1661 4155 1878 4210 videtur
1908 4156 1988 4212 in-

388 4256 659 4312 cendium.

461 4346 751 4417 Pyrenaeus
777 4351 832 4398 et
862 4343 977 4413 ipse
1006 4358 1033 4397 a
1062 4342 1270 4396 crebris
1299 4341 1581 4394 fulminum
1606 4339 1819 4411 ignibus
1843 4355 1986 4393 nun-

386 4446 613 4507 cupatus
646 4453 657 4488 :
690 4434 879 4489 Graece
919 4432 1067 4486 enim
1107 4430 1250 4500 ignis
1278 4443 1377 4500 pyr
1418 4440 1662 4495 vocatur.
1722 4429 1828 4486 lste
1878 4438 1982 4493 est,

390 4528 480 4597 qui
511 4526 650 4578 inter
672 4521 902 4578 Galliam
927 4528 1091 4589 atque
1119 4517 1432 4587 Hispaniam
1455 4519 1610 4587 quasi
1634 4519 1699 4572 de
1722 4519 1985 4572 industrla
2014 4516 2064 4574 D

389 4615 788 4672 munimentum
815 4611 1121 4681 interjacet.

462 4705 708 4762 Solorius
756 4719 787 4757 a
839 4701 1219 4773 singularitate
1267 4698 1501 4764 dicitur,
1548 4698 1692 4768 quod
1735 4698 1987 4753 omnibus

392 4799 666 4870 Hispania:
690 4797 966 4851 montibus
990 4795 1139 4849 solus
1161 4793 1319 4847 altior
1345 4792 1615 4846 videatur.

464 4888 627 4957 Calpe
662 4901 817 4941 mons
854 4885 908 4939 in
947 4884 1152 4939 ultimis
1205 4878 1403 4937 ﬁnibus
1454 4880 1690 4949 Oceani,
1734 4884 1826 4954 qui
1855 4884 1989 4937 diri-

390 4983 493 5038 mit
532 4982 801 5049 Europam
842 4978 908 5032 ab
945 4976 1157 5041 Africa,
1196 4990 1359 5044 quam
1396 4974 1629 5030 Atlantis
1668 4974 1830 5030 ﬁnem
1867 4990 1989 5030 esse

391 5073 599 5129 dicunt.
633 5068 710 5122 De
738 5083 845 5138 quo
871 5067 1122 5120 Lucanus
1156 5084 1168 5119 :

518 5182 810 5244 Hesperiam
836 5178 1037 5240 Calpen,
1065 5189 1406 5238 summumque
1433 5176 1656 5239 implevit
1677 5176 1945 5227 Atlantem.

463 5288 614 5344 Atlas
626 5286 797 5341 frater
810 5284 1116 5339 Promethei
1132 5283 1295 5344 fuitet
1308 5300 1401 5339 rex
1416 5282 1633 5350 Africae,
1648 5300 1799 5355 aquo
1812 5293 1987 5340 astro-

393 5382 548 5454 logiae
578 5389 749 5435 artem
797 5377 947 5447 prius
976 5375 1163 5433 dicunt
1199 5378 1592 5446 excogitatam,
1642 5378 1869 5447 ideoque
1906 5378 1985 5432 di-

396 5481 516 5530 ctus
540 5480 626 5527 est
649 5471 970 5527 sustinuisse
998 5468 1213 5526 uelum.
1246 5468 1327 5523 Ab
1351 5470 1652 5525 eruditione
1689 5470 1853 5539 igitur
1880 5470 1985 5523 dis-

396 5566 648 5635 ciplinae,
697 5572 752 5616 et
798 5563 1024 5617 scientia
1076 5563 1199 5617 οωιί
1253 5577 1449 5617 nomen
1494 5562 1610 5632 ejus
1652 5564 1705 5617 in
1746 5574 1984 5618 montem

398 5657 595 5715 Africa:
634 5658 935 5713 derivatum
988 5665 1104 5721 est,
1136 5659 1225 5727 qui
1266 5675 1409 5713 nunc
1450 5657 1598 5713 Atlas
1636 5660 1983 5730 cognomina-

399 5759 508 5815 tur,
544 5751 634 5818 qui
674 5760 892 5819 propter
918 5749 1257 5806 altitudinem
1292 5766 1444 5807 suam
1466 5754 1635 5835 quasi
1676 5754 1984 5810 machinam

2090 516 2297 569 minum
2321 512 2657 573 Salvatorem
2685 515 2973 587 signiﬁcat,
3001 517 3291 587 aliquando
3308 530 3553 578 sanctam
3577 523 3683 578 Ec-

2091 605 2340 669 clesiam,
2368 606 2657 677 aliquando
2686 607 2957 677 apostolos
2980 617 3035 663 et
3065 612 3386 681 prophetas,
3418 615 3532 671 sive
3560 631 3685 671 san-

2091 707 2176 756 tos
2218 699 2366 755 viros
2408 715 2509 769 pro
2550 699 2870 757 celsitudine
2903 702 3183 766 virtutum.
3230 704 3299 759 Et
3338 722 3369 761 e
3404 708 3684 769 contrario

2091 789 2380 861 aliquando
2410 790 2668 861 snperbos
2707 791 2955 848 homines
2993 802 3047 849 et
3086 795 3317 850 tumidos
3349 797 3405 851 in
3438 800 3682 869 potentia

2092 882 2361 941 mundana
2404 883 2562 962 regni,
2595 883 2873 961 designat,
2912 885 3200 957 aliquando
3238 889 3552 958 haereticos,
3583 892 3683 947 ali-

2092 975 2305 1047 quando
2337 990 2465 1032 vero
2490 975 2664 1048 ipsum
2692 976 2983 1035 diabolum.
3028 979 3179 1035 Mons
3216 981 3360 1040 enim
3393 982 3685 1043 Dominum

2094 1064 2430 1122 Salvatorem
2454 1066 2509 1120 in
2535 1068 2817 1146 prOphetia
2849 1068 3153 1139 signiﬁcat,
3194 1072 3286 1129 ubi
3320 1072 3396 1127 ait
3436 1092 3447 1127 :
3482 1073 3601 1128 Erit
3630 1075 3687 1131 in

2092 1156 2386 1213 novissimis
2418 1155 2599 1210 diebus
2624 1168 2953 1226 prwparatus
2985 1174 3133 1213 mons
3169 1161 3355 1217 domus
3388 1163 3602 1217 Domini
3629 1165 3688 1218 in

2092 1248 2278 1311 uertice
2317 1248 2573 1311 montium
2594 1288 2607 1313 ,
2641 1256 2689 1301 et
2728 1247 3015 1302 elevabitur
3044 1268 3199 1321 super
3235 1252 3424 1319 colles,
3450 1263 3499 1308 et
3535 1255 3687 1309 ibunt

2093 1340 2163 1394 ad
2192 1354 2309 1394 eum
2336 1356 2513 1403 omnes
2535 1348 2728 1410 gentes,
2755 1349 2809 1395 et
2829 1340 3035 1412 reliqua
3058 1340 3190 1413 (Isa.
3219 1343 3301 1414 ιι).
3333 1344 3483 1399 Mons
3503 1354 3686 1401 autem

2094 1433 2393 1494 Ecclesium
2424 1432 2718 1510 signiﬁcat,
2750 1433 2842 1488 ubi
2879 1432 3148 1505 Propheta
3176 1434 3307 1491 dicit
3336 1435 3389 1489 in
3420 1435 3683 1491 Psalmo:

2097 1525 2200 1601 Qui
2226 1524 2497 1594 conﬁdunt
2528 1526 2582 1578 in
2618 1523 2862 1589 Domino,
2891 1526 3025 1579 sicut
3060 1542 3208 1579 mons
3234 1525 3386 1592 Sion,
3416 1543 3519 1581 non
3544 1543 3688 1580 cont-

2095 1620 2436 1674 movebuntur
2482 1619 2537 1678 in
2572 1628 2823 1674 aeternum
2862 1616 3045 1689 (Psal.
3074 1619 3291 1691 cxxrv).
3336 1620 3403 1674 Et
3440 1621 3682 1675 iterum:

2098 1708 2248 1771 Sicut
2274 1729 2381 1778 ros,
2411 1712 2607 1783 inquit,
2637 1711 2893 1775 Harmon,
2919 1711 3058 1779 quod
3083 1711 3343 1770 descendit
3375 1711 3429 1765 in
3457 1722 3689 1767 montem

2018 1792 2067 1853 B
2096 1801 2225 1859 Sion
2266 1803 2450 1877 (Psal.
2493 1802 2732 1875 cxxxu).
2773 1801 2903 1861 Sion
2943 1804 3122 1869 enim,
3164 1805 3257 1874 qui
3295 1805 3691 1875 interpretatur

2092 1895 2399 1968 speculatio,
2432 1895 2697 1968 signiﬁcat
2720 1895 3016 1955 Ecclesium
3049 1896 3131 1968 (ut
3157 1895 3413 1969 diximus)
3444 1898 3498 1952 in
3524 1912 3688 1968 quam

2094 1984 2423 2043 abundantia
2447 1987 2641 2041 divina:
2667 1986 2855 2057 gratiae
2883 1986 3178 2052 descendit,
3201 1996 3257 2042 et
3277 1988 3418 2044 Deus
3443 1990 3689 2059 quotidie

2095 2080 2495 2152 contemplatur
2537 2097 2548 2133 :
2592 2078 2720 2150 quia
2746 2078 2888 2137 Deus
2923 2078 3155 2138 Deorum
3184 2078 3444 2134 videbitur
3470 2082 3526 2135 in
3558 2080 3691 2137 Sion

2096 2174 2269 2248 (Psal,
2302 2174 2551 2244 LXXXIII).
2584 2172 2819 2231 Hcrmon
2846 2170 3133 2228 Hebraeum
3158 2188 3354 2228 nomen
3376 2182 3459 2228 est
3488 2174 3693 2231 montis

2094 2266 2236 2323 ultra
2263 2264 2556 2322 Iordanem
2583 2265 2806 2321 tluvium
2839 2264 3154 2332 constituti,
3182 2263 3334 2335 cujus
3365 2266 3695 2337 interpreta-

2098 2363 2171 2419 tio
2198 2361 2363 2435 (sicut
2392 2376 2555 2432 supra
2578 2360 2917 2433 dictum,est)
2946 2360 3218 2435 signiﬁcat
3246 2363 3549 2417 anathema.
3579 2362 3694 2422 Bos

2096 2470 2225 2525 ergo
2252 2453 2453 2512 montis
2485 2452 2643 2509 istius
2670 2452 2917 2509 nutriens
2945 2459 3277 2523 peccatores,
3306 2454 3398 2523 qui
3424 2454 3525 2510 sub
3551 2471 3690 2510 ana-

2097 2544 2351 2605 thematis
2377 2542 2710 2601 excitatione
2728 2542 3043 2611 iacuerunt,
3068 2544 3346 2601 descendit
3370 2544 3425 2599 in
3447 2555 3693 2607 montem

2098 2640 2249 2704 Sion,
2265 2639 2481 2710 quando
2494 2638 2563 2694 ad
2579 2637 2905 2695 versationis
2922 2635 3339 2710 [conversionis]
3364 2639 3690 2707 remedium,

2098 2732 2325 2786 Domino
2341 2730 2624 2801 largiente,
2644 2730 2982 2799 perveniunt.
3004 2728 3133 2784 Sion
3148 2730 3294 2792 enim
3311 2731 3696 2801 signiﬁcatEc-

2097 2824 2321 2881 clesiam
2356 2822 2679 2881 catholicam
2700 2862 2716 2886 ,
2754 2837 2875 2890 quae
2914 2820 3106 2891 recipit
3134 2832 3321 2894 gentes
3341 2864 3355 2890 ,
3384 2838 3502 2894 quae
3533 2833 3698 2880 erant

2099 2915 2197 2975 sub
2240 2914 2602 2971 anathematis
2638 2912 2878 2983 periculo
2922 2914 3245 2971 constitutae.
3299 2914 3437 2973 Nam
3475 2924 3695 2971 montes

2100 3004 2371 3077 apostolos
2396 3012 2450 3060 et
2488 3003 2781 3076 prophetas
2808 3002 3134 3074 signiﬁcant,
3159 3004 3248 3064 ubi
3272 3004 3468 3065 dicitur
3496 3024 3508 3059 :
3540 3004 3696 3059 Mon-

2100 3112 2174 3157 tes
2198 3102 2387 3157 excelsi
2411 3103 2571 3157 cervis
2604 3098 2777 3171 (Psal.
2809 3098 2950 3169 cur).
2974 3098 3131 3155 Cervi
3155 3099 3303 3158 enim
3325 3107 3451 3153 sunt
3480 3096 3691 3165 fideles,

2097 3198 2186 3268 qui
2216 3197 2346 3251 vitia
2375 3195 2534 3265 hujus
2563 3196 2765 3261 saeculi,
2797 3195 2950 3264 quasi
2991 3195 3205 3265 spinas,
3236 3194 3372 3256 bOna
3401 3209 3696 3251 conversa-

2100 3288 2248 3344 tione
2296 3287 2607 3345 transiliunt
2652 3294 2706 3341 et
2755 3286 3004 3341 habitant
3049 3286 3105 3340 in
3152 3287 3457 3352 montibus,
3499 3288 3691 3355 idest,

2096 3378 2351 3446 apostolis
2389 3387 2445 3432 et
2478 3379 2783 3448 prophetis,
2823 3377 2915 3447 qui
2954 3378 3163 3433 sanctis
3213 3377 3695 3448 praedicationibus

2096 3472 2209 3525 suis
2231 3470 2283 3523 in
2309 3470 2509 3523 mundo
2538 3470 2711 3524 solida
2735 3469 3015 3524 cacumina
3041 3482 3167 3525 esse
3191 3479 3522 3525 meruerunt.
3547 3469 3689 3525 Item

2094 3569 2334 3623 montes,
2371 3570 2590 3616 sanctos
2621 3559 2768 3615 viros
2800 3559 2913 3613 sive
2940 3558 3108 3615 libros
3142 3560 3352 3618 divinos
3381 3561 3693 3632 signiﬁcant

2094 3653 2150 3707 in
2191 3654 2280 3708 illo
2315 3652 2614 3710 Psalmistaa
2638 3694 2655 3721 ,
2684 3670 2791 3725 quo
2830 3654 2905 3711 ait
2938 3673 2949 3707 :
2988 3654 3178 3710 Levavi
3211 3656 3389 3711 oculos
3436 3673 3571 3711 meos
3610 3658 3689 3710 ad

2095 3752 2327 3808 montes,
2364 3746 2501 3798 unde
2539 3746 2701 3799 veniet
2731 3745 2991 3798 auxilium
3028 3747 3155 3799 mihi
3188 3744 3359 3816 (I’sal.
3389 3748 3535 3817 cxx).
3569 3746 3691 3803 Hoc

2094 3837 2141 3899 si
2189 3835 2503 3904 spiritaliter
2547 3835 2789 3905 inquiras
2818 3876 2832 3899 ,
2882 3836 3104 3890 omnino
3146 3836 3443 3905 proﬁcuum
3485 3848 3594 3901 est,
3624 3847 3691 3893 ut

2094 3928 2281 3989 oculos
2310 3928 2489 3984 cordis
2515 3927 2597 3982 sui
2625 3928 2737 3981 sive
2759 3928 2826 3987 ad
2855 3938 3073 3986 sanatos
3098 3928 3262 3993 viros,
3288 3929 3402 3987 sive
3427 3930 3493 3985 ad
3518 3930 3691 3987 libros

2093 4020 2306 4079 divinos
2324 4061 2339 4085 ,
2369 4021 2481 4075 sive
2513 4020 2581 4075 ad
2608 4019 2866 4079 sublimes
2892 4018 3109 4089 angelos
3139 4019 3393 4075 credatur
3421 4020 3688 4087 elevasse.

2093 4110 2183 4182 qui
2222 4109 2588 4179 magnitudine
2623 4118 2678 4165 et
2720 4109 2979 4164 ﬁrmitate
3010 4124 3105 4166 sua
3137 4124 3261 4164 vere
3291 4119 3504 4167 montes
3534 4121 3687 4168 sunt.

2096 4200 2250 4261 Unde
2276 4202 2436 4256 etiam
2464 4208 2774 4274 competens
2809 4200 3177 4257 sustinebatur
3210 4202 3490 4259 auxilium.
3531 4203 3691 4261 Mons

2093 4301 2177 4350 est
2204 4292 2433 4363 pepulus
2458 4289 2765 4349 Iudaeorum
2787 4330 2801 4356 ,
2830 4291 2895 4347 de
2920 4304 3028 4359 quo
3056 4290 3110 4347 in
3143 4289 3360 4351 Daniele
3390 4310 3402 4344 :
3434 4292 3690 4350 Abscissa

2092 4395 2166 4442 est
2194 4383 2327 4453 lapis
2362 4383 2473 4436 sine
2497 4382 2738 4437 manibus
2764 4381 2926 4449 (Dan.
2952 4382 3036 4451 ιι),
3065 4381 3118 4435 id
3146 4388 3252 4446 est,
3282 4381 3532 4443 Christus
3560 4384 3691 4439 abs-

2092 4490 2200 4548 que
2238 4472 2379 4527 virili
2424 4473 2630 4531 semine
2672 4482 3010 4543 conceptus,
3067 4479 3123 4527 et
3175 4470 3279 4529 ﬁde
3324 4486 3424 4534 sua
3461 4473 3692 4543 replevit

2093 4563 2405 4615 universum
2432 4564 2616 4615 orbem
2652 4570 2937 4614 terrarum.
2964 4559 3023 4614 In
3045 4562 3377 4615 contrariam
3408 4578 3536 4619 vero
3560 4579 3691 4633 par-

2092 4659 2199 4705 tem
2236 4650 2433 4703 montis
2467 4649 2915 4721 signiﬁcationem
2952 4649 3194 4707 trahunt.
3230 4648 3383 4705 Unde
3420 4651 3689 4721 scriptum

2092 4748 2173 4799 est
2224 4755 2238 4793 :
2287 4739 2490 4799 Montes
2534 4739 2668 4799 sicut
2719 4755 2838 4795 cera
2890 4740 3159 4808 ﬂuxerunt
3210 4756 3244 4795 α
3290 4738 3427 4808 facie
3468 4738 3690 4797 Domini

2094 4833 2265 4906 (Psal.
2302 4833 2466 4904 xcvr).
2503 4832 2603 4887 Hic
2633 4841 2846 4889 montes
2874 4832 3183 4904 signiﬁcant
3208 4833 3475 4900 homines,
3504 4836 3597 4904 qui
3627 4844 3690 4891 et

2094 4928 2272 4986 seaculi
2304 4925 2464 4996 hujus
2491 4926 2804 4981 altitudines
2831 4934 3094 4996 appetunt
3116 4934 3171 4979 et
3194 4924 3468 4987 insensata
3491 4939 3687 4996 super-

2092 5021 2311 5075 stitione
2356 5022 2667 5073 durescunt.
2718 5018 2812 5072 llis
2860 5016 3181 5071 mirabiliter
3232 5025 3547 5085 comparata
3597 5026 3689 5074 est

2093 5129 2216 5170 cera
2250 5114 2555 5181 liquescens
2582 5132 2594 5167 :
2622 5113 2877 5181 quoniam
2911 5119 3060 5166 tanto
3086 5109 3299 5166 facilius
3323 5110 3380 5165 in
3405 5110 3684 5179 paeniten-

2092 5205 2221 5259 tiam
2252 5203 2492 5263 deﬁuunt
2523 5211 2726 5274 quanto
2765 5218 2821 5257 se
2848 5203 3045 5258 duritia
3073 5203 3378 5259 immobiles
3406 5216 3526 5259 esse
3558 5217 3685 5261 (ιι-εκ

2092 5296 2360 5351 diderunt.
2389 5297 2597 5353 Montes
2618 5336 2631 5359 ,
2666 5295 2859 5350 divites
2883 5305 2937 5349 et
2960 5304 3256 5365 potestates
3282 5294 3466 5351 saeculi
3495 5294 3682 5364 hujus,

2094 5397 2151 5442 ut
2180 5388 2231 5441 in
2257 5387 2357 5443 Job
2397 5378 2496 5459 pro
2530 5386 2739 5441 diabolo
2776 5388 2975 5443 dicitur
3015 5407 3027 5442 :
3071 5388 3211 5443 Huic
3251 5398 3451 5443 montes
3490 5388 3683 5443 herbas

2093 5476 2267 5546 ferunt
2301 5476 2443 5547 (Job.
2474 5476 2593 5545 xu);
2620 5478 2765 5546 quod
2803 5488 2885 5532 est
2920 5478 3051 5532 vitia
3083 5477 3281 5532 carnis.
3314 5476 3469 5533 Mons
3493 5477 3686 5532 diabo-

2092 5567 2177 5623 lus
2204 5577 2424 5638 propter
2453 5576 2738 5634 tumorem,
2770 5580 2827 5623 ut
2851 5571 2903 5623 in
2928 5569 3061 5623 Isaia
3090 5583 3103 5621 :
3138 5566 3325 5622 Leuate
3355 5570 3563 5639 signum
3590 5582 3684 5621 stt-

2091 5679 2183 5731 pcr
2206 5672 2428 5715 montem
2465 5662 2809 5731 caliginosum
2849 5662 2981 5731 (13a.
3026 5659 3164 5731 xm).
3198 5660 3262 5714 Et
3300 5660 3355 5714 in
3393 5657 3625 5713 Jeremia

2095 5751 2230 5807 Ecce
2264 5770 2354 5821 ego
2380 5753 2448 5806 ad
2476 5762 2543 5819 te,
2576 5770 2719 5808 mons
2742 5752 2951 5822 pestifer
2983 5747 3113 5821 (Jer.
3142 5750 3237 5821 LI).
3268 5748 3420 5804 Mons
3439 5789 3453 5813 ,
3485 5748 3682 5816 dogma
