3922 6336
189 370 287 428 565

1142 368 1231 424 DE
1272 369 1623 429 UNIVERSO
1666 369 1853 430 LIBRI
1887 372 2053 432 XXII.
2093 405 2167 418 ——
2202 373 2333 436 LIB.
2372 377 2509 438 XIII.

3360 391 3468 449 566

188 488 553 541 haereticorum
573 526 588 551 ,
624 492 685 540 ut
714 485 767 540 in
803 483 1071 554 Propheta
1107 499 1174 538 ex
1205 500 1435 555 persona
1463 484 1721 541 Ecclesia:
1753 500 1768 540 :
1798 487 1851 550 Α
1876 488 2153 546 abundant
2180 488 2471 559 frumento,
2507 492 2564 550 id
2602 499 2706 562 est,
2747 496 2991 553 doctrina
3022 498 3253 572 spiritali
3280 511 3337 559 et
3363 519 3468 575 ope

184 580 246 635 In
280 579 503 633 Domina
545 579 786 648 conﬁdo,
834 577 1094 648 quomodo
1134 576 1309 633 dicitis
1354 579 1545 632 anima:
1580 596 1708 633 mete
1750 591 1770 632 :

188 670 517 742 Transmigra
536 669 592 723 in
612 678 833 722 montem
864 668 999 720 sicut
1027 683 1205 735 passer
1228 662 1400 739 (Psal.
1426 667 1481 739 x)
1497 668 1519 722 ?
1537 668 1769 737 Montes,

180 764 445 816 dcemones
465 760 553 815 vel
578 758 850 824 hazretici,
875 759 990 814 sive
1018 756 1329 815 Judzeorum
1352 759 1563 815 scribae.
1598 762 1655 816 In
1682 761 1773 817 Je-

180 833 340 906 remia
382 868 394 904 ε
440 849 579 905 Date
604 850 828 908 Domino
860 848 972 904 Deo
999 857 1165 904 vestro
1197 849 1451 919 gloriam,
1490 861 1770 923 antequam

177 942 437 1010 offendant
458 941 615 1012 pedes
637 941 792 996 vestri
814 940 883 994 ad
906 950 1106 1001 montes
1127 940 1443 1011 caliginosos
1466 942 1599 1014 (Jer.
1624 945 1767 1015 xm).

176 1032 235 1085 Et
268 1033 319 1087 in
348 1032 556 1103 psalmo
586 1052 600 1087 :
632 1030 807 1100 Usque.
828 1032 898 1086 ad
924 1031 1133 1113 [Neque
1169 1031 1225 1103 a]
1258 1033 1476 1091 desertis
1503 1036 1769 1091 montibus

176 1123 339 1194 (Psal.
377 1124 589 1196 Lxxiv).
618 1124 832 1185 Montes
852 1124 980 1189 duo,
1024 1125 1118 1195 qui
1147 1125 1202 1179 in
1225 1125 1488 1180 Zacharia
1520 1128 1647 1182 terei
1677 1127 1771 1183 de-

175 1217 477 1271 scribuntur
497 1215 687 1288 (Zach.
718 1216 821 1291 vi),
850 1217 958 1272 duo
979 1217 1330 1273 Testamenta
1353 1218 1511 1290 legis,
1541 1222 1608 1276 de
1634 1236 1767 1292 quo-

175 1324 284 1362 rum
306 1308 491 1364 medio
509 1309 774 1379 quadriga
805 1309 1040 1375 Domini,
1065 1310 1119 1364 id
1150 1319 1249 1375 est,
1281 1320 1515 1380 quatuor
1536 1328 1767 1385 evange-

172 1397 352 1455 liorum
371 1400 690 1471 prmdicatio
711 1401 976 1477 procedit.
1004 1401 1297 1457 Haereticos
1316 1418 1445 1475 ergo
1457 1405 1767 1473 signiﬁcant

174 1498 394 1554 montes,
418 1490 513 1546 ubi
536 1491 739 1547 dicitur
771 1510 785 1545 :
816 1491 1114 1563 Nequando
1138 1495 1406 1564 o/fendant
1432 1498 1584 1566 pedes
1609 1498 1766 1552 vestri

171 1583 234 1636 ad
257 1591 454 1637 montes
477 1581 799 1654 caliginosos
814 1583 945 1657 (Jer.
965 1586 1110 1653 xui).
1136 1586 1317 1643 Monet
1340 1589 1487 1643 enim
1518 1605 1618 1645 nos
1636 1590 1769 1646 Pro-

170 1671 342 1743 pheta,
365 1680 427 1728 ut
455 1688 773 1739 caveamus,
799 1689 868 1730 ne
894 1674 1034 1731 forte
1059 1693 1279 1749 gressus
1304 1693 1531 1749 operum
1557 1692 1765 1737 nostro-

170 1778 280 1817 rum
312 1764 366 1818 in
396 1765 639 1835 superba
661 1765 909 1823 doctrina
935 1768 1314 1824 haereticorum
1340 1769 1681 1828 oﬁ‘endentes
1707 1773 1764 1827 in

1876 579 2161 648 virtutum,
2194 582 2335 637 sicut
2356 584 2443 640 ille
2466 585 2808 657 publicanus,
2844 591 2935 661 qui
2960 607 3063 648 nec
3088 594 3273 651 oculos
3303 598 3470 654 aude-

1876 665 1971 724 bat
2012 670 2081 726 ad
2127 671 2325 727 caelum
2366 674 2597 745 erigere,
2630 694 2734 735 nec
2769 680 2951 751 aliqua
2981 684 3301 742 meritorum
3328 701 3468 758 prm-

1877 759 2186 831 sumptione
2234 763 2507 819 conﬁdere
2562 766 2717 839 (Luc.
2770 770 2953 845 xvm),
3002 774 3298 833 abundavit
3346 778 3464 834 fru-

1875 859 2078 907 mento.
2110 850 2245 906 Nam
2275 854 2403 923 quia
2429 855 2649 913 humilis
2676 860 2934 917 convallis
2963 862 3083 928 fuit,
3116 875 3331 923 erectus
3358 877 3468 937 est,

1875 940 2020 1009 quia,
2037 950 2329 1011 praestante
2343 943 2593 1013 Domino,
2608 948 2844 1019 seipsum
2858 951 3070 1021 dejecit.
3087 954 3218 1012 ltem
3233 957 3289 1013 in
3301 958 3467 1018 aliam

1872 1041 2082 1103 partem
2112 1034 2269 1090 vallis
2294 1040 2536 1107 ponitur,
2574 1050 2634 1096 ut
2663 1051 2748 1098 est
2776 1042 2907 1101 illud
2940 1051 3215 1119 propheta:
3244 1070 3258 1108 :
3301 1053 3467 1111 Vallis

1872 1123 2106 1193 ﬁliorum
2150 1125 2343 1181 Ennon
2394 1129 2531 1198 (Jer.
2560 1134 2701 1205 tux),
2748 1137 2803 1191 in
2846 1152 2953 1207 quo
2995 1155 3159 1211 poena
3207 1146 3467 1215 gehennae

1873 1216 2215 1285 exprimitur.
2268 1216 2449 1275 Valles
2489 1222 2730 1280 haeretici
2764 1227 2849 1281 vel
2875 1228 3188 1289 Judreisive
3216 1244 3471 1305 peccato.

1874 1320 1964 1360 res
1998 1307 2063 1361 de
2095 1306 2351 1365 Ecclesiae
2402 1312 2734 1371 sublimitate
2774 1319 3048 1389 cadentes,
3093 1333 3153 1379 ut
3188 1324 3244 1380 in
3283 1325 3464 1383 Isaia:

1884 1395 2088 1453 Vallem
2127 1400 2254 1470 filia:
2290 1401 2418 1459 Sion
2450 1403 2586 1477 (Isa.
2618 1407 2698 1481 Χ).
2730 1409 2799 1473 Et
2821 1411 2951 1467 alibi
2979 1433 2989 1466 :
3020 1414 3207 1471 vallem
3229 1417 3467 1485 ﬁliorum

1875 1487 2070 1545 Ennon
2100 1488 2236 1563 (Jer.
2266 1491 2403 1566 xu).
2438 1496 2605 1554 Vallis
2634 1501 2866 1559 humiles
2888 1504 3051 1560 corde
3080 1506 3371 1578 signiﬁcat,
3400 1510 3469 1566 de

1875 1593 1982 1649 quo
2006 1580 2063 1635 in
2093 1582 2319 1639 Cantico
2357 1587 2693 1645 canticorum
2728 1608 2830 1653 vox
2871 1593 3072 1652 Christi
3116 1597 3357 1669 loquitur
3378 1600 3464 1656 di-

1870 1685 2001 1728 cens
2037 1691 2050 1727 :
2091 1674 2208 1745 Ego
2260 1679 2379 1749 ﬂos"
2413 1683 2584 1755 campi
2637 1681 2825 1756 (Cant.
2858 1688 2967 1758 ιι),
3034 1690 3090 1745 id
3135 1702 3248 1759 cst,
3298 1694 3466 1751 decus

1870 1765 2097 1821 mundi:
2130 1777 2177 1822 et
2220 1768 2392 1833 lilium
2441 1774 2801 1845 convallium,
2842 1777 3015 1850 gloria
3061 1782 3313 1841 videlicet
3360 1785 3464 1842 hu-

171 1833 739 1927 caliginem'errorum
770 1857 986 1915 cadant.
1022 1858 1304 1915 Diabolum
1330 1876 1460 1918 vero
1497 1833 1771 1933 signiﬁcat
1794 1850 1843 1911 B
1870 1854 2101 1917 milium.

170 1961 337 2011 mons,
367 1946 461 2003 ubi
490 1948 550 2002 in
580 1947 903 2019 Apocalypsi
938 1949 1204 2019 scriptum
1239 1958 1323 2007 est
1349 1951 1546 2022 (Apoc.
1582 1954 1711 2022 vni)
1746 1973 1758 2009 :

172 2037 303 2108 quod
332 2052 489 2093 mons
518 2052 752 2111 magnus
778 2039 978 2093 missus
1014 2040 1086 2094 sit
1129 2040 1186 2094 in
1216 2049 1468 2113 stagnum
1512 2042 1653 2111 ignis
1681 2058 1765 2098 ar-

170 2127 337 2187 dentis
367 2136 422 2185 et
447 2127 729 2199 sulphuris
757 2148 769 2182 :
803 2130 929 2199 quia
958 2132 1299 2187 contumacia
1334 2133 1534 2189 diaboli
1559 2142 1765 2191 aeterna

171 2222 403 2293 gehenna
432 2221 745 2277 damnatur.
779 2221 1157 2279 Fundamenta
1191 2226 1488 2292 montium,
1520 2241 1644 2297 spes
1672 2242 1764 2282 su-

170 2312 468 2382 perborum.
500 2312 564 2368 In
591 2312 799 2382 psalmo
829 2332 842 2367 :
870 2313 941 2368 Et
969 2315 1319 2385 fundamenta
1353 2318 1612 2372 montium
1639 2334 1761 2373 con-

170 2402 367 2460 turbata
394 2412 520 2459 sunt
546 2403 723 2476 (Psal.
757 2406 914 2478 xvn).

795 2515 1024 2573 CAPUT
1060 2516 1123 2572 Il.

782 2587 856 2643 De
894 2586 1132 2642 collibus.

234 2675 405 2733 Colles
443 2687 578 2733 sunt
620 2678 1097 2750 praeeminentiora
1121 2678 1249 2751 juga
1279 2679 1569 2745 montium,
1606 2680 1762 2749 quasi

173 2768 317 2825 colla.
363 2768 505 2840 Juga
552 2778 739 2824 autem
784 2771 1049 2826 montium
1093 2786 1161 2825 ex
1207 2785 1273 2825 eo
1304 2769 1569 2840 appellata
1613 2778 1759 2833 sunt,

171 2860 303 2929 quod
346 2860 760 2930 propinquitate
813 2858 1138 2930 junguntur.
1190 2859 1453 2915 Tumulus
1493 2869 1574 2915 est
1607 2859 1763 2929 quasi

171 2961 368 3008 tumens
393 2951 573 3007 tellus.
605 2950 740 3007 Item
762 2951 1002 3007 tumulus
1028 2960 1173 3007 terra
1198 2960 1479 3022 congesta,
1505 2951 1596 3006 ubi
1618 2950 1764 3006 nulla

173 3045 421 3100 memoria
446 3053 550 3101 est.
584 3044 762 3101 Colles
794 3046 937 3100 enim
974 3045 1286 3113 signiﬁcant
1310 3046 1483 3101 bonos
1512 3045 1762 3100 homines

170 3132 383 3192 minoris
421 3134 609 3194 meriti
654 3149 817 3205 quam
862 3144 1095 3189 montes.
1142 3133 1282 3190 Sunt
1322 3141 1507 3189 autem
1555 3133 1761 3190 medio-

2486 1952 2718 2012 CAPUT
2746 1958 2836 2016 IV.

2500 2064 2581 2120 De
2621 2068 2837 2138 campis.

1937 2196 2172 2269 Campus
2190 2207 2275 2255 est
2294 2206 2564 2257 terrarum
2589 2203 2859 2272 planities.
2900 2204 3088 2263 Dictus
3110 2215 3291 2266 autem
3315 2227 3464 2269 cam-

1864 2304 1985 2359 pus,
2018 2291 2161 2358 quod
2182 2291 2363 2347 brevis
2394 2293 2465 2349 sit
2494 2295 2740 2364 pedibus,
2773 2312 2877 2353 nec
2903 2306 3118 2356 erectus
3146 2309 3208 2356 ut
3226 2313 3462 2370 montes,

1865 2377 1960 2433 sed
1984 2386 2178 2448 patens
2206 2388 2261 2435 et
2283 2382 2456 2452 Spatio
2483 2399 2581 2441 suo
2603 2396 2887 2457 porrectus
2910 2400 2964 2445 et
2985 2392 3195 2462 jacens.
3232 2394 3384 2451 Unde
3410 2406 3466 2453 ct

1868 2469 2056 2527 Graece
2100 2474 2297 2544 pedion
2342 2477 2563 2535 dicitur.
2634 2479 2875 2553 Sumpsit
2911 2496 3092 2542 autem
3140 2504 3337 2546 nomen
3388 2508 3456 2548 ex

1865 2562 2056 2619 Graeca
2083 2562 2647 2640 etymologia.'Camai
2671 2574 2815 2630 enim
2844 2576 3032 2634 Graece
3055 2579 3220 2637 breve
3248 2583 3461 2639 dicunt.

1866 2651 2051 2709 Solum
2091 2666 2174 2712 est
2213 2674 2373 2715 omne
2402 2662 2546 2730 quod
2579 2665 2826 2731 sustinet,
2882 2684 2913 2721 a
2941 2670 3212 2728 soliditate
3253 2674 3460 2732 dictum

1866 2744 2093 2799 scilicet.
2123 2746 2180 2800 ln
2226 2764 2540 2820 camporum
2575 2769 2703 2826 ergo
2732 2757 2949 2813 nomine
2986 2762 3277 2832 aliquando
3304 2765 3457 2821 Scri-

1865 2843 2038 2904 pturae
2072 2837 2268 2893 divina:
2310 2842 2712 2912 exprimuntur,
2761 2862 2827 2903 eo
2879 2852 3022 2918 quod
3071 2862 3291 2922 pactum
3344 2854 3465 2926 [pa-

1865 2929 2033 3003 stum]
2066 2943 2453 3003 congruentem
2490 2936 2741 2996 ﬁdelibus
2765 2943 3051 3001 animabus
3076 2948 3370 3017 praebeant,
3400 2959 3461 3007 ut

1864 3029 1947 3075 est
1973 3021 2105 3077 illud
2131 3023 2186 3076 in
2214 3023 2429 3080 Psalmo
2456 3042 2470 3079 :
2498 3027 2569 3081 Et
2601 3032 2773 3101 campi
2812 3033 2890 3086 tui
2924 3035 3261 3105 replebantur
3302 3040 3454 3094 uber-

1864 3120 1971 3166 tate
1996 3112 2169 3185 (Psal.
2201 3115 2370 3189 LXIV).
2390 3116 2696 3189 Aliquando
2727 3136 2854 3177 vero
2883 3125 3245 3193 aequalitatem
3268 3138 3323 3183 et
3342 3130 3460 3199 pla-

172 3238 281 3280 "es
312 3241 379 3280 ex
410 3202 689 3296 quam“;
723 3233 1054 3293 tractantes,
1100 3228 1192 3296 qui
1243 3234 1424 3282 ,ωηιξη
1467 3226 1757 3281 Dominum
1787 3204 1833 3269 C
1866 3202 2145 3296 ciditatem
2203 3221 2416 3262 morum
2476 3209 2763 3281 designat,
2821 3220 2879 3267 ut
2929 3213 3060 3269 illud
3113 3215 3455 3276 Psalmistte:

170 3314 313 3370 bonis
337 3317 598 3386 operibus
624 3316 869 3383 laudant,
900 3327 959 3371 ut
978 3317 1245 3388 Propheta
1275 3326 1508 3373 testatur
1534 3317 1753 3373 dicens:

172 3402 362 3459 Montes
392 3415 441 3459 et
476 3405 637 3460 colles
682 3407 966 3460 cantabant
1001 3423 1181 3461 coram
1208 3406 1319 3460 Deo
1344 3406 1554 3461 laudem
1582 3406 1754 3478 (Psal.

170 3496 401 3568 cnvtn).
430 3497 572 3554 Item
600 3498 654 3553 in
684 3498 841 3554 aliam
878 3507 1090 3568 partem
1127 3498 1281 3554 collis
1318 3500 1559 3570 ponitur,
1586 3508 1647 3554 ut
1674 3508 1757 3557 est

172 3585 291 3640 illud
323 3588 373 3640 in
406 3588 743 3659 Evangelio:
775 3587 959 3643 Omnis
986 3607 1135 3644 mons
1174 3599 1221 3649 et
1256 3589 1405 3647 collis
1450 3590 1753 3645 humiliabi-

172 3688 250 3733 tur
283 3678 430 3749 (Luc.
456 3680 566 3752 ιιι).
597 3679 732 3752 luga
770 3689 951 3737 autem
994 3681 1261 3737 montium
1309 3681 1512 3736 sanctis
1559 3683 1756 3737 merito

172 3780 570 3839 comparantur,
605 3772 698 3840 qui
734 3770 977 3826 fraterna
1010 3772 1276 3827 cbaritate
1308 3771 1541 3827 invicem
1579 3771 1753 3840 juncti

170 3860 499 3930 capulantur,
553 3870 610 3917 et
658 3860 929 3916 socialiter
970 3861 1215 3916 viventes
1260 3875 1421 3919 omne
1464 3861 1783 3918 divortium‘

170 3952 475 4009 schismatis
502 3960 791 4023 spernunt.

772 4043 1002 4100 CAPUT
1047 4043 1134 4098 Ill.

768 4138 849 4192 De
882 4137 1123 4192 vallibus.

232 4230 405 4286 Valles
431 4239 564 4286 sunt
594 4229 819 4285 humilia
847 4229 987 4293 loca,
1015 4228 1173 4300 quasi
1196 4230 1351 4287 vulsa
1377 4230 1508 4286 hino
1535 4228 1747 4303 [humo]

168 4329 216 4376 et
235 4323 504 4377 convalles
547 4322 803 4391 depressa
846 4320 963 4375 loca
1013 4328 1284 4375 terrarum
1326 4322 1470 4377 inter
1514 4329 1744 4377 montes.

168 4410 295 4467 Sunt
317 4413 537 4484 propria
570 4413 788 4466 nomina
820 4411 1039 4464 vallium
1065 4430 1077 4464 :
1110 4421 1169 4465 ut
1196 4411 1385 4466 Aialon
1408 4412 1561 4467 vallis
1586 4421 1749 4482 atque

164 4514 507 4576 prmruptum,
552 4519 717 4572 supra
748 4518 911 4572 quam
944 4512 1134 4557 orante
1164 4505 1437 4573 quondam
1466 4503 1594 4560 Jesu
1622 4505 1746 4561 luna

166 4598 305 4651 stetit
342 4596 499 4667 juxta
550 4594 753 4661 villam,
806 4610 925 4664 quae
954 4610 1123 4665 usque
1156 4612 1300 4652 nunc
1331 4597 1520 4652 Aialon
1552 4599 1749 4654 dicitur

167 4697 342 4742 contra
370 4686 655 4743 Orientem
689 4686 947 4750 Betbelis,
980 4687 1153 4741 tribus
1185 4684 1254 4740 ab
1283 4701 1348 4741 ea
1394 4687 1630 4744 millibus
1666 4689 1747 4743 di-

168 4787 309 4834 stans
350 4778 543 4852 procul
584 4776 771 4847 Agaba
811 4785 867 4831 et
894 4776 1066 4830 Rama
1100 4776 1280 4831 Saulis
1309 4777 1552 4833 urbibus.
1578 4776 1746 4833 Porro

166 4869 364 4927 Hebraei
388 4868 663 4923 allirmant
688 4866 879 4921 Aialon
920 4868 1100 4921 vicum
1124 4882 1243 4921 esse
1266 4867 1423 4937 juxta
1446 4867 1745 4938 Nicepolim

168 4965 217 5021 in
250 4966 481 5022 secundo
515 4964 695 5035 lapide
731 4962 1082 5034 pergentibus
1107 4960 1335 5016 Heliam.
1361 4960 1744 5017 C(elastitano-

165 5071 298 5121 rum,
332 5054 385 5110 id
426 5062 515 5109 est
543 5054 700 5108 vallis
736 5053 1034 5123 gigantum,
1072 5052 1329 5105 adversus
1360 5066 1495 5119 quos
1531 5050 1745 5120 praelia-

167 5153 246 5200 tus
285 5154 365 5201 est
402 5144 597 5200 David.
644 5143 840 5209 Codas,
883 5143 936 5199 id
960 5152 1045 5198 est
1090 5142 1244 5197 vallis
1274 5141 1551 5214 Josaphat,
1605 5144 1748 5197 inter

167 5233 453 5294 Jerusalem
490 5243 547 5291 et
590 5242 830 5289 montem
861 5233 1057 5289 Oliveti
1085 5253 1097 5287 :
1123 5233 1237 5304 lege
1264 5233 1586 5302 prophetam
1607 5231 1740 5287 Joel.

168 5326 370 5384 Rafaim
410 5328 573 5383 vallis
592 5325 999 5396 Allophylorum
1026 5325 1094 5381 ad
1124 5322 1599 5393 septentrionalem
1628 5322 1742 5391 pla-

170 5431 282 5488 gam
306 5416 626 5477 Jerusalem.
656 5414 815 5470 Vallis
844 5414 1111 5484 signiﬁcat
1133 5412 1512 5468 contritionem
1537 5412 1737 5477 cordis,

170 5516 221 5561 et
270 5507 646 5570 humilitatem,
689 5514 750 5559 ut
786 5512 871 5559 est
907 5503 1036 5557 illud
1080 5505 1133 5557 in
1184 5503 1437 5558 Psalmo:
1470 5501 1741 5557 Convalles

171 5598 495 5654 abundabunt
529 5599 789 5668 frumento
820 5595 990 5668 (Psal.
1038 5594 1206 5667 wa).
1251 5595 1533 5650 Convalles
1574 5610 1739 5665 popu-

172 5687 249 5744 los
269 5690 571 5761 signiﬁcant
594 5688 829 5743 humiles
856 5706 867 5741 :
897 5687 1019 5756 quia
1052 5685 1185 5739 nihil
1216 5686 1300 5741 bis
1325 5686 1600 5751 humilius,
1620 5701 1739 5755 quite

176 5778 223 5834 in
245 5783 466 5846 quadam
491 5780 832 5837 concavitate
855 5778 1205 5834 descendunt.
1236 5778 1326 5832 lsti
1353 5792 1478 5849 ergo
1509 5776 1737 5833 lmmilcs

96 6314 125 6317 ﬁ
170 6314 355 6325 ——f———
390 6314 435 6327 ηρ

1863 3293 2176 3351 Gaudebant
2231 3300 2401 3370 campi
2440 3310 2488 3355 et
2538 3304 2717 3357 omnia
2756 3320 2874 3375 qua:
2917 3306 2976 3358 in
3021 3307 3095 3362 eis
3124 3319 3244 3364 sunt
3281 3308 3455 3381 (Psal.

1862 3385 2007 3459 xcv).
2059 3387 2292 3459 Campos
2336 3390 2425 3445 hic
2469 3392 2719 3449 similiter
2764 3394 2819 3449 in
2855 3395 2998 3452 bono
3028 3397 3285 3455 debemus
3317 3404 3461 3459 acci-

1859 3492 1990 3552 pere
2031 3495 2046 3533 :
2097 3483 2224 3554 quia
2281 3483 2370 3538 illa
2423 3486 2580 3555 plena
2629 3488 2879 3552 dicimus,
2925 3507 3045 3562 quze
3087 3494 3457 3563 pulcherrima

1858 3571 2168 3639 aequalitate
2194 3576 2506 3631 tenduntur.
2537 3577 2769 3650 Campos
2797 3595 2928 3653 ergo
2962 3583 3095 3640 dicit
3122 3586 3268 3641 viros
3295 3588 3457 3657 justi-

1860 3660 1947 3714 tim
1973 3661 2130 3717 laude
2158 3663 2438 3734 pollentes,
2467 3682 2575 3722 non
2603 3669 2856 3737 superbia
2884 3672 3138 3738 tumidos,
3170 3690 3275 3730 non
3299 3692 3455 3747 aspe-

1859 3767 1950 3806 ros
1997 3753 2297 3821 iracundia,
2344 3759 2435 3812 sed
2484 3770 2771 3816 mansueta
2818 3761 3039 3817 lenitate.
3080 3765 3449 3834 plenissimos.

1856 3841 2093 3913 Campus
2128 3845 2448 3917 intelligitur
2476 3850 2731 3916 mundus,
2762 3864 2829 3906 eo
2862 3853 3003 3921 quod
3046 3854 3115 3910 sit
3143 3866 3353 3925 patens,
3388 3860 3454 3914 de

1855 3950 1963 4005 quo
2002 3935 2257 3993 Habacuc
2300 3940 2563 4009 propheta
2619 3941 2752 3996 dicit
2783 3960 2795 3996 :
2827 3943 2975 3998 Exiit
3009 3948 3241 4014 verbum,
3268 3950 3451 4017 idest,

1853 4026 2023 4082 Filius
2048 4028 2166 4094 Dei,
2192 4037 2243 4083 et
2269 4031 2409 4083 misit
2438 4048 2492 4085 se
2515 4032 2570 4084 in
2606 4048 2868 4104 campum.
2900 4035 2967 4089 Et
2998 4036 3050 4090 in
3074 4037 3290 4095 Psalmo
3316 4041 3455 4096 scri-

1851 4127 2007 4188 ptum
2038 4127 2122 4177 est
2148 4139 2161 4173 :
2193 4119 2340 4175 Sicut
2362 4122 2537 4192 posuit
2571 4124 2627 4177 in
2668 4122 2902 4195 Egypto
2930 4128 3078 4196 signa
3109 4145 3224 4193 sua,
3253 4141 3300 4183 et
3323 4148 3450 4200 pro-

1854 4212 1998 4282 digia
2047 4228 2143 4265 sua
2183 4213 2238 4265 in
2296 4230 2479 4283 campo
2532 4212 2754 4269 Taneos.
2809 4216 3018 4271 Taneos
3066 4219 3209 4273 enim
3256 4222 3450 4277 civitas

1853 4312 1937 4356 est
1964 4301 2205 4374 Egypti,
2235 4303 2327 4357 ubi
2360 4302 2500 4357 facta
2538 4312 2665 4358 sunt
2690 4305 2958 4375 prodigia,
3008 4322 3127 4377 quae
3172 4308 3444 4377 leguntur.

1854 4390 2018 4464 Signa
2049 4392 2234 4462 utique
2256 4392 2475 4448 fuerunt
2501 4394 2555 4447 in
2576 4393 2810 4466 Egypto
2836 4396 2986 4451 duris
3010 4398 3263 4454 cordibus
3290 4402 3446 4469 quasi

1852 4483 2188 4547 characteris
2220 4482 2483 4553 impressa
2530 4484 2777 4555 vestigia.
2826 4484 3081 4557 Prodigia
3126 4503 3255 4543 vero
3281 4491 3440 4559 quasi

1853 4591 2017 4653 porro
2061 4577 2316 4642 dicentia,
2363 4576 2419 4631 id
2457 4585 2560 4643 est,
2615 4593 2735 4647 qua:
2783 4578 3273 4649 praeﬁgurabuntur
3319 4597 3441 4637 esse

1850 4676 2102 4724 ventura.
2132 4666 2333 4726 Omnes
2362 4668 2506 4721 enim
2537 4666 2641 4721 illa:
2667 4667 2837 4738 plagae
2870 4669 2937 4725 ad
2969 4668 3205 4738 aliquam
3235 4670 3443 4742 signiﬁ-

1850 4758 2089 4812 cantiam
2119 4756 2315 4827 priscis
2346 4757 2679 4827 temporibus
2704 4760 3062 4828 contigerunt.
3095 4760 3285 4816 Merito
3308 4776 3440 4833 ergo

1850 4847 2005 4917 signa
2030 4853 2085 4901 et
2129 4846 2373 4917 prodigia
2422 4858 2547 4903 sunt
2590 4849 2878 4918 appellata,
2928 4865 3046 4918 quae
3097 4851 3151 4905 in
3201 4852 3438 4924 Egypto

1850 4936 1997 4992 facta
2040 4944 2430 4993 monstrantur.
2469 4937 2698 5004 Taneos,
2735 4939 2929 4993 humile
2956 4941 3264 4997 mandatum
3294 4944 3437 5000 dixi-

1852 5043 1973 5083 mus
2014 5026 2379 5096 interpretari,
2427 5027 2571 5096 quod
2604 5028 2660 5083 in
2692 5028 2797 5085 isto
2822 5030 3019 5086 saeculo
3064 5034 3430 5089 necessarium

1851 5117 2009 5173 nobis
2043 5131 2107 5171 ac
2138 5118 2376 5173 salutare
2409 5120 2751 5190 cognoscitur
2778 5138 2790 5175 :
2819 5121 2911 5176 ubi
2954 5122 3185 5178 humiles
3211 5136 3277 5179 ac
3300 5138 3431 5195 pro-

1850 5209 2006 5268 strati
2053 5225 2175 5265 esse
2228 5211 2502 5275 debemus,
2560 5212 2650 5280 qui
2701 5213 2870 5268 venia:
2916 5229 3131 5285 semper
3175 5214 3432 5290 suffragia

1848 5300 2201 5370 postulamus.
2240 5300 2299 5355 1n
2331 5299 2663 5359 contrariam
2692 5318 2820 5357 vero
2850 5312 3058 5372 partem
3086 5321 3313 5377 campus
3338 5323 3431 5364 ac-

1848 5391 2087 5469 cipitur,
2148 5391 2361 5462 quando
2414 5391 2597 5445 luxum
2650 5392 2980 5462 voluptatum
3021 5405 3071 5448 et
3133 5396 3430 5469 disciplinae

1849 5466 2213 5537 lasamentum
2244 5481 2513 5551 signiﬁcat
2550 5495 2563 5535 :
2595 5482 2717 5551 quia
2756 5492 2901 5537 arcta
2932 5484 3010 5537 via
3045 5495 3141 5550 est,
3178 5466 3295 5556 quin
3322 5489 3427 5542 du-

1848 5576 1915 5627 cit
1967 5576 2035 5629 ad
2075 5575 2280 5638 vitam;
2332 5574 2440 5627 lata
2488 5574 2567 5627 via
2606 5582 2654 5627 et
2710 5574 2963 5643 spatiosa,
3014 5592 3129 5644 qua:
3170 5577 3315 5633 ducit
3356 5580 3425 5637 ad

1847 5677 2060 5723 mortem
2107 5664 2323 5737 (Matth.
2358 5663 2470 5737 vlt).
