3922 6354
410 412 513 470 367

1037 503 1264 560 CAPUT
1311 500 1376 555 γ.

1043 600 1116 653 Dc
1138 596 1379 652 saltibus.

486 703 671 760 Saltus
715 706 841 755 sunt
871 702 1026 749 vasta
1069 700 1125 745 et
1161 687 1431 744 silvestria
1475 683 1616 747 loca,
1654 678 1746 734 ubi
1780 675 2005 731 arbores

416 794 674 853 exsiliunt
695 790 747 844 in
776 788 965 842 altum.
997 781 1180 837 Saltus
1201 777 1287 833 vel
1321 777 1457 831 silva
1487 771 1715 843 mystice
1735 765 2006 838 signiﬁcat

418 885 763 943 sterilitatem
810 877 1072 950 gentium.
1136 870 1292 926 Unde
1339 876 1422 922 est
1479 864 1609 919 illud
1660 860 2001 917 Psalmistasz

419 975 567 1029 Tunc
603 947 936 1026 exsultal'unt
977 962 1154 1016 omnia
1196 959 1335 1029 ligna
1372 955 1622 1010 silvarum
1667 958 1786 1005 ante
1821 947 2007 1017 faciem

421 1064 655 1129 Domini,
684 1058 945 1131 quomodo
974 1053 1111 1110 venit
1143 1049 1315 1122 (Psal.
1340 1046 1523 1120 xcxv).
1554 1045 1719 1115 Ligna
1748 1040 2007 1096 silvarum

419 1170 517 1228 per
547 1168 606 1210 se
633 1165 850 1207 amaros
879 1157 935 1203 et
961 1143 1174 1202 steriles
1207 1140 1447 1195 inferunt
1481 1137 1687 1191 fructus
1715 1148 1729 1186 :
1761 1131 1855 1186 sed
1884 1144 2010 1185 cum

424 1223 623 1303 luerint
660 1243 843 1309 insita,
885 1237 1201 1294 dulcissima
1230 1234 1479 1289 ubertate
1507 1230 1881 1301 pinguescunt.
1922 1223 2013 1279 Sic

426 1349 636 1409 gentes,
667 1350 786 1405 qua:
811 1332 966 1404 prius
1019 1329 1236 1384 fuerant
1268 1327 1414 1382 velut
1446 1325 1591 1395 ligna
1623 1322 1904 1384 silvarum,
1945 1317 2014 1372 ad

426 1429 691 1485 culturam
725 1423 1064 1479 fructiferam
1094 1418 1391 1491 productae,
1420 1424 1545 1470 ante
1572 1413 1766 1467 faciem
1800 1409 2015 1464 Domini

424 1534 623 1591 magno
650 1525 777 1572 sunt
803 1514 997 1586 gaudio
1035 1511 1317 1565 ltetaturae.
1359 1505 1467 1562 Sed
1500 1520 1624 1560 cum
1652 1503 1805 1567 dicit,
1840 1500 2015 1554 omnia

429 1612 593 1681 ligna,
628 1609 774 1662 illam
803 1615 1016 1675 partem
1043 1603 1160 1656 vult
1198 1599 1445 1670 intelligi,
1485 1612 1606 1667 quae
1651 1594 1818 1649 inseri
1861 1593 2018 1646 bonis

429 1698 685 1768 operibus
724 1694 899 1764 potuit
932 1707 997 1747 ac
1032 1689 1256 1746 mutari.
1290 1688 1471 1742 Saltus
1490 1684 1719 1755 populus
1739 1681 2017 1756 Ecclesize,

430 1797 493 1843 ut
536 1789 590 1842 in
622 1786 929 1857 prOpheta:
958 1781 1063 1848 Qui
1109 1772 1344 1833 habitam
1369 1778 1426 1830 in
1448 1776 1671 1838 deserto,
1702 1770 1872 1826 securi
1898 1770 2022 1824 dor-

438 1878 598 1931 mient
634 1877 689 1927 in
724 1873 944 1928 saltibus
986 1870 1204 1941 (Ezech.
1244 1865 1453 1937 χχχιιι).
1494 1862 1676 1918 Saltus
1706 1860 1822 1931 agri
1856 1859 2023 1913 meri-

447 1965 591 2021 diani
625 1962 855 2035 populus
900 1959 1229 2023 Iudicorum,
1272 1964 1333 2011 ut
1372 1956 1427 2010 in
1474 1952 1723 2008 Ezechiel
1765 1949 2026 2020 propheta

446 2058 645 2113 dicitur
678 2055 745 2108 ad
777 2052 975 2108 saltum
1015 2050 1131 2121 agri
1173 2046 1461 2101 meridiani
1488 2063 1501 2100 :
1528 2044 1665 2097 Ecce
1692 2058 1786 2112 ego
1819 2056 2032 2094 succen-

414 2162 417 2164 ‘
443 2150 565 2203 dam
594 2149 763 2219 ignem
795 2146 911 2199 vitae
938 2142 1017 2215 [in
1045 2142 1141 2213 te],
1165 2150 1215 2195 et
1239 2138 1504 2193 devorabit
1540 2152 1691 2190 omne
1729 2133 1927 2205 lignum
1961 2131 2034 2186 vi-

444 2242 573 2303 ride,
603 2248 649 2292 et
679 2253 830 2292 omne
858 2236 1058 2305 lignum
1082 2233 1291 2286 aridum
1317 2228 1535 2296 (Ezech.
1562 2226 1679 2281 xxl.

1049 2365 1279 2422 CAPUT
1319 2364 1408 2420 VI.

1110 2480 1190 2533 De
1220 2478 1368 2533 locis:

526 2596 887 2667 Reperiuntur
939 2592 996 2646 in
1052 2590 1251 2646 divinis
1300 2589 1453 2643 libris
1506 2587 1723 2641 nomina
1773 2585 2037 2648 locorum,

458 2708 577 2760 qum
606 2690 770 2742 etiam
798 2686 919 2740 sine
937 2682 1342 2754 signiﬁcatione
1372 2679 1599 2750 mystica
1626 2695 1733 2732 non
1761 2685 1882 2732 sunt
1908 2694 1920 2728 :
1948 2675 2043 2730 sed

454 2798 554 2836 nos
582 2780 648 2834 de
678 2778 763 2833 his
800 2775 1067 2837 omnibus,
1117 2772 1246 2842 quid
1296 2771 1473 2841 typice
1519 2768 1842 2840 signiﬁcent,
1884 2781 2045 2819 enar-

457 2887 580 2927 rare
608 2870 827 2940 Iongum
865 2880 986 2921 esse
1022 2864 1356 2918 arbitramur
1382 2878 1393 2914 :
1424 2861 1545 2913 ideo
1567 2858 1783 2913 nomina
1807 2857 2044 2925 ipsorum

462 2959 837 3016 tantunnuodo
884 2963 1147 3027 ponentes
1193 2968 1313 3006 cum
1363 2950 1697 3020 expositione
1754 2946 2043 3009 historica,

460 3062 716 3107 czeterum
760 3046 1077 3118 mysterium
1117 3042 1426 3097 earumdem
1464 3040 1716 3111 prudenti
1762 3037 1951 3092 lectori
1981 3034 2050 3088 ad

461 3138 895 3209 investigandum
926 3134 1301 3204 relinquimus.
1330 3130 1529 3186 IEnam
1563 3130 1815 3184 euntibus
1846 3126 2049 3182 'l'ham-
2090 3184 2096 3195 ,

1048 402 1108 455 Β.
1151 393 1407 453 uanam
1446 387 1664 448 usum
1702 354 2020 439 Ancum.
2062 375 2372 434 uocum.
2414 370 2701 430 OPERUM
2740 366 2919 423 rans
2954 366 3019 421 ιι.

3572 352 3681 413 568

2024 498 2075 559 Α
2103 506 2218 541 rum
2264 488 2400 541 viam
2447 480 2791 554 interpretati
2844 485 2988 543 sunt,
3028 476 3117 530 ubi
3160 479 3444 529 adversum
3469 470 3686 526 Chana-

2105 594 2277 634 nasum
2307 575 2397 646 qui
2430 576 2497 629 ab
2526 582 2712 627 austro
2737 577 2925 626 contra
2956 566 3121 622 Israel
3145 570 3418 635 eruperat,
3466 561 3520 614 in
3565 557 3691 613 soli-

2107 670 2292 725 tudine
2344 666 2655 721 dimicatur.
2682 660 3032 731 Areopoleos,
3065 658 3119 711 in
3148 670 3255 725 quo
3280 663 3336 709 et
3363 653 3592 707 militum
3624 664 3690 703 ex

2107 758 2253 814 omni
2286 763 2439 827 parte
2466 752 2717 823 praesidia
2756 750 3043 805 distributa
3074 746 3294 816 plenum
3336 740 3614 815 sanguinis
3637 746 3695 794 et

2108 826 2414 904 formidinis
2450 850 2718 899 testantur
2761 842 3080 916 ingressum.
3125 833 3225 889 Hic
3252 833 3521 904 quondam
3549 826 3699 884 Moa-

2109 942 2346 998 bitarum
2373 936 2497 1002 fuit,
2522 943 2578 989 et
2602 942 2791 1003 postea
2819 930 2963 986 Seon
2992 944 3092 984 rex
3118 925 3559 981 Amorrhazorum
3576 920 3703 990 jure

2109 1030 2237 1085 belli
2282 1042 2408 1081 eum
2462 1023 2696 1080 obtinuit
2737 1041 2750 1076 :
2799 1021 2894 1076 sed
2941 1028 2997 1074 et
3043 1026 3191 1076 terra
3246 1014 3479 1069 ﬁliorum
3534 1008 3704 1068 Israel

2112 1127 2267 1171 trans
2293 1114 2587 1170 Iordanem
2613 1109 2879 1180 incipiens
2916 1106 2985 1160 ab
3007 1107 3227 1160 Amone
3253 1117 3428 1170 usque
3453 1101 3522 1155 ad
3551 1114 3707 1154 mon-

2114 1218 2224 1265 tem
2269 1206 2509 1262 Hermon
2547 1212 2604 1258 et
2645 1201 2920 1256 Libanum
2961 1198 3291 1253 extenditur.
3318 1193 3397 1248 Ar
3443 1193 3593 1248 locus
3622 1188 3709 1246 vel

2114 1300 2371 1373 oppidum
2426 1297 2634 1359 Arnon,
2687 1290 2830 1362 quod
2865 1305 2898 1344 a
2938 1288 3007 1343 70
3041 1285 3431 1357 Interpretibus
3472 1298 3572 1352 per
3613 1296 3711 1336 ex-

2116 1371 2326 1447 tensam
2354 1386 2592 1442 vocalem
2609 1384 2682 1439 Er
2701 1381 2916 1436 dicitur.
2937 1378 3017 1433 Ar
3039 1393 3171 1432 vero
3200 1375 3395 1431 dicitur
3418 1371 3710 1437 suscitavit,

2116 1482 2202 1537 vel
2227 1480 2423 1551 vigilia.
2447 1475 2699 1532 Aisinion
2728 1474 2882 1528 locus
2913 1469 3149 1533 deserti,
3180 1467 3412 1535 denique
3445 1472 3501 1519 et
3536 1464 3715 1532 ipsum

2118 1573 2439 1629 vocabulum
2474 1568 2735 1624 incultam
2782 1574 2983 1620 terram
3016 1562 3393 1629 desertamque
3420 1554 3714 1627 signiﬁcat.

2118 1663 2358 1718 Araboth
2387 1661 2560 1723 Moab,
2592 1656 2684 1712 ubi
2712 1653 2909 1711 smeulo
2931 1650 3136 1724 [Forte,
3170 1646 3377 1719 sedulo]
3399 1651 3720 1701 numeratus

2121 1765 2205 1812 est
2226 1754 2476 1827 populus,
2500 1750 2641 1823 quod
2674 1746 2870 1818 Aquila
2910 1746 3299 1812 interpretatur
3335 1736 3557 1793 humilia
3592 1733 3721 1790 'sive

2055 1868 2103 1927 Β
2131 1825 2354 1918 mqualia
2382 1844 2559 1899 Moab.
2595 1838 2931 1919 Abelsathim
2951 1836 3105 1892 locus
3141 1834 3198 1889 in
3223 1832 3438 1886 deserto
3462 1827 3531 1882 ad
3556 1825 3707 1881 meri-

2136 1912 2277 1996 diem
2301 1937 2677 1999 Moabitarum,
2704 1940 2760 1987 et
2780 1916 3169 1999 interpretatur
3191 1924 3361 1978 luctus
3382 1921 3615 1973 littorum
3635 1912 3721 1970 vel

2135 2034 2392 2102 riparum.
2424 2011 2778 2083 Beniacan'in
2820 2023 3037 2077 deserto
3066 2026 3245 2074 castra
3268 2014 3500 2069 ﬁliorum
3526 2006 3720 2065 Israel.

2135 2100 2437 2177 Benacham
2468 2118 2612 2173 enim
2651 2116 3040 2183 interpretatur
3070 2110 3211 2180 [ilius
3250 2105 3588 2161 necessitatis.
3622 2100 3725 2155 Be-

2137 2215 2258 2271 roth
2283 2214 2515 2268 ﬁliorum
2552 2208 2761 2262 Jachim
2801 2206 2857 2259 in
2899 2206 3113 2259 deserto
3154 2202 3325 2264 locus,
3377 2198 3431 2251 in
3456 2209 3562 2265 quo
3588 2192 3727 2247 obiit

2142 2307 2319 2364 Aaron
2358 2310 2415 2358 et
2454 2298 2761 2355 ostenditur
2789 2308 2961 2363 usque
2997 2292 3157 2347 hodie
3202 2290 3259 2343 in
3299 2287 3509 2342 decimo
3547 2282 3727 2353 lapide

2138 2396 2291 2452 urbis
2337 2394 2511 2447 Petrae
2558 2389 2759 2443 montis
2785 2386 2992 2443 Urtiee.
3019 2382 3227 2437 Beroch
3260 2388 3439 2433 autem
3459 2378 3723 2445 interpre

2144 2494 2309 2550 tatur,
2336 2482 2496 2554 putei.
2530 2481 2730 2542 Bonos,
2752 2478 2857 2531 hoc
2877 2484 2961 2530 est
2983 2469 3558 2540 collispraeputiorum,
3577 2466 3728 2521 locus

2143 2578 2197 2631 in
2229 2574 2487 2644 Galgalis,
2521 2570 2611 2625 ubi
2642 2566 2982 2624 circumcidit
3016 2564 3175 2618 Jesus
3205 2560 3459 2631 p0pulum
3482 2556 3647 2613 Israel
3674 2556 3729 2610 in

2146 2666 2383 2723 secundo
2429 2664 2497 2717 ab
2538 2661 2756 2717 Iericho
2800 2659 2999 2729 lapide,
3052 2663 3108 2710 et
3153 2654 3513 2708 ostenduntur
3559 2664 3729 2719 usque

2146 2759 2306 2814 hodie
2332 2771 2483 2831 saxa,
2515 2770 2634 2822 qua:
2663 2753 2728 2807 de
2750 2750 2985 2805 Jordane
3010 2747 3137 2802 illuc
3167 2741 3730 2811 translata‘Scripture

2148 2854 2556 2904 commemorat.
2582 2842 2878 2909 Bethdago,
2906 2839 3056 2893 locus
3084 2838 3139 2905 in
3162 2852 3268 2906 quo
3298 2835 3413 2889 dua:
3436 2832 3610 2886 tribus
3629 2831 3708 2885 Za

2150 2941 2313 2996 bulon
2344 2947 2400 2994 et
2439 2935 2690 2991 Issacliar
2734 2932 2936 2987 habent
2976 2928 3228 2983 conﬁnia.
3264 2924 3501 2993 Bethago
3523 2936 3733 2991 quoque

2152 3032 2542 3100 interpretatur
2574 3025 2758 3078 domus
2799 3019 3095 3091 festivitatis
3139 3032 3338 3070 eorum.
3395 3012 3617 3083 Chaspi,
3647 3011 3725 3066 ub

2158 3120 2405 3193 geminos
2442 3115 2592 3171 Iuda:
2629 3114 2770 3167 ﬁlios
2799 3112 3037 3165 Thamar
3066 3106 3270 3163 edidit:
3294 3103 3601 3160 ostenditur
3640 3116 3711 3155 au

462 3248 590 3286 nam
620 3195 763 3284 nunc
795 3228 1045 3282 desertus
1079 3195 1165 3280 est
1189 3224 1363 3289 locus,
1393 3232 1449 3278 et
1475 3222 1757 3294 proximus
1796 3220 2053 3276 Thamnae
2080 3214 2125 3276 C
2160 3224 2265 3269 tem
2301 3226 2444 3266 nunc
2480 3209 2630 3263 locus
2670 3206 2918 3259 desertus
2954 3201 3107 3271 juxta
3149 3198 3391 3255 Adollam
3443 3197 3497 3249 in
3544 3195 3733 3251 ﬁnibus

464 3325 585 3377 vico
615 3321 826 3393 grandi,
871 3319 963 3388 qui
1003 3318 1140 3372 situs
1168 3324 1253 3372 est
1287 3317 1431 3371 inter
1457 3314 1689 3380 Heliam,
1717 3322 1773 3369 et
1798 3314 1853 3367 in
1880 3311 2055 3381 Ospo-

467 3414 559 3466 lim
607 3420 707 3466 est.
759 3411 827 3465 Et
868 3408 989 3463 fons
1032 3408 1085 3462 in
1136 3422 1297 3477 supra
1334 3408 1477 3461 dicto
1508 3406 1619 3460 Ena
1645 3405 1784 3459 loco.
1819 3403 1983 3459 Unde
2003 3410 2059 3457 et

469 3503 605 3566 Eua,
635 3501 686 3555 id
714 3508 817 3564 est,
849 3498 968 3554 fons
1006 3513 1204 3552 nomen
1245 3497 1475 3566 accepit,
1520 3495 1572 3549 in
1609 3511 1717 3565 quo
1745 3502 1895 3549 stans
1939 3493 2055 3546 ido-

470 3596 580 3647 lum
643 3592 878 3673 maxima
944 3590 1087 3645 illius
1147 3590 1387 3662 regionis
1440 3587 1787 3642 veneratione
1841 3585 2054 3640 colitur.

473 3689 643 3742 Porro
670 3684 881 3739 Hebrari
910 3682 1179 3737 aﬁirmant
1205 3683 1372 3736 Enam
1404 3696 1509 3736 non
1546 3676 1723 3735 locum
1756 3677 2061 3749 signiﬁcare

474 3779 567 3833 sed
614 3776 840 3839 bivium,
892 3774 983 3829 ubi
1023 3783 1173 3829 certo
1216 3773 1415 3827 intuitu
1462 3769 1830 3825 necessarium
1880 3769 1950 3822 sit
1994 3766 2061 3820 ad

477 3882 637 3920 unam
669 3880 700 3918 e
728 3864 938 3917 duabus
976 3862 1075 3915 viis
1105 3861 1425 3930 eligendam.
1476 3859 1645 3911 Enam
1684 3857 1848 3909 etiam
1901 3856 2063 3909 inter-

477 3964 721 4027 pretatur
766 3970 856 4006 cor
900 3968 1096 4006 eorum.
1139 3951 1363 4005 Areatat
1400 3950 1550 4003 locus
1575 3956 1723 4001 trans
1748 3946 2059 4011 Iordanem,

480 4048 533 4121 in
576 4060 682 4114 quo
728 4043 1051 4114 planxerunt
1101 4041 1371 4109 quondam
1414 4040 1601 4103 Jacob,
1642 4039 1803 4093 tertio
1829 4040 1897 4093 ab
1926 4036 2064 4092 Ieri-

482 4138 583 4191 eho
609 4136 803 4205 lapide,
846 4132 1055 4186 duobus
1092 4130 1331 4183 millibus
1374 4130 1441 4181 ab
1482 4128 1752 4189 Iordane,
1785 4128 1875 4195 qui
1924 4141 2066 4179 nunc

486 4236 711 4282 vocatur
740 4222 1021 4293 Bethagla,
1061 4220 1202 4290 quod
1246 4220 1647 4288 interpretatur,
1680 4216 1794 4270 loco
1817 4217 1931 4287 gyri
1956 4228 1972 4265 :
2003 4230 2067 4269 eo

483 4318 628 4387 quod
659 4315 733 4369 ibi
765 4329 915 4367 more
958 4312 1327 4381 plangentium
1370 4308 1740 4363 circumierint
1779 4308 1835 4361 in
1882 4306 2070 4360 funere

482 4408 670 4462 Iacob.
704 4403 878 4469 ,ASlim
918 4410 1095 4457 castra
1140 4399 1370 4453 ﬁliorum
1416 4398 1603 4462 Israel,
1645 4406 1698 4451 et
1722 4398 1873 4451 locus
1900 4397 1951 4450 in
1981 4397 2071 4450 de-

486 4506 658 4562 serto,
691 4497 744 4549 in
775 4509 881 4564 quo
906 4492 1154 4546 undecim
1180 4490 1378 4556 fontes,
1412 4500 1467 4545 et
1490 4491 1557 4545 70
1575 4491 1875 4560 palmarum
1908 4491 2066 4542 arbo-

2159 3300 2654 3370 Eleuthcropoleos.
2704 3296 2903 3364 Chaspi
2950 3294 3093 3348 enim
3164 3292 3549 3358 interpretatur
3604 3285 3734 3339 cali:

2158 3394 2415 3456 immensi,
2443 3392 2558 3446 sive
2592 3387 2808 3444 immola
2856 3386 3004 3439 mihi.
3049 3385 3127 3439 De
3153 3383 3257 3437 hoc
3283 3382 3481 3451 quippe
3510 3379 3566 3433 in
3591 3378 3735 3433 libris

2160 3486 2539 3542 hebraicarum
2588 3481 2943 3550 qumstionum
2992 3475 3204 3545 plenius
3259 3474 3594 3541 disputatum
3641 3478 3727 3525 est

2161 3576 2557 3639 Emechachor,
2609 3572 2753 3641 quod
2800 3570 3207 3637 interpretatur,
3260 3564 3410 3617 vallis
3461 3562 3657 3625 Achar,
3693 3560 3737 3615 ii

2163 3681 2265 3736 est,
2298 3668 2531 3723 tumulus
2566 3676 2716 3736 atque
2763 3662 3056 3723 turbarum,
3107 3658 3199 3712 ubi
3243 3656 3431 3715 Achan
3475 3655 3736 3725 lapidibus

2166 3774 2456 3832 oppressus
2492 3767 2595 3824 est,
2622 3772 2688 3811 eo
2715 3753 2858 3825 quod
2886 3752 3131 3822 quasdam
3161 3750 3228 3804 de
3252 3748 3600 3803 anathemate
3630 3760 3735 3801 sus

2166 3854 2395 3907 tulisset.
2433 3851 2530 3905 Est
2573 3857 2753 3903 autem
2792 3846 2944 3902 locus
2966 3840 3122 3913 juxta
3152 3841 3391 3906 Iericho,
3429 3840 3573 3895 haud
3625 3854 3726 3909 pro

2168 3947 2255 4000 cul
2314 3960 2346 3999 a
2392 3942 2649 4012 Galgalis.
2702 3940 2839 3995 Male
2882 3954 3013 4007 ergo
3058 3938 3275 4006 quidam
3322 3944 3515 4005 putant
3556 3934 3738 3986 valleu

2168 4037 2369 4091 Achior
2398 4051 2427 4087 a
2458 4034 2673 4087 nomine
2714 4032 2847 4102 ejus,
2899 4032 2990 4101 qui
3033 4030 3301 4099 lapidatus
3338 4037 3441 4092 est,
3474 4041 3729 4096 nuncupa

2173 4135 2279 4179 tam
2310 4144 2322 4178 :
2354 4139 2475 4179 cum
2500 4123 2588 4176 ille
2615 4122 2834 4176 Acheon
2870 4122 3047 4176 dictus
3076 4122 3165 4183 sit,
3199 4128 3383 4174 etnon
3413 4118 3619 4172 Achior
3643 4117 3741 4171 sive

2170 4215 2368 4269 Achar.
2414 4213 2615 4267 Fanuel
2653 4213 2821 4278 locus,
2866 4212 2920 4265 in
2948 4227 3053 4281 quo
3096 4210 3262 4265 Iacob
3291 4219 3401 4264 tota
3434 4217 3597 4264 nocte
3638 4208 3726 4263 col

2171 4305 2384 4359 luctans
2404 4304 2617 4357 Israelis
2658 4303 2981 4357 vocabulum
3026 4303 3248 4365 meruit,
3273 4301 3424 4369 juxta
3457 4310 3743 4355 torrente"

2172 4393 2358 4449 Iacob.
2389 4393 2589 4447 Fanuel
2637 4401 2815 4446 autem
2860 4392 3268 4459 interpretatur,
3314 4391 3477 4458 facies
3516 4390 3641 4455 Dei,
3692 4390 3746 4445 al

2174 4500 2239 4539 eo
2289 4485 2431 4552 quod
2466 4484 2540 4537 ibi
2569 4482 2858 4537 Dominum
2886 4480 3101 4535 viderit.
3143 4478 3439 4551 Golgolque
3465 4487 3519 4533 et
3545 4478 3741 4550 Galgal

487 4601 575 4641 res
596 4585 808 4656 Moyses
827 4582 895 4637 de
926 4582 1064 4635 mari
1092 4580 1279 4635 Rubro
1300 4580 1487 4634 exiens
1514 4579 1735 4649 reperit.
1764 4577 1895 4631 Nam
1921 4577 2058 4631 Elim
2090 4561 2145 4621 D
2166 4574 2318 4644 juxta
2355 4587 2516 4643 quem
2557 4580 2771 4625 montes
2808 4585 2927 4625 esse
2974 4571 3285 4625 scribuntur
3310 4570 3545 4625 Garizim
3577 4580 3635 4624 et
3663 4569 3745 4625 Ge

490 4677 881 4745 interpretatur
903 4672 1089 4724 arietes
1128 4669 1311 4737 fortes,
1342 4676 1401 4721 ut
1436 4668 1493 4722 in
1518 4667 1707 4720 Exodo
1736 4667 1931 4733 legitur
1956 4684 1968 4717 :
1996 4664 2065 4717 Et

487 4773 735 4819 venerunt
767 4761 865 4831 ﬁlii
895 4759 1089 4825 Israel,
1112 4758 1202 4812 ubi
1223 4771 1369 4811 erant
1394 4758 1665 4810 duodecim
1692 4757 1856 4826 fontes
1872 4755 2067 4826 (Exod.

489 4854 603 4925 xv),
638 4851 690 4905 id
713 4860 795 4906 est
821 4849 1185 4920 apostolorum
1226 4848 1488 4902 doctrina.
1532 4846 1689 4901 IElus
1728 4846 1782 4900 in
1835 4845 2069 4908 deserto,

489 4945 579 4998 ubi
629 4942 723 4996 ﬁlii
777 4941 940 4997 Israel
1005 4940 1374 4994 castrametati
1439 4944 1581 4991 sunt.
1644 4934 1800 4990 ZEIus
1860 4950 2073 5004 quoque

492 5032 877 5100 interpretatur
944 5029 1235 5097 fermento,
1313 5028 1426 5081 sive
1489 5025 1781 5079 commisce.
1839 5024 2071 5077 Aseroth

490 5136 619 5190 pars
672 5118 871 5182 eremi,
916 5118 1008 5169 ubi
1062 5117 1227 5169 Maria
1280 5126 1333 5169 et
1380 5116 1561 5168 Aaron
1613 5122 1802 5181 contra
1854 5113 2073 5182 Moysen

493 5210 657 5264 locuti
681 5218 806 5264 sunt
826 5207 1015 5279 (Num.
1036 5206 1574 5279 xu).-Habitaverunt
1602 5206 1870 5274 quondam
1892 5204 2073 5259 Ilevaai

494 5302 729 5356 Aseroth
772 5315 939 5367 usque
987 5298 1055 5353 ad
1103 5300 1287 5356 urbem
1336 5298 1559 5352 Gazam.
1594 5297 1790 5350 Verum
1822 5296 1935 5350 haec
1957 5295 2072 5349 loca

497 5408 601 5446 non
616 5391 848 5445 Aseroth
870 5389 963 5443 sed
976 5388 1185 5442 Aserim
1208 5389 1463 5459 appellari
1482 5387 1692 5442 Hebraei
1714 5395 1923 5456 putant.
1940 5385 2075 5441 Ase-

497 5485 619 5536 roth
664 5482 808 5535 enim
844 5482 1230 5552 interpretatur
1278 5484 1449 5547 atria,
1493 5481 1576 5535 vel
1620 5478 1890 5533 vestibula.
1940 5480 2074 5534 Ase—

500 5586 660 5625 mona
704 5578 882 5626 castra
921 5570 1153 5626 ﬁliorum
1194 5570 1357 5625 Israel
1398 5570 1453 5623 in
1501 5570 1735 5624 deserto.
1778 5567 1913 5623 Nam
1942 5570 2075 5624 Ase-

502 5675 662 5715 mona
705 5660 1088 5729 interpretatur
1116 5680 1170 5715 os
1224 5663 1354 5729 ejus,
1396 5661 1465 5714 ab
1490 5676 1611 5714 osse
1639 5668 1695 5713 et
1727 5674 1833 5713 non
1864 5661 1931 5713 ab
1958 5675 2072 5714 ore.

503 5752 799 5817 Athcraim,
832 5767 929 5821 pro
959 5768 1063 5820 quo
1092 5752 1282 5820 Aquila
1306 5762 1359 5804 et
1392 5750 1751 5821 Symmachus
1782 5750 2077 5821 explorato-

2175 4665 2283 4719 bal.
2334 4663 2520 4733 Galgal
2564 4673 2744 4717 autem
2787 4663 2937 4715 locus
2980 4672 3064 4715 est
3097 4660 3253 4729 juxta
3283 4662 3519 4717 Iericho.
3558 4662 3741 4716 Erran

2177 4758 2343 4827 igitur
2388 4754 2737 4819 Samaritani,
2779 4754 2872 4823 qui
2908 4752 3065 4821 juxta
3109 4735 3383 4823 Neapolim
3429 4753 3674 4807 Garizim
3711 4770 3744 4808 e

2177 4847 2345 4901 Gebal
2391 4854 2602 4900 montes
2624 4845 2910 4900 ostendere
2934 4843 3139 4907 volunt,
3168 4858 3289 4897 cum
3316 4842 3435 4895 illos
3456 4842 3611 4911 juxta
3636 4841 3743 4896 Gal

2179 4937 2265 5008 gal
2308 4951 2429 4991 esse
2472 4935 2751 5005 Scriptura
2795 4943 3043 4989 testetur.
3075 4934 3260 5004 Galgal
3290 4942 3467 4988 autem
3492 4934 3744 5002 interpne

2186 5038 2348 5093 tatur,
2396 5027 2661 5081 revelatio.
2705 5026 3065 5081 Golathmaim
3097 5026 3264 5091 locus,
3310 5026 3398 5094 qui
3438 5027 3743 5095 interpret:

2181 5130 2291 5185 tur,
2321 5121 2575 5190 possessio
2600 5137 2769 5189 aqum.
2795 5119 3008 5175 Goliath
3037 5120 3186 5174 locus
3204 5119 3357 5187 juxta
3380 5121 3674 5175 Iordanem
3711 5124 3756 5176 ir

2183 5210 2326 5264 tribu
2384 5209 2681 5279 Benjamin,
2726 5210 2817 5262 ubi
2871 5208 3045 5263 altare
3088 5209 3315 5263 Domino
3360 5210 3757 5265 constitueram

2184 5300 2277 5354 lilii
2316 5299 2507 5355 Ruben
2544 5299 2679 5370 (los.
2724 5297 2879 5371 xm).
2929 5298 3139 5354 Goliath
3189 5300 3332 5355 enim
3372 5301 3758 5370 interpretatm

2182 5388 2427 5444 revelatio
2468 5390 2581 5445 sive
2624 5390 3030 5459 transmigratio.
3078 5388 3222 5445 Iroth
3252 5390 3400 5444 locus
3430 5391 3652 5457 deserti,
3698 5406 3756 5448 ar

2179 5498 2338 5552 quem
2362 5487 2627 5537 venerunt
2650 5481 2745 5533 ﬁlii
2772 5480 2934 5534 Israel
2956 5495 3107 5535 mare
3127 5481 3367 5535 Rubrum
3397 5480 3741 5539 transfretan

2180 5573 2433 5628 tes.Iroth
2446 5586 2574 5642 ergo
2588 5573 2975 5640 interpretatur
2987 5572 3277 5641 longitudo.
3293 5571 3590 5627 Letabutha
3604 5574 3758 5632 locus

2182 5662 2233 5714 in
2278 5662 2520 5725 deserto,
2564 5662 2652 5715 ubi
2686 5668 2954 5717 torrentes
2994 5677 3251 5732 aquarum
3294 5663 3745 5723 demonstrantur

2253 5751 2436 5807 Lobon
2486 5752 2635 5808 locus
2679 5754 2979 5809 solitudinis
3025 5762 3174 5809 trans
3202 5752 3514 5823 Iordanem,
3544 5756 3599 5811 in
3649 5774 3754 5830 qut
