3922 6336
215 349 299 407 569

1153 337 1237 393 DE
1276 334 1621 392 UNIVEBSO
1657 329 1833 387 LIBRI
1872 330 2032 385 XXII.
2076 358 2146 369 —
2184 325 2311 383 LIB.
2354 328 2488 384 XIII.

3346 327 3449 386 370

214 468 405 536 tloyses
450 456 799 535 [scripsisse]
827 455 1300 512 Deuteronomium
1339 454 1552 525 legitur.
1584 451 1773 506 Lobon
1800 447 2299 516 Ainterpretatur,
2350 442 2871 536 misericordiakpei.
3081 442 3448 536 monialmoni,

214 564 373 611 intem
398 555 788 620 interpretatur
818 550 1079 619 ingressus
1110 546 1223 600 sive
1248 546 1534 599 inveniens.

268 645 427 701 Mirra
454 641 539 694 vel
587 640 755 705 Mara,
783 637 926 708 quod
952 638 1341 705 interpretatur
1367 632 1686 696 amaritudo,
1719 630 1774 685 id

212 744 299 799 est,
334 734 509 786 littera
550 731 724 798 legis:
752 736 837 783 est
879 735 1057 781 autem
1105 725 1271 790 locus,
1326 725 1379 779 in
1426 739 1534 792 quo
1581 738 1770 793 aquas,

219 832 335 878 aeto
383 821 543 891 ligno,
574 819 785 892 Moyses
812 818 867 872 in
891 816 1102 872 dulcem
1128 816 1289 871 vertit
1318 829 1585 883 saporem.
1623 812 1774 868 Unde

206 916 387 985 legitur
432 914 485 966 in
529 912 756 967 Exodo:
795 907 1052 964 Venerunt
1100 907 1199 977 lilii
1241 905 1411 960 Israel
1453 906 1509 958 in
1554 903 1774 974 Myrrha

205 1006 272 1059 vel
302 1005 477 1069 Mora,
504 1014 554 1059 et
588 1021 693 1059 non
722 1011 959 1074 poterant
1005 1001 1175 1055 bibere
1212 1016 1404 1070 aquam
1447 999 1512 1052 de
1557 997 1774 1068 Myrrha

205 1096 273 1149 uel
304 1096 477 1161 Mora,
507 1095 635 1167 quia
662 1109 845 1148 amara
870 1102 980 1147 erat
1006 1090 1202 1162 (Exod.
1227 1089 1340 1161 xv).
1372 1089 1603 1143 Ralidim
1626 1088 1776 1144 locus

204 1168 252 1240 in
296 1186 507 1239 deserto
552 1186 707 1255 juxta
754 1190 991 1237 montem
1036 1180 1268 1244 Choreb,
1316 1181 1369 1234 in
1402 1195 1509 1249 quo
1531 1180 1596 1233 de
1621 1188 1775 1248 petra

204 1275 391 1331 ﬂuxere
421 1290 601 1345 aquae,
644 1273 1156 1345 cognominatusque
1197 1279 1282 1326 est
1328 1270 1588 1325 tentatio:
1624 1270 1695 1323 ibi
1722 1275 1777 1324 et

203 1369 345 1424 Iesus
366 1369 628 1423 adversus
645 1366 865 1421 Amalec
886 1364 1112 1418 dimicat
1131 1378 1297 1433 prope
1320 1362 1516 1415 Faran.
1544 1359 1775 1413 Raﬁdim

202 1462 384 1531 quippe
405 1462 814 1529 interpretatur,
837 1456 973 1510 laxa:
1002 1470 1210 1518 manus,
1241 1452 1323 1506 vel
1342 1449 1773 1520 sanitas-judicii,

202 1559 282 1605 aut
312 1552 438 1604 visio
465 1551 616 1603 auris
644 1548 901 1617 sufﬁciens
930 1547 1022 1601 eis.

264 1639 453 1705 Scene,
512 1639 565 1692 id
594 1647 677 1693 est
698 1638 1070 1702 tabernacula,
1104 1637 1257 1691 locus
1286 1637 1340 1689 in
1383 1649 1489 1704 quo
1516 1631 1777 1687 habitavit

200 1729 353 1785 Iacob
384 1744 669 1799 regressus
689 1729 755 1783 de
778 1727 1181 1796 Mesopotamia,
1205 1726 1295 1795 qui
1320 1725 1499 1795 lingua
1514 1724 1775 1780 Hebraica

200 1822 485 1892 appellatur
514 1819 783 1875 Sochoch.

262 1913 382 1969 Sior
425 1914 580 1967 locus
620 1920 810 1966 contra
843 1909 1037 1965 faciem
1070 1908 1308 1979 Egypti.
1361 1906 1468 1962 Sed
1510 1917 1566 1961 et
1613 1908 1773 1962 hodie

199 2005 492 2060 ostenditur
523 2004 671 2068 villa,
694 2004 912 2057 nomine
955 2003 1101 2067 Sior,
1143 2003 1283 2055 inter
1309 2001 1518 2056 Heliam
1541 2011 1596 2055 et
1620 2002 1778 2055 Eleuo

201 2092 516 2165 theropOlim
547 2095 601 2148 in
634 2094 777 2147 tribu
820 2092 976 2148 Juda.
1025 2092 1199 2164 Supra
1244 2094 1345 2147 hoc
1392 2092 1444 2146 in
1482 2093 1634 2147 libris
1667 2091 1775 2146 Ile-

199 2185 497 2241 braicarum
523 2185 883 2253 quaestionum
912 2182 1121 2252 plenius
1151 2183 1366 2237 dicitur.
1394 2182 1516 2237 Sior
1549 2198 1673 2237 vero
1702 2184 1789 2242 in-.

198 2284 518 2344 terpretatur
551 2274 821 2344 parvulus,
852 2275 965 2329 sive
1000 2273 1347 2328 turbulentus.
1397 2274 1519 2328 Selo
1550 2276 1601 2328 in
1633 2274 1775 2329 tribu

199 2367 429 2431 Eﬂ‘raim,
464 2366 519 2419 in
554 2382 663 2435 quo
697 2365 813 2419 loco
854 2380 978 2419 arca
1020 2366 1333 2420 testamenti
1364 2364 1583 2427 mansit,
1610 2373 1664 2419 et
1691 2372 1773 2417 ta-

198 2458 543 2516 bernaculum
570 2460 781 2514 Domini
814 2476 986 2529 usque
1013 2460 1081 2514 ad
1104 2468 1341 2528 tempora
1373 2457 1662 2521 Samuelis,
1694 2466 1778 2511 est

202 2562 370 2607 autem
427 2553 719 2607 undecimo
766 2552 1016 2606 milliario
1067 2550 1399 2621 Ncapoleos,
1456 2552 1507 2604 in
1558 2550 1778 2620 regione

202 2643 530 2713 Atrapitena.
574 2642 681 2698 Sed
705 2652 759 2698 et
783 2644 907 2698 inde
933 2643 1257 2712 patriarchae
1289 2642 1456 2696 ﬁlium
1496 2640 1655 2696 Selon
1684 2657 1779 2711 ap-

203 2733 443 2806 pellatum
490 2735 741 2804 legimus.
780 2734 903 2790 Selo
939 2744 1119 2789 autem
1149 2735 1538 2804 interpretatur
1570 2733 1653 2787 vel
1694 2734 1776 2787 di—

203 2826 370 2880 missio
398 2826 514 2895 ejus
551 2834 647 2878 aut
673 2825 871 2895 petitio.
914 2825 1249 2889 Abennezer,
1281 2825 1422 2893 quod
1454 2825 1777 2893 interpreta-

204 2923 301 2981 tur,
328 2917 460 2985 lapis
492 2916 771 2986 adjutorii,
814 2916 926 2970 sive
966 2915 1099 2985 lapis
1136 2916 1535 2970 auxiliatorum.
1568 2915 1777 2970 Estau—

205 3013 301 3060 tem
348 3006 520 3072 locus,
576 3007 719 3061 unde
772 3006 1009 3060 tulerunt
1056 3006 1324 3061 Philistim
1378 3021 1558 3061 aream
1615 3015 1778 3062 testa-

204 3096 360 3150 menti
390 3096 535 3150 inter
570 3094 778 3149 Heliam
816 3105 870 3150 et
896 3094 1213 3149 Ascalonem
1233 3094 1389 3163 juxta
1415 3095 1594 3148 villam
1621 3096 1776 3149 Beth-

204 3186 376 3241 saiuis.
426 3185 808 3254 Asiongaber:
843 3185 899 3238 in
940 3185 1043 3239 hoc
1070 3184 1189 3239 loco
1216 3184 1407 3239 classis
1435 3184 1694 3253 Josaphat
1721 3184 1773 3238 vi

207 3276 530 3346 tempestatis
570 3276 755 3329 attrita
785 3284 888 3330 est.
926 3275 1123 3331 Fertur
1154 3284 1334 3330 autem
1358 3276 1474 3344 ipsa
1503 3290 1621 3330 esse
1646 3275 1777 3330 lssia

204 3366 335 3420 haud
374 3366 567 3434 procul
591 3368 657 3421 ab
686 3365 805 3420 Ailo
833 3366 888 3420 in
911 3366 1096 3421 Rubro
1125 3366 1281 3419 mari.
1324 3365 1461 3419 Ahia
1499 3367 1553 3419 in
1600 3366 1779 3437 asino-

204 3473 313 3512 rum
342 3460 566 3526 regione
588 3458 758 3513 locus.
790 3456 926 3511 Ahia
955 3458 1152 3528 quippe
1172 3459 1559 3525 interpretatur
1581 3455 1773 3521 vultur,

206 3548 281 3603 vel
308 3558 409 3601 tus.
450 3549 593 3601 Elim
625 3556 817 3618 puteus
841 3548 1045 3601 dimon.
1078 3547 1145 3599 Et
1168 3547 1328 3615 hujus
1355 3546 1456 3600 loci
1485 3545 1673 3599 eadem
1698 3544 1776 3598 vi-

206 3640 344 3694 sione
379 3640 551 3695 Isaias
578 3639 910 3693 recordatur.
939 3638 1358 3704 Acheldemach,
1390 3638 1493 3691 hoc
1518 3647 1623 3701 est,
1652 3652 1778 3706 ager

204 3732 491 3801 sanguinis,
523 3730 619 3800 qui
650 3730 915 3799 hodieque
952 3737 1288 3784 monstratur
1319 3728 1372 3783 in
1413 3726 1566 3782 Helia
1588 3728 1656 3782 ad
1682 3743 1780 3801 au.-

204 3828 412 3875 straiem
441 3824 660 3892 plagam
687 3821 885 3876 montis
915 3821 1066 3875 Sion.

267 3916 452 3970 Ennon
474 3916 631 3987 juxta
660 3914 849 3980 Salim,
881 3916 971 3969 ubi
996 3914 1302 3984 baptizabat
1328 3912 1561 3967 Joannes
1591 3912 1771 3983 (Joan.

204 4008 299 4077 ιιι),
334 4008 473 4060 sicut
503 4008 559 4060 in
591 4005 879 4074 Evangelia
904 4004 1200 4059 secundum
1230 4002 1489 4058 Joannem
1514 4002 1774 4071 scriptum

204 4108 301 4164 est,
327 4108 380 4152 et
408 4098 718 4153 ostenditur
755 4112 899 4151 nunc
932 4111 1103 4165 usque
1136 4096 1284 4151 locus
1311 4097 1365 4150 in
1386 4104 1576 4150 octavo
1601 4094 1777 4164 lapide

206 4189 587 4259 Scythopoleos
609 4189 677 4242 ad
701 4187 979 4245 meridiem
996 4185 1150 4254 juxta
1176 4185 1356 4240 Salem
1380 4194 1434 4240 et
1459 4183 1777 4247 Jordanem.

202 4279 378 4333 Euuon
424 4288 609 4333 autem
652 4278 1058 4346 interpretatur,
1101 4276 1311 4329 donavit
1342 4275 1492 4327 mihi.
1528 4273 1773 4327 Baaltha—

202 4387 311 4426 mar
356 4370 511 4439 juxta
566 4369 735 4433 Gaba,
786 4370 874 4422 ubi
913 4368 1006 4422 ﬁlii
1053 4366 1217 4422 Israel
1266 4366 1525 4419 adversus
1571 4364 1773 4417 tribum

1872 538 2015 608 quod
2051 536 2243 607 Aquila
2275 537 2683 605 interpretatur,
2722 532 2871 587 illum
2896 534 2980 589 vel
3009 534 3170 589 istud.
3206 533 3454 607 Symma—

1873 629 2004 682 chus
2026 642 2159 683 vero
2178 626 2382 690 nescio,
2400 626 2467 680 ad
2479 642 2638 695 quem
2659 626 2835 680 locum
2858 626 3250 682 transtulerunt
3269 643 3455 684 arcam

1873 717 2180 773 testamenti
2221 716 2288 771 de
2326 717 2518 771 Azoto.
2563 715 2715 771 Nunc
2756 717 2910 771 vicus
2953 719 3171 789 grandis
3208 728 3453 774 vocatur.

1874 808 2101 863 Getham
2137 808 2526 877 interpretatur
2562 810 2908 877 antipatriam
2936 818 2990 863 et
3021 808 3288 880 jamn‘iam
3318 829 3330 865 :
3362 812 3457 867 sed

1873 906 1928 954 et
1948 900 2048 953 alia
2073 898 2197 953 villa
2223 898 2523 969 appellatur
2545 897 2779 953 Gethim.
2820 898 2955 953 Nam
2983 898 3155 955 Getha
3195 900 3460 971 interpre.

1880 998 2021 1045 tatur
2045 989 2279 1043 torcular
2302 990 2435 1059 ejus,
2472 989 2684 1043 humilis
2729 989 2908 1058 fossio.
2934 990 3149 1058 Gallim,
3183 993 3323 1047 unde
3358 992 3459 1047 fuit

1874 1080 2032 1146 Falti,
2061 1083 2303 1151 quitpost
2334 1080 2514 1151 fugam
2542 1082 2709 1136 David
2747 1082 2943 1137 Michol
2974 1096 3197 1139 uxorem
3222 1085 3339 1153 ejus
3365 1103 3458 1142 ac—

1874 1180 2109 1241 ceperat.
2138 1170 2382 1225 Meminit
2406 1169 2564 1239 hujus
2593 1171 2695 1225 Ioci
2725 1179 2778 1225 et
2807 1173 2993 1227 Isaias.
3033 1173 3242 1229 Dicitur
3276 1183 3457 1230 autem

1876 1276 1994 1317 esse
2032 1272 2087 1316 et
2127 1262 2345 1332 quidam
2389 1262 2601 1316 Acaron
2644 1262 2810 1325 vicus,
2838 1263 2929 1332 qui
2973 1272 3197 1317 vocatur
3241 1264 3456 1319 Gallim.

1876 1352 2070 1408 Gallim
2104 1354 2298 1422 quippe
2347 1353 2755 1422 interpretatur,
2796 1353 2910 1407 loca
2951 1354 3213 1423 palustria
3260 1357 3454 1410 acervi.

1875 1441 1973 1497 Gel
2002 1442 2173 1507 locus,
2198 1442 2379 1521 inquo
2421 1444 2688 1511 percussit
2715 1442 2872 1509 Jehu,
2914 1460 3006 1499 rex
3051 1444 3236 1511 Israel,
3283 1446 3462 1503 Ocho-

1877 1535 2039 1597 ziam,
2076 1548 2253 1604 regem
2282 1532 2498 1599 Iudaeae,
2527 1533 2682 1603 juxta
2725 1534 2987 1590 Jeblaam.
3013 1534 3109 1590 Gel
3147 1545 3328 1592 autem
3378 1539 3459 1592 in—

1877 1636 2223 1697 terpretatur,
2272 1628 2459 1681 divisio
2492 1628 2574 1682 vel
2614 1628 2869 1697 prwcisio.
2920 1629 3244 1684 Gcrsemane
3285 1630 3454 1695 locus,

1878 1715 1929 1768 in
1958 1730 2064 1784 quo
2086 1723 2211 1769 ante
2233 1716 2541 1784 passionem
2572 1715 2819 1770 Salvator
2844 1717 3035 1771 oravit.
3064 1718 3158 1772 Est
3182 1726 3359 1773 autem
3392 1719 3460 1773 ad

1803 1810 1851 1869 B
1877 1808 2087 1861 radices
2123 1808 2321 1861 montis
2344 1808 2559 1873 Olivcti,
2583 1824 2727 1863 nunc
2758 1809 2986 1864 ecclesia
3033 1810 3260 1880 desuper
3288 1810 3460 1865 aediﬁ—

1879 1906 2019 1951 cata.
2058 1896 2192 1950 Nam
2238 1897 2549 1954 Getsemani
2603 1900 3007 1969 interpretatur,
3059 1901 3208 1955 uallis
3248 1902 3461 1971 ningue-

1880 1987 2080 2040 diuum.

1951 2099 2234 2169 Golgotha,
2267 2100 2416 2156 locus
2439 2101 2706 2167 calvariae,
2751 2104 2803 2156 in
2835 2118 2942 2172 quo
2973 2104 3219 2158 Salvator
3244 2118 3343 2174 pro
3376 2119 3462 2158 sa-

1880 2189 1989 2243 lute
2015 2193 2253 2246 omnium
2286 2192 2576 2248 cruciﬁxus
2604 2203 2707 2258 est,
2741 2202 2795 2248 et
2829 2209 2997 2263 usque
3031 2194 3188 2249 hodie
3226 2194 3462 2250 ostendi-

1882 2287 1965 2332 tur
1995 2280 2050 2333 in
2079 2279 2231 2333 Ilelia
2260 2280 2327 2334 ad
2348 2281 2826 2349 septentrionalem
2846 2281 3057 2351 plagam
3084 2283 3284 2337 montis
3308 2283 3458 2340 Sion.

1879 2366 2089 2423 Navoth
2112 2369 2260 2424 locus
2283 2370 2337 2423 in
2367 2368 2562 2434 Rama,
2584 2370 2674 2424 ubi
2706 2371 2874 2425 David
2900 2371 3039 2425 sedit
3066 2386 3080 2424 :
3110 2381 3165 2426 et
3188 2372 3254 2427 de
3281 2374 3382 2428 hoc
3406 2374 3462 2429 in

1880 2457 2033 2513 libris
2056 2458 2444 2513 Hebraicarum
2471 2460 2827 2528 quaestionum
2848 2461 3101 2516 diximus.
3134 2461 3347 2517 Navoth
3367 2478 3463 2518 au-

1878 2553 1986 2602 tem
2017 2548 2425 2617 interpretatur,
2464 2550 2793 2619 conspicuus,
2821 2550 2905 2605 vel
2937 2551 3181 2605 sessionis
3204 2550 3457 2608 exclusio.

1880 2638 2053 2693 Rama
2088 2655 2185 2710 pro
2237 2656 2343 2710 qua
2388 2640 2583 2712 Aquila
2638 2642 3024 2712 interpretatur
3064 2644 3337 2711 exaltatio,
3377 2645 3465 2701 vel

1877 2734 2233 2801 exaltabitur,
2279 2736 2421 2805 quod
2464 2736 2721 2804 scriptum
2778 2745 2859 2791 est
2923 2736 2977 2791 in
3026 2735 3263 2792 Ieremia
3317 2737 3459 2809 (Jer.

1878 2825 2051 2895 χχιιι).
2102 2824 2199 2879 Est
2244 2834 2425 2880 autem
2454 2832 2507 2879 et
2551 2825 2687 2879 alius
2731 2826 2879 2881 locus
2912 2826 2966 2880 in
2996 2826 3138 2881 tribu
3182 2824 3461 2895 Beniamin

1872 2913 2025 2983 juxta
2053 2914 2346 2979 Bethleem,
2376 2915 2441 2968 de
2470 2929 2575 2982 quo
2602 2915 2799 2969 dicitur
2825 2933 2836 2967 :
2874 2912 2984 2968 Vox
3008 2915 3064 2968 in
3091 2913 3258 2969 Roma
3279 2915 3463 2970 audita

1878 3013 1950 3057 est
1975 3002 2188 3075 (Matth.
2224 3002 2306 3073 ιι).
2357 2987 2525 3057 Rama
2578 3004 2774 3074 quippe
2814 3003 3209 3073 interpretatur
3236 3004 3463 3060 excelsa.

1880 3092 2287 3147 Sofamoth:ad
2332 3109 2492 3162 quem
2536 3093 2713 3148 locum
2762 3094 2908 3149 misit
2951 3094 3139 3149 David.
3182 3093 3461 3151 Sofamoth

1880 3185 2266 3254 interpretatur
2310 3185 2506 3239 labium
2536 3188 2735 3240 mortis.

1951 3299 2276 3371 Thelamage
2300 3298 2470 3365 locus,
2504 3315 2612 3368 quo
2636 3300 2819 3356 Abner
2857 3300 3007 3356 misit
3036 3302 3105 3356 ad
3122 3300 3293 3357 David
3318 3318 3331 3354 :
3361 3300 3457 3356 sed

1880 3387 2178 3451 sciendum,
2204 3388 2346 3456 quod
2376 3402 2475 3456 pro
2513 3388 2615 3442 hoc
2641 3389 2806 3443 verbo
2845 3388 3038 3459 Aquila
3069 3390 3463 3460 interpretatur

1879 3475 2182 3529 Extcmble.
2228 3474 2587 3545 Symmachus
2632 3492 2731 3545 pro
2780 3480 3090 3547 semetipso.
3123 3478 3450 3546 Saforvaim,

1878 3569 1946 3622 de
1973 3567 2168 3638 quibus
2195 3567 2328 3621 locis
2351 3566 2560 3638 Assyrii
2595 3568 3049 3640 transmigrantes
3080 3569 3460 3627 habitaverunt

1880 3660 1933 3714 in
1975 3659 2241 3725 Samaria,
2274 3670 2328 3715 et
2357 3662 2424 3715 ab
2476 3661 2605 3731 ipsis
2648 3660 3118 3717 Samaritanorum
3144 3677 3276 3733 gens
3314 3678 3460 3718 sum-

1877 3749 1984 3819 psit
2013 3748 2314 3803 exordium.
2361 3748 2606 3804 Meminit
2642 3750 2835 3804 horum
2878 3758 2933 3805 et
2964 3750 3151 3807 Isaias.
3181 3750 3413 3807 Thafeth
3440 3769 3455 3806 ε

1878 3839 2106 3910 legimus
2146 3840 2199 3892 iu
2241 3838 2516 3894 Jeremia:
2549 3840 2712 3895 Aram
2757 3841 3009 3896 Thafeth.
3039 3843 3135 3897 Est
3180 3852 3359 3897 autem
3402 3844 3455 3898 in

1878 3928 2201 3983 suburbanis
2247 3928 2411 3983 Helia:
2438 3944 2609 3999 usque
2638 3930 2797 3984 hodie
2833 3930 3006 3998 locus,
3050 3932 3143 4002 qui
3179 3934 3257 3988 sic
3290 3948 3455 3989 voca-

1879 4027 1986 4085 tur,
2012 4019 2166 4088 juxta
2195 4020 2455 4089 piscinam
2484 4020 2703 4077 fullonis
2731 4030 2785 4077 et
2813 4039 3022 4093 agrum.
3059 4024 3453 4082 Acheldemach

1877 4128 2007 4187 ergo
2056 4114 2460 4183 interpretatur,
2504 4114 2750 4184 parvulus
2793 4116 2947 4169 venit.
2981 4115 3207 4183 Thabat,
3238 4119 3327 4173 ubi
3357 4135 3454 4189 pu-

1874 4211 2093 4273 gnatum
2116 4212 2202 4257 est
2231 4204 2488 4259 adversus
2509 4204 2741 4259 Madian.
2770 4204 2903 4259 Nam
2933 4200 3156 4263 thabatb
3182 4209 3451 4279 iuterpre«

1874 4300 2023 4345 tatur
2044 4290 2204 4345 loma.
2237 4292 2481 4362 Thopeth
2527 4292 2580 4346 in
2618 4292 2751 4348 valle
2777 4292 3006 4350 ﬁliorum
3034 4295 3198 4353 Israel
3224 4298 3445 4367 Eunon,

1874 4382 1965 4437 ubi
1991 4382 2216 4452 populus
2240 4382 2524 4437 simulacra
2551 4390 2859 4439 veneratur.
2888 4384 2984 4439 Est
3007 4395 3188 4442 autem
3217 4387 3367 4444 locus
3395 4390 3449 4445 in

202 4460 469 4528 Beniamin
510 4460 683 4514 ίηίθτθ
726 4466 1021 4549 εξδΐιῖιῐηθηι
1083 4465 1351 4549 *3l_“S‘lue
1389 4456 1548 4549 llPdie
1575 4453 1849 4549 Βξῑιιξιη)
1876 4469 2219 4525 suburbanis.
2271 4469 2516 4540 Th0peth
2558 4484 2687 4540 ergo
2733 4470 3161 4542 interpretatur,
3198 4479 3449 4545 proiectio

201 4552 329 4607 mari
362 4552 414 4605 in
442 4565 607 4620 supra
648 4547 807 4605 dictis
854 4548 988 4604 locis
1028 4547 1234 4603 viculus
1265 4547 1581 4617 appellatur.
1605 4545 1766 4604 Baal-

198 4646 401 4698 tbmuar
427 4651 612 4697 autem
634 4642 1021 4712 interpretatur
1050 4641 1241 4694 habens
1268 4638 1521 4709 palmam.

265 4733 572 4787 Bechacar:
606 4746 777 4801 usque
805 4731 872 4786 ad
897 4735 1041 4788 hunc
1076 4731 1251 4791 locum
1284 4731 1509 4802 populus
1553 4728 1771 4786 Israelis

205 4821 458 4892 fugientes
493 4822 825 4892 alienigenas
859 4832 1176 4892 persecutus
1204 4829 1306 4887 est,
1336 4822 1614 4891 appellans
1642 4835 1769 4876 eum

205 4916 422 4984 lapidem
469 4916 746 4986 adjutorii.
773 4915 904 4970 Nam
945 4916 1209 4971 Betacbar
1245 4916 1630 4985 interpretatur
1663 4915 1765 4969 do-

205 5024 307 5061 mus
330 5008 642 5077 negotii,vel
670 5007 813 5077 agni.
831 5006 1089 5071 Berasan,
1117 5007 1186 5060 ad
1211 5020 1370 5075 quem
1391 5004 1570 5060 locum
1594 5002 1768 5058 David

206 5097 385 5165 paeda:
405 5104 621 5166 partem
646 5097 810 5152 misit.

270 5184 479 5239 Bauritn
517 5185 686 5251 locus,
724 5186 792 5240 ad
824 5202 985 5257 quem
1023 5202 1190 5257 usque
1218 5196 1533 5258 prosecutus
1553 5195 1637 5243 est
1670 5187 1766 5241 Mi-

208 5276 316 5330 chol
340 5277 501 5330 ﬁliam
529 5274 706 5331 Saulis
726 5277 811 5331 vir
833 5292 962 5331 suus
985 5278 1307 5348 lacrymans.
1324 5278 1543 5333 Baurim
1570 5278 1768 5348 quippe

209 5368 583 5438 interpretatur
610 5369 754 5422 electi
784 5368 867 5422 vel
882 5369 1120 5437 juvenes.

272 5457 442 5526 Ergah
469 5477 482 5511 :
512 5459 581 5512 ad
605 5446 765 5527 quem
796 5457 972 5511 locum
996 5456 1264 5512 Jonathan
1293 5458 1434 5514 ﬁlius
1464 5457 1593 5513 Saul
1630 5472 1763 5527 pue-

211 5561 321 5600 rum
346 5547 545 5619 dirigit,
572 5548 891 5603 militaribus
911 5548 1105 5619 jaculis
1130 5565 1187 5603 se
1218 5565 1477 5606 exercens
1502 5568 1514 5603 :
1542 5564 1638 5619 pro
1659 5565 1765 5619 quo

209 5636 386 5705 Aquila
405 5648 458 5693 et
486 5638 843 5708 Symmachus
870 5640 1205 5709 interpretati
1236 5650 1359 5695 sunt
1384 5642 1645 5711 lapidem.’

260 5726 521 5784 'Esthama
551 5747 563 5783 :
592 5730 659 5786 ad
691 5744 850 5801 quem
878 5732 1054 5787 locum
1098 5732 1244 5790 misit
1284 5733 1471 5787 David.
1508 5734 1761 5788 Esthama

1878 4562 1985 4615 oris
2002 4600 2017 4626 ,
2058 4561 2171 4616 sive
2192 4561 2455 4631 gehennae.

2466 4671 2693 4729 CAPUT
2732 4675 2841 4730 VII.

2351 4763 2428 4817 De
2460 4764 2783 4833 confragosis
2807 4764 2951 4821 locis.

1946 4871 2239 4943 Confrages
2262 4872 2403 4940 loca,
2446 4874 2501 4927 in
2540 4890 2658 4943 quae
2683 4876 2921 4945 undique
2948 4877 3091 4931 venti
3119 4888 3342 4934 currunt
3382 4898 3446 4939 ac

1877 4979 1996 5020 sese
2024 4963 2309 5035 frangunt:
2339 4972 2398 5019 ut
2420 4963 2630 5020 Naevius
2660 4967 2766 5019 ait:
2798 4986 2815 5016 ι
2850 4966 2907 5021 In
2936 4975 3169 5036 montes,
3194 4971 3283 5026 ubi
3300 4974 3445 5027 venti

1876 5052 2194 5124 frangebant
2214 5054 2408 5109 locum.
2439 5075 2456 5107 ι

2460 5165 2684 5222 CAPUT
2723 5167 2852 5223 VIII.

2378 5255 2450 5309 De
2475 5254 2652 5309 lustris
2680 5256 2927 5325 ferarum.

1945 5366 2141 5420 Lustra
2171 5367 2400 5421 obscura
2444 5364 2667 5421 latibula
2707 5366 2943 5422 ferarum
2979 5377 3035 5425 et
3062 5370 3307 5440 luporum
3341 5387 3434 5428 cu-

1871 5459 2003 5514 bilia
2042 5467 2184 5514 sunt.
2232 5458 2384 5513 Unde
2427 5466 2481 5513 et
2525 5458 2802 5531 lupanaria
2841 5460 3010 5515 lustra
3054 5461 3307 5516 dicuntur
3345 5477 3444 5533 per

1872 5550 2309 5605 contrarietatem
2356 5548 2623 5613 videlicet,
2683 5548 2806 5616 quia
2844 5564 3034 5617 parum
3082 5549 3435 5605 illustrantur.

1872 5644 2053 5711 Rupes
2074 5641 2375 5709 signiﬁcant
2400 5638 2728 5707 superbiam,
2758 5649 2816 5692 ut
2846 5640 2900 5691 in
2932 5638 3163 5695 Ieremia
3191 5660 3203 5694 :
3238 5640 3440 5710 Onagri

1870 5740 2119 5788 steterunt
2173 5733 2227 5784 in
2291 5730 2503 5799 rupibus
2547 5727 2677 5799 (Jer.
2731 5732 2860 5797 xlv).
2906 5731 3130 5785 Antrum
3172 5731 3438 5801 signiﬁcat
