3922 6370
442 409 543 467 371

1081 414 1141 470 Β.
1186 413 1435 467 [{ABANI
1474 413 1693 468 MAURI
1732 412 2049 470 ARCHIEP.
2080 411 2388 470 MOGUNT.
2424 413 2712 469 OPERUM
2751 414 2933 469 PARS
2972 415 3036 470 ll.

3604 414 3717 467 572

446 527 718 582 hominem
745 536 1105 598 peccatorem,
1130 527 1271 582 sicut
1292 528 1346 581 in
1366 526 1466 582 Job
1493 542 1591 596 pro
1618 490 1811 581 zabqu
1834 540 1848 579 :
1874 522 2031 581 Com-
2057 528 2110 588 Α
2135 526 2277 581 unde
2317 524 2494 580 nullus
2542 525 2750 580 fructus
2797 525 3118 580 exsolvitur.
3160 522 3317 579 Unde
3356 522 3525 579 etiam
3573 518 3716 577 nihil

443 617 736 672 morabitur
759 618 917 671 bestia
940 619 993 671 in
1024 627 1176 672 antro
1200 634 1294 671 suo
1317 616 1439 687 (Job
1462 615 1691 687 xxxv").

1063 728 1288 784 CA‘PUT
1324 728 1414 783 IX.

1098 821 1177 874 De
1207 820 1359 873 lucis.

512 912 691 970 Lucus
714 922 798 969 est
828 912 979 968 locus
1019 911 1202 966 densis
1243 911 1525 966 arboribus
1552 918 1756 979 septus,
1796 909 1914 965 solo
1941 910 2023 963 lu-

443 1018 562 1058 cem
587 1002 897 1057 detrahens.
931 1001 1117 1057 Potest
1149 1008 1205 1057 et
1230 1016 1260 1055 a
1290 1000 1606 1056 colluccndo
1632 1000 1840 1055 crebris
1862 999 2025 1055 lumi-

440 1094 601 1149 nibus
639 1094 765 1148 dici.
802 1092 977 1166 [Quae]
1018 1102 1073 1148 et
1116 1092 1189 1146 ibi
1237 1100 1458 1162 propter
1500 1092 1814 1163 religionem
1837 1090 2023 1162 'genti-

440 1183 573 1237 lium
604 1183 915 1252 cultumque
954 1182 1174 1237 fiebant.
1217 1180 1347 1235 Luci
1393 1182 1485 1236 ubi
1532 1182 1586 1236 in
1629 1181 1826 1236 divinis
1867 1180 2023 1235 libris

437 1275 724 1343 leguntur,
777 1288 1021 1329 errorem
1056 1273 1333 1342 gentilium
1376 1272 1869 1341 signiﬁcant:quia
1918 1286 2021 1327 sa:-

438 1367 561 1434 pius
592 1364 791 1419 ibidem
837 1364 996 1419 idolis
1024 1363 1395 1428 immolabant,
1439 1372 1498 1416 ut
1535 1371 1620 1417 est
1650 1362 1777 1417 illud
1810 1364 1862 1417 in
1894 1363 2022 1418 Pro-

438 1454 599 1524 pheta
630 1452 815 1508 :lucus
855 1454 1099 1520 dazinus,
1140 1455 1242 1508 hoc
1277 1462 1381 1518 est,
1420 1451 1698 1519 Adonidis,
1737 1455 1829 1523 qui
1866 1469 2016 1509 ama-

438 1546 553 1601 sius
577 1556 697 1601 erat
720 1544 962 1611 Veneris,
1002 1547 1093 1602 ubi
1128 1547 1243 1617 ipse
1272 1545 1340 1600 ab
1367 1546 1678 1601 errantibus
1699 1547 1855 1618 quasi
1876 1562 2018 1603 mor-

438 1644 562 1692 tuus
596 1637 970 1707 plangebatur.

1054 1727 1282 1784 CAPUT
1321 1726 1369 1781 X

970 1818 1045 1872 De
1086 1818 1297 1872 desertis
1332 1818 1479 1872 locis.

2124 622 2446 683 praestantes
2484 614 2752 673 immunes
2781 623 3063 669 vocantur.

2716 726 2943 782 CAPUT
2985 724 3120 779 XIII.

2681 796 2758 849 De
2788 796 2979 867 apricis
3003 795 3153 848 locis.

2190 887 2387 958 Aprica
2409 887 2681 956 loca,qu:e
2710 886 2822 941 sole
2851 887 3105 956 gaudent,
3136 884 3289 957 quasi
3313 900 3452 940 aneu
3472 884 3714 955 pbriccs,

2122 976 2177 1033 id
2200 986 2302 1043 est,
2325 978 2442 1033 sine
2469 978 2686 1048 frigore,
2712 978 2824 1034 sive
2849 978 2991 1046 quod
3015 978 3122 1033 sint
3144 985 3331 1046 aperto
3352 976 3509 1030 coelo.
3532 974 3716 1046 Opaca

2121 1081 2252 1124 vero
2275 1067 2413 1135 loca,
2452 1070 2602 1140 quasi
2631 1078 2817 1139 operta
2844 1069 3005 1134 coelo,
3038 1069 3219 1140 aprico
3250 1069 3543 1123 contraria.

2718 1182 2949 1238 CAPUT
2990 1182 3127 1237 XIV.

2662 1254 2738 1307 De
2760 1254 2985 1324 .lubricis
3026 1253 3175 1307 locis.

2191 1342 2481 1400 Lubricum
2508 1343 2612 1400 dici
2643 1352 2857 1403 constat
2886 1344 3060 1399 locum
3079 1384 3093 1411 ,
3117 1359 3185 1399 eo
3206 1343 3348 1413 quod
3376 1343 3448 1397 ibi
3479 1341 3603 1410 quis
3635 1340 3717 1393 la-

2119 1436 2267 1492 bitur
2290 1454 2306 1504 ;
2330 1446 2386 1492 et
2408 1437 2672 1493 lubricum
2697 1437 2929 1503 dicitur,
2960 1452 3067 1491 non
3100 1438 3243 1507 quod
3270 1435 3503 1501 labitur,
3540 1432 3632 1487 sed
3659 1432 3716 1485 in

2121 1542 2229 1598 quo
2260 1526 2479 1584 labitur.

2717 1616 2946 1673 CAPUT
2996 1615 3111 1672 XV.

2670 1707 2749 1762 De
2774 1707 2965 1762 (nativis
2997 1706 3144 1765 locis.

2190 1802 2400 1858 lEstiva
2435 1806 2563 1856 sunt
2610 1798 2728 1855 loca
2770 1800 3055 1864 umbrosa,
3094 1798 3290 1867 quibus
3329 1812 3426 1867 per
3470 1802 3715 1850 aestatem

508 1910 730 1963 Deserta
752 1916 962 1971 vocata,
1004 1910 1129 1977 quia
1176 1923 1278 1962 non
1308 1915 1584 1974 seruntur,
1624 1918 1680 1964 et
1706 1909 1828 1965 ideo
1852 1911 2006 1980 quasi
2034 1896 2083 1956 B
2109 1894 2283 1949 vitant
2305 1908 2499 1964 pecora
2524 1891 2651 1946 solis
2678 1890 2946 1946 ardorem.
2976 1889 3181 1944 Statius
3213 1908 3225 1943 :
3258 1889 3329 1941 Et
3357 1888 3591 1980 umbrosi
3620 1902 3716 1957 pa-

433 2000 779 2065 deseruntur,
810 2009 869 2053 ut
889 2008 1015 2054 sunt
1053 2000 1167 2054 loca
1198 2000 1451 2055 silvarum
1477 2009 1531 2055 et
1573 2002 1854 2066 montium,
1884 2017 2013 2056 con-

437 2092 605 2145 traria
648 2092 1044 2145 uberrimarum
1097 2101 1383 2155 terrarum,
1420 2092 1509 2145 ubi
1558 2102 1682 2146 sunt
1727 2093 2015 2148 uberrima:

433 2182 621 2249 glebae.
671 2181 897 2236 Ponitur
923 2183 1197 2237 desertum
1244 2184 1532 2251 aliquando
1569 2199 1667 2252 pro
1713 2184 1974 2239 Paradiso
1998 2226 2011 2250 ,

432 2289 594 2343 quem
630 2274 811 2340 homo,
835 2276 1048 2343 quando
1078 2278 1341 2345 peccavit,
1378 2278 1633 2338 deseruit,
1668 2286 1727 2331 ut
1757 2288 1841 2333 est
1884 2278 2015 2333 illud

441 2364 495 2418 in
528 2364 818 2433 Evangelio
843 2366 991 2437 (Luc.
1023 2366 1113 2437 xv)
1140 2384 1153 2419 :
1177 2369 1319 2436 quod
1345 2369 1527 2432 homo,
1558 2369 1861 2438 qui'habuit
1889 2385 2015 2424 cen-

436 2464 551 2509 tum
581 2471 728 2519 oves,
762 2456 978 2524 reliquit
1004 2460 1288 2527 nonaginta
1314 2476 1505 2513 novem
1534 2460 1589 2513 in
1620 2460 1853 2527 deserto,
1878 2462 2014 2516 abiit

433 2559 677 2613 quaerere
700 2561 861 2599 unam
882 2560 1052 2609 ovem,
1080 2562 1197 2621 qua:
1222 2548 1479 2615 perierat.
1506 2549 1807 2618 Aliquando
1832 2560 2013 2606 autem

436 2636 710 2689 desertum
745 2636 1013 2706 significat
1064 2638 1419 2708 indigentiam
1450 2640 1738 2709 praisentis
1779 2641 1924 2705 vitae,
1957 2650 2016 2695 ut

434 2732 519 2780 est
561 2725 694 2779 illud
742 2726 1042 2781 Psalmista:
1080 2746 1090 2780 :
1132 2727 1201 2782 In
1246 2729 1448 2782 deserto
1501 2740 1547 2783 et
1578 2732 1632 2783 in
1674 2732 1811 2785 invio
1849 2741 1896 2785 et
1936 2733 2018 2785 in-

432 2832 650 2885 aquoso,
678 2817 752 2869 sic
780 2818 836 2869 in
863 2827 1043 2871 sancto
1066 2820 1286 2887 apparui
1315 2820 1406 2872 tibi
1436 2818 1609 2889 (Psal.
1643 2822 1796 2891 an).
1820 2821 1889 2875 In
1925 2823 2015 2875 de-

429 2916 592 2969 serto.
639 2907 787 2973 dicit,
823 2909 926 2963 hoc
964 2918 1067 2975 est,
1103 2910 1159 2963 in
1202 2912 1390 2965 mundi
1433 2912 1589 2967 istius
1623 2912 1919 2983 indigentia
1959 2924 2014 2969 et

432 3000 719 3055 sterilitate
738 2999 941 3068 jejuna.
967 3000 1245 3070 Sequitur,
1274 3014 1320 3058 et
1354 3005 1407 3057 in
1431 3006 1569 3059 invia
1592 3021 1609 3058 :
1633 3006 1759 3074 quia
1783 3008 2013 3063 mundus

431 3091 488 3145 in
519 3106 577 3146 se
618 3108 724 3147 non
769 3092 933 3148 habet
980 3094 1142 3161 viam,
1181 3096 1285 3150 nisi
1326 3096 1607 3151 Dominum
1656 3098 2011 3166 Salvatorem,

430 3181 520 3250 qui
552 3182 657 3237 iter
682 3194 766 3239 est
791 3198 1077 3248 caecorum,
1107 3194 1163 3240 et
1184 3189 1480 3240 errantium
1511 3189 1778 3244 rectitude
1814 3192 2015 3245 saluta-

2117 2003 2260 2046 tuere
2281 1989 2457 2043 wstiva
2479 1985 2671 2055 Lycwi.
2697 1984 2923 2039 Amoena
2951 1991 3127 2037 autem
3153 1989 3208 2035 et
3235 1981 3420 2051 aprica
3444 1979 3563 2033 loca
3594 1994 3715 2047 spe-

2118 2082 2227 2136 cies
2274 2086 2534 2133 virtutum
2578 2084 2804 2144 possunt
2852 2073 3156 2144 designare,
3210 2071 3302 2125 ubi
3357 2071 3436 2125 sol
3486 2069 3715 2138 iustitia:

2117 2169 2380 2238 splendet,
2429 2174 2483 2221 et
2533 2171 3019 2235 temperamentum
3066 2163 3219 2216 bona:
3268 2160 3393 2214 vitae
3438 2160 3712 2247 consistit,

2116 2258 2435 2313 Econtrario
2464 2256 2604 2310 velut
2627 2254 2833 2308 lubrica
2870 2253 2986 2306 loca
3014 2251 3146 2306 vitia
3175 2250 3351 2304 valent
3385 2249 3705 2319 significari,

2117 2350 2209 2405 ubi
2248 2363 2467 2419 gressus
2499 2354 2659 2400 rectae
2695 2343 3123 2399 conversationis
3157 2356 3265 2395 non
3308 2338 3489 2409 potest
3532 2339 3714 2394 consi-

2116 2449 2263 2495 stere
2290 2458 2302 2492 :
2330 2438 2535 2492 lubrica
2577 2437 2718 2492 enim
2758 2435 2956 2505 pergit,
2988 2433 3078 2503 Qui
3111 2432 3272 2487 luxus
3302 2430 3483 2486 sreculi
3531 2430 3713 2499 sequi-

2120 2540 2227 2595 tur,
2273 2538 2328 2584 et
2359 2528 2578 2583 delicias
2608 2526 2768 2598 hujus
2819 2526 3003 2579 mundi
3052 2532 3215 2593 atque
3262 2524 3479 2579 divitias
3508 2524 3714 2578 habere

2119 2622 2390 2675 inliiantcr
2412 2619 2615 2690 appetit
2640 2635 2655 2674 :
2679 2619 2734 2673 in
2763 2619 2959 2689 quibus
2987 2618 3238 2673 omnibus
3268 2632 3426 2671 casus
3456 2616 3582 2670 vita:
3612 2614 3712 2669 bu-

2118 2726 2293 2766 manze
2336 2711 2616 2780 proximus
2666 2717 2769 2775 est,
2821 2717 2876 2764 et
2902 2708 3147 2777 deceptio
3186 2706 3490 2761 animarum
3518 2704 3711 2760 certis-

2118 2804 2278 2858 sima.

2700 2890 2926 2948 CAPUT
2976 2890 3110 2946 XVI.

2708 2981 2787 3035 De
2814 2981 3100 3035 navalibus.

2189 3072 2411 3127 Navalia
2443 3081 2568 3128 sunt
2605 3072 2742 3137 loca,
2771 3072 2863 3126 ubi
2912 3086 3078 3126 naves
3104 3070 3477 3126 fabricantur:
3506 3071 3626 3125 hac
3655 3078 3713 3125 et

2119 3164 2413 3219 textrinum
2447 3172 2726 3219 vocantur.
2772 3162 2945 3217 Statio
2973 3172 3075 3228 est,
3103 3162 3192 3217 ubi
3221 3163 3287 3216 ad
3318 3172 3529 3232 tempus
3560 3170 3713 3217 stant

431 3273 530 3328 ris.
556 3272 776 3329 Addidit
802 3292 813 3328 ;
844 3275 913 3328 Ει
943 3278 1214 3345 inaquoso,
1240 3277 1291 3331 id
1316 3289 1419 3343 est,
1449 3279 1615 3333 sterili
1651 3288 1814 3348 atque
1844 3280 2013 3335 infru-
2040 3265 2087 3328 C
2120 3270 2285 3309 “avos
2322 3264 2569 3348 {PONUS’
2593 3256 2691 3348 Pb?
2718 3254 2960 3307 hiemant
2979 3271 2996 3348 ,τ
3026 3254 3393 3348 ίηιρρνιυηυιυ
3420 3262 3623 3348 δυίῗηπι
3655 3254 3712 3308 in

433 3375 643 3421 ctuoso.
669 3367 942 3437 Aquosum
964 3370 1107 3425 enim
1126 3370 1374 3436 dicimus,
1400 3374 1542 3441 quod
1564 3373 1719 3441 aquis
1738 3372 2015 3428 abundan-

432 3455 576 3511 tibus
621 3457 881 3526 irrigatur
920 3477 932 3511 :
980 3460 1299 3529 inaquosum
1326 3474 1476 3525 vero,
1501 3462 1712 3516 aridum
1745 3470 1905 3531 atque
1938 3463 2015 3516 in-

431 3549 628 3615 fertile,
677 3559 737 3604 ut
783 3552 978 3606 merito
1005 3550 1119 3619 ejus
1155 3553 1335 3607 anima
1379 3553 1545 3608 nimia
1576 3553 1821 3608 siccitate
1848 3554 2011 3607 dure-

428 3649 561 3695 scat.
601 3640 752 3696 Unde
776 3657 873 3711 per
898 3643 1014 3697 haec
1043 3644 1143 3697 tria
1166 3644 1383 3698 nomina
1420 3646 1602 3699 mundi
1647 3645 1802 3699 istius
1829 3660 2013 3700 neces-

430 3731 565 3785 sitas
592 3732 879 3785 indicatur.
914 3732 1218 3801 Aliquando
1243 3731 1440 3788 Judacae
1460 3734 1734 3788 desertum
1758 3734 2011 3799 dicimus,

429 3831 650 3892 propter
701 3823 1068 3878 inﬁdelitatem
1117 3825 1365 3879 videlicet
1420 3841 1450 3879 a
1501 3826 1730 3880 Domino
1776 3836 2013 3895 spretam

429 3923 593 3982 atque
641 3914 903 3969 relictam.
950 3916 1253 3984 Aliquando
1296 3917 1592 3987 gentilitas,
1640 3918 1705 3970 de
1736 3932 1839 3985 qua
1885 3916 2013 3971 scri-

428 4014 580 4076 ptum
608 4015 689 4060 cst
711 4024 724 4059 :
749 4004 1039 4060 Laetabitur
1067 4017 1115 4061 et
1147 4008 1199 4061 in
1231 4008 1312 4061 via
1337 4007 1617 4061 exsultabit
1642 4006 1775 4078 (Isa.
1803 4006 1967 4076 xxxv)
1994 4024 2007 4073 ;

433 4110 533 4149 nec
570 4111 677 4149 non
724 4105 808 4150 est
854 4096 1021 4150 illud:
1049 4096 1235 4171 Plures
1271 4096 1367 4164 ﬁlii
1418 4108 1537 4150 sunt
1581 4098 1795 4152 deserta:
1844 4097 2011 4166 magis

429 4202 587 4257 quam
612 4186 727 4255 ejus
756 4201 873 4255 quae
901 4185 1053 4239 habet
1081 4186 1251 4239 virum
1277 4185 1411 4257 (Isa.
1452 4188 1581 4256 LIV).

1033 4302 1262 4358 CAPUT
1314 4302 1407 4356 XI.

995 4412 1067 4466 De
1108 4412 1270 4467 deviis
1313 4412 1461 4467 locis.

502 4506 665 4562 Devia
704 4514 835 4562 sunt
886 4506 1001 4560 loca
1058 4512 1266 4559 secreta
1308 4513 1363 4559 et
1411 4504 1624 4571 abdita,
1656 4505 1810 4575 quasi
1856 4512 2009 4559 extra

2117 3362 2226 3416 quo
2268 3346 2469 3400 nullum
2522 3344 2811 3416 refugium,
2838 3345 2992 3414 quasi
3038 3344 3217 3399 nullus
3255 3353 3463 3414 portus.
3509 3343 3713 3399 Portus

2119 3446 2300 3493 autem
2339 3437 2489 3492 locus
2523 3444 2605 3491 est
2643 3436 2711 3490 ab
2751 3450 2975 3491 accessu
3007 3444 3289 3490 ventorum
3319 3443 3580 3500 remotus,
3613 3434 3711 3488 ubi

2115 3534 2342 3589 hiberna
2385 3544 2655 3600 opponere
2702 3528 2894 3583 solent.
2929 3528 2997 3583 Et
3019 3535 3212 3597 portus
3238 3527 3413 3581 dictus
3446 3542 3476 3580 a
3513 3527 3715 3595 depor-

2115 3623 2295 3677 tandis
2318 3622 2679 3677 connnerciis.
2712 3620 2866 3673 llunc
2897 3628 3109 3672 veteres
3134 3633 3164 3672 a
3187 3616 3491 3685 bajulandis
3511 3617 3715 3671 merci-

2115 3713 2217 3767 bus
2252 3710 2402 3779 bajas
2426 3711 2711 3775 vocabant,
2758 3709 2848 3763 illa
2874 3706 3235 3763 declinatione
3280 3722 3312 3760 a
3362 3704 3481 3773 baja
3523 3702 3711 3773 bajas,

2117 3802 2321 3856 familia
2356 3801 2609 3856 familias.
2656 3799 2713 3854 Si
2752 3810 2933 3853 autem
2984 3814 3149 3857 naves
3184 3798 3500 3867 spiritaliter
3527 3796 3713 3852 eccle-

2118 3890 2225 3944 sias
2270 3898 2495 3959 possunt
2535 3888 2860 3959 significare,
2901 3901 3019 3955 quae
3069 3887 3125 3940 in
3174 3886 3287 3940 salo
3324 3886 3477 3941 istius
3516 3884 3711 3939 mundi

2114 3991 2403 4037 versantur
2445 3989 2500 4035 et
2546 3980 2797 4035 ﬂuctibus
2846 3978 3207 4034 tentationum
3256 3985 3419 4047 atque
3448 3991 3712 4046 persecu-

2115 4073 2321 4127 tionum
2372 4072 2782 4140 tempestatibus
2826 4077 3178 4139 quassantur,
3235 4082 3346 4121 non
3408 4068 3712 4136 incongrue

2113 4164 2277 4219 statio
2301 4163 2383 4217 vel
2410 4171 2597 4231 portus
2624 4162 2864 4226 navium,
2892 4161 3018 4215 fidei
3046 4159 3275 4213 ﬁrmitas
3304 4166 3482 4229 potest
3507 4158 3708 4227 accipi,

2113 4254 2207 4309 ubi
2250 4253 2691 4322 tranquillitatem
2717 4252 2918 4323 quietis
2964 4259 3276 4305 sanctorum
3316 4248 3508 4303 animae
3547 4247 3708 4301 inve-

2112 4348 2231 4402 nire
2272 4348 2597 4403 desiderant.
2648 4348 2800 4402 Unde
2848 4349 2903 4401 in
2927 4346 3134 4416 psalmo
3181 4346 3442 4414 scriptum
3483 4352 3604 4399 est:
3636 4342 3711 4397 Et

2112 4440 2175 4494 ed
2182 4440 2291 4492 urit
2308 4454 2392 4493 eos
2416 4440 2470 4492 in
2482 4448 2688 4509 portum
2704 4437 2983 4492 voluntatis
3011 4452 3213 4503 eorum,
3238 4443 3285 4489 et
3304 4436 3368 4489 de
3385 4434 3711 4501 necessitati-

2113 4529 2207 4583 bus
2235 4545 2417 4583 eorum
2447 4527 2681 4583 liberavit
2712 4545 2799 4583 eos
2830 4526 3004 4598 (Psal.
3050 4527 3183 4598 cvi).
3228 4524 3481 4581 Ostendit
3512 4524 3708 4580 Domi-

433 4600 595 4653 viam.
638 4597 757 4667 ipsa
799 4605 929 4650 sunt
970 4604 1024 4650 et
1070 4595 1234 4649 invia.
1289 4595 1414 4649 [nde
1452 4604 1506 4649 et
1555 4596 1757 4649 aviaria
1796 4602 2007 4651 secreta
2033 4606 2089 4667 1)
2114 4635 2243 4674 num
2294 4620 2663 4676 laborantibus
2717 4595 2968 4675 solatium
3010 4595 3509 4688 ρτωέιπεεεοιθηι
3556 4618 3709 4671 enim

430 4691 569 4755 loca,
592 4690 790 4744 etavia
810 4697 1016 4741 remota
1042 4695 1134 4739 aut
1159 4696 1363 4740 tantum
1386 4688 1600 4741 adibilia
1623 4690 1831 4742 avibus.
1862 4688 2012 4743 Unde

430 4789 509 4835 est
539 4779 701 4833 illud:
729 4776 939 4831 Inculta
978 4778 1157 4831 rubent
1198 4778 1397 4832 aviaria
1438 4779 1628 4833 buccis.
1674 4779 1836 4833 Devia
1865 4780 2009 4833 enim

430 4883 645 4926 errores
676 4868 1055 4923 haereticorum
1100 4869 1324 4939 mystice
1351 4870 1656 4941 signiﬁcant
1682 4888 1693 4923 :
1724 4871 1815 4940 qui
1862 4872 2009 4925 viam

430 4960 679 5014 veritatis
702 4975 923 5014 servare
948 4960 1244 5030 negligunt,
1270 4972 1323 5015 et
1343 4960 1459 5029 ejus
1483 4962 1707 5032 vestigia
1730 4964 1881 5031 sequi
1912 4978 2007 5017 no-

431 5047 569 5111 lunt,
596 5048 687 5117 qui
732 5048 905 5103 dixit:
938 5048 1047 5119 Ego
1073 5066 1187 5103 sum
1223 5051 1323 5115 via,
1372 5052 1559 5106 veritas
1608 5062 1654 5106 et
1689 5054 1793 5107 vita
1822 5052 2003 5124 (Joan.

430 5141 566 5211 XIV).
598 5140 786 5196 Omnis
813 5142 976 5206 enim,
1006 5143 1096 5211 qui
1119 5142 1344 5212 justitiae
1370 5145 1642 5201 tramitem
1663 5161 1774 5201 non
1803 5154 2004 5213 servat,

433 5242 580 5290 recte
602 5248 696 5303 per
726 5232 879 5288 devia
905 5232 1134 5286 transire
1161 5233 1375 5288 dicitur.

1000 5342 1227 5399 CAPUT
1267 5343 1381 5400 ΧΠ.

965 5436 1041 5491 De
1068 5437 1282 5493 amaznis
1304 5436 1453 5492 locis.

502 5526 729 5584 Ameana
750 5526 873 5585 loca
893 5527 1116 5606 Verrius
1140 5529 1335 5585 Flacus
1360 5529 1503 5584 dicta
1528 5530 1628 5597 ait,
1658 5546 1724 5587 eo
1750 5533 1893 5603 quod
1921 5548 2008 5588 so-

432 5618 545 5673 lum
576 5634 813 5674 amorem
854 5627 1139 5690 praestant,
1183 5629 1237 5674 et
1280 5621 1347 5675 ad
1389 5636 1447 5676 se
1479 5624 1707 5679 amanda
1746 5623 2001 5679 alliciant.

434 5708 632 5775 Varro,
656 5709 800 5780 quod
828 5710 943 5765 sine
972 5726 1195 5766 munere
1226 5712 1353 5779 sint,
1382 5728 1484 5768 nec
1510 5714 1803 5784 quidquam
1837 5718 1891 5771 in
1923 5718 2007 5772 his

437 5797 599 5856 cilicii
628 5809 849 5873 agatur,
889 5801 1042 5872 quasi
1071 5804 1286 5861 amunia
1313 5845 1328 5873 ,
1358 5804 1462 5864 hoc
1497 5810 1583 5862 est
1601 5844 1617 5877 ,
1646 5806 1761 5865 sine
1787 5807 1965 5866 fructu
1991 5849 2005 5876 ,

2120 4718 2241 4777 post
2265 4710 2503 4778 pericula
2551 4710 2733 4790 labore
2759 4710 2886 4764 fessi
2916 4698 3215 4779 emergere,
3261 4716 3321 4763 ut
3353 4722 3411 4762 se
3433 4707 3711 4779 gaudeant

2120 4801 2320 4870 ingenti
2345 4800 2498 4856 clade
2520 4800 2795 4867 liberatos,
2829 4801 3043 4870 quando
3073 4800 3139 4855 ad
3173 4808 3390 4872 portum
3417 4808 3709 4869 creperum

2116 4892 2302 4946 venire
2327 4893 2675 4947 tutissimum.
2709 4893 2903 4948 Portus
2927 4893 3071 4948 enim
3097 4909 3129 4947 a
3164 4892 3443 4963 portandis
3471 4891 3707 4947 navibus

2116 4983 2290 5037 dictus
2315 4992 2417 5037 est.
2471 4982 2825 5054 Subjungitur
2853 4984 3082 5054 repetita
3110 4983 3347 5053 quidem,
3393 4982 3490 5037 sed
3539 4982 3707 5037 nimis

2116 5084 2265 5145 grata
2320 5075 2593 5132 concludit
2648 5075 3013 5147 [conclusio]:
3059 5084 3119 5129 ut
3178 5076 3245 5131 de
3282 5074 3707 5133 necessitatibus

2116 5170 2328 5228 cunctis
2352 5170 2678 5227 liberaretur
2704 5172 2917 5225 animus
2943 5171 3241 5227 aestuantis.

2694 5282 2921 5338 CAPUT
2960 5281 3119 5338 XVII.

2744 5353 2821 5407 De
2859 5352 3050 5408 littore.

2182 5444 2358 5500 Littus
2398 5452 2483 5500 est
2520 5454 2664 5499 terra
2709 5460 2861 5514 aqua:
2894 5452 2949 5499 et
2984 5444 3122 5499 mari
3148 5444 3346 5508 vicina,
3388 5449 3448 5497 et
3490 5441 3702 5499 dictum

2112 5538 2284 5605 littus,
2324 5540 2450 5609 quia
2489 5538 2649 5593 ﬂuctu
2686 5539 2922 5602 eliditur,
2967 5539 3051 5593 vel
3078 5537 3221 5607 quod
3266 5551 3405 5607 aqua
3449 5535 3698 5590 alluitur.

2111 5629 2299 5685 Cicero
2350 5629 2405 5683 in
2457 5629 2670 5699 Tepicis
2727 5648 2739 5682 :
2787 5628 2953 5683 Littus
2992 5639 3067 5683 est
3116 5645 3220 5698 qua
3280 5630 3474 5694 ﬂuctus
3524 5626 3695 5683 elidit.

2110 5720 2286 5776 Littus
2337 5721 2480 5776 enim
2533 5720 2657 5775 finis
2703 5720 2921 5787 smculi,
2978 5730 3037 5774 ut
3090 5728 3174 5776 est
3223 5719 3353 5775 illud
3405 5718 3700 5787 Evangeli-

2113 5829 2263 5881 cum,
2311 5813 2402 5869 ubi
2455 5812 2649 5871 dicitur
2701 5812 2930 5888 (Matth.
2987 5814 3125 5892 snt)
3197 5829 3398 5887 sagena
3471 5812 3696 5871 Domini
