3922 6322
214 422 305 480 575

1157 422 1244 477 DE
1278 419 1629 478 UNIVEBSO
1668 419 1847 476 LIBRI
1883 419 2048 476 XXII.
2089 450 2160 460 ——
2198 419 2324 474 LIII.
2369 415 2502 473 XIII.

3343 413 3448 468 574

213 535 371 606 pisces
389 540 602 586 traaere
628 531 696 585 a'd
717 530 887 597 littus,
909 531 1000 586 ubi
1021 532 1144 586 boni
1166 533 1341 602 pisces
1360 532 1686 602 colliguntur
1713 533 1767 587 in
1795 533 2206 605 Apro/uadum,
2253 548 2409 601 neque
2448 538 2625 600 urgeat
2664 543 2815 599 super
2860 543 2937 581 me
2963 536 3146 596 puteus
3193 542 3251 583 os
3297 543 3447 586 suum

212 641 346 691 vasa,
379 621 498 678 mali
532 631 711 676 autem
739 622 886 677 foras
905 623 1213 677 mittuntur.
1235 623 1340 678 Per
1369 623 1523 678 littus
1553 623 1774 678 immor-

211 716 416 774 talitatis
428 721 598 770 status
611 715 870 786 signatur.
890 715 1042 770 Unde
1053 715 1249 787 legitur
1260 717 1520 771 Dominus
1533 716 1587 771 in
1601 716 1774 771 Evan-

208 809 334 879 gelio
356 805 552 862 sedisse
581 807 634 861 in
664 809 877 874 littore,
917 818 973 862 et
1001 808 1246 879 discipuli
1277 809 1656 866 describuntur
1682 826 1774 865 na-

207 897 337 965 vigio
353 896 620 952 laborare.
659 897 789 952 Post
825 898 1278 955 resurrectionem
1307 899 1569 955 Dominus
1608 900 1662 953 in
1687 900 1774 954 lit-

204 996 310 1041 tore
335 988 510 1053 stetit,
539 989 632 1058 qui
656 997 780 1043 ante
809 990 1260 1045 resurrectionem
1289 1007 1443 1046 suam
1483 1007 1667 1047 coram
1693 992 1773 1046 di-

204 1078 407 1148 scipulis
433 1079 546 1134 suis
569 1080 625 1134 in
656 1078 906 1134 ﬂuctibus
938 1081 1105 1136 maris
1147 1082 1461 1137 ambulavit.
1501 1080 1664 1150 Cujus
1693 1082 1771 1138 rei

201 1170 330 1223 ratio
345 1168 494 1224 facile
514 1169 879 1240 cognoscitur,
895 1171 939 1225 si
960 1171 1098 1240 ipsa,
1113 1187 1232 1242 quae
1254 1180 1381 1226 tunc
1399 1172 1594 1231 inerat.
1609 1187 1770 1228 causa

203 1266 463 1328 pensetur.
499 1256 642 1324 Quid
685 1259 830 1314 enim
871 1276 1056 1327 mare,
1095 1260 1198 1314 nisi
1227 1275 1464 1331 przesens
1496 1261 1766 1326 saeculum,

201 1348 476 1420 signiﬁcat,
506 1351 653 1420 quod
682 1366 740 1406 se
767 1366 1056 1407 causarum
1084 1352 1400 1408 tumultibus
1428 1361 1484 1408 et
1514 1353 1672 1408 undis
1693 1353 1770 1406 vi-

201 1447 264 1495 ta:
301 1441 664 1510 corruptibilis
702 1441 892 1496 illiditi
921 1442 1049 1512 quid
1076 1458 1175 1512 per
1204 1442 1529 1498 soliditatem
1552 1441 1765 1509 littoris,

199 1528 294 1584 nisi
329 1529 414 1584 illa
448 1531 782 1600 perpetuitas
809 1532 1007 1602 quietis
1042 1540 1274 1598 aeternae,
1306 1533 1606 1604 ﬁguratur?
1635 1532 1770 1601 Quia

198 1619 350 1690 igitur
395 1621 646 1691 discipuli
694 1623 872 1677 adhuc
918 1621 1172 1679 ﬂuctibus
1212 1625 1456 1680 mortalis
1512 1626 1636 1681 vitae
1688 1626 1770 1680 in-

195 1718 360 1776 erant,
384 1711 436 1765 in
467 1713 608 1766 mari
634 1712 953 1769 laborabant
979 1731 992 1767 :
1022 1715 1150 1784 quia
1178 1730 1309 1771 vero
1329 1714 1656 1785 Redemptor
1681 1730 1777 1770 no-

198 1810 302 1862 ster
319 1802 429 1872 jam
451 1805 858 1873 corruptionem
889 1806 1070 1860 carnis
1092 1814 1416 1871 excesserat,
1445 1814 1566 1875 post
1597 1813 1776 1860 resur-

1877 624 2087 696 (Ibid.).

2460 715 2688 772 CAPUT
2745 712 2883 770 XXI.

2471 806 2549 862 De
2585 807 2854 862 barathro.

1944 923 2268 979 Barath'rum
2291 920 2473 977 nimiae
2497 919 2793 976 altitudinis
2819 932 3015 974 nomen
3041 924 3145 984 est,
3173 924 3229 972 et
3253 915 3454 971 dictum

1873 1023 1958 1070 est
1979 1013 2324 1078 Barathrum,
2351 1011 2510 1083 quasi
2533 1025 2733 1082 vorago
2767 1018 2907 1076 atra,
2939 1008 3149 1065 scilicet
3172 1021 3204 1061 a
3229 1002 3448 1076 profun-

1873 1106 2063 1163 ditate.

2445 1194 2674 1251 CAPUT
2713 1193 2857 1248 XXII

2520 1287 2597 1340 De
2624 1286 2794 1340 erebo.

1943 1380 2151 1437 Erebus
2177 1377 2470 1434 inferorum
2495 1374 2836 1447 profunditas
2857 1381 3018 1441 atque
3044 1383 3310 1426 recessus.

2432 1506 2658 1563 CAPUT
2710 1503 2894 1559 XXIII.

2447 1595 2524 1650 De
2544 1595 2658 1651 loco
2683 1593 2882 1664 Cocyti.

1947 1709 2182 1780 Cocytus
2226 1707 2376 1763 locus
2415 1706 2593 1771 inferi,
2633 1707 2698 1760 de
2752 1720 2858 1788 quo
2907 1703 3008 1759 Job
3055 1703 3128 1758 ita
3169 1701 3453 1772 loquitur:

1879 1789 2060 1853 Dulcis
2093 1798 2193 1867 fuit
2221 1796 2413 1868 glareis
2441 1795 2644 1865 Cocyti,
2669 1804 2714 1849 et
2744 1803 2855 1864 post
2890 1811 2943 1848 se
2973 1809 3174 1847 omnem
3197 1791 3456 1845 hominem

196 1895 481 1951 rectionem
511 1913 666 1952 suam
695 1899 749 1953 in
776 1899 958 1966 littore
983 1901 1160 1955 stabat
1190 1915 1290 1954 :ac
1312 1900 1358 1954 si
1391 1901 1564 1970 ipsum
1589 1914 1770 1952 resur-
1799 1889 1845 1949 B
1873 1890 2063 1952 trahet,
2095 1898 2142 1942 et
2175 1898 2294 1941 ante
2337 1904 2391 1940 se
2423 1885 2828 1941 innumerabiles
2855 1884 2995 1956 (Job.
3019 1882 3155 1953 xxi).
3181 1881 3463 1950 Sapientes

195 1985 438 2040 rectionis
486 1988 805 2057 mysterium
853 1988 968 2044 suis
1000 1989 1274 2059 discipulis
1312 1988 1654 2058 loqueretur,
1698 1987 1776 2040 di-

195 2074 491 2130 censzlam
523 2077 678 2131 vobis
734 2078 790 2132 in
832 2079 974 2132 mari
1015 2095 1122 2133 non
1155 2094 1408 2149 appareo,
1436 2079 1562 2149 quia
1602 2077 1778 2133 vobis-

196 2182 310 2223 cum
345 2168 399 2223 in
422 2169 852 2240 perturbationis
873 2169 1128 2226 ﬂuctibus
1153 2185 1260 2226 non
1293 2185 1434 2226 sum.

756 2282 985 2340 CAPUT
1026 2283 1209 2338 XVIII.

837 2395 917 2450 De
959 2413 1134 2466 specu.

265 2506 464 2576 Specus
505 2514 594 2561 est
631 2505 777 2562 fossa
807 2507 906 2562 sub
945 2514 1121 2572 terra,
1155 2520 1272 2575 qua:
1320 2507 1550 2576 perspici
1577 2513 1774 2576 potest.

200 2596 439 2668 Spelaion
455 2598 668 2662 Graece,
691 2597 943 2668 spelunca
962 2595 1170 2652 Latine.
1197 2595 1477 2666 Speluncae
1499 2597 1781 2666 designant

197 2687 346 2744 corda
373 2696 728 2757 peccatorum
761 2686 1064 2751 tenebrosa,
1089 2696 1147 2739 ut
1170 2685 1223 2738 in
1253 2684 1566 2755 Propheta:
1599 2683 1665 2737 Et
1698 2694 1747 2737 te
1766 2715 1778 2722 -

197 2780 357 2833 nebrte
372 2795 532 2850 super
554 2777 830 2849 speluncas
860 2793 1022 2847 usque
1048 2777 1103 2829 in
1129 2784 1384 2830 aeternum
1411 2774 1544 2844 (lsa.
1579 2773 1776 2841 xxxu).

199 2868 477 2941 Spiracula
529 2870 798 2940 appellata
849 2870 1032 2922 omnia
1072 2867 1187 2921 loca
1241 2865 1489 2935 pestiferi
1535 2864 1778 2932 spiritus,

197 2978 306 3032 qua:
325 2964 499 3018 Graeci
521 2962 818 3018 charoneia
835 2960 1105 3030 appellant
1126 2959 1210 3012 vel
1228 2958 1590 3038 Acherontea.
1603 2956 1778 3010 Etiam

198 3051 358 3109 Varro
374 3053 711 3123 spiraculum
738 3053 872 3107 dicit
892 3051 1263 3121 hujuscemodi
1283 3043 1459 3104 locum
1481 3066 1494 3101 :
1521 3055 1576 3102 et
1603 3047 1778 3116 spira-

197 3141 306 3196 cula
332 3157 398 3197 ex
421 3157 487 3199 eo
519 3144 778 3198 dicuntur
806 3143 919 3198 loca
947 3157 1050 3211 qua
1081 3149 1224 3195 terra
1256 3140 1504 3210 spiritum
1527 3138 1662 3194 edit.

773 3251 1004 3312 CAPUT
1044 3255 1185 3310 XIX.

842 3344 921 3399 De
961 3345 1128 3397 hiatu.

260 3435 444 3492 liiatns
495 3437 793 3506 praeruptio
859 3444 1015 3491 terrae
1085 3431 1387 3505 profunda,
1433 3433 1588 3501 quasi
1651 3433 1779 3489 itus.

192 3526 407 3597 Proprie
429 3537 616 3583 autem
642 3528 823 3582 hiatus
845 3535 930 3582 est
948 3525 1183 3580 hominis
1203 3524 1315 3580 oris
1341 3523 1568 3594 apertio,
1600 3532 1783 3578 trans-

197 3615 297 3674 lata
332 3618 538 3685 aferis,
572 3631 803 3694 quarum
839 3615 1070 3671 aviditas
1120 3615 1231 3670 oris
1259 3612 1607 3684 adapertione
1631 3627 1783 3668 mon-

197 3720 408 3768 stratur.

785 3797 1012 3855 CAPUT
1058 3796 1178 3851 XX.

792 3890 868 3943 De
892 3887 1181 3960 profundo.

257 4003 595 4058 Profundum
634 4001 875 4072 proprie,
898 3997 1050 4069 quasi
1082 3996 1234 4066 cujus
1261 4011 1428 4066 porro
1456 3994 1526 4049 sit
1561 3991 1780 4048 fundus.

191 4096 414 4153 Abusive
428 4106 613 4152 autem
635 4091 955 4164 profundum
969 4090 1052 4145 vel
1075 4104 1288 4145 sursum
1302 4087 1386 4142 vel
1401 4087 1676 4151 deorsum,
1691 4092 1747 4138 ut
1766 4101 1779 4136 :

195 4188 440 4243 ...Maria
465 4204 530 4241 ac
553 4196 743 4250 terras,
775 4183 1058 4251 coelumque
1085 4179 1424 4251 profundum.
1449 4174 1786 4232 Profundum

191 4277 467 4347 aliquando
517 4273 792 4347 signiﬁcat
833 4281 1101 4327 secretum
1139 4269 1418 4340 sapientia:
1453 4264 1782 4334 :aliquando

193 4370 428 4425 intimam
453 4366 931 4438 compunctionem
961 4364 1141 4418 cordis
1167 4381 1178 4415 :
1205 4359 1494 4431 aliquando
1521 4356 1786 4412 voracita-

191 4468 290 4514 tem
332 4454 1046 4530 peccatorumzaliquando
1098 4452 1296 4508 inferni
1348 4451 1605 4505 claustra.
1649 4443 1782 4501 Pro-

192 4548 419 4605 funditas
466 4564 604 4618 ergo
630 4547 825 4602 dicitur
848 4543 1113 4612 sapientia
1141 4542 1345 4606 divina,
1379 4540 1446 4594 ad
1473 4537 1626 4605 cujus
1651 4536 1774 4590 fun-

189 4641 327 4707 dum,
361 4643 464 4696 hoc
517 4649 625 4704 est,
667 4637 828 4692 ﬁnem
859 4649 1018 4690 nemo
1061 4633 1366 4704 pertingere
1419 4630 1575 4684 valet.
1604 4627 1768 4683 Com-

189 4733 534 4802 punctioncm
564 4729 711 4783 velut
737 4725 918 4782 cordis
946 4721 1217 4795 signiﬁcat
1243 4721 1296 4774 in
1328 4719 1418 4775 illo
1445 4719 1651 4790 psalmo
1679 4717 1769 4772 ubi

189 4823 378 4880 dicitur
401 4840 415 4875 :
439 4821 522 4875 De
560 4818 838 4890 profundis
865 4815 1087 4869 clamaui
1128 4812 1198 4866 ad
1237 4822 1308 4877 te,
1343 4809 1567 4863 Domine
1594 4805 1766 4881 (Psal.

190 4916 388 4984 cura).
442 4916 522 4968 De
562 4912 669 4966 isto
705 4906 972 4981 profundo
1019 4905 1284 4976 gloriosas
1324 4901 1464 4957 fudit
1503 4899 1770 4972 lacrymas

190 5003 392 5060 Petrus.
427 4985 507 5058 De
548 5003 654 5058 isto
674 4999 1000 5055 Publicanus
1024 5003 1244 5065 pectora
1279 4992 1544 5063 culpanda
1579 4991 1771 5046 tunde-

190 5095 296 5160 bat,
328 5096 420 5166 qui
465 5096 548 5149 sic
597 5095 651 5148 in
697 5093 866 5148 altum
894 5098 1118 5146 venerat
1161 5095 1532 5158 peccatorum,
1570 5093 1630 5139 ut
1671 5097 1772 5138 nec

191 5191 366 5246 oculos
393 5189 605 5244 levaret
635 5186 702 5241 ad
729 5185 945 5242 caelum.
974 5183 1050 5238 De
1079 5183 1188 5238 isto
1210 5180 1441 5250 denique
1463 5179 1583 5235 loco
1606 5176 1772 5233 Jonas

193 5285 379 5338 tacitus
429 5280 769 5337 vociferabat
843 5281 910 5334 ad
965 5277 1285 5341 Dominum,
1365 5275 1459 5344 qui
1523 5274 1577 5328 in
1641 5288 1771 5327 ven-

195 5383 273 5430 tre
315 5376 420 5431 ceti
465 5372 679 5444 positus
723 5369 991 5426 infernum
1044 5370 1196 5425 vivus
1235 5366 1552 5421 intraverat.
1607 5362 1771 5419 Cotus

197 5469 329 5522 enim
386 5467 670 5538 propheta:
732 5464 1031 5520 oratorium
1099 5463 1219 5518 fuit.
1274 5461 1530 5529 Designat
1588 5464 1770 5510 autem

198 5556 515 5626 profundum
556 5555 908 5611 voracitatem
952 5562 1290 5622 peccatorum
1324 5550 1409 5605 vel
1443 5546 1771 5618 persecutio—

201 5663 322 5703 num
349 5689 363 5712 ,
412 5649 509 5703 ubi
553 5649 751 5703 dicitur
801 5666 814 5699 :
858 5644 1042 5699 Libera
1110 5661 1191 5697 me
1237 5660 1300 5698 ex
1345 5640 1634 5697 odientibus
1691 5656 1772 5691 me

202 5749 245 5794 et
270 5741 330 5793 de
354 5739 621 5810 profundo
652 5753 906 5808 aquarum
929 5733 1100 5806 (Paul.
1132 5734 1338 5801 vam).
1374 5730 1566 5786 Inferni
1592 5735 1772 5782 autem

207 5829 428 5888 claustra
467 5831 762 5896 signiﬁcat,
795 5831 884 5886 ubi
915 5826 1143 5885 dicitur:
1181 5825 1360 5896 Neque
1397 5822 1667 5879 absorbeat
1692 5839 1772 5876 me

1884 1982 2044 2053 hujus
2073 1981 2253 2037 saaculi
2277 1979 2462 2051 Cocyti
2503 1979 2724 2034 ﬂuvium
2752 1993 2870 2034 esse
2895 1976 3034 2048 apud
3081 1974 3280 2030 inferos
3305 1982 3462 2044 puta--

1884 2081 2078 2128 verunt
2118 2089 2131 2125 :
2186 2072 2281 2126 sed
2334 2086 2430 2125 uos
2477 2084 2863 2140 cognoscamus
2914 2082 3101 2122 vocem
3145 2064 3286 2120 beati
3335 2062 3460 2127 viri,

1884 2163 2122 2235 Cocyton
2175 2162 2362 2238 Graece
2408 2160 2797 2215 inﬁrmantium
2836 2159 3040 2214 luctum
3093 2157 3197 2212 dici
3247 2173 3260 2209 :
3317 2154 3465 2210 inﬁr-

1883 2253 2146 2308 mantium
2188 2252 2392 2320 utique,
2422 2251 2511 2319 qui
2563 2250 2791 2305 viriliter
2836 2265 2996 2321 agere
3043 2254 3294 2304 renuunt.
3335 2245 3462 2301 Gla-

1882 2359 2006 2400 reas
2037 2358 2167 2398 vero
2195 2341 2404 2412 lapillos
2439 2340 2720 2396 ﬂuminum
2758 2340 3026 2411 appellare
3063 2335 3460 2402 consuevimus,

1882 2452 2019 2506 quos
2048 2451 2188 2504 aqua
2225 2433 2462 2490 deﬂuens
2499 2434 2665 2488 trahit
2687 2434 2710 2486 ?
2730 2433 2822 2504 qui
2848 2432 3015 2503 lapilli
3043 2446 3137 2487 eos
3160 2430 3462 2500 designant,

1885 2527 1978 2596 qui
2009 2527 2122 2580 suis
2151 2525 2516 2596 voluptatibus
2543 2541 2755 2595 semper
2785 2524 2971 2590 dediti,
3005 2523 3158 2593 quasi
3186 2539 3214 2576 a
3245 2521 3466 2576 ﬂumine

1885 2617 1953 2671 ad
1994 2617 2102 2670 ima
2149 2617 2452 2680 trahuntur,
2488 2615 2642 2684 quasi
2674 2615 2786 2669 suis
2832 2614 3070 2683 quotidie
3117 2611 3358 2681 lapsibus
3399 2610 3468 2664 ad

1884 2707 2086 2762 luctum
2117 2707 2363 2772 tendunt,
2394 2715 2455 2761 ut
2482 2707 2534 2760 in
2561 2714 2820 2760 aeternum
2858 2713 3040 2775 postea
3070 2703 3305 2774 lugeant.
3345 2699 3470 2754 Dul-

1887 2796 1965 2852 cis
1995 2805 2178 2851 autem
2213 2797 2412 2867 glareis
2448 2795 2586 2872 fuit:
2616 2797 2740 2866 quia
2775 2796 2842 2851 ad
2868 2803 3069 2864 quanta
3098 2793 3353 2848 vitiorum
3381 2806 3472 2863 ge-

1884 2897 2016 2942 nera
2041 2887 2322 2958 jquoslibet
2360 2887 2616 2955 antiquus
2656 2885 2826 2941 hostis
2866 2885 3152 2955 pertrahit,
3195 2883 3349 2953 quasi
3390 2888 3471 2935 tot

1883 2993 1994 3034 sum
2029 2976 2327 3034 dulcedinis
2352 2987 2512 3048 potus
2556 2979 2635 3032 eis
2679 2976 2947 3048 propinat.
2988 2975 3130 3030 Bene
3171 2986 3299 3045 ergo
3338 2973 3470 3028 dici-

1883 3078 1974 3124 tur
2001 3087 2014 3125 :
2039 3069 2207 3123 dulcis
2247 3069 2346 3138 fuit
2373 3069 2560 3140 glareis
2607 3068 2810 3138 Cocyti,
2841 3067 2965 3139 quia
2992 3083 3209 3122 amarus
3240 3072 3324 3121 cst
3361 3066 3472 3121 ele-

1885 3163 2010 3228 ctis,
2037 3171 2091 3216 et
2119 3163 2299 3218 suavis
2321 3171 2404 3217 est
2433 3162 2694 3234 rcprobis.
2731 3163 2800 3216 Et
2829 3173 2942 3232 post
2982 3180 3034 3216 se
3066 3179 3269 3215 omnem
3304 3161 3471 3213 Itami-

1810 3247 1857 3311 C
1888 3269 2002 3308 nem
2027 3254 2207 3318 trahit,
2234 3263 2282 3306 et
2313 3263 2432 3307 ante
2450 3271 2504 3306 se
2530 3252 2953 3306 innumerabiles.
2986 3251 3122 3319 Quia
3147 3261 3324 3305 autem
3350 3249 3469 3320 plus

1885 3352 1970 3400 est
1990 3359 2206 3399 omnem
2238 3344 2532 3410 hominem,
2563 3359 2724 3413 quam
2770 3343 3191 3398 innumerabiles
3225 3344 3460 3408 trahere,

1885 3451 1983 3491 cur
2022 3434 2172 3504 prius
2209 3434 2408 3489 dicitur
2434 3454 2445 3488 :
2471 3435 2596 3503 quia
2631 3451 2836 3488 omnem
2881 3433 3140 3488 hominem
3189 3431 3373 3499 trahit,
3413 3444 3470 3487 et

1885 3532 2008 3594 post
2048 3525 2102 3578 in
2141 3533 2432 3595 augmento
2474 3523 2880 3578 innumerabiles
2920 3521 3280 3594 subjungitur.
3315 3522 3472 3578 Ratio

1885 3630 2119 3685 namque
2140 3615 2372 3684 expetit,
2400 3623 2460 3668 ut
2488 3615 2639 3684 prius
2695 3614 2847 3684 quod
2869 3615 3047 3667 minus
3069 3623 3170 3678 est,
3205 3621 3259 3667 et
3283 3621 3469 3683 postea

1884 3708 1939 3762 in
1983 3715 2270 3778 augmento
2307 3707 2450 3778 quod
2506 3707 2629 3777 plus
2663 3715 2768 3772 est,
2804 3707 3094 3761 diceretur.
3143 3705 3250 3760 Sed
3299 3705 3469 3760 scien-

1886 3803 2012 3858 dum
2060 3802 2186 3872 quia
2243 3801 2347 3856 hoc
2403 3800 2520 3869 plus
2572 3799 2708 3866 fuit,
2758 3798 3177 3854 innumerabiles
3228 3796 3462 3862 dixisse,

1887 3909 2048 3965 quam
2078 3908 2268 3950 omnes
2293 3907 2306 3946 :
2337 3901 2458 3963 post
2480 3908 2537 3948 se
2565 3893 2708 3947 enim
2736 3908 2952 3948 omnem
2976 3893 3247 3947 hominem
3276 3891 3460 3957 trahit,

1886 3985 2012 4054 quia
2040 3984 2094 4037 in
2123 3984 2297 4038 tribus
2324 3985 2482 4037 annis
2511 3994 2564 4054 et
2593 3983 2813 4036 dimidio
2849 3997 3058 4049 omnes,
3092 3997 3226 4052 quos
3258 3981 3312 4036 in
3348 3990 3462 4037 stu-

1887 4074 1989 4130 diis
2013 4074 2141 4130 vitze
2181 4073 2413 4129 carnalis
2463 4075 2754 4138 invenerit,
2797 4075 2925 4144 jugo
2954 4090 3066 4130 suae
3106 4074 3468 4129 damnationis

1887 4163 2158 4233 astringit.
2193 4164 2333 4218 Ante
2355 4179 2412 4219 se
2433 4172 2610 4218 autem
2646 4163 3075 4219 innumerabiles
3107 4163 3271 4218 traxit
3298 4182 3310 4218 :
3339 4164 3465 4235 quia

1887 4267 1981 4307 sex
2010 4251 2175 4306 millia
2202 4253 2377 4307 adhuc
2419 4253 2647 4323 amplius
2684 4268 2946 4307 annorum
2969 4253 3234 4308 curricula
3275 4268 3464 4322 quam-

1884 4345 1968 4399 vis
1994 4345 2241 4400 carnales
2269 4361 2456 4400 onmes
2487 4348 2702 4400 trahere
2730 4362 2835 4401 non
2866 4347 3058 4416 potuit,
3091 4347 3258 4403 multo
3281 4345 3462 4402 tamen

1882 4434 2066 4506 plures
2103 4445 2247 4501 sunt,
2285 4451 2421 4506 quos
2462 4438 2514 4492 in
2558 4447 2666 4492 tam
2705 4437 2866 4508 longo
2899 4448 3141 4510 tempore
3179 4439 3463 4514 rapiendos

1886 4526 2172 4584 invenerit.
2224 4528 2505 4595 Tartarus,
2557 4531 2642 4584 vel
2685 4531 2810 4600 quia
2857 4531 3037 4584 omuia
3095 4530 3202 4586 illic
3249 4533 3461 4587 turbata

1875 4628 2031 4686 sunt,
2060 4636 2161 4690 apo
2192 4629 2272 4676 tes
2298 4622 2546 4677 taraches
2568 4629 2662 4676 aut
2689 4624 2865 4694 (quod
2894 4633 2977 4678 est
3002 4624 3212 4694 verius)
3238 4640 3336 4694 apo
3367 4635 3458 4681 ton

1876 4713 2210 4780 tartarizein,
2245 4715 2297 4769 id
2315 4725 2419 4782 est,
2442 4731 2471 4768 a
2496 4724 2727 4770 tremore
2755 4715 2990 4787 frigoris,
3018 4719 3156 4787 quod
3177 4727 3259 4773 est
3281 4718 3460 4789 algere

1875 4813 1930 4860 et
1949 4805 2146 4876 frigere
2161 4806 2384 4871 scilicet,
2403 4807 2529 4878 quia
2549 4807 2666 4863 luce
2691 4807 2907 4876 soleque
2925 4817 3072 4864 caret
3091 4827 3104 4862 :
3126 4826 3250 4865 nam
3286 4826 3461 4880 neque

1871 4896 1984 4952 illic
2012 4912 2237 4967 vapores
2256 4906 2398 4963 sunt,
2428 4898 2519 4966 qui
2540 4911 2604 4951 ex
2636 4896 2763 4953 solis
2789 4896 2908 4952 luce
2932 4899 3224 4970 gignuntur
3247 4917 3261 4963 ;
3287 4916 3460 4969 neque

1874 4987 2053 5053 ﬂatus,
2068 4988 2157 5057 qui
2179 4987 2416 5056 ejusdem
2439 4987 2674 5042 motibus
2695 4988 2988 5043 incitantur
3013 5007 3024 5039 :
3052 4990 3142 5042 sed
3167 4997 3458 5058 perpetuus

1879 5086 2081 5149 stupor.
2099 5077 2431 5132 Tartarizein
2447 5078 2589 5132 enim
2606 5078 2826 5131 horrere
2841 5087 2893 5132 et
2914 5087 3142 5132 tremere
3157 5078 3295 5148 apud
3309 5077 3452 5132 Cra:-

1877 5183 1970 5224 cos
2006 5168 2220 5238 legitur.
2261 5167 2373 5223 Illic
2406 5169 2548 5222 enim
2593 5166 2748 5222 ﬂetus
2774 5177 2856 5222 est
2888 5177 2942 5223 et
2980 5169 3180 5223 stridor
3217 5169 3455 5223 dentium

1877 5259 2094 5333 (Matth.
2117 5262 2271 5332 χχιι).
2299 5261 2553 5317 Gehcnna
2589 5269 2672 5316 est
2715 5261 2863 5316 locus
2908 5262 3043 5332 ignis
3073 5270 3129 5314 et
3158 5260 3452 5328 sulphuris,

1879 5367 2038 5421 quem
2051 5351 2306 5421 appellari
2325 5358 2514 5420 putant
2529 5365 2556 5402 a
2572 5349 2705 5404 valle
2724 5349 2876 5404 idolis
2889 5359 3198 5404 consecrata
3210 5390 3224 5413 ,
3244 5365 3360 5418 quzu
3372 5360 3453 5403 est

1870 5443 2021 5514 juxta
2065 5461 2277 5498 murum
2311 5441 2604 5499 Jerusalem
2631 5485 2644 5507 ,
2689 5443 2889 5512 repleta
2935 5443 3061 5497 olim
3105 5441 3454 5497 cadaveribus

1877 5545 2231 5591 mortuorum.
2264 5536 2338 5590 lbi
2367 5537 2508 5589 enim
2537 5533 2745 5589 Hebraei
2785 5534 2924 5589 ﬁlios
2952 5549 3072 5587 suos
3107 5531 3455 5588 immolabant

1877 5630 2226 5693 dtemonibus,
2253 5638 2307 5683 et
2333 5627 2702 5698 appellabatur
2719 5627 2866 5682 locus
2888 5626 2997 5695 ipse
3017 5627 3318 5696 gehennon.
3347 5624 3452 5677 Fu-

1876 5722 1982 5779 turi
2023 5737 2152 5791 ergo
2194 5720 2436 5791 supplicii
2471 5720 2617 5774 locus
2641 5758 2655 5783 ,
2695 5716 2785 5771 ubi
2818 5725 3131 5786 peccatores
3167 5714 3446 5771 cruciandi

1874 5825 2016 5884 sunt,
2033 5814 2188 5887 hujus
2211 5813 2312 5873 loci
2339 5809 2594 5868 vocabulo
2614 5807 2943 5882 designatur.
2967 5806 3242 5881 Dupliceut
3265 5814 3447 5866 autem
