3922 6360
217 423 311 479 577

1194 415 1282 471 DE
1323 416 1667 473 UNIVERSO
1707 415 1882 472 LIBRI
1922 418 2085 473 XXII.
2122 449 2191 459 —-
2230 419 2354 475 LIB.
2403 421 2539 477 XIV.

3362 421 3468 480 578

213 553 325 595 cum
363 534 498 590 libro
554 533 815 601 scriptum
868 539 970 587 est.
1018 530 1221 586 Arabbi
1271 531 1414 586 enim
1463 535 1781 602 interpreta-
1809 540 1858 597 Α
1884 534 2067 604 gnitur
2099 532 2416 596 balsamum,
2442 540 2497 587 ct
2529 546 2688 604 poma
2708 533 3008 602 palmarum
3035 535 3269 605 antiquae
3306 538 3470 591 uber-

217 641 313 694 tur,
350 625 665 695 scorpiones.

276 720 447 773 Achar
491 713 755 770 Hebraice
800 714 999 769 dicitur
1026 714 1412 777 emechaehur,
1443 712 1585 780 quod
1624 714 1788 766 inter-

211 817 444 881 pretatur
475 806 624 860 vallis
653 804 927 869 tumultus,
960 804 1072 858 sive
1120 803 1410 868 turbarum,
1434 818 1499 856 co
1530 803 1674 871 quod
1716 801 1788 855 ibi

214 898 558 954 tumultuatus
584 906 639 953 et
664 897 911 950 turbatus
956 895 1027 949 sit
1056 894 1237 960 Israel,
1278 896 1331 948 in
1379 909 1483 963 qua
1520 892 1789 963 lapidave-

214 997 329 1044 runt
375 988 649 1059 quondam
702 986 887 1040 Achan
916 993 1134 1054 prepter
1155 983 1360 1038 furtum
1406 982 1784 1037 anathematis.

212 1080 298 1133 Est
327 1088 508 1133 autem
548 1078 614 1132 ad
641 1075 1060 1146 septentrionem
1102 1075 1390 1139 ileriehus,
1415 1083 1471 1127 et
1494 1088 1663 1142 usque
1701 1072 1791 1127 ho-

210 1168 291 1223 die
328 1168 394 1222 ab
415 1167 651 1237 regionis
680 1165 823 1220 illius
845 1164 1042 1220 accolis
1068 1166 1145 1219 sic
1171 1170 1414 1218 vocatur.
1448 1162 1584 1216 Nam
1610 1161 1789 1216 Achar

210 1257 593 1327 interpretatur
623 1256 846 1309 turbatio
884 1256 969 1310 vel
1000 1254 1271 1309 tumultus.

276 1349 517 1404 Accaron
565 1349 617 1402 in
649 1348 792 1403 tribu
852 1349 982 1409 Dan,
1016 1359 1076 1401 ut
1128 1362 1227 1416 ego
1267 1345 1525 1409 arbitror,
1576 1344 1687 1398 sive
1732 1346 1788 1397 in

210 1440 343 1495 tribu
370 1438 508 1496 Juda
543 1439 613 1493 ad
653 1439 859 1494 laevam.
891 1439 1315 1493 Chananteorum
1356 1438 1486 1490 urbs
1512 1444 1596 1491 est
1654 1436 1790 1490 anti-

212 1547 330 1604 qua,
359 1546 479 1602 quae
521 1530 655 1585 olim
709 1539 952 1599 satrapes
1003 1528 1317 1583 Palestinaa:
1359 1536 1413 1580 et
1443 1527 1659 1580 decreta
1706 1533 1791 1579 est

208 1623 415 1694 quidem
462 1622 631 1677 tribui
674 1621 846 1686 Iudae,
900 1635 999 1675 nec
1049 1628 1226 1674 tamen
1256 1627 1403 1674 tenta
1451 1619 1517 1672 ab
1544 1632 1627 1682 ea,
1666 1616 1791 1684 quia

210 1714 534 1768 habitatores
563 1712 820 1781 pristinos
855 1711 1096 1779 nequivit
1149 1709 1436 1777 expellere.
1483 1708 1588 1762 Sed
1620 1716 1673 1760 et
1702 1722 1790 1760 us-

210 1819 304 1871 que
357 1804 516 1858 hodie
557 1803 778 1872 grandis
818 1802 969 1855 vicus
1024 1801 1222 1855 civium
1271 1799 1575 1853 Judmorum
1620 1797 1790 1851 Acca-

211 1911 299 1949 ron
340 1895 539 1951 dicitur
588 1897 728 1950 inter
780 1896 1007 1951 Azotum
1060 1904 1112 1949 et
1164 1893 1432 1947 Jamniam
1477 1911 1491 1947 :

212 1986 362 2040 turris
420 1984 694 2042 Stratonis
756 1995 942 2055 postea
1003 1984 1251 2039 Caesarea
1307 1992 1631 2053 nuncupata.
1685 1983 1790 2037 Ae-

209 2091 359 2131 caron
384 2077 585 2146 quippe
613 2078 999 2145 interpretatur
1040 2076 1287 2139 eruditio,
1313 2077 1544 2138 tristitia,
1576 2074 1662 2128 vel
1690 2083 1793 2128 ste-

210 2169 386 2224 rilitas.

272 2263 466 2314 Azotus
523 2274 696 2328 usque
724 2259 883 2313 hodie
912 2272 1017 2312 non
1043 2258 1272 2327 ignobile
1297 2256 1644 2325 municipium
1686 2256 1789 2309 Pa-

210 2353 421 2417 lestina,
450 2359 505 2406 et
534 2365 642 2403 una
679 2357 759 2403 est
788 2350 852 2403 de
882 2349 1119 2417 quinque
1150 2347 1455 2402 civitatibus
1483 2347 1789 2417 Allophylo-

212 2461 349 2499 rum:
387 2444 609 2498 decreta
638 2442 853 2511 quidem
896 2440 1056 2494 tribui
1094 2439 1260 2504 Juda},
1292 2441 1385 2495 sed
1424 2457 1531 2495 non
1575 2450 1785 2495 retenta

213 2538 271 2591 ab
291 2552 383 2591 ea:
421 2535 549 2605 quia
601 2547 938 2602 nequaquam
967 2540 1175 2587 veteres
1224 2533 1395 2601 potuit
1440 2532 1658 2586 colonos
1697 2547 1789 2587 ex-

212 2627 415 2699 pellere.
463 2624 670 2679 Azotus
724 2623 940 2690 quidem
981 2622 1387 2690 interpretatur,
1449 2622 1610 2675 ardor
1656 2622 1789 2690 ignis

212 2716 374 2785 patrui
414 2716 539 2768 mei.

275 2807 501 2862 Ascalon
542 2806 676 2862 urbs
709 2806 904 2862 nobilis
949 2806 1257 2872 Palestina},
1289 2819 1408 2875 qua:
1436 2812 1491 2860 et
1534 2804 1649 2874 ipsa
1695 2820 1792 2858 an-

215 2900 423 2968 tiquitus
452 2916 565 2955 una
593 2900 693 2954 fuit
718 2900 785 2955 de
827 2899 1062 2969 quinque
1111 2897 1340 2967 satrapis
1363 2896 1785 2967 Allophylorum,

213 2999 442 3058 separata
492 2990 711 3059 quidem
764 3005 862 3059 per
915 2996 1114 3044 sortem
1153 2986 1316 3041 tribui
1361 2985 1533 3051 Judae,
1578 3001 1676 3041 nec
1711 2995 1790 3039 ta-

215 3094 325 3133 men
356 3088 566 3135 retenta
596 3081 664 3134 ab
693 3094 755 3134 ea
777 3120 792 3143 ,
827 3079 953 3148 quia
990 3078 1323 3131 habitatores
1362 3076 1480 3143 ejus
1535 3091 1791 3145 superare

215 3184 311 3223 non
353 3171 547 3238 potuit.
606 3170 777 3225 Porro
823 3168 1055 3224 Ascalon
1108 3168 1494 3238 interpretatur
1538 3183 1787 3236 appensa,

216 3258 289 3311 vel
316 3260 446 3328 ignis
474 3259 562 3313 vel
595 3260 828 3327 infamis.

277 3347 474 3402 Emach
513 3347 667 3413 urbs,
708 3363 827 3415 qua:
874 3346 1070 3402 cecidit
1094 3349 1153 3399 in
1186 3355 1386 3400 sortem
1430 3345 1648 3399 Ruben:
1700 3344 1793 3399 sed

214 3447 263 3493 et
301 3454 440 3492 nunc
467 3439 736 3493 Amathus
774 3437 898 3491 villa
945 3436 1143 3492 dicitur
1184 3444 1335 3491 trans
1379 3434 1689 3500 Jordanem,
1741 3438 1795 3488 et

218 3530 462 3585 vicesimo
491 3530 672 3598 primo
709 3528 959 3583 milliario
986 3543 1121 3598 pene
1144 3529 1211 3583 ad
1242 3528 1541 3583 meridiem.
1560 3527 1671 3596 Ego
1694 3543 1791 3580 au—

220 3629 317 3675 tem
344 3620 679 3690 investigans
708 3621 885 3689 reperi
912 3620 1107 3674 Emath
1150 3621 1336 3674 urbem
1366 3620 1676 3690 Coelesyrize
1702 3635 1795 3689 ap-

215 3710 409 3781 pellari,
444 3724 567 3778 quae
591 3725 737 3764 nunc
762 3708 952 3764 Grazco
992 3725 1243 3765 sermone
1308 3709 1607 3779 Epiphania
1652 3726 1793 3764 nuu-

216 3809 448 3868 cupatur.
478 3798 684 3852 Emach
711 3798 908 3867 quippe
934 3799 1335 3868 interpretatur,
1359 3800 1579 3870 populus
1600 3800 1793 3853 all/mc.

280 3886 588 3941 Bethlehem
614 3887 803 3941 civitas
843 3886 1011 3941 David
1042 3887 1096 3940 in
1128 3896 1275 3941 sorte
1302 3888 1476 3941 tribus
1522 3886 1689 3950 Judze,
1741 3888 1796 3942 in

219 3993 313 4046 qua
361 3977 627 4032 Dominus
672 3985 854 4031 noster
898 3984 1058 4047 atque
1099 3975 1352 4031 Salvator
1400 3984 1560 4032 natus
1590 3984 1693 4041 est,
1740 3978 1796 4029 in

218 4081 358 4128 sexto
393 4074 461 4126 ab
496 4071 618 4125 Elia
659 4070 911 4125 milliario
937 4079 1125 4125 contra
1158 4070 1507 4126 meridianam
1562 4070 1795 4140 plagam,

214 4160 354 4229 juxta
403 4161 567 4219 viam,
616 4174 735 4228 qua":
763 4159 909 4213 ducit
962 4159 1209 4214 Hebron:
1249 4161 1321 4214 ibi
1354 4168 1408 4215 et
1455 4160 1799 4229 sepulchrum

217 4246 355 4303 Jesse
384 4248 553 4318 patris
580 4247 749 4301 David
774 4246 1108 4302 ostenditur:
1134 4254 1190 4300 et
1218 4247 1361 4301 mille
1392 4248 1608 4302 circiter
1635 4249 1801 4316 passi-

218 4336 312 4392 bus
345 4338 533 4406 procul
567 4337 737 4391 turris
764 4337 943 4407 gregis
986 4337 1219 4405 quodam
1250 4338 1503 4392 vaticinio
1550 4346 1794 4407 pastores

222 4427 518 4484 Nativitatis
554 4430 849 4483 Dominicae
885 4430 1134 4484 conscios
1163 4438 1287 4484 ante
1316 4430 1645 4499 signiﬁcans.
1695 4431 1801 4485 Sed

222 4528 269 4572 et
303 4526 519 4586 propter
545 4518 788 4571 eamdem
814 4525 867 4570 et
903 4517 1216 4572 Bethlehem
1237 4520 1378 4588 regis
1408 4520 1678 4588 quondam
1703 4520 1799 4574 Ju-

1893 626 2021 680 tatis
2067 623 2280 679 indicia.
2332 622 2546 677 Nullum
2599 633 2778 677 autem
2822 634 3055 689 moveat,
3094 624 3237 694 quod
3304 623 3477 694 Segor

1888 713 2079 769 eadem
2117 711 2288 766 Zoara
2312 711 2525 778 dicitur,
2554 728 2677 766 cum
2708 712 2851 766 idem
2882 728 3076 768 nomen
3111 712 3184 768 sit
3209 712 3467 783 parvulze,

1887 802 1973 857 vel
1995 803 2249 857 minoris:
2280 804 2373 859 sed
2396 802 2564 873 Segor
2588 804 2873 869 Hebraice,
2900 804 3071 859 Zoara
3103 804 3236 877 Syre
3265 820 3473 861 nuncu-

1887 904 2065 965 patur.
2092 895 2220 950 Bala
2249 905 2427 951 autem
2466 897 2872 965 interpretatur,
2907 897 3174 966 absorpta.

1961 985 2258 1040 Damascus
2300 987 2429 1041 urbs
2486 986 2681 1041 nobilis
2719 986 3015 1041 Pbaznicis:
3060 986 3249 1041 eodem
3298 994 3480 1041 autem

1890 1072 2149 1131 vocabuld
2170 1088 2225 1132 et
2276 1076 2491 1132 Maseeh
2521 1076 2730 1132 ancillae
2764 1077 3035 1132 Abraham
3062 1078 3205 1132 ﬁlius
3244 1077 3477 1149 appella-

1889 1174 1977 1219 tus
2015 1174 2115 1221 est.
2154 1167 2477 1221 Damascum
2504 1167 2677 1237 Syria:
2711 1167 2981 1222 conditam
3005 1177 3216 1223 constat
3243 1178 3298 1222 et
3326 1184 3470 1223 nun—

1888 1266 2140 1326 cupatam
2173 1274 2203 1311 a
2254 1258 2516 1313 Damasco
2558 1258 2949 1328 dispensatoris
2987 1260 3147 1314 Abrae
3189 1259 3318 1313 ﬁlio.
3374 1259 3481 1313 Da-

1889 1363 2102 1403 mascus
2138 1364 2351 1419 quoque
2402 1350 2804 1419 interpretatur,
2853 1350 3125 1419 sanguinis
3174 1359 3349 1418 potus,
3396 1349 3484 1407 vel

1888 1440 2160 1507 sanguinis
2195 1437 2448 1492 osculum.

1961 1531 2075 1584 Dan
2111 1530 2321 1585 viculus
2347 1540 2540 1600 quarto
2567 1532 2633 1587 de
2657 1532 2907 1587 Paneade
2946 1532 3198 1587 milliario
3227 1532 3478 1589 euntibus

1890 1618 2113 1690 Tyrum,
2153 1620 2245 1687 qui
2271 1634 2441 1689 usque
2486 1621 2644 1674 hodie
2682 1621 2761 1676 sic
2794 1628 3040 1687 vocatur,
3080 1623 3343 1679 terminus
3388 1620 3483 1676 Ju-

1890 1711 2018 1763 dazce
2049 1708 2344 1763 Provincite
2366 1719 2554 1763 contra
2584 1712 3038 1779 septentrionem:
3070 1712 3135 1766 de
3158 1727 3263 1782 quo
3289 1719 3343 1768 et
3364 1710 3486 1767 Jor-

1888 1798 2042 1852 danis
2067 1797 2262 1853 ﬂumen
2307 1814 2595 1867 erumpens
2628 1815 2659 1852 a
2698 1800 2816 1854 loco
2875 1801 3097 1855 sortitus
3132 1809 3214 1856 est
3262 1816 3480 1855 nomen.

1545 1894 1786 1947 Accaron
1817 1905 1861 1962 Β
1889 1887 1981 1943 Jor
2002 1890 2198 1959 quippe
2232 1889 2470 1954 richron,
2501 1890 2553 1944 ’td
2578 1898 2659 1944 est
2688 1889 2910 1945 ﬂuvium
2937 1892 3050 1946 sive
3074 1892 3249 1945 rivum
3275 1890 3486 1946 Hebraei

1894 1990 2110 2035 vocant.
2172 1981 2283 2033 Dan
2351 1981 2516 2045 enim,
2578 1982 2864 2051 judicium,

1885 2070 2156 2139 judicans.

1966 2160 2215 2225 Dothain,
2255 2160 2345 2213 ubi
2380 2161 2582 2214 invenit
2623 2158 2822 2230 Joseph
2876 2160 3076 2217 fratres
3116 2178 3241 2217 suos
3290 2176 3489 2232 pecora

1892 2259 2199 2318 pascentes,
2229 2250 2320 2318 qui
2355 2260 2407 2304 et
2432 2264 2603 2318 usque
2642 2250 2798 2303 hodie
2821 2251 2877 2305 in
2907 2250 3114 2306 decimo
3159 2266 3188 2304 a
3236 2249 3485 2308 Sebastia

1895 2338 2154 2393 milliario
2191 2346 2378 2393 contra
2407 2339 2673 2407 aquilonis
2716 2340 2932 2409 plagam
2979 2342 3301 2395 ostenditur.
3356 2340 3487 2396 Dot—

1892 2430 2037 2484 haim
2067 2446 2196 2500 ergo
2235 2431 2618 2500 interpretatur
2667 2429 2939 2499 pabulum,
2969 2430 3053 2484 vel
3100 2431 3264 2484 viride
3311 2445 3493 2485 eorum

1895 2529 1984 2573 aut
2022 2520 2353 2590 suﬁicientem
2384 2521 2743 2589 defectionem.
2802 2520 3097 2591 Dehonque
3135 2528 3191 2577 et
3223 2521 3399 2577 Dibon
3436 2521 3491 2576 in

1894 2610 2181 2665 solitudine
2256 2620 2433 2665 castra
2502 2610 2736 2665 ﬁliorum
2795 2610 2977 2666 Israel.
3038 2612 3135 2665 Est
3192 2620 3374 2667 autem
3438 2621 3493 2669 et

1894 2702 2000 2756 alia
2031 2703 2203 2757 Dibon
2242 2703 2363 2757 villa
2396 2704 2711 2774 pergrandis
2735 2701 2890 2772 juxta
2938 2702 3327 2772 Pararnonem,
3372 2721 3491 2776 qua:

1895 2796 2020 2851 dum
2078 2797 2229 2866 prius
2259 2796 2448 2851 fuisset
2500 2795 2731 2851 ﬁliorum
2796 2795 2977 2862 Moab,
3017 2807 3071 2852 et
3130 2806 3316 2867 postea
3370 2813 3493 2854 eam

1895 2886 2037 2942 Seon
2092 2902 2185 2941 rex
2233 2886 2619 2941 Amorreorum
2648 2885 2774 2940 belli
2797 2884 2921 2953 jure
2977 2887 3260 2952 tenuisset,
3296 2904 3327 2941 a
3364 2887 3489 2944 ﬁliis

1892 2976 2096 3044 Israhel
2121 2985 2278 3047 capta
2305 2986 2465 3046 atque
2500 2991 2769 3046 possessa,
2808 2977 2865 3031 in
2896 2985 3108 3046 partem
3138 2980 3283 3033 venit
3311 2978 3487 3033 tribus

1894 3066 2027 3121 Gad.
2087 3066 2223 3121 Nam
2280 3068 2462 3121 Debon
2517 3066 2920 3136 interpretatur,
2979 3066 3328 3133 abundanter,
3394 3067 3484 3124 vel

1894 3158 2023 3213 satis
2054 3156 2365 3227 intelligens.

2940 1985 3325 2053 interpretatur
3400 1982 3487 2038 vel
3523 1983 3529 1991 ’

1820 3283 1864 3345 C
1966 3255 2177 3309 Esebon
2228 3254 2420 3308 civitas
2468 3254 2610 3309 Seon
2642 3252 2785 3323 regis
2813 3252 3214 3306 Amorraeorum
3245 3251 3299 3305 in
3335 3258 3482 3305 terra

1896 3346 2117 3401 Galaad.
2161 3344 2290 3412 Qua:
2319 3361 2441 3400 cum
2471 3344 2658 3399 luisset
2690 3342 3066 3407 Moabitarum,
3099 3342 3167 3395 ab
3194 3341 3490 3396 Amorraeis

1895 3434 2163 3502 bellijure
2220 3450 2467 3504 possessa
2504 3442 2606 3488 est.
2652 3433 2861 3487 Esebon
2888 3446 3022 3487 vero
3083 3430 3353 3513 cogitatio,
3399 3428 3486 3485 vel

1895 3523 2161 3593 cingulum
2216 3525 2447 3581 maeroris
2524 3524 2927 3593 interpretatur.
2965 3520 3204 3590 Engaddi
3258 3520 3314 3574 iu
3344 3520 3488 3575 tribu

1894 3613 2047 3678 Juda,
2088 3615 2176 3669 ubi
2211 3614 2559 3669 absconditus
2586 3620 2670 3667 est
2715 3612 2883 3666 David
2909 3611 2964 3665 in
3001 3610 3307 3675 solitudine,
3365 3623 3487 3679 quae

1894 3715 1978 3761 est
2006 3707 2062 3760 in
2086 3705 2293 3761 Aulone
2318 3706 2603 3771 lherichis,
2632 3704 2735 3760 hoc
2759 3712 2861 3767 est,
2894 3703 2949 3756 in
2979 3701 3198 3771 regione
3224 3700 3316 3755 illa
3337 3715 3486 3763 cam-

1896 3800 2087 3869 pestri.
2141 3798 2380 3853 Vocatur
2408 3807 2588 3853 autem
2624 3813 2795 3867 usque
2836 3796 2995 3851 hodie
3031 3795 3182 3850 vicus
3224 3807 3487 3865 pergran-

1898 3890 1979 3945 dis
2018 3888 2322 3945 Judaeorum
2358 3888 2611 3958 Engadda
2652 3888 2807 3957 juxta
2836 3901 2985 3941 mare
3026 3884 3310 3948 Mortuum,
3338 3885 3481 3939 unde

1896 3986 1951 4030 et
1978 3977 2276 4032 balsamum
2319 3978 2486 4041 venit,
2520 3990 2721 4045 ...quas
2747 3976 2933 4029 vineas
2964 3974 3203 4045 Engaddi
3233 3972 3486 4029 Salomon

1897 4076 2187 4135 nuncupat.
2221 4066 2458 4136 Engaddi
2512 4081 2641 4120 vero
2680 4066 3089 4135 interpretatur,
3158 4064 3275 4133 fons
3319 4064 3480 4119 htedi.

1969 4156 2151 4211 Endor
2189 4156 2243 4210 in
2285 4156 2429 4209 tribu
2476 4155 2718 4210 Manasse
2766 4154 2856 4209 ubi
2902 4154 3217 4225 pythonissa
3246 4169 3277 4207 a
3315 4152 3479 4208 Saule

1898 4247 2095 4303 Iudaeae
2142 4263 2268 4317 rege
2311 4247 2628 4303 consulitur.
2657 4246 2838 4300 Endor
2866 4254 3045 4299 autem
3088 4246 3477 4314 interpretatur

1900 4340 2023 4395 fons
2061 4340 2440 4410 generationis.

1970 4428 2116 4483 Gaza
2169 4429 2359 4482 civitas
2414 4428 2722 4483 Enehorum
2748 4428 2803 4482 in
2844 4443 2950 4497 qua
2985 4428 3297 4482 habitavere
3346 4433 3486 4497 Cap-

1901 4520 2151 4588 padoces,
2193 4519 2438 4588 pristinis
2461 4518 2756 4573 cultoribus
2783 4518 3095 4573 interfectis.
3151 4517 3305 4586 Apud
3334 4526 3483 4573 vetc-

222 4606 294 4659 da:
322 4606 570 4661 Archelai
602 4606 836 4660 tumulus
866 4608 1167 4661 ostenditur
1194 4607 1286 4675 qui
1316 4609 1520 4662 semitae
1544 4609 1612 4663 ad
1637 4609 1798 4664 cellu-
1823 4623 1875 4681 D
1901 4622 1987 4664 res
2010 4615 2127 4663 erat
2144 4607 2387 4662 cominus
2410 4604 2525 4676 (sic)
2546 4605 3143 4674 Chananaaorumjuxta
3164 4602 3480 4673 Egypttnn,

222 4695 294 4749 las
321 4706 530 4751 nostras
555 4713 587 4751 a
614 4698 697 4751 via
723 4699 936 4767 publica
965 4700 1280 4755 divertentis
1332 4700 1655 4771 principium
1693 4712 1795 4758 est.

227 4786 517 4842 Vocabatur
543 4797 725 4842 autem
754 4788 1025 4843 Bethleem
1066 4798 1121 4843 et
1148 4790 1290 4843 ﬁlius
1312 4788 1569 4856 Efrathze,
1610 4791 1666 4847 id
1689 4800 1796 4857 est,

226 4878 411 4945 Marire,
454 4889 513 4934 ut
541 4882 596 4933 in
634 4879 1077 4949 Paralipomenon
1108 4880 1318 4950 legitur.
1346 4880 1470 4934 Hatc
1491 4882 1621 4935 urbs
1644 4879 1799 4947 juxta

226 4971 470 5035 quosdam
497 4987 528 5024 a
582 4968 842 5024 Jebuswis
897 4970 1108 5023 condita
1141 4968 1333 5033 fertur,
1386 4977 1440 5023 et
1466 4977 1654 5025 vocata
1692 4971 1800 5037 pri-

229 5071 361 5109 mum
407 5059 613 5113 Et‘rata.
664 5058 886 5125 Quando
925 5068 1105 5112 autem
1138 5058 1210 5113 ibi
1260 5058 1426 5114 Jacob
1466 5074 1657 5129 pecora
1703 5075 1798 5114 sua

230 5148 381 5216 pavit,
412 5149 589 5203 eidem
614 5149 733 5204 loco
760 5149 1033 5205 Bethleem
1059 5163 1254 5202 nomen
1280 5151 1512 5217 quodam
1540 5148 1798 5202 vaticinio

233 5238 399 5293 futuro
447 5240 723 5307 imposuit,
752 5256 892 5307 quze,
937 5242 1122 5294 domus
1170 5240 1340 5309 panis,
1392 5241 1791 5310 interpretatur,

142 5318 153 5327 “
237 5338 440 5396 propter
463 5344 586 5383 eum
612 5344 824 5397 panem,
861 5330 952 5398 qui
985 5330 1058 5384 ibi
1081 5331 1145 5384 de
1173 5330 1310 5384 ctelo
1338 5330 1637 5383 descendit.

300 5419 438 5486 Bala,
480 5437 602 5491 qua:
631 5420 819 5489 Segor,
848 5437 989 5474 nunc
1028 5421 1237 5475 Gozara
1266 5429 1621 5489 nuncupatur.
1675 5420 1797 5475 Sola

239 5510 453 5581 denique
495 5512 853 5568 Sodomorum
888 5513 1110 5566 urbibus
1150 5513 1286 5567 Loth
1338 5513 1585 5582 precibus
1626 5529 1800 5567 reser-

244 5614 349 5657 vata
371 5614 478 5659 est;
512 5606 759 5659 imminet
782 5612 959 5657 autem
983 5603 1116 5656 mari
1145 5603 1370 5667 Mortuo,
1407 5612 1460 5657 et
1490 5603 1798 5671 praesidium

241 5695 289 5747 in
311 5708 366 5745 ea
396 5695 626 5764 positum
658 5706 742 5749 est
768 5694 994 5748 militum
1036 5694 1416 5760 Romanorum,
1478 5693 1796 5747 habitatori—

242 5785 335 5842 bus
356 5800 563 5858 quoque
589 5784 823 5857 propriis
862 5783 1252 5857 frequentatur,
1300 5792 1353 5839 et
1376 5784 1513 5857 apud
1547 5799 1665 5839 eam
1720 5784 1801 5855 gi-

1904 4699 2201 4767 eeciditque
2239 4698 2291 4750 in
2323 4704 2521 4751 sortem
2567 4696 2740 4749 tribus
2793 4693 2971 4749 Iudae:
3015 4693 3108 4749 sed
3138 4708 3257 4748 eam
3302 4701 3484 4747 tenere

1902 4805 2009 4843 non
2039 4789 2229 4858 potuit,
2253 4788 2377 4856 quia
2402 4787 2685 4849 Enachim,
2712 4786 2765 4840 id
2793 4794 2891 4849 est,
2917 4786 3159 4855 gigantes
3175 4784 3484 4855 Allophylo’

1901 4897 2023 4934 rum
2057 4880 2350 4934 fortissime
2407 4878 2750 4933 restiterunt:
2791 4885 2846 4932 et
2887 4883 2970 4931 est
2998 4890 3168 4945 usque
3198 4875 3357 4929 hodie
3399 4864 3482 4929 in-

1903 4973 2067 5041 signis
2095 4972 2284 5027 civitas
2312 4970 2612 5035 Palestinaz,
2640 4977 2831 5024 vocata
2852 4976 3029 5022 autem
3059 4966 3223 5031 Gaza,
3254 4968 3482 5036 eoquod

1904 5061 1975 5114 ibi
2014 5060 2307 5130 Cambyses
2334 5076 2431 5113 rex
2480 5057 2764 5112 Persarum
2800 5057 3083 5110 thesauros
3115 5069 3240 5109 suos
3281 5056 3479 5125 posuit,

1898 5166 2019 5203 cum
2070 5149 2267 5205 bellum
2338 5148 2603 5219 [Egyptiis
2654 5146 2941 5201 intulisset.
2990 5145 3277 5199 Persarum
3338 5144 3481 5198 enim

1897 5240 2077 5310 lingua
2114 5240 2399 5293 thesaurus
2429 5251 2567 5305 gaza‘
2603 5236 2929 5291 nominatur.
2984 5234 3128 5289 Gaza
3164 5234 3359 5304 quippe
3400 5235 3481 5289 inv

1898 5338 2222 5401 terpretatur
2252 5327 2504 5396 fortitudo
2536 5328 2671 5396 ejus.

1967 5418 2207 5474 Gabaath
2246 5418 2299 5470 in
2322 5417 2461 5471 tribu
2488 5414 2766 5483 Benjamiu
2792 5416 2920 5469 urbs
2941 5414 3169 5468 Phinecs
3199 5411 3293 5466 ﬁlii
3323 5411 3480 5466 Elea-

1903 5528 2012 5575 zar,
2046 5510 2135 5563 ubi
2165 5509 2403 5578 sepultus
2426 5516 2507 5562 est
2539 5507 2856 5561 Eleazarus:
2896 5516 2978 5561 est
3008 5516 3185 5559 autem
3234 5502 3478 5559 Gabatha

1900 5601 2021 5656 villa
2050 5600 2104 5653 in
2135 5599 2451 5653 duodecimo
2480 5598 2656 5666 lapide
2690 5596 3178 5665 Eleutheropoleos.
3210 5594 3343 5647 Nam
3373 5592 3478 5647 Ga-

1900 5692 2061 5747 baath
2112 5690 2514 5759 interpretatur,
2569 5690 2693 5741 colis
2732 5688 2999 5758 patruelis.
3026 5686 3241 5740 Jericho
3292 5684 3420 5737 urbs
3446 5698 3477 5739 a

1902 5781 2159 5842 JebuStBis
2200 5779 2417 5837 condita
2448 5778 2697 5849 traditur,
2736 5794 2767 5833 a
2791 5778 2986 5850 quibus
3008 5775 3239 5835 traxisse
3282 5784 3477 5841 nomen
