3922 6350
203 382 300 440 381

1186 376 1275 432 DE
1313 372 1664 432 UN‘IVERSO
1701 369 1881 427 LIBRI
1915 370 2082 428 XXII.
2121 403 2191 415 -—
2229 372 2358 429 LIB.
2398 371 2535 428 XIV.

3370 374 3479 433 582

203 498 519 560 orientalem
563 497 802 571 plagam.
851 494 1156 552 Bethsamis
1190 509 1321 550 vero
1354 493 1746 563 interpretatur
1771 529 1786 556 ,
1816 490 2099 551 Austratur
2124 489 2176 544 in
2225 491 2336 544 Elia
2388 492 2455 544 ad
2502 490 2808 545 Australcm
2837 489 3047 561 plagam
3078 492 3278 547 montis
3298 490 3432 549 Sion
3467 514 3479 548 :

202 592 384 648 domus
407 589 556 645 solis.

1897 591 1952 637 et
2005 583 2270 637 hactenus
2313 582 2467 652 juxta
2528 581 2839 637 Judzeorum
2892 581 3179 636 consilium
3243 594 3488 641 mortuos

267 679 560 736 Bethsaida
612 679 806 735 civnas
850 680 906 732 in
955 677 1177 732 Galilaea
1204 677 1437 732 Andreze
1463 684 1519 730 et
1546 673 1696 730 Petri
1741 681 1798 728 et
1897 672 2160 742 ignobiles
2186 672 2321 728 alios
2343 681 2487 728 terra
2518 675 2672 744 tegit,
2702 673 2838 727 alios
2863 669 2964 727 sub
2996 671 3084 727 dio
3111 671 3424 750 putrefacit.

201 771 429 842 Philippi
457 785 630 842 prope
658 778 910 840 stagnum
940 756 1297 824 Genesareth.
1329 767 1463 822 Nam
1502 764 1794 821 Bethsaida

201 863 608 930 interpretatur,
645 860 832 915 domus
885 857 1153 928 fructuum
1178 897 1196 927 ,
1237 858 1322 914 vel
1364 858 1550 911 domus
1585 863 1795 910 venato-

201 969 334 1006 rum.

264 1039 533 1112 Bethfage
568 1041 753 1095 villula
799 1055 853 1094 in
879 1047 1065 1094 monte
1095 1037 1301 1105 oliveti,
1344 1038 1413 1092 ad
1443 1052 1606 1108 quam
1645 1036 1794 1091 venit

200 1133 457 1191 Dominus
485 1132 666 1188 Jesus.
690 1119 868 1187 Porro
891 1121 1149 1202 Bbthi‘age
1178 1129 1569 1200 interpretatur
1603 1127 1791 1182 domus

199 1227 301 1281 aris
326 1223 550 1278 vallium
576 1223 662 1278 vel
685 1222 867 1278 bacca.

262 1313 530 1369 Bethania
573 1314 700 1368 villa
732 1314 968 1369 secundo
985 1299 1074 1367 'ah
1109 1311 1226 1366 Elia
1263 1309 1515 1365 milliario
1541 1311 1595 1364 in
1624 1309 1794 1364 latere

195 1408 390 1468 montis
420 1406 644 1473 Oliveti,
694 1407 787 1462 ubi
845 1407 1098 1462 Salvator
1141 1404 1409 1459 Lazarum
1463 1403 1788 1468 suseitavit,

195 1500 344 1570 cujus
387 1508 804 1556 monumentum
847 1499 1079 1554 ecclesia
1122 1513 1266 1553 nunc
1309 1497 1507 1552 ibidem
1544 1503 1791 1551 constru-

194 1597 277 1643 cta
304 1589 668 1645 demonstrat.
711 1589 974 1644 Bethania
1002 1602 1219 1660 quoque
1263 1588 1450 1642 domus
1475 1587 1788 1656 atﬂictionis,

194 1681 274 1737 vel
304 1682 494 1736 domus
518 1681 845 1738 obedientite.

258 1773 554 1829 Bethsaida
589 1775 796 1844 piscina
821 1775 874 1829 in
904 1773 1228 1840 Jerusaiem,
1265 1788 1385 1843 quae
1412 1781 1638 1828 vocatur
1664 1773 1793 1827 Pro-

1965 764 2256 820 Anliochia
2292 765 2482 821 civitas
2524 765 2853 837 Coclesyrite,
2898 765 2951 819 in
2989 780 3096 836 qua
3129 765 3408 821 Barnabas
3434 773 3492 822 et

1895 857 2094 914 Paulus
2115 859 2342 928 apostoli
2367 866 2493 914 sunt
2518 859 2753 915 ordinati
2789 878 2800 913 :
2832 865 2917 914 est
2950 865 3006 913 et
3053 857 3157 912 alia
3199 859 3255 912 in
3286 857 3490 914 Pisidia

1894 952 2172 1022 provincia
2203 950 2382 1016 Asiae,
2435 951 2628 1020 inqua
2675 951 2837 1005 iidem
2890 948 3246 1019 praedicantes
3290 948 3490 1003 Judaeis

1895 1043 2149 1099 dixerunt
2177 1059 2190 1097 :
2226 1041 2380 1097 Vobis
2410 1042 2676 1113 oportebat
2700 1044 2926 1111 primum
2955 1042 3096 1112 loqui
3120 1040 3329 1094 verbum
3351 1040 3490 1096 Dei:

1894 1134 1986 1188 sed
2016 1135 2266 1207 quoniam
2294 1132 2556 1204 repulistis
2582 1131 2733 1197 illud,
2760 1142 2867 1187 etc.
2901 1133 3038 1202 (Act.
3072 1131 3216 1203 χιιι).

1965 1227 2294 1282 Alexandria
2321 1225 2511 1281 civitas
2541 1223 2761 1296 [Egypli
2794 1265 2803 1288 ,
2837 1225 2889 1279 in
2921 1238 3028 1292 qua
3076 1223 3221 1278 beati
3261 1235 3494 1293 evange-

1895 1319 2034 1375 lista:
2063 1319 2231 1374 Marci
2269 1319 2511 1374 tumulus
2545 1325 2856 1372 veneratur.
2884 1315 3280 1384 Interpretatur
3310 1322 3492 1369 autem

1894 1411 2222 1467 Alexandria
2243 1453 2258 1478 ,
2288 1410 2534 1481 auferens
2556 1409 2856 1479 angustiam
2889 1405 3243 1460 tenebrarum.

1966 1506 2165 1560 Attalia
2218 1505 2411 1559 civitas
2444 1511 2528 1559 est
2573 1500 2906 1572 Pamphyliae
2945 1498 3251 1553 maritimae.
3288 1496 3495 1552 Attalis

1895 1599 2041 1655 enim
2082 1599 2497 1667 interpretatur,
2534 1606 2736 1665 tempus
2767 1594 2906 1664 ejus,
2947 1590 3030 1648 vel
3053 1589 3284 1658 melius,
3335 1587 3497 1643 decli-

1896 1692 2040 1746 natio
2071 1689 2309 1744 Domini.

1966 1778 2306 1848 Amphipolis
2335 1776 2532 1832 civitas
2582 1781 2665 1830 est
2711 1772 3056 1828 Macedoniae.
3098 1770 3196 1826 Est
3231 1776 3286 1826 et
3322 1767 3494 1824 altera

191 1861 387 1929 halica,
413 1872 466 1920 et
496 1879 528 1918 a
559 1836 719 1919 nobis
749 1864 1098 1934 interpretari
1127 1836 1305 1934 potest
1332 1903 1345 1928 ,
1380 1863 1633 1934 pecualis.
1665 1863 1791 1918 Ηωο
1819 1836 1868 1899 Β
1898 1836 2143 1942 cjusddm
2169 1836 2404 1924 nominis
2439 1869 2494 1922 in
2526 1866 2704 1938 Syria.
2734 1863 3076 1935 Amphipolis
3102 1869 3284 1916 autem
3316 1861 3490 1914 inter-

195 1957 512 2027 quandoque
556 1958 828 2028 quondam
873 1957 1117 2028 porticus
1167 1957 1389 2023 habuit;
1430 1957 1792 2012 ostenduntur

195 2063 399 2118 quoque
425 2049 628 2118 gemini
663 2048 831 2112 lacus,
857 2064 1088 2117 quorum
1112 2064 1253 2103 unus
1294 2047 1539 2102 hibernis
1589 2047 1789 2116 pluviis

195 2138 470 2208 adimpleri
519 2137 701 2203 solet,
754 2137 891 2193 alter
943 2139 1143 2193 mirum
1207 2138 1261 2190 in
1323 2137 1540 2192 modum
1587 2139 1790 2192 rubens

195 2229 340 2301 quasi
381 2229 632 2284 cruentis
670 2229 827 2299 aquis
872 2229 1080 2298 antiqui
1121 2229 1174 2281 in
1204 2241 1262 2282 se
1289 2227 1471 2296 operis
1516 2227 1669 2293 signa
1711 2235 1791 2282 te-

195 2329 378 2377 statur.
416 2319 560 2374 Nam
610 2319 820 2375 hostias
847 2320 902 2374 in
947 2335 1012 2374 eo
1047 2318 1217 2373 lavari
1244 2333 1274 2371 a
1304 2317 1676 2372 sacerdotibus
1702 2332 1789 2371 so-

194 2411 309 2468 litas
353 2411 539 2468 ierunt
570 2453 584 2477 ,
625 2412 768 2466 unde
807 2421 862 2466 et
899 2426 1097 2466 nomen
1146 2417 1451 2479 acceperat.

258 2502 637 2572 Capharnaum
659 2503 815 2572 juxta
840 2513 1090 2573 stagnum
1125 2501 1386 2566 Genesar,
1417 2515 1591 2570 usque
1627 2500 1788 2559 hodie

194 2595 436 2670 oppidum
477 2595 538 2649 in
563 2593 786 2650 Galiltea
818 2597 1060 2664 gentium
1086 2597 1268 2660 situm,
1300 2595 1356 2649 in
1379 2593 1578 2650 ﬁnibus
1605 2593 1784 2649 Zalm-

194 2685 277 2743 lon
314 2695 366 2744 et
407 2685 744 2757 Nephtalim.
793 2687 1176 2758 Capharnaum
1227 2696 1410 2743 autem
1461 2687 1786 2757 interpreta-

194 2785 276 2833 tur
290 2795 431 2850 ager,
453 2777 542 2834 vel
568 2777 696 2840 villa
730 2779 1126 2834 consolationis.

259 2869 541 2940 Emmaus,
572 2872 642 2927 de
683 2887 792 2942 quo
819 2871 941 2927 loco
964 2870 1067 2926 fuit
1089 2870 1358 2941 Cleophas
1379 2913 1393 2938 ,
1420 2870 1575 2941 cujus
1609 2871 1786 2927 Lucas

194 2958 514 3028 evangelista
558 2959 808 3014 meminit
851 2975 864 3013 :
908 2961 1028 3016 haec
1074 2969 1158 3016 est
1195 2977 1342 3016 nunc
1379 2960 1656 3031 Nicopolis
1697 2962 1781 3016 in-

194 3051 350 3122 signis
379 3053 575 3109 civitas
602 3052 910 3110 Palestinae.
939 3055 1200 3110 Emmaus
1225 3056 1368 3110 enim
1393 3056 1783 3127 interpretatur

194 3147 400 3216 populus
423 3147 683 3219 abjectus.

258 3237 474 3294 Eﬂ‘raim
495 3239 656 3310 juxta
682 3241 978 3308 desertum,
1031 3241 1096 3297 ad
1129 3257 1293 3313 quam
1317 3242 1468 3298 venit
1519 3243 1783 3300 Dominus

193 3328 340 3386 Iesus
363 3347 488 3387 cum
519 3333 800 3404 discipulis
831 3335 963 3390 suis.
1017 3334 1242 3391 Eti‘raim
1278 3350 1408 3406 ergo
1457 3335 1784 3407 interpreta-

194 3430 292 3487 tur,
319 3423 507 3492 fertilis
551 3425 799 3496 populus,
846 3426 962 3481 sive
1002 3437 1188 3482 acutus
1220 3441 1238 3480 :
1269 3443 1433 3497 quem
1463 3443 1563 3484 nos
1591 3443 1781 3499 possu-

195 3520 306 3569 mus
332 3515 534 3583 dicere,
559 3517 630 3572 ab
653 3519 920 3588 augendo,
948 3521 1278 3590 augentium.

258 3605 452 3663 Fanuel
476 3611 695 3675 civitas,
732 3626 894 3681 quam
923 3612 1213 3668 aediﬁcavit
1237 3613 1544 3670 Jeroboam.
1577 3614 1782 3673 Fanuel

195 3698 325 3753 enim
358 3700 770 3771 interpretatur,
795 3704 958 3773 facies
988 3704 1105 3759 Dei.

258 3788 430 3846 Modin
459 3793 615 3848 vicus
630 3794 787 3864 juxta
811 3796 1144 3866 Diosopolim
1175 3839 1189 3864 ,
1222 3799 1364 3854 unde
1396 3796 1615 3854 fuerunt
1662 3799 1779 3856 Ma-

194 3878 405 3946 chabtei,
445 3897 681 3953 quorum
727 3883 997 3958 hodieque
1066 3887 1266 3943 ibidem
1320 3890 1566 3960 sepulcra
1627 3907 1770 3948 mon.

195 3979 440 4028 strantur.

260 4060 413 4118 Mcllo
437 4063 658 4130 civitas,
684 4080 849 4136 quam
875 4066 1164 4122 aediﬁcavit
1190 4067 1468 4126 Salomon.

257 4151 543 4219 Nazareth,
577 4155 722 4210 unde
754 4163 809 4209 et
852 4157 1113 4212 Dominus
1157 4167 1344 4213 noster
1383 4166 1547 4229 atque
1587 4157 1777 4215 Salva-

193 4246 288 4306 tor,
322 4240 614 4299 Nazaraaus
658 4253 884 4301 vocatus
926 4256 1028 4301 est.
1064 4249 1160 4303 Est
1189 4247 1369 4305 autem
1401 4265 1574 4319 usque
1615 4251 1777 4306 hodie

193 4330 240 4385 in
268 4331 482 4388 Galilsea
531 4335 742 4391 viculus
779 4346 971 4392 contra
1020 4338 1289 4407 legionem
1344 4341 1398 4395 in
1431 4342 1777 4411 quindecimo

193 4423 431 4481 milliario
459 4426 528 4482 ad
553 4428 874 4484 orientalem
915 4429 1147 4501 plagam,
1179 4432 1334 4501 juxta
1364 4443 1602 4489 montem
1627 4435 1766 4489 Tha-

1894 1970 2161 2034 pretatur,
2186 1961 2407 2034 populus
2436 1978 2524 2015 ore
2551 1976 2821 2014 corruens.

1967 2055 2267 2125 Appolonia
2294 2052 2487 2108 civitas
2510 2060 2567 2105 et
2585 2051 2700 2119 ipsa
2729 2047 3080 2103 Macedoniae.
3109 2043 3209 2099 Est
3237 2041 3408 2098 altera
3435 2041 3493 2096 in

1894 2147 2113 2214 Africa,
2171 2161 2290 2214 qua)
2326 2143 2524 2198 dicitur
2564 2139 2894 2210 Pentapolis.
2955 2136 3256 2208 Appolonia
3312 2143 3491 2190 autem

1894 2238 2308 2308 interpretatur,
2337 2235 2615 2305 disciplina
2637 2234 2721 2288 vel
2747 2249 3016 2302 synagoga
3047 2246 3251 2285 eorum.

1962 2329 2191 2382 Athena:
2220 2327 2413 2381 civitas
2447 2333 2531 2380 est
2560 2325 2614 2379 in
2639 2324 2864 2378 Achaia.
2902 2321 3264 2376 Athenienses
3308 2327 3492 2374 autem

1893 2419 2348 2488 interpretantur,
2381 2413 2737 2482 exploratores
2761 2420 2856 2466 aut
2884 2409 3252 2481 respondentes
3277 2408 3366 2464 vel
3389 2410 3489 2463 Im-

1891 2511 2040 2565 miles
2069 2511 2185 2565 sive
2214 2519 2442 2578 tempore
2467 2506 2730 2576 dissipati.

1962 2601 2268 2670 Ariopagus
2319 2599 2658 2654 Athenarum
2704 2595 2857 2650 curia
2885 2635 2900 2660 ,
2947 2609 3070 2664 qua:
3099 2593 3492 2662 interpretatur

1890 2691 2018 2747 villa
2054 2691 2278 2744 Martis:
2308 2689 2436 2759 quia
2460 2689 2577 2757 ipse
2598 2687 2672 2742 ibi
2707 2686 2979 2756 quondam
3008 2700 3038 2738 a
3075 2681 3359 2738 duodecim
3387 2680 3491 2735 diis

1884 2785 2161 2857 judicatus
2191 2782 2280 2837 sit.
2307 2781 2610 2851 Ariopagus
2631 2793 2847 2848 quoque
2869 2777 3132 2847 primitiae
3165 2775 3491 2844 interpreta-

1888 2883 1977 2930 tur
2023 2873 2108 2930 vel
2155 2872 2454 2927 solemnitas
2485 2884 2504 2922 :
2550 2869 2642 2924 sed
2703 2876 2759 2922 et
2821 2869 2924 2922 hoc
2975 2865 3268 2921 violentum
3296 2902 3312 2928 ,
3365 2877 3490 2918 cum

1887 2965 2236 3022 Atheniensis
2262 2963 2430 3019 curia:
2473 2975 2672 3016 nomen
2701 2961 2805 3026 sit,
2836 2974 2958 3032 qum
2999 2974 3030 3013 a
3073 2957 3247 3013 Marte
3286 2970 3487 3011 nomen

1887 3042 2120 3130 accepit.

1958 3152 2257 3223 Antipatris
2301 3151 2492 3206 civitas
2520 3149 2829 3214 Paiestinze,
2882 3163 3028 3202 nunc
3071 3146 3284 3210 diruta,
3321 3158 3486 3212 quam

1887 3246 2129 3303 Herodes
2160 3260 2254 3299 rex
2281 3243 2480 3298 Judaeac
2505 3259 2572 3298 ex
2601 3243 2777 3312 patris
2807 3241 2890 3297 sui
2922 3240 3142 3295 nomine
3169 3243 3480 3293 vocaverat.

1885 3338 2282 3408 Interpretatur
2311 3344 2492 3391 autem
2510 3334 2834 3403 Antipatris,
2866 3333 3070 3387 donans
3101 3330 3483 3384 laudationem.

1955 3429 2216 3486 Caesareae
2247 3429 2494 3483 civitates
2525 3425 2725 3481 Judacas
2765 3433 2893 3480 sunt
2937 3425 2991 3479 in
3025 3432 3170 3478 terra
3195 3421 3487 3492 repromis-

1884 3524 2076 3590 sionis,
2103 3523 2193 3577 ubi
2221 3521 2469 3577 Caesarea
2505 3518 2792 3573 Palestinre
2823 3518 2875 3572 in
2915 3516 3100 3571 littore
3127 3515 3295 3570 maris
3332 3514 3435 3569 sits
3467 3530 3480 3567 :

1884 3615 2056 3672 altera
2087 3630 2218 3669 vero
2243 3613 2491 3668 Caesarea
2519 3610 2754 3679 Philippi
2794 3650 2808 3675 ,
2840 3595 2994 3676 cuju's
3029 3606 3308 3678 Evangelii
3356 3607 3486 3661 scri-

1881 3717 2042 3780 ptura
2068 3707 2330 3762 meminit.
2365 3705 2612 3760 thsarca
2638 3711 2817 3757 autem
2843 3701 3250 3770 interpretatur,
3281 3714 3485 3768 posses-

1883 3800 1961 3854 sio
2004 3799 2275 3868 principis.

1956 3888 2251 3944 Corinthus
2281 3887 2471 3942 civitas
2510 3886 2728 3942 Achaia:
2763 3885 3056 3941 maritima.
3079 3881 3375 3940 Corinthus
3401 3881 3485 3936 in-

1882 3985 2234 4047 terpretatur,
2268 3977 2591 4031 conversatio
2627 3991 2830 4029 eorum.

1951 4065 2122 4122 Lidda
2169 4065 2364 4121 civitas
2406 4064 2695 4120 Palestina:
2741 4065 2794 4118 in
2846 4064 3030 4120 littore
3080 4063 3249 4118 maris
3297 4064 3480 4134 magni

1881 4158 2007 4215 sita.
2040 4156 2211 4210 Lidda
2251 4157 2397 4210 enim
2437 4157 2843 4225 interpretatur,
2879 4156 3103 4210 utilitas.

1953 4242 2200 4298 Seleucia
2224 4242 2416 4298 civitas
2438 4241 2611 4314 Syriae
2637 4243 2870 4309 novella,
2899 4258 3063 4313 quam
3098 4240 3340 4299 condidit
3387 4242 3482 4305 Sc-

1877 4335 2099 4400 leutius,
2128 4335 2221 4404 qui
2255 4343 2310 4391 et
2357 4334 2726 4390 Antiochiam.
2767 4332 3012 4389 Seleutia
3051 4349 3269 4404 quoque
3311 4335 3480 4391 inter-

1876 4436 2157 4496 pretatur,
2214 4425 2401 4479 tollens
2462 4427 2830 4496 semetipsum,
2887 4425 3001 4481 sive
3067 4427 3477 4498 experimentum

189 4514 281 4571 hor
309 4521 522 4574 nomine
566 4519 798 4575 Nazara.
827 4520 1101 4577 Nazareth
1133 4532 1315 4579 autem
1341 4525 1731 4594 interpretatur
1757 4567 1771 4592 ,
1799 4541 1853 4601 Ῑ)
1879 4519 2102 4590 ὶιὶηενὶδ,
2133 4518 2220 4573 vel
2250 4527 2523 4573 exeuntem
2553 4519 2621 4572 ad
2651 4519 2996 4573 vocationem.

191 4611 279 4680 flos
308 4621 398 4666 aut
425 4613 709 4685 virgultum
745 4616 894 4686 ejus,
936 4616 1021 4672 vel
1070 4617 1332 4672 munditia
1378 4626 1474 4672 aut
1511 4620 1770 4690 separatio

190 4703 266 4758 vel
296 4707 556 4761 custodia.

256 4790 392 4849 Saba
417 4797 612 4852 civitas
642 4799 837 4870 regalis
863 4799 1159 4871 EthiOpiac
1185 4843 1198 4868 ,
1231 4817 1394 4872 quam
1435 4801 1706 4873 Iosephus
1738 4819 1769 4858 a

193 4881 425 4954 Campise
463 4901 591 4957 rege
626 4886 859 4944 Meroem
896 4891 1328 4960 cognominatam
1360 4907 1425 4946 ex
1450 4894 1653 4948 sororis
1679 4908 1770 4948 vo-

193 4972 370 5029 cabulo
396 4975 582 5031 refert.
615 4976 760 5032 Saba
792 4995 1008 5049 quoque
1033 4981 1445 5052 interpretatur,
1480 4976 1700 5055 ca'ptiva.

261 5064 515 5138 Sareptha
565 5071 822 5141 oppidum
873 5071 1222 5129 Sidoniorum
1261 5075 1314 5128 in
1338 5076 1425 5130 via
1451 5077 1666 5145 publica
1697 5078 1772 5132 si-

194 5161 319 5224 tum,
342 5161 430 5216 ubi
476 5162 743 5218 habitavit
786 5166 1057 5235 quondam
1099 5167 1265 5222 Elias.
1299 5167 1568 5239 Sareptha
1597 5168 1772 5224 inter—

195 5258 424 5319 pretatur
452 5253 775 5321 incendium,
810 5257 924 5312 sive
953 5257 1224 5312 tribulatio
1248 5260 1422 5328 panis.

259 5339 492 5410 Tharsis,
519 5347 662 5400 unde
689 5361 880 5402 aurum
911 5347 1192 5406 Salomoni
1221 5349 1588 5405 deferebatur.
1621 5351 1773 5408 Hanc

198 5442 332 5499 putat
356 5433 619 5506 Josephus
644 5437 912 5494 Tharsum
937 5443 1126 5498 urbem
1153 5458 1272 5498 esse
1296 5441 1518 5499 Ciliciae.
1547 5443 1769 5499 Tharsis

199 5521 326 5576 enim
351 5526 753 5599 interpretatur,
779 5530 1068 5602 exploratio
1100 5533 1304 5603 gaudii.

263 5611 456 5671 Thersa
485 5659 500 5684 ,
531 5621 621 5675 ubi
657 5619 765 5676 Asa
791 5621 956 5677 lsrael
987 5637 1081 5678 rex
1117 5625 1239 5679 fuit.
1274 5625 1480 5682 Thersa
1514 5642 1644 5682 vero
1686 5628 1767 5682 in-

201 5701 506 5772 terpretatur
533 5712 938 5782 contemplatio.

264 5793 648 5864 Acheldemach
679 5816 810 5876 ager
837 5814 923 5867 est
946 5807 1244 5882 sanguinis,
1271 5810 1364 5884 qui
1406 5811 1571 5871 hodie
1616 5830 1767 5871 mon-

1953 4612 2188 4668 Salamis
2210 4611 2404 4668 civitas
2446 4611 2504 4666 in
2531 4611 2710 4682 Cypro
2742 4611 2941 4667 insula.
2991 4611 3118 4668 Hrec
3143 4614 3290 4669 enim
3315 4613 3478 4670 inter-

1877 4713 2142 4777 pretatur,
2172 4705 2384 4760 missus.

1951 4799 2126 4870 Tyrus
2188 4799 2502 4869 metropolis
2548 4797 2819 4855 Phaenicis
2848 4800 2901 4854 in
2930 4799 3074 4854 tribu
3101 4799 3472 4871 Nephthalim.

1879 4893 2056 4963 Tyrus
2097 4909 2310 4964 quoque
2363 4893 2754 4964 interpretatur
2785 4935 2800 4961 ,
2851 4895 3097 4965 angustia
3126 4933 3142 4959 ,
3193 4904 3256 4950 ut
3311 4910 3476 4965 supra

1879 4984 2133 5040 diximus.

1949 5075 2118 5130 Troas
2152 5074 2348 5132 civitas
2389 5073 2533 5132 Asiae
2578 5076 2879 5131 maritima.
2932 5077 3104 5133 Troas
3139 5091 3272 5133 vero
3304 5077 3475 5132 inter-

1873 5173 2138 5237 pretatur,
2164 5167 2386 5238 requies.

1948 5257 2333 5314 Thessalonica
2377 5259 2568 5314 civitas
2621 5259 2971 5316 Macedoniae.
3023 5259 3163 5316 Nam
3193 5261 3474 5318 Thessalo-

1876 5351 1999 5408 nica
2030 5353 2443 5425 interpretatur,
2485 5353 2740 5422 festinans
2783 5354 3026 5409 umbram
3064 5355 3316 5410 roborare
3354 5355 3473 5412 sive

1876 5442 2128 5513 formare.

1945 5534 2148 5590 Civitas
2173 5535 2256 5592 vel
2284 5535 2414 5590 urbs
2442 5536 2658 5606 quando
2692 5536 2748 5591 in
2780 5537 2976 5592 bonam
3005 5542 3215 5606 partem
3259 5533 3472 5602 accipi-

1873 5635 1984 5694 tur,
2021 5637 2115 5684 ant
2156 5638 2400 5685 sanctam
2446 5629 2748 5685 Ecclesiam
2790 5629 3096 5700 significat,
3128 5635 3223 5684 aut
3253 5627 3466 5684 lldelem

1872 5723 2128 5776 animam.
2158 5722 2312 5777 Unde
2340 5723 2392 5776 in
2417 5723 2625 5792 psalmo
2654 5721 2920 5792 scriptum
2943 5730 3028 5776 est
3059 5740 3071 5774 ε
3097 5719 3324 5791 Magnus
3357 5719 3468 5774 Do-

1871 5817 2047 5872 minus
2095 5823 2144 5872 et
2181 5814 2465 5870 laudabilis
2500 5815 2656 5870 nimis
2696 5813 2752 5873 in
2799 5814 3007 5873 civitate
3049 5811 3150 5871 Dei
3188 5827 3381 5888 nostri,
3404 5831 3463 5873 τη
