3922 6356
437 353 541 410 585

1075 349 1136 403 B.
1178 311 1428 402 nsum
1471 346 1689 403 MAURI
1725 346 2046 403 ARCl-llEP.
2088 346 2394 406 MOGUNT.
2434 350 2720 409 OPERUM
2758 354 2938 413 rans
2974 356 3037 412 ιι.

3606 361 3709 417 584

436 475 608 522 monte
634 474 813 520 sancto
855 463 968 533 ejus
1015 462 1187 534 (Psal.
1219 462 1431 531 cxuv);
1465 469 1521 515 et
1558 462 1687 516 item
1715 479 1727 515 :
1756 460 2020 515 Fluminis
2049 464 2103 522 Α
2127 463 2288 517 situm
2312 503 2325 527 ,
2374 466 2531 532 quasi
2562 480 2745 522 casam
2781 468 2943 524 altam
2969 509 2985 536 ,
3022 468 3175 539 cujus
3199 470 3425 542 pluralis
3451 488 3711 532 numerus

432 559 653 627 impetus
692 555 925 624 laetiﬁcat
954 555 1210 607 civitatem
1250 553 1350 608 Dei
1382 553 1554 626 (Psal.
1594 556 1750 626 va);
1802 554 1901 608 hoc
1939 564 2023 609 est

434 646 669 718 Spiritus
700 647 873 702 sancti
911 647 1087 717 gratia
1130 646 1371 701 laetiﬁcat
1420 654 1667 702 sanctam
1720 648 2021 703 Ecclesiam

432 739 548 803 Dei,
580 739 665 794 vel
691 739 978 808 cujuslibet
1026 740 1198 794 sancti
1230 741 1334 815 viri
1378 739 1593 795 ﬁdelem
1639 741 1895 795 animam.
1946 744 2022 798 De

432 848 537 902 quo
590 832 644 887 in
692 832 1018 904 Apocalypsi
1088 834 1556 890 abundantissime
1608 837 1868 905 scriptum
1916 846 2016 891 est.

434 924 588 980 Unde
623 924 754 979 illud
781 943 795 980 :
820 923 942 979 Vidi
972 927 1235 981 civitatem
1256 927 1555 983 Jerusalem
1586 946 1774 983 novam
1800 928 2020 982 descen-

429 1016 639 1071 dentem
665 1018 731 1072 de
760 1018 885 1072 cwlo
909 1028 1171 1085 ornatam,
1205 1030 1457 1091 tauquam
1488 1038 1731 1091 sponsam
1775 1022 1887 1076 viro
1924 1039 2021 1077 suo

431 1107 616 1179 (Apoc.
664 1110 800 1179 xxi).
857 1109 1118 1166 Civitates
1170 1127 1301 1167 vero
1348 1110 1545 1169 Judzea:
1600 1113 1849 1169 similiter
1896 1122 2023 1169 sunt

428 1199 682 1255 Ecclesia:
722 1201 924 1259 Christi
958 1206 1041 1259 vel
1069 1206 1265 1261 animm
1292 1206 1550 1263 ﬁdelium.
1581 1207 1733 1263 Unde
1757 1208 2021 1279 scriptum

428 1300 512 1346 est
552 1295 605 1347 in
635 1294 845 1365 psalmo
890 1314 905 1351 :
958 1297 1397 1367 Ediﬁcabuntur
1450 1302 1683 1355 civitates
1726 1299 1887 1356 Judce
1913 1344 1928 1368 ,
1966 1312 2023 1357 et

428 1384 635 1456 reliqua
668 1384 854 1457 (Psal.
896 1390 1109 1461 vam).
1156 1390 1317 1446 Cives
1358 1400 1539 1447 autem
1581 1392 1765 1448 ﬁdeles
1794 1396 2021 1465 mystice

428 1476 703 1531 dicuntur.
738 1478 894 1536 Unde
916 1481 991 1536 ait
1016 1481 1305 1553 Apostolus
1335 1500 1347 1536 :
1378 1482 1484 1539 Sed
1506 1487 1626 1538 estis
1652 1488 1784 1540 cives
1814 1498 2021 1543 sancto-

428 1582 545 1619 rum
596 1578 646 1623 ct
681 1569 951 1625 domestici
988 1572 1086 1626 Dei
1116 1572 1277 1643 (Eph.
1317 1572 1401 1643 ιι).
1461 1574 1666 1630 Civitas
1715 1578 1879 1631 corda
1934 1578 2019 1631 vel

426 1672 658 1729 corpora
701 1660 1026 1731 impiorum,
1078 1670 1136 1717 ut
1187 1663 1239 1717 in
1280 1664 1488 1732 psalmo
1519 1683 1530 1718 :
1565 1664 1810 1721 Civitates
1839 1684 2020 1721 eorum

424 1750 735 1805 destruxisti
766 1742 940 1825 (Psal.
975 1755 1075 1823 ix).
1125 1756 1191 1809 Et
1225 1757 1277 1809 in
1320 1757 1611 1826 Evangelio
1638 1774 1651 1810 :
1678 1757 1749 1810 Et
1786 1759 2018 1814 civitates

2128 563 2327 619 castra,
2361 555 2741 614 diminutivum
2770 562 3053 616 castellum
3085 570 3186 618 est.
3226 562 3418 620 Castra
3463 566 3581 623 sive
3622 582 3713 623 ea-

2124 647 2280 702 stella
2308 648 2765 707 cohabitationem
2792 653 3059 709 bonorum
3082 657 3363 713 hominum
3387 658 3471 714 vel
3492 667 3712 716 sancto-

2124 755 2244 793 rum
2272 741 2582 812 angelorum
2610 754 2835 814 possunt
2855 746 3181 817 signiﬁcare.

2194 828 2349 886 Unde
2372 832 2572 904 legitur
2599 836 2653 890 in
2686 836 2898 902 Exodo,
2929 848 3106 896 castra
3138 841 3372 901 ﬁliorum
3397 844 3583 912 Israel,
3623 847 3711 902 ubi

2123 932 2303 979 castra
2330 927 2521 981 metati
2551 937 2699 997 sunt,
2737 939 2793 985 et
2818 931 2871 985 in
2901 931 3119 1000 Genesi,
3159 934 3251 989 ubi
3286 933 3452 991 Jaeob
3484 939 3716 1006 patriar-

2122 1016 2224 1071 cha
2264 1016 2479 1073 obviam
2526 1021 2629 1076 sibi
2672 1023 2863 1078 habuit
2894 1024 3117 1095 angelos
3150 1024 3248 1080 Dei
3280 1024 3435 1095 (Cen.
3470 1029 3664 1101 xxviii)
3695 1069 3710 1095 ,

2123 1112 2410 1182 appellavit
2458 1131 2658 1171 nomen
2706 1118 2809 1174 loci
2849 1120 2995 1175 illius
3022 1120 3278 1188 Manaim,
3314 1123 3368 1177 id
3393 1130 3478 1177 est
3507 1133 3709 1178 castra.

2122 1201 2311 1259 Castra
2338 1205 2456 1271 Dei,
2481 1224 2601 1278 quae
2630 1210 2764 1264 vidit
2790 1208 2958 1266 Jacob
2986 1213 3041 1267 in
3070 1213 3284 1279 itinere,
3313 1214 3458 1268 nulla
3492 1213 3712 1268 dubita~

2110 1297 2198 1357 .tio
2222 1306 2326 1365 est,
2360 1300 2502 1368 quod
2531 1301 2848 1373 angelorum
2879 1302 3044 1359 tuerit
3074 1304 3386 1370 multitudo,
3419 1319 3486 1359 ea
3513 1304 3716 1375 quippe

2123 1386 2176 1439 in
2205 1386 2501 1458 Scripturis
2530 1392 2723 1447 militia
2756 1394 2878 1449 caeli
2902 1396 3235 1451 nominatur.

2191 1475 2322 1548 Pagi
2353 1490 2479 1535 sunt
2508 1489 2634 1551 apta
2669 1483 2911 1539 aediﬁciis
2951 1485 3070 1540 loca
3108 1487 3253 1541 inter
3280 1502 3438 1557 agros
3465 1487 3718 1542 habitan-

2125 1569 2287 1634 tibus,
2329 1571 2445 1626 bace
2472 1582 2527 1628 et
2556 1575 2915 1631 conciliabula
2954 1577 3097 1632 dicta
3127 1594 3158 1632 a
3197 1584 3465 1633 conventu
3518 1585 3574 1631 et
3626 1591 3718 1632 so-

2122 1659 2318 1715 cietate
2344 1663 2637 1718 multorum
2664 1666 2718 1719 in
2745 1682 2934 1720 unum.
2970 1666 3216 1737 Compita
3256 1675 3398 1732 sunt,
3452 1667 3546 1722 ubi
3582 1682 3717 1722 usus

2123 1762 2208 1807 est
2236 1763 2532 1812 conventus
2568 1757 2687 1813 ﬁeri
2737 1760 3105 1815 rusticorum:
3145 1770 3202 1816 et
3259 1760 3407 1815 dicta
3449 1760 3713 1830 compita,

424 1856 606 1894 eorum
633 1843 742 1911 igni
772 1846 1088 1899 succendisti
1112 1845 1327 1909 (Matth.
1374 1834 1530 1917 xxii).
1569 1846 1795 1914 Quando
1837 1858 2019 1905 autem
2048 1832 2095 1890 Β
2124 1847 2266 1914 quod
2306 1847 2422 1902 loca
2462 1850 2632 1905 multa
2680 1851 2735 1905 in
2783 1853 2929 1923 agris
2981 1868 3170 1908 eorum
3201 1860 3547 1923 competunt,
3606 1865 3717 1921 quo

424 1931 479 1985 in
504 1936 837 1990 contrariam
879 1947 1089 2006 partem
1119 1938 1311 1993 civitas
1340 1940 1576 2009 ponitur,
1622 1941 1894 2011 signiﬁcat
1923 1943 2022 1997 Ba-

422 2022 675 2093 bylonem
718 2026 1018 2095 spiritalem
1042 2070 1055 2091 ,
1092 2029 1281 2084 urbem
1330 2032 1581 2087 videlicet
1612 2031 1856 2099 diaboli,
1900 2051 2021 2105 quae

426 2124 702 2185 mergetur
756 2118 813 2171 in
855 2119 1181 2188 profundum
1232 2122 1449 2192 abyssi,
1506 2124 1595 2177 ubi
1634 2132 1717 2178 est
1756 2124 2022 2181 habitatio

424 2207 816 2264 daemoniorum
866 2221 923 2266 et
970 2214 1148 2266 omnis
1213 2215 1436 2283 spiritus
1498 2216 1801 2283 immundi,
1859 2234 2024 2288 super

424 2312 589 2366 quam
643 2296 847 2353 ﬁehunt
898 2315 1052 2371 reges
1106 2310 1266 2357 terra:
1294 2345 1308 2370 ,
1365 2305 1456 2374 qui
1496 2321 1621 2360 cum
1651 2306 1740 2361 illa
1772 2305 2022 2363 fornicati

421 2398 570 2455 sunt,
600 2400 656 2445 et
684 2393 1051 2463 negotiatores
1092 2402 1252 2450 terrae
1298 2396 1502 2451 ﬂebunt
1538 2407 1591 2452 et
1638 2398 1900 2468 lugebunt
1933 2416 2024 2455 su-

425 2501 525 2555 per
554 2485 701 2541 illam
725 2487 908 2558 (Apoc,
943 2490 1120 2560 xvm).
1160 2490 1302 2545 Dicit
1344 2490 1488 2545 enim
1520 2491 1811 2561 Apostolus
1851 2511 1863 2545 :
1900 2493 2023 2547 Non

369 2572 373 2583 “
421 2578 670 2633 habemus
701 2580 960 2635 civitatem
989 2581 1071 2635 hic
1110 2591 1426 2649 manentem,
1470 2585 1560 2638 sed
1595 2584 1829 2654 futuram
1851 2586 2024 2657 inqui-

424 2669 591 2723 rimus
623 2670 781 2741 (Heb.
816 2672 935 2743 xm)
955 2712 970 2738 ,
1001 2674 1105 2728 hoc
1133 2683 1239 2740 est,
1266 2675 1543 2730 caelestem
1564 2678 1817 2747 patriam,
1848 2685 1903 2733 et
1941 2695 2025 2734 so-

423 2760 678 2817 cietatem
725 2771 1041 2819 sanctorum
1112 2765 1447 2835 angelorum.
1509 2766 1859 2839 Municipium
1898 2777 2021 2835 est,

422 2853 588 2922 quod,
620 2863 874 2910 manente
909 2864 1056 2911 statu
1097 2856 1355 2923 civitatis,
1396 2858 1487 2929 jus
1530 2858 1748 2928 aliquod
1795 2860 2023 2915 minoris

424 2951 520 2998 aut
555 2946 783 3016 majoris
812 2946 974 3002 olﬁcii
1001 2962 1032 3001 a
1059 2948 1303 3018 principe
1341 2949 1615 3019 impetrat.
1665 2951 1877 3006 Dictum
1927 2967 2023 3006 au-

426 3045 534 3092 tem
562 3040 917 3109 municipium
951 3057 982 3095 a
1009 3041 1345 3109 muneribus,
1380 3043 1569 3109 idest,
1618 3042 1828 3110 oﬁiciis,
1874 3043 2020 3114 quod

423 3135 635 3187 tantum
680 3134 867 3188 munia
892 3175 907 3201 ,
960 3135 1014 3191 id
1040 3143 1153 3200 est,
1189 3136 1388 3191 tributa
1431 3135 1613 3192 debita
1658 3136 1743 3191 vel
1794 3152 2017 3193 munera

2124 1937 2443 1993 convenitur
2472 1955 2502 1993 a
2532 1942 2767 1996 rusticis.
2807 1941 3133 1997 Suburbana
3185 1952 3313 1999 sunt
3362 1942 3718 1998 circumlecta

2122 2028 2207 2081 vel
2234 2026 2377 2097 jecta
2416 2030 2653 2086 civitatis
2695 2031 2946 2097 aediﬁcia,
2977 2033 3137 2102 quasi
3174 2033 3275 2088 sub
3314 2033 3468 2088 urbe.
3508 2031 3718 2086 Subur-

2124 2120 2264 2173 bana
2315 2130 2517 2185 autem,
2572 2138 2693 2191 quae
2740 2122 2971 2177 aediﬁcia
3020 2134 3147 2179 sunt
3185 2132 3241 2180 et
3281 2123 3400 2180 loca
3430 2123 3673 2179 civitatis
3701 2162 3718 2189 ,

2124 2221 2351 2280 possunt
2383 2213 2695 2281 signiﬁcare
2741 2216 3078 2270 diversarum
3116 2217 3355 2287 gentium
3391 2217 3566 2282 situs,
3622 2216 3722 2285 qui

2125 2302 2194 2356 ad
2222 2301 2457 2358 civitatis
2486 2304 2603 2371 Dei,
2639 2305 2743 2359 hoc
2777 2312 2862 2360 est
2886 2313 3088 2361 sancta:
3117 2306 3395 2372 Ecclesize,
3429 2322 3564 2362 usus
3592 2320 3724 2375 pos-

2125 2400 2252 2447 sunt
2295 2394 2571 2463 pertinere
2600 2434 2615 2459 ,
2655 2396 2873 2463 quando
2903 2410 3000 2467 per
3030 2396 3447 2466 praedicatorum
3478 2396 3725 2452 studium

2126 2487 2190 2542 ad
2218 2488 2623 2565 perceptionem
2651 2489 2803 2545 verbi
2848 2489 2945 2545 Dei
2988 2499 3353 2560 provocantur
3379 2500 3431 2546 et
3462 2491 3726 2545 catechu-

2125 2580 2271 2635 meni
2322 2579 2457 2634 ﬁunt
2488 2597 2502 2635 :
2536 2581 2745 2651 sicque,
2781 2580 2827 2635 si
2856 2580 2961 2636 ﬁde
2986 2582 3487 2651 perseveraverint,
3518 2581 3725 2636 unitati

2126 2679 2326 2727 sanctae
2356 2671 2612 2727 Ecclesiae
2641 2672 3010 2729 sociabuntur.
3042 2672 3239 2727 Moenia
3267 2680 3392 2727 sunt
3418 2672 3559 2727 muri
3588 2672 3728 2727 civi-

2125 2764 2274 2829 tatis,
2302 2763 2445 2817 dieta
2476 2761 2544 2817 ab
2569 2778 2656 2828 eo,
2708 2763 2852 2833 quod
2887 2763 3136 2817 muniant
3183 2762 3457 2817 civitatem
3492 2803 3508 2827 ,
3560 2762 3721 2833 quasi

2124 2854 2461 2909 munimenta
2506 2854 2691 2921 urbis,
2738 2854 2793 2909 id
2829 2861 2943 2920 est,
2985 2861 3304 2909 tutamenta.
3346 2854 3587 2909 Munium
3624 2852 3725 2909 au—

2126 2953 2233 2999 tem
2269 2944 2508 3012 dictum,
2558 2946 2717 3015 quasi
2769 2962 2933 3001 manu
2978 2944 3218 3011 factum,
3267 2946 3345 3001 sle
3387 2953 3442 3000 et
3494 2946 3639 3001 muri
3688 2961 3722 3001 a

2123 3037 2425 3092 munitione
2476 3036 2648 3102 dicti,
2696 3037 2850 3106 quasi
2895 3037 3125 3101 muniti,
3179 3037 3321 3105 quod
3368 3037 3622 3091 muniant
3662 3044 3723 3091 et

2126 3137 2381 3184 tueantur
2419 3128 2681 3183 interiora
2728 3128 2897 3183 urbis.
2960 3127 3157 3183 Maenia
3209 3135 3391 3183 autem
3445 3128 3723 3197 duplicem

423 3224 671 3278 reddant.
718 3224 856 3279 Nam
904 3225 1157 3282 liberales
1185 3235 1240 3282 et
1282 3225 1658 3283 famosissimas
1703 3244 1914 3295 causm,
1959 3238 2013 3285 et
2044 3182 2088 3246 Ο
2119 3221 2323 3275 habent
2350 3218 2821 3291 sisniﬁcalionem-
2874 3218 3011 3273 Nam
3054 3219 3323 3274 interdum
3367 3219 3571 3273 ηιαὲηίει
3618 3219 3723 3273 ab‘

423 3330 544 3384 qua:
569 3331 635 3370 ex
667 3316 911 3387 principe
961 3319 1426 3388 proﬁciscuntur,
1477 3318 1548 3373 ibi
1595 3334 1703 3373 non
1756 3327 2009 3391 aguntur.

427 3406 554 3461 llaec
579 3408 724 3462 enim
767 3409 836 3463 ad
880 3410 1198 3479 dignitatem
1234 3412 1471 3466 civitatis
1499 3411 1794 3480 pertinent.
1818 3411 1935 3467 Vici
1963 3419 2017 3468 et

424 3498 648 3553 castella
677 3508 733 3555 et
758 3501 879 3571 pagi
912 3512 1069 3568 sunt,
1122 3519 1243 3572 qua:
1281 3503 1427 3556 nulla
1475 3504 1736 3574 dignitate
1778 3503 2016 3559 civitatis

425 3591 781 3659 honorantur,
828 3593 922 3647 sed
968 3593 1176 3663 vulgari
1228 3594 1505 3648 hominum
1549 3602 1821 3649 conventu
1861 3593 2015 3649 inco-

424 3679 631 3747 luntur,
660 3689 718 3736 et
753 3691 974 3752 propter
1001 3684 1323 3753 parvitatem
1355 3685 1438 3739 sui
1480 3686 1670 3755 majori
1701 3685 1908 3739 civitati
1936 3692 2018 3739 at-

428 3770 759 3827 tribuuntur.
790 3772 1141 3844 Municipium
1176 3774 1429 3830 similiter
1473 3774 1746 3845 signiﬁcat
1774 3774 2016 3829 futuram

426 3859 481 3913 in
510 3860 665 3915 cadis
691 3862 946 3931 patriam,
988 3870 1045 3916 et
1070 3864 1298 3931 gloriam
1331 3873 1648 3933 perpetuam
1677 3872 2013 3918 sanctorum.

426 3946 582 4004 Unde
625 3958 681 4005 et
722 3950 1017 4022 Apostolus
1057 3954 1131 4007 ait
1164 3971 1177 4005 ε
1212 3952 1407 4007 Noster
1440 3962 1616 4007 autem
1661 3954 2016 4022 municipatus

424 4043 481 4095 in
510 4041 650 4097 caelis
669 4051 767 4098 est.
800 4040 949 4096 Unde
970 4054 1329 4112 exspectamus
1354 4044 1637 4098 Dominum
1662 4042 2013 4110 Salvatorem,

422 4133 513 4202 qui
541 4133 846 4202 reformabit
895 4151 1081 4205 corpus
1119 4134 1429 4187 humilitatis
1478 4143 1669 4187 nostra:
1713 4134 2016 4203 conﬁgura-

424 4233 536 4277 tum
582 4225 790 4293 corpori
829 4224 1089 4278 claritatis
1137 4240 1247 4278 sua:
1296 4222 1461 4293 (Phil.
1499 4222 1603 4292 ιιι).
1638 4223 1801 4278 Vicus
1836 4232 2017 4278 autem

425 4314 604 4369 dictus
624 4314 692 4368 ab
707 4313 901 4369 vicinis
928 4321 1137 4368 tantum
1156 4312 1611 4387 habitationibus,
1628 4312 1713 4367 vel
1739 4313 1880 4381 quod
1904 4314 2017 4369 vias

428 4405 627 4459 habeat
650 4414 860 4459 tantum
888 4406 1007 4461 sine
1027 4405 1215 4460 muris.
1241 4405 1340 4459 Est
1367 4412 1547 4459 autem
1571 4404 1689 4457 sine
1714 4405 2016 4459 munitione

2116 3312 2268 3366 usive
2294 3310 2547 3365 dicuntur
2569 3311 2753 3365 omnia
2792 3310 3018 3364 aediﬁcia
3050 3308 3265 3379 publica
3299 3309 3572 3374 civitatis,
3604 3316 3665 3363 ut
3700 3326 3717 3363 :

2240 3418 2509 3469 Dividimtts
2531 3429 2718 3480 muros,
2746 3422 2798 3467 et
2821 3418 3003 3467 mmnia
3030 3415 3282 3477 pandimus
3308 3415 3443 3464 urbis
3468 3428 3483 3463 :

2116 3501 2332 3571 proprie
2353 3509 2531 3554 autem
2550 3499 2751 3565 moenia
2770 3505 2896 3553 sunt
2913 3506 3121 3552 tantum
3137 3497 3276 3550 muri
3294 3515 3305 3549 :
3323 3510 3515 3550 murus
3532 3504 3720 3551 autem

2118 3591 2360 3646 turribus
2381 3589 2911 3660 propugnaculisque
2941 3594 3198 3641 ornatur:
3218 3585 3531 3655 promurale
3560 3600 3717 3651 vero,

2118 3682 2261 3751 quod
2290 3681 2360 3737 sit
2386 3696 2485 3751 pro
2520 3679 2820 3733 munitione
2848 3677 3010 3731 muri.
3036 3676 3133 3730 Est
3167 3675 3311 3731 enim
3347 3689 3507 3730 muro
3532 3674 3720 3744 proxi-

2118 3789 2266 3828 mum
2290 3782 2415 3826 ante
2441 3787 2678 3825 murum.
2695 3768 2892 3824 ania
2914 3783 3046 3838 ergo
3067 3766 3307 3823 civitatis
3330 3775 3537 3821 sanctae
3556 3766 3719 3835 juxta

2118 3878 2335 3919 sensum
2366 3861 2656 3932 mysticum
2703 3867 2798 3913 aut
2843 3857 3220 3914 conventicula
3247 3865 3372 3913 sunt
3413 3856 3715 3925 iustorum,

2118 3963 2212 4010 aut
2266 3955 2504 4009 culmina
2569 3968 2850 4008 sacrarum
2912 3952 3198 4006 virtutum.
3264 3948 3453 4003 Murus
3528 3956 3717 4003 autem

2118 4047 2286 4116 ipsius
2337 4046 2576 4102 civitatis
2632 4028 3104 4115 inexpugnabilem
3160 4041 3290 4098 ﬁdei
3324 4082 3339 4105 ,
3423 4042 3717 4098 charitatis

2116 4140 2338 4210 speique
2385 4136 2700 4191 ﬁrmitatem
2734 4135 3023 4206 signiﬁcat.
3053 4134 3242 4188 Potest
3284 4142 3341 4188 et
3373 4134 3491 4202 ipse
3523 4133 3714 4189 Domi-

2117 4247 2220 4285 nus
2245 4272 2257 4295 ,
2289 4230 2584 4285 Ecclesiam
2632 4229 2871 4298 undique
2905 4237 3228 4299 protegens,
3263 4242 3455 4283 murus
3481 4244 3718 4299 magnus

2117 4320 2360 4390 intelligi,
2394 4321 2459 4373 dc
2484 4336 2592 4389 quo
2621 4320 2788 4374 Isaias
2815 4321 2891 4374 ait
2931 4337 2944 4373 :
2989 4318 3126 4372 Urbs
3156 4318 3487 4386 fortitudinis
3520 4330 3719 4374 nostra

2116 4409 2353 4464 solvatur
2381 4449 2395 4475 ,
2442 4418 2664 4479 ponetur
2692 4408 2750 4461 in
2780 4424 2840 4460 ea
2874 4423 3059 4460 murus
3090 4405 3227 4478 (Isa.
3254 4406 3440 4477 xxvr);
3470 4417 3528 4461 et
3556 4417 3719 4464 ante-

427 4512 730 4562 inurorum,
761 4497 887 4552 licet
923 4505 979 4552 et
1024 4496 1128 4552 vici
1176 4497 1425 4551 dicantur
1475 4488 1606 4565 ipsae
1649 4495 2013 4551 habitationes
2040 4534 2093 4594 Β
2119 4501 2328 4555 murale
2358 4541 2373 4565 ,
2423 4500 2477 4554 id
2529 4508 2635 4565 est,
2674 4499 2886 4553 Domini
2940 4498 3207 4569 protectio
3234 4538 3250 4564 ,
3304 4506 3360 4554 et
3390 4499 3719 4555 intercessio

426 4588 597 4643 urbis.
630 4588 818 4645 Dictus
859 4596 1041 4644 autem
1078 4588 1229 4643 vicus
1290 4604 1355 4642 eo
1417 4587 1560 4655 quod
1584 4587 1655 4641 sit
1682 4587 1799 4641 vice
1828 4586 2017 4641 civita-

428 4682 531 4746 tis,
581 4681 665 4735 vel
708 4684 851 4752 quod
889 4682 1006 4737 vias
1037 4683 1233 4736 habeat
1266 4689 1472 4735 tantum
1517 4681 1634 4735 sine
1679 4680 1867 4734 muris.
1898 4679 2016 4735 Vici

426 4784 605 4831 autem
640 4774 723 4830 vel
770 4774 910 4828 villa:
941 4775 1181 4845 gentium
1221 4774 1339 4827 vias
1369 4772 1453 4826 vel
1499 4772 1635 4827 situs
1660 4771 1746 4827 vel
1772 4781 2015 4827 terrenas

429 4868 669 4921 actiones
721 4866 951 4937 mystice
998 4865 1303 4933 exprimere
1348 4873 1576 4934 possunt
1605 4904 1619 4931 ,
1674 4864 1802 4934 quia
1859 4872 2013 4919 extra

427 4958 665 5013 civitatis
687 4957 865 5011 locum
898 4957 1086 5027 positae
1111 4965 1258 5020 sunt,
1291 4957 1346 5010 id
1370 4965 1471 5021 est,
1497 4965 1651 5011 extra
1678 4956 2013 5011 communio-

430 5065 551 5102 nem
588 5049 760 5118 plebis
802 5048 896 5104 Dei
946 5048 1209 5102 habitant.
1244 5047 1394 5103 Unde
1421 5056 1505 5102 est
1534 5048 1696 5113 illud,
1725 5048 1867 5117 quod
1912 5046 2017 5101 Do-

432 5140 607 5193 minus
630 5140 783 5209 jubet
826 5140 880 5193 in
905 5138 1227 5208 Evangelica
1255 5138 1534 5207 parabola,
1557 5139 1771 5207 quando
1800 5137 1897 5203 illi,
1920 5137 2014 5208 qui

430 5232 497 5284 ad
524 5231 740 5300 nuptias
768 5232 947 5285 vocati
976 5240 1118 5295 sunt,
1150 5231 1406 5286 nolebant
1436 5230 1646 5295 venire,
1672 5245 1857 5286 servos
1886 5244 2015 5285 suos

429 5323 579 5377 exire
626 5322 682 5375 in
728 5321 936 5392 plateas
979 5330 1032 5375 ct
1073 5323 1219 5376 vicos
1254 5322 1524 5387 civitatis,
1557 5331 1616 5375 ut
1656 5336 2010 5392 quoscunque

432 5417 760 5483 invenerint,
790 5427 1045 5472 vocarent
1068 5418 1134 5472 ad
1157 5420 1369 5486 nuptias
1396 5417 1547 5489 (Luc.
1577 5419 1689 5490 xiv)
1727 5438 1737 5472 :
1776 5420 1878 5473 hoc
1902 5429 2008 5486 est,

434 5508 743 5563 retardante
776 5508 999 5563 Iudaica
1027 5508 1184 5576 plebe
1214 5509 1401 5561 venire
1432 5510 1499 5562 ad
1532 5509 1747 5579 nuptias
1776 5508 2005 5572 Domini,

436 5599 654 5654 mandat
706 5600 943 5669 gentium
982 5599 1380 5653 multitudinem
1419 5599 1468 5651 in
1516 5600 1692 5654 locum
1724 5601 1863 5653 illius
1893 5601 2012 5654 sub-

436 5691 639 5746 intrarc
659 5731 672 5755 ,
698 5696 755 5742 ut
786 5676 1133 5759 iinplercntur
1158 5692 1352 5760 nuptim
1382 5692 1851 5745 discumbentium.

506 5782 758 5842 Castrum
800 5782 1006 5853 antiqui
1043 5784 1289 5839 dicebant
1324 5785 1579 5858 Oppidum
1605 5784 1722 5840 loco
1753 5784 2014 5842 altissimo

2121 4604 2433 4648 sanctorum
2478 4590 2915 4661 patriarcharum
2943 4596 2997 4645 et
3024 4590 3412 4660 prophetarum
3441 4591 3723 4661 velreazte-

2122 4699 2307 4737 rerum
2338 4689 2650 4736 sanctorum
2702 4681 3117 4751 praedicatorum
3143 4721 3157 4747 ,
3193 4681 3285 4750 qui
3315 4689 3371 4738 et
3401 4682 3477 4736 ita
3502 4660 3721 4739 faciunt

2122 4772 2371 4839 docendo,
2392 4772 2554 4826 corda
2592 4770 2948 4826 credentium.
2989 4771 3088 4827 Vel
3139 4787 3329 4827 murus
3355 4773 3631 4844 signiﬁcat
3660 4774 3726 4829 ﬁ-

2121 4862 2241 4916 dem
2269 4903 2283 4928 ,
2334 4870 2389 4916 et
2436 4861 2769 4916 antemurale
2807 4862 2950 4916 bona
2980 4876 3163 4932 opera.
3198 4861 3316 4917 Non
3342 4864 3488 4918 enim
3515 4863 3725 4918 sullicit

2120 4968 2335 5005 murum
2364 4952 2566 5006 habere
2596 4950 2739 5017 ﬁdei,
2776 4950 2881 5005 nisi
2928 4951 3044 5020 ipsa
3084 4951 3219 5029 ﬁdes
3250 4951 3407 5005 bonis
3454 4948 3726 5020 operibus

2118 5043 2488 5099 conﬁrmetur.
2518 5042 2617 5097 llic
2640 5058 2829 5097 murus
2858 5051 2912 5097 et
2939 5042 3041 5097 hoc
3083 5040 3423 5096 antemurale
3456 5041 3572 5097 sive
3606 5043 3726 5098 cir-

2118 5136 2451 5191 cmmnurale
2477 5136 2542 5190 de
2579 5136 2717 5190 vivis
2751 5134 3017 5205 lapidibus
3044 5133 3396 5203 exprimitur,
3430 5134 3523 5203 qui
3548 5132 3722 5203 juxta

2117 5230 2440 5298 prophetam
2472 5228 2761 5282 volvuntur
2809 5242 2971 5296 super
3000 5235 3224 5281 terram.
3254 5225 3387 5282 Item
3417 5226 3559 5281 muri
3596 5244 3725 5283 mn—

2120 5322 2360 5379 nimenta
2401 5331 2529 5377 sunt
2558 5322 2853 5392 Scriptum
2879 5322 3094 5389 divinae,
3119 5321 3205 5377 vel
3233 5323 3535 5392 propheta,
3562 5321 3723 5377 sicut

2120 5414 2314 5485 legitur
2359 5415 2415 5468 in
2470 5414 2676 5483 psalmo
2736 5431 2748 5466 :
2808 5411 3169 5481 JEdi/icentur
3211 5413 3350 5466 muri
3403 5410 3722 5466 Jerusalem

2120 5505 2290 5575 (Psal.
2315 5505 2388 5579 L).
2420 5505 2621 5561 Turres
2647 5513 2871 5571 vocatae,
2904 5505 3047 5575 quod
3066 5513 3269 5560 teretes
3292 5504 3401 5558 sint
3423 5512 3478 5558 et
3503 5503 3719 5575 longae.

2120 5598 2285 5653 Tcres
2320 5606 2409 5653 est
2433 5599 2577 5653 enim
2623 5597 2826 5667 aliquid
2877 5597 3164 5653 rotundum
3197 5611 3318 5650 cum
3346 5596 3723 5665 proceritate,

2116 5700 2177 5744 ut
2225 5692 2494 5745 columna.
2534 5688 2669 5742 Nam
2721 5699 2775 5744 ct
2831 5690 3076 5759 quamvis
3118 5688 3395 5757 quadratae
3446 5696 3541 5742 aut
3584 5688 3725 5745 ιειω

2119 5792 2549 5849 construantur,
2602 5783 2791 5852 procul
2843 5791 3025 5839 tamen
3089 5780 3394 5836 videntibus
3454 5778 3724 5838 rotunda
