3922 6374
216 349 319 407 585

215 462 597 517 existimantur
646 482 660 517 :

215 550 522 605 mulacrum
568 568 673 621 per
719 554 933 624 longum
1008 554 1149 607 aeris
1209 555 1442 623 spatium
1520 553 1794 608 evanescit

216 651 378 712 atque
421 646 768 701 consumitur
792 687 808 712 ,
855 654 910 701 et
941 648 1225 701 rotundum
1250 647 1481 701 videtur.
1521 645 1579 701 In
1629 645 1794 700 turris

211 734 613 805 signiﬁcatione
641 738 756 809 ipse
781 737 1030 792 Salvator
1058 737 1394 809 intelligitur,
1422 745 1481 793 ut
1514 746 1598 792 est
1622 736 1748 791 illud
1773 755 1785 789 :

214 825 394 881 Turris
424 828 720 896 fortissim
752 846 937 884 nomen
963 830 1175 885 Domini
1208 829 1393 903 (Prov.
1447 830 1623 901 xvm).
1658 829 1790 883 Item

212 916 375 970 turris
424 916 715 989 Scriptura
743 919 925 974 divina
955 961 971 986 ,
1004 929 1064 975 ut
1100 922 1155 975 in
1191 919 1793 976 canticorumcantieis

207 1005 402 1060 dicitur
430 1021 448 1060 :
476 1006 690 1062 Collum
729 1018 878 1062 tuum
904 1010 1039 1063 sicut
1076 1011 1235 1063 turris
1282 1009 1450 1063 David
1487 1006 1662 1080 (Cant.
1692 1008 1788 1079 Iv).

207 1092 299 1149 Vel
331 1094 722 1151 excellentiam
756 1097 1013 1152 virtutum
1065 1096 1334 1167 signiﬁcat
1357 1139 1371 1165 ,
1424 1098 1508 1152 vel
1555 1099 1793 1153 eminen-

205 1182 333 1237 tiam
377 1186 707 1254 doetorum,
756 1188 848 1257 qui
891 1189 1127 1259 primum
1157 1189 1335 1245 locum
1359 1197 1547 1243 tenent
1590 1190 1643 1244 in
1690 1190 1791 1245 Ec-

204 1272 385 1327 clesia.
420 1274 584 1331 Unde
615 1277 672 1332 in
707 1278 931 1335 Cantica
970 1281 1310 1336 canticorum
1339 1281 1537 1335 dicitur
1566 1298 1578 1335 :
1609 1280 1789 1335 Nasus

204 1373 319 1418 tuus
368 1367 508 1420 sicut
550 1369 714 1423 turris
772 1369 961 1424 Libani
1005 1370 1181 1440 (Cant.
1211 1370 1331 1441 vn).
1384 1370 1440 1424 In
1478 1386 1611 1427 naso
1658 1387 1788 1426 vero

202 1457 346 1511 verbi
375 1457 475 1512 Dei
503 1460 913 1530 dispensatores
939 1476 1100 1515 causa
1138 1461 1482 1521 discretionis
1509 1462 1785 1534 designan-

201 1555 306 1612 tur,
337 1549 593 1618 turrique
643 1550 1031 1619 assimilantur,
1072 1552 1162 1621 qui
1196 1553 1681 1608 eminentissimum
1712 1554 1788 1608 lo-

200 1653 317 1693 cum
348 1647 541 1694 tenent
573 1640 631 1694 in
659 1641 922 1697 Ecclesia.
977 1643 1252 1698 Invenitur
1297 1644 1586 1715 aliquando
1620 1646 1785 1702 turris

201 1727 251 1782 in
286 1731 869 1802 contrariam‘partem
908 1734 1127 1804 posita:
1163 1735 1267 1789 hoc
1300 1742 1402 1799 est,
1442 1735 1780 1790 altitudinem

1178 354 1265 409 DE
1303 351 1652 409 UNIVERSO
1689 350 1868 406 LIBRI
1906 351 2069 406 XXII.
2109 381 2183 395 —
2217 352 2344 407 LIB.
2385 351 2518 407 XIV.

714 464 850 530 ideo,
884 465 1006 534 quia
1033 479 1194 519 omne
1221 464 1481 534 cujusque
1516 464 1695 535 anguli
1724 464 1792 519 si—
1817 468 1870 528 Α
1892 481 2021 521 vero
2063 467 2253 521 mortis
2284 475 2364 521 est
2392 466 2635 522 diabolus
2672 467 2757 522 vel
2794 470 2974 523 omnis
3018 469 3266 526 illecebra
3309 488 3474 531 saecu-

3366 360 3473 417 388

1891 555 2043 610 laris.
2067 555 2332 624 Quoniam
2362 573 2458 628 per
2486 560 2626 614 hanc
2662 559 2727 612 ad
2758 568 3019 615 aeternum
3045 562 3267 635 exitium
3293 564 3470 620 infeli-

1893 647 2028 701 citer
2049 647 2321 703 introitur.
2368 648 2650 705 Liberatus
2674 665 2803 718 ergo
2823 666 2889 704 ex
2916 652 3020 706 illis
3040 654 3210 721 portis
3235 656 3473 711 mortali-

1892 736 2012 802 bus,
2041 737 2094 790 in
2126 736 2244 791 istis
2292 737 2463 806 portis
2492 739 2764 802 Ecclesiae,
2796 756 2913 809 qua:
2956 742 3340 798 beatitudinem
3367 746 3467 800 tri-

1890 823 2062 879 buunt
2091 826 2494 894 sempiternam,
2538 830 3008 897 pronuntiaturum
3039 846 3098 887 se
3142 831 3327 888 laudes
3359 834 3468 889 Do-

1892 914 2023 969 mini
2054 915 2355 984 pollicetur,
2384 932 2482 988 per
2500 933 2636 989 quas
2682 935 2878 975 nomen
2908 920 3023 989 ejus
3069 922 3325 979 eximium
3357 932 3469 981 toto

1889 1004 2021 1060 orbe
2046 1004 2373 1061 celebratur.

2490 1097 2714 1154 CAPUT
2750 1100 2834 1156 III.

2560 1186 2636 1242 De
2682 1190 2796 1243 viis.

1973 1293 2092 1343 σιω,
2123 1294 2238 1349 ipsa
2275 1280 2449 1350 spatia
2493 1289 2743 1351 angusta,
2785 1283 3076 1351 quaeinter
3124 1284 3272 1340 vicos
3323 1295 3465 1343 sunt.

1887 1369 1985 1425 Via
2009 1371 2061 1424 in
2085 1372 2283 1426 bonam
2308 1372 2391 1426 vel
2436 1370 2635 1425 malam
2654 1380 2863 1440 partem
2892 1375 3066 1442 posita
3092 1376 3380 1443 reperitur.
3407 1376 3468 1432 In

1883 1462 2101 1527 bonam,
2127 1462 2219 1515 ubi
2249 1461 2505 1517 Dominus
2552 1463 2672 1517 ait:
2708 1463 2823 1534 Ego
2864 1482 2981 1519 sum
3028 1468 3142 1533 via,
3186 1468 3373 1523 veritas
3419 1479 3467 1524 et

1883 1553 1987 1607 vita
2009 1552 2190 1625 (Joan.
2218 1551 2353 1623 xlv).
2379 1552 2445 1606 Et
2479 1552 2765 1609 Psalmista
2792 1574 2803 1607 :
2854 1555 3027 1622 Viam,
3058 1556 3256 1628 inquit,
3279 1560 3467 1613 verita-

1883 1645 1949 1697 tis
1982 1643 2111 1710 elegi
2140 1640 2312 1714 (Psal.
2347 1642 2554 1715 cxvm),
2580 1644 2685 1699 hoc
2710 1654 2814 1709 est,
2862 1646 3161 1701 doctrinam
3191 1648 3459 1704 veritatis.

1882 1733 1926 1789 E
1953 1734 2229 1790 contrario
2258 1742 2339 1798 est
2376 1734 2479 1789 alia
2506 1737 2592 1789 via
2612 1776 2626 1801 ,
2672 1735 2737 1790 de
2768 1750 2873 1805 qua
2908 1736 3047 1791 idem
3083 1740 3343 1808 propheta
3377 1740 3469 1793 de-

195 1822 458 1889 superbite
488 1822 784 1893 signiﬁcat.
823 1825 961 1881 Hinc
997 1834 1081 1881 est
1129 1825 1279 1891 illud,
1318 1826 1462 1895 quod
1490 1825 1585 1880 ﬁlii
1610 1825 1781 1881 Adam
1810 1825 1857 1885 B
1883 1839 2111 1895 precans
2125 1825 2411 1880 Dominum
2438 1826 2548 1879 ait:
2590 1824 2742 1880 Viam
2781 1826 3072 1895 iniquitatis
3098 1844 3277 1881 amove
3302 1844 3335 1880 a
3362 1844 3467 1895 me,

198 1911 247 1966 in
278 1910 477 1967 Genesi
524 1914 783 1985 leguntur
831 1916 1024 1971 turrim
1070 1916 1342 1972 excelsam
1373 1916 1661 1982 aediﬁcare,
1686 1916 1778 1971 ubi

194 2003 410 2057 confusa
460 2013 551 2058 est
604 2016 784 2075 ungua
839 2021 1027 2060 eorum
1068 2004 1224 2077 (Cen.
1266 2005 1366 2076 χι).
1416 2005 1551 2059 Item
1609 2005 1779 2060 turris

194 2091 455 2155 Ecclesia.
475 2104 540 2150 ut
567 2096 624 2150 in
649 2095 854 2151 Michea
882 2115 895 2151 :
927 2095 997 2150 Et
1027 2106 1105 2161 tu,
1130 2097 1291 2150 turris
1320 2097 1509 2167 gregis,
1532 2096 1773 2151 nebulosa

190 2184 298 2252 ﬁlia
356 2184 490 2241 Sion
548 2188 736 2259 (Mica.
776 2188 851 2260 ιν)
880 2229 892 2252 ,
930 2189 984 2242 id
1021 2196 1136 2254 est,
1177 2189 1372 2243 divinis
1408 2183 1774 2243 Sacramentis‘

191 2277 529 2333 obumbrata.
576 2279 806 2345 Quidam
859 2288 1037 2335 autem
1092 2283 1230 2336 hanc
1278 2282 1473 2335 turrim
1507 2280 1775 2351 virginem

191 2367 407 2423 Mariam
454 2370 788 2441 intelligunt.
834 2372 966 2428 Item
1011 2382 1190 2428 turres
1226 2374 1385 2427 corda
1423 2372 1775 2442 reproborum

192 2458 520 2529 duplicitatis
576 2462 784 2516 malitia
831 2471 1195 2529 constructae,
1246 2470 1307 2515 ut
1354 2463 1407 2515 in
1452 2462 1769 2531 Sephouia:

191 2549 352 2621 Super
376 2570 590 2607 omnem
622 2571 830 2608 murum
860 2556 1142 2619 munitum,
1174 2564 1221 2609 et
1253 2570 1408 2624 super
1432 2570 1633 2608 omnem
1662 2562 1775 2606 tur-

194 2642 285 2695 rim
312 2644 581 2699 excelsam
611 2644 796 2705 (Soph.
828 2646 889 2717 ι).

808 2757 1035 2813 CAPUT
1071 2758 1135 2812 ll.
1163 2815 1172 2825 ,

825 2827 904 2881 De
930 2830 1112 2897 portis.

254 2916 408 2971 Porta
440 2918 666 2983 dicitur,
697 2932 801 2987 qua
827 2926 1003 2988 potest
1028 2919 1111 2973 vel
1160 2918 1442 2987 importari
1469 2918 1553 2973 vel
1580 2932 1773 2988 expor-

192 3007 285 3060 tari
311 3006 535 3077 aliquid.
567 3008 795 3077 Proprie
838 3018 1017 3064 autem
1057 3019 1212 3079 porta
1244 3018 1336 3064 aut
1357 3010 1506 3064 urbis
1548 3018 1641 3064 aut
1680 3024 1772 3064 ca-

191 3107 413 3151 strorum
462 3106 718 3163 vocatur,
743 3098 881 3152 sicut
933 3098 1180 3167 superius
1233 3100 1430 3153 dictum
1474 3106 1574 3151 est.
1608 3097 1770 3151 Porta

190 3183 466 3254 aliquando
491 3187 545 3240 in
579 3186 775 3240 bonam
798 3195 1007 3255 partem
1030 3189 1317 3257 accipitur,
1334 3188 1619 3257 aliquando
1640 3200 1769 3242 vero
1795 3167 1841 3231 Ο

188 3271 239 3328 in
260 3272 471 3327 malam.
512 3272 574 3326 In
607 3274 804 3328 bonam
833 3289 962 3344 ergo
990 3282 1200 3342 partem
1231 3275 1515 3342 accipitur,
1550 3274 1770 3343 quando

190 3362 352 3431 ipsum
404 3362 699 3417 Dominum
748 3364 1049 3433 signiﬁcat,
1101 3379 1199 3432 per
1223 3378 1381 3432 quem
1436 3362 1593 3417 nobis
1645 3364 1771 3417 vitae

190 3462 391 3507 aeterna:
422 3452 608 3507 aditus
636 3461 803 3522 patet.
834 3452 983 3507 Unde
1013 3453 1125 3524 ipse
1146 3453 1381 3524 ait:Ego
1408 3470 1523 3507 sum
1540 3455 1727 3507 ostium
1749 3466 1767 3504 :

190 3556 273 3608 per
299 3558 377 3595 me
407 3544 453 3595 si
483 3544 607 3612 quis
634 3542 929 3607 introierit,
964 3542 1254 3596 salvabitur
1284 3552 1331 3596 et
1366 3543 1683 3612 ingredietur
1720 3550 1769 3595 et

190 3633 469 3702 egredietur
497 3644 545 3687 et
585 3650 781 3704 pascua
831 3636 1051 3689 inveniet
1084 3634 1267 3706 (Joan.
1306 3636 1383 3707 ιι).
1438 3635 1568 3689 Item
1612 3642 1768 3705 porta

190 3718 339 3776 ﬁdem
374 3722 582 3778 Christi
640 3724 928 3794 signiﬁcat.
986 3725 1140 3780 Unde
1195 3726 1454 3795 scriptum
1493 3734 1622 3780 est:
1664 3724 1771 3778 Per

191 3822 379 3880 portam
430 3814 803 3883 ingrediuntur
852 3816 907 3869 in
954 3816 1213 3869 civitatem
1258 3832 1278 3869 :
1306 3817 1431 3884 quia
1477 3832 1575 3886 per
1609 3816 1768 3870 ﬁdem

192 3912 383 3959 rectam
436 3906 823 3960 introeundum
870 3912 953 3959 est
1010 3906 1063 3958 in
1112 3905 1410 3960 Ecclesiam
1451 3904 1565 3958 Dei.
1605 3905 1767 3959 Porta

193 3993 378 4051 Christi
408 3998 490 4052 vel
522 3998 658 4052 fides
686 4005 743 4051 ut
781 3998 837 4052 in
876 3997 1089 4053 Psalmo
1118 4013 1130 4049 τ
1166 3996 1302 4050 Ecce
1330 4004 1481 4067 porta
1506 3996 1719 4049 Domini
1747 4010 1766 4048 :

186 4086 308 4153 justi
350 4090 622 4145 intrabunt
653 4107 877 4160 peream
915 4088 1087 4161 (Psal.
1136 4088 1327 4159 cxvn).
1376 4088 1537 4143 Porta
1580 4097 1770 4144 uterus

195 4178 402 4249 virginis
433 4182 640 4245 Marias,
660 4182 772 4237 Sive
802 4199 975 4238 canon
1006 4182 1217 4236 Veteris
1242 4180 1597 4246 Tcstamenti,
1625 4189 1684 4235 ut
1714 4182 1767 4236 in

194 4268 508 4326 Ezechiele:
558 4273 680 4327 Vidi
726 4284 931 4342 portam
984 4275 1039 4325 in
1083 4273 1237 4327 domo
1288 4272 1500 4325 Domini
1534 4273 1765 4325 clausam

194 4357 393 4429 (Emit.
426 4363 603 4433 xuv).
633 4363 831 4429 Portus,
860 4363 1153 4434 Scriptura:
1178 4374 1399 4430 sancta},
1431 4365 1657 4434 apostoli
1681 4364 1767 4419 vel

193 4464 341 4519 opera
384 4454 561 4519 bona,
591 4462 651 4508 ut
685 4455 739 4508 in
769 4456 979 4523 psalmo
1024 4475 1037 4508 :
1082 4456 1398 4521 Elevamini,
1418 4466 1582 4527 portae
1610 4467 1765 4511 teter-

193 4542 343 4605 uales,
375 4553 421 4597 et
443 4544 681 4598 introibit
704 4562 795 4598 rex
826 4546 1011 4615 gloria:
1038 4544 1209 4617 (Psal.
1240 4548 1421 4619 xxnl).
1446 4548 1622 4604 Portae
1645 4566 1767 4606 cor-

193 4632 255 4689 da
282 4636 583 4702 hominum,
611 4638 727 4692 sive
775 4639 953 4693 aditus
1000 4640 1194 4695 mentis
1240 4656 1270 4693 a
1318 4640 1530 4695 diabolo
1567 4642 1762 4695 dudum

194 4728 411 4783 obsessae
438 4769 454 4794 ,
510 4739 700 4798 postea
731 4729 950 4784 Christo
983 4745 1241 4799 possessa:
1267 4773 1281 4797 ,
1328 4740 1388 4785 ut
1442 4733 1495 4787 in
1521 4732 1715 4787 Genesi
1744 4749 1761 4785 :

196 4812 472 4872 Possidebit
503 4834 680 4872 semen
710 4828 879 4883 tuum,
928 4819 981 4873 id
1012 4830 1111 4885 est,
1142 4822 1413 4888 Christus,
1436 4831 1613 4892 portas
1656 4820 1760 4874 ini-

195 4908 431 4965 micorum
464 4927 686 4965 suorum
736 4909 891 4980 (Cen.
941 4909 1115 4981 xxiv).
1148 4910 1278 4965 Item
1321 4921 1490 4980 porta:
1518 4914 1763 4967 doctores

198 4999 356 5055 sancti
385 5001 781 5071 intelliguntur,
808 5003 899 5073 qui
955 5002 1108 5057 nobis
1133 5004 1380 5072 aperiunt
1429 5005 1765 5074 dogmatibus

199 5091 299 5146 suis
330 5092 608 5147 introitum
634 5095 788 5164 regni
812 5094 1067 5151 caelestis.
1085 5095 1127 5149 E
1149 5095 1421 5151 contrario
1440 5110 1569 5151 vero
1596 5104 1765 5166 porta:

200 5182 399 5237 nomine
420 5181 663 5237 haeretici
696 5193 751 5236 et
788 5181 909 5239 falsi
949 5185 1195 5240 doctores
1231 5186 1626 5254 exprimuntur,
1670 5201 1766 5256 per

200 5286 321 5339 quas
349 5273 543 5342 perditi
572 5273 627 5328 in
647 5273 964 5329 Gebennam
994 5276 1217 5330 intrant.
1245 5275 1322 5330 De
1359 5276 1554 5345 quibus
1583 5276 1765 5331 Domi-

202 5374 291 5413 nus
309 5362 371 5414 ad
396 5362 614 5417 Petrum
648 5364 719 5417 ait
748 5384 759 5417 :
804 5362 883 5417 Tu
915 5382 969 5419 es
1007 5363 1221 5433 Petrus,
1249 5376 1295 5421 et
1337 5382 1490 5436 super
1511 5368 1645 5421 hanc
1668 5367 1763 5421 Pe—

201 5459 321 5502 tram
342 5454 611 5520 (ediﬁcabo
641 5454 932 5509 Ecclesiam
967 5473 1155 5527 meum.
1191 5459 1257 5511 Et
1286 5471 1447 5527 porta:
1474 5460 1628 5527 inferi
1660 5477 1760 5514 non

202 5540 530 5605 prevalebunt
560 5542 814 5610 adversus
852 5563 965 5599 eam
1001 5547 1216 5617 (Matth.
1250 5550 1382 5619 xvi).
1432 5550 1497 5603 Et
1534 5550 1762 5605 Psalmi-

204 5635 274 5680 sta
300 5647 311 5682 :
344 5629 558 5686 Emittis
590 5650 673 5687 me
700 5637 762 5689 dc
800 5638 960 5705 portis
984 5640 1186 5702 mortis,
1224 5650 1276 5691 ut
1308 5643 1610 5695 annuutiem
1653 5660 1763 5695 om-

204 5731 282 5771 nes
309 5720 479 5780 laudes
512 5736 634 5782 tuas
660 5729 713 5781 in
734 5733 894 5797 portis
929 5732 1053 5798 ﬁlia:
1089 5731 1215 5786 Sion
1246 5732 1414 5802 (I’sal.
1458 5736 1552 5805 ix).
1598 5736 1757 5790 Porta

1878 1927 1926 1971 et
1958 1918 2011 1971 in
2041 1917 2149 1987 lege
2196 1920 2288 1970 tua
2317 1917 2559 1970 miserere
2586 1916 2685 1970 mei
2734 1916 2897 1988 (Ibid.
2926 1916 2967 1988 ).
2992 1917 3058 1971 Et
3094 1918 3147 1971 in
3180 1917 3467 1973 Salomone

1879 2008 1944 2062 de
1974 2008 2260 2061 meretrice
2289 2008 2552 2077 scriptum
2607 2015 2689 2061 est
2714 2024 2727 2060 :
2770 2006 2865 2061 Via
2887 2048 2902 2071 ,
2959 2009 3155 2078 inquit,
3187 2009 3344 2078 inferi
3374 2008 3468 2063 do-

1877 2115 1992 2152 mus
2048 2098 2162 2167 ejus
2194 2094 2375 2169 (Prov.
2414 2096 2534 2166 vn).
2596 2096 2728 2151 Item
2763 2097 2971 2151 viarum
3015 2098 3235 2152 nomine
3287 2096 3469 2167 expri-

1875 2194 2135 2252 muntur,
2185 2185 2253 2240 de
2303 2184 2497 2254 quibus
2532 2184 2791 2240 Dominus
2826 2200 2922 2253 per
2976 2188 3297 2257 prophetam
3346 2187 3461 2241 ait:

1877 2276 2301 2348 Unumquernque
2320 2277 2480 2347 juxta
2509 2277 2617 2330 vias
2655 2293 2779 2330 suas
2814 2277 3082 2344 iudicabo,
3123 2277 3248 2331 dicit
3280 2277 3464 2331 Domi-

1876 2385 1971 2421 nus
1992 2368 2137 2422 Deus
2161 2351 2376 2439 (Esech.
2393 2366 2610 2437 xxxm).
2633 2367 2841 2422 Dicitur
2861 2376 3012 2421 arcta
3032 2376 3086 2421 et
3108 2376 3333 2439 angusta
3354 2367 3461 2433 via,

1874 2474 1993 2529 quae
2016 2458 2165 2513 ducit
2203 2458 2269 2513 ad
2300 2458 2504 2512 vitam:
2544 2457 2651 2511 lata
2686 2465 2741 2511 et
2778 2458 3035 2526 spatiosa,
3071 2472 3189 2525 qua:
3220 2456 3369 2511 ducit
3391 2456 3458 2511 ad

1873 2556 2105 2603 mortem
2134 2532 2351 2619 (Matth.
2379 2548 2497 2619 vn).
2528 2548 2627 2601 Via
2653 2548 2765 2601 vita
2814 2563 3075 2616 priesens,
3104 2556 3160 2601 ut
3206 2549 3259 2601 in
3287 2547 3465 2601 Evan-

1874 2640 2016 2710 gelia
2046 2658 2059 2693 :
2096 2638 2226 2692 Esto
2254 2638 2574 2693 consentiam
2623 2638 2925 2691 adversario
2957 2646 3048 2691 tuo
3076 2636 3175 2690 cito
3194 2676 3208 2703 ,
3255 2636 3381 2690 dum
3406 2652 3461 2691 es

1874 2748 1992 2785 cum
2021 2748 2080 2785 eo
2115 2730 2169 2785 in
2198 2731 2283 2785 via
2312 2729 2526 2802 (Matth.
2554 2730 2631 2801 v).
2673 2729 2791 2796 Via,
2818 2729 2939 2784 libri
2970 2729 3102 2800 legis
3134 2738 3190 2784 ct
3225 2730 3460 2799 prophe-

1874 2830 2073 2887 tarum,
2094 2829 2152 2875 ut
2178 2822 2233 2875 in
2260 2819 2493 2876 Ieremia
2522 2838 2533 2874 :
2562 2837 2715 2890 super
2743 2821 2851 2875 vias
2878 2829 3010 2874 state
3040 2828 3089 2873 et
3117 2806 3281 2874 videte
3308 2829 3356 2873 et
3378 2821 3459 2873 in-

1873 2921 2132 2983 terrogate
2160 2913 2224 2966 de
2260 2912 2455 2966 semitis
2501 2912 2752 2982 antiquis,
2778 2927 2893 2981 qua:
2933 2912 2999 2964 sit
3024 2910 3103 2964 via
3137 2910 3272 2962 bona
3323 2909 3460 2979 (Jer.

1873 3002 1971 3071 γι).
2002 3002 2238 3067 Semita,
2267 3010 2534 3071 praecepta
2560 3002 2758 3067 'divina,
2796 3009 2855 3054 ut
2900 3002 2954 3054 in
2991 2998 3244 3070 psalmo:
3280 2997 3463 3053 Deduc

1874 3110 1955 3148 me
1972 3093 2026 3148 in
2064 3095 2248 3149 semita
2268 3094 2636 3148 mandatorum
2667 3104 2876 3147 tuorum
2908 3090 3077 3164 (Psal.
3107 3091 3321 3160 cxvm).

2486 3206 2712 3263 CAPUT
2751 3206 2839 3261 IV.

2505 3277 2583 3331 De
2608 3277 2811 3346 plateis.

1942 3370 2139 3425 Platete
2187 3378 2457 3440 perpetuas
2487 3385 2549 3423 ac
2587 3370 2808 3424 latiores
2849 3370 3127 3423 civitatum
3182 3366 3281 3421 viae
3316 3372 3461 3433 sunt,

1865 3460 2018 3529 juxta
2070 3463 2453 3530 proprietatem
2481 3462 2676 3529 linguae
2704 3460 2905 3515 Grmem
2937 3475 2964 3513 a
2997 3458 3277 3512 latitudine
3312 3471 3454 3510 nun-

1871 3551 2319 3619 eupataz.Platcm
2360 3566 2487 3605 vero
2530 3551 2779 3605 similiter
2826 3548 3112 3618 aliquando
3161 3547 3217 3601 in
3263 3548 3461 3601 bonam

1870 3650 2099 3711 partem,
2131 3642 2418 3710 aliquando
2449 3640 2501 3694 in
2525 3640 2722 3693 malam
2764 3639 2953 3708 positae
2980 3637 3344 3708 reperiuntur.
3389 3634 3449 3691 In

1871 3733 2089 3797 bonam,
2112 3732 2327 3801 quando
2366 3730 2773 3800 amplitudinem
2819 3728 3153 3783 credentium
3202 3726 3257 3779 in
3287 3724 3460 3795 genti-

1870 3824 1971 3878 bus
1995 3822 2320 3893 signiﬁcant.
2356 3822 2509 3878 Unde
2567 3822 2826 3890 scriptum
2860 3826 2979 3873 est:
3014 3816 3285 3887 Sapientia
3326 3816 3460 3885 foris

1868 3912 2141 3980 prwdicat,
2174 3912 2293 3964 etin
2323 3910 2510 3979 plateis
2541 3910 2631 3962 dat
2654 3924 2825 3961 vocem
2846 3924 2997 3961 suam
3026 3905 3210 3976 (Prov.
3246 3903 3309 3974 ι).
3338 3904 3458 3958 Ali-

1868 4001 2083 4069 quando
2127 4000 2393 4070 signiﬁcat
2446 4008 2703 4053 aeternam
2745 3997 3131 4052 beatitudinem
3178 3995 3456 4049 dilatatam

1870 4099 2196 4153 sanctorum,
2218 4098 2276 4143 ut
2300 4090 2352 4143 in
2377 4089 2696 4160 Apocalypsi
2724 4108 2737 4142 :
2768 4087 2963 4141 Platea:
2995 4084 3454 4152 tuaz,Jerusalem,

1866 4194 2166 4239 sternentur
2193 4200 2324 4236 auro
2352 4184 2569 4247 mundo,
2600 4192 2647 4236 et
2674 4198 2764 4251 per
2788 4196 2962 4233 omnes
2999 4180 3135 4231 vicos
3168 4188 3286 4231 tuos
3325 4178 3455 4232 alle-

1867 4274 1978 4326 luia
2015 4272 2300 4325 cantabunt
2332 4271 2514 4343 (Apoc.
2546 4269 2681 4339 xxi).
2739 4268 2796 4322 In
2847 4265 3045 4321 malam
3081 4281 3210 4321 vero
3239 4276 3453 4335 partem

1865 4361 2042 4431 platea
2082 4360 2322 4429 ponitur,
2355 4359 2569 4429 quando
2608 4356 3014 4429 amplitudinem
3046 4354 3312 4425 signiﬁcat
3358 4370 3456 4410 saa-

1869 4450 2133 4505 cularium
2160 4449 2493 4519 voluptatum
2521 4466 2534 4502 :
2572 4447 2695 4518 quia
2739 4446 2820 4517 (ut
2850 4460 3011 4515 supra
3058 4442 3313 4514 diximus)
3346 4442 3454 4497 lata

1868 4551 1917 4595 et
1943 4543 2177 4611 spatiosa
2202 4543 2288 4597 via
2324 4552 2421 4607 est,
2438 4558 2554 4611 quw
2581 4541 2724 4593 ducit
2754 4540 2823 4593 ad
2845 4547 3061 4592 mortem
3090 4536 3307 4607 (Matth.
3329 4535 3453 4606 vn).

2495 4648 2722 4705 CAPUT
2762 4646 2828 4701 V.

2498 4720 2576 4773 De
2614 4720 2827 4772 cloacis.

1932 4819 2143 4874 Cloacar
2163 4817 2341 4882 dieue,
2372 4815 2513 4886 quod
2542 4814 2625 4867 his
2645 4813 2991 4882 percolantur
3012 4826 3184 4880 aqua}.
3216 4809 3326 4864 Has
3351 4810 3458 4880 pri-

1865 4925 2011 4964 mum
2036 4909 2224 4963 Roma:
2264 4908 2456 4962 fecisse
2493 4906 2679 4959 dicunt
2709 4904 3062 4973 Tarquinium
3099 4900 3364 4965 Priscum,
3395 4909 3457 4955 ut

1867 5000 2077 5068 quoties
2097 4998 2400 5069 pluviarum
2430 4995 2711 5050 inundatio
2732 4996 3015 5061 existeret,
3046 5007 3145 5062 per
3173 5006 3268 5047 eas
3298 4999 3453 5047 extra

1868 5091 2139 5147 civitatem
2191 5090 2587 5156 emitterentur,
2642 5105 2712 5144 ne
2763 5086 3015 5143 maximis
3068 5087 3454 5155 perpetuisque

1866 5180 2275 5252 tempestatibus
2343 5180 2620 5250 planitiem
2680 5180 2767 5234 vel
2828 5178 3176 5234 fundamenta
3237 5176 3449 5234 urbium

1863 5284 2072 5347 strages
2098 5290 2360 5345 aquarum
2384 5276 2739 5331 subverteret.

2491 5387 2716 5444 CAPUT
2754 5388 2837 5443 VI.

2554 5458 2633 5513 De
2670 5459 2805 5527 foro.

1936 5550 2107 5606 Ferus
2128 5560 2208 5607 est
2238 5551 2661 5606 exercendarum
2692 5551 2863 5604 litium
2894 5550 3065 5616 locus,
3098 5567 3127 5605 a
3160 5551 3324 5606 fando
3360 5551 3445 5607 di-

1866 5654 2005 5700 ctus.
2053 5643 2179 5699 llaec
2244 5644 2357 5699 loca
2410 5652 2463 5697 ct
2521 5652 2795 5712 prorostra
2861 5652 3162 5698 vocantur:
3197 5644 3442 5713 Ideoque,

1865 5737 2004 5806 quod
2037 5751 2101 5791 ex
2149 5736 2288 5792 bello
2335 5736 2544 5791 Punico
2591 5738 2762 5805 captis
2800 5737 3024 5791 navibus
3054 5734 3444 5805 Carthaginen-
