3922 6374
403 344 513 405 587

1044 345 1107 401 Β.
1150 344 1405 401 RABANI
1444 344 1666 402 MAURI
1700 344 2022 403 ARCHIEP.
2065 345 2373 405 MOGUNT.
2409 346 2695 405 OPERUM
2730 350 2912 407 PARS
2950 352 3014 407 ll.

3598 352 3706 413 388

402 460 545 515 sium
570 468 749 515 rostra
771 458 949 515 ablata
989 466 1132 523 sunt,
1160 468 1214 514 et
1245 460 1300 513 in
1325 458 1443 516 foro
1471 458 1720 515 Romano
1754 458 2001 529 praeﬁxa,
2031 466 2085 526 Α
2110 459 2354 515 invenire
2381 474 2487 515 non
2528 459 2689 515 valet.
2725 459 2891 528 Cujus
2917 458 3131 516 aediﬁcii
3160 463 3285 517 talis
3314 468 3398 516 est
3450 463 3614 527 situs,
3644 468 3707 517 ut

402 562 463 608 ut
490 559 638 609 esset
665 550 784 623 ejus
813 554 1022 625 insigne
1050 554 1310 609 vietor-im.

1006 665 1236 723 CAPUT
1282 665 1385 721 VII.

1053 738 1133 792 De
1170 740 1341 792 curia.

469 825 634 884 Curia
684 827 886 884 dicitur
912 844 979 885 eo
1017 830 1162 901 quod
1191 830 1266 885 ibi
1311 845 1444 886 cura
1485 842 1586 901 per
1628 837 1882 889 senatum
1930 832 2001 887 de

396 920 612 977 cunctis
642 922 1074 980 administretur.

1000 1013 1231 1069 CAPUT
1269 1012 1402 1071 VIII.

1004 1105 1083 1161 De
1122 1108 1392 1175 prwtorio.

468 1196 787 1253 Praetor-ium
824 1198 1051 1265 dictum,
1088 1200 1233 1268 quod
1264 1200 1339 1255 ibi
1366 1209 1564 1272 praetor
1611 1198 1903 1269 praesideat
1932 1198 2001 1255 ad

397 1287 821 1346 discutiendum.

1043 1383 1273 1439 CAPUT
1302 1383 1391 1437 IX.

998 1475 1079 1529 De
1113 1477 1407 1546 gymnasio.

468 1563 823 1636 Gymnasium
852 1567 1122 1636 generalis
1152 1574 1236 1622 est
1263 1566 1647 1622 exercitiorum
1683 1566 1853 1621 locus.
1891 1565 1969 1621 Ta

2106 551 2470 623 aperientibus
2500 551 2647 607 fores
2696 552 2995 607 tonitruum
3032 551 3178 607 intus
3219 552 3459 607 terribile
3512 552 3704 608 audia-

2108 654 2196 699 tur
2228 662 2243 699 :
2280 644 2630 700 descenditur
2671 645 2914 701 centenis
2942 644 3082 699 ultra
3106 646 3386 715 gradibus.
3425 645 3576 701 Intus
3626 647 3706 702 si-

2105 738 2349 793 mulacra
2385 748 2440 794 et
2479 738 2829 795 monstriﬂca
2880 738 3084 810 eﬂigies
3131 757 3143 793 :
3178 740 3232 793 in
3267 747 3455 809 partes
3503 738 3708 807 divisas

2105 834 2371 889 transitus
2399 834 2671 889 innumeri
2715 851 2812 905 per
2861 836 3135 901 tenebras,
3173 842 3228 891 et
3270 843 3489 901 caetera,
3523 837 3593 892 ad
3617 851 3707 891 er-

2103 942 2287 982 rorem
2315 927 2732 998 ingredientium
2761 928 2927 994 facta,
2968 929 3043 982 ita
3074 936 3135 983 ut
3185 929 3251 985 de
3301 929 3544 985 tenebris
3589 929 3709 1001 eius

2103 1020 2157 1075 in
2175 1022 2351 1076 lucem
2383 1022 2570 1077 venire
2596 1022 2931 1093 impossibile
2956 1022 3227 1077 videatur.
3250 1022 3496 1090 Quatuor
3520 1032 3708 1078 autem

2103 1121 2230 1169 sunt
2254 1113 2546 1183 labyrinthi
2572 1132 2584 1167 ε
2612 1114 2823 1184 primus
2859 1112 3148 1186 Egyptius
3178 1131 3191 1168 :
3228 1113 3501 1170 secundus
3522 1112 3706 1169 Creti-

2103 1220 2201 1259 cus
2228 1222 2240 1258 :
2269 1205 2462 1259 tertius
2486 1206 2539 1258 in
2565 1206 2770 1259 Lemno
2799 1224 2812 1259 :
2847 1214 3074 1275 quartus
3093 1206 3149 1260 in
3179 1206 3333 1259 Italia
3362 1225 3376 1259 :
3411 1220 3602 1260 omnes
3631 1205 3709 1259 ita

2104 1298 2399 1353 constructi
2410 1306 2488 1363 ,ut
2502 1298 2797 1354 dissolvere
2810 1314 2904 1354 eos
2917 1314 3015 1355 nec
3028 1299 3225 1355 saecula
3240 1301 3458 1371 quidem
3471 1300 3705 1370 possint.

2700 1408 2928 1465 CAPUT
2968 1410 3106 1464 XIII.

2753 1480 2831 1534 De
2869 1483 3054 1551 pltare.

2174 1572 2385 1628 Pharus
2416 1573 2585 1629 turris
2626 1580 2714 1628 est
2754 1574 3012 1640 maxima,
3051 1590 3213 1644 quam
3242 1575 3415 1632 Graeci
3438 1591 3502 1631 ac
3524 1576 3706 1633 Latini

393 1672 520 1713 men
546 1658 687 1729 apud
714 1659 957 1715 Athenas
994 1660 1147 1715 locus
1177 1667 1313 1727 erat,
1360 1659 1449 1714 ubi
1490 1659 1800 1714 discebatur
1829 1659 2003 1729 philo-
2104 1663 2159 1718 in
2186 1678 2472 1719 commune
2500 1679 2569 1720 ex
2589 1664 2759 1735 ipsius
2780 1664 2858 1718 rei
2886 1680 2985 1719 usu
3001 1664 3235 1735 pbarum
3251 1667 3661 1737 appellaverunt
3688 1685 3703 1723 :

396 1750 611 1819 sophia,
635 1759 689 1805 et
710 1752 989 1821 sapientiae
1012 1753 1374 1806 exercebatur
1395 1752 1655 1807 studium.
1681 1751 1814 1807 Nam
1829 1751 2000 1823 Gym-

2104 1768 2169 1811 eo
2196 1756 2341 1827 quod
2368 1756 2709 1811 llammarum
2726 1756 2924 1811 indicio
2947 1756 3105 1828 longe
3127 1759 3374 1814 videatur
3395 1774 3424 1813 a
3448 1760 3711 1831 navigan.

394 1844 607 1897 nasium
652 1844 841 1899 Graece
892 1853 1141 1911 vocatur,
1186 1846 1329 1914 quod
1357 1844 1549 1900 Latine
1578 1846 1895 1901 exercitium
1921 1846 2005 1900 di-
2031 1845 2079 1905 B
2109 1850 2252 1904 tibus
2297 1869 2310 1903 :
2349 1849 2564 1918 qualem
2600 1849 2926 1903 Ptolomaeus
2946 1848 3102 1917 juxta
3139 1849 3525 1905 Alexandriam
3567 1866 3705 1907 con-

392 1935 556 2001 citur,
588 1936 691 1991 hoc
724 1945 824 2001 est,
865 1938 1167 1993 meditatio.
1202 1937 1309 1993 Sed
1334 1947 1389 1993 et
1416 1939 1609 1995 balnea
1641 1949 1696 1993 et
1724 1939 1841 1994 loca
1870 1955 1993 1995 cur-

392 2040 551 2080 suum
600 2026 928 2081 athletarum
970 2029 1253 2099 gymnasia
1306 2039 1450 2093 sunt,
1499 2044 1563 2085 eo
1587 2030 1731 2099 quod
1762 2028 1872 2085 illic
1899 2029 1995 2084 ho-

392 2117 568 2175 mines
591 2120 645 2174 iu
672 2134 782 2175 sua:
808 2120 942 2175 artis
970 2122 1208 2176 studium
1229 2122 1611 2177 exercitentur.

1029 2233 1257 2291 CAPUT
1296 2234 1363 2289 X.

1006 2304 1083 2359 De
1116 2306 1385 2376 capitolia.

466 2393 789 2467 Capitolium
830 2394 1019 2451 Romae
1050 2407 1321 2463 vocatum,
1352 2398 1496 2467 quod
1540 2397 1703 2453 fuerit
1736 2399 1997 2455 Romanae

394 2484 546 2540 urbis
570 2493 625 2541 et
650 2486 927 2558 religionis
954 2496 1115 2557 caput
1153 2504 1446 2543 summum.
1474 2490 1580 2545 Alii
1609 2490 1796 2545 dicunt
1824 2510 1836 2545 :
1862 2491 1998 2545 Tar-

394 2576 613 2647 quinius
630 2577 851 2633 Priscus
872 2574 1000 2633 dum
1015 2579 1255 2649 capitolii
1283 2579 1635 2635 fundamenta
1660 2581 1846 2636 Romae
1870 2597 1997 2653 ape-

392 2668 549 2734 riret,
586 2668 638 2723 in
671 2668 790 2725 loco
831 2669 1169 2726 fundamenti
1196 2674 1616 2743 caputhominis
1639 2674 1836 2729 litteris
1864 2674 1998 2729 Tus-

392 2762 473 2817 cis
504 2768 749 2819 notatum
788 2761 1035 2818 invenit:
1079 2772 1135 2817 et
1176 2765 1403 2835 proinde
1450 2765 1775 2837 Capitolium
1808 2768 1993 2839 appel-

390 2851 543 2909 lavit.

1013 2946 1241 3004 CAPUT
1278 2947 1371 3004 XI.

1018 3038 1095 3093 De
1136 3041 1369 3095 arcibus.

464 3126 636 3185 Arces
684 3138 810 3185 sunt
850 3143 1036 3201 partes
1063 3133 1218 3188 urbis
1267 3132 1497 3190 excelsae
1536 3141 1701 3205 atque
1748 3137 1991 3193 munitae.

394 3219 535 3275 Nam
582 3237 916 3293 quaecunque
948 3222 1220 3278 tutissima
1255 3224 1467 3279 urbium
1496 3238 1641 3293 sunt,
1666 3228 1733 3282 ab
1759 3230 1995 3285 arcendo
2022 3214 2069 3279 C

394 3313 607 3368 hostem
652 3329 806 3369 arces
854 3324 1135 3381 vocantur,
1169 3324 1224 3370 et
1250 3330 1412 3371 arcus
1445 3326 1501 3371 et
1530 3333 1674 3372 arca.
1707 3318 1819 3372 Arx
1848 3321 1994 3374 enim

393 3406 685 3481 aliquando
716 3405 985 3476 signiﬁcat
1032 3407 1363 3463 mundanam
1392 3410 1710 3478 potentiam,
1744 3418 1838 3463 aut
1889 3423 1994 3465 sae-

394 3500 636 3556 cularem
688 3499 1012 3571 sapientiam
1048 3519 1059 3553 :
1095 3500 1385 3570 aliquando
1440 3516 1569 3556 vero
1609 3501 1822 3556 culmen
1852 3515 1994 3556 verae

393 3593 695 3666 sapientiae,
743 3600 797 3646 et
828 3592 1203 3647 celsitudinem
1246 3595 1525 3648 virtutum.
1574 3593 1727 3649 Unde
1775 3594 1989 3664 legitur,

395 3684 539 3759 quod
568 3682 739 3737 David
765 3684 1157 3753 expugnaverit
1198 3700 1379 3741 arcem
1412 3685 1564 3751 Sion,
1595 3685 1873 3741 Jebusaeos
1911 3686 1993 3739 in-

396 3777 463 3831 de
495 3772 787 3845 expellens,
816 3782 872 3828 et
894 3772 1118 3843 ejiciens
1140 3774 1207 3829 de
1227 3790 1291 3829 ea
1337 3790 1516 3831 cmcos
1545 3784 1599 3830 et
1626 3776 1867 3841 claudos,
1900 3775 1993 3845 qui

394 3867 652 3922 odiebant
680 3866 919 3920 animam
946 3866 1135 3929 David,
1168 3875 1223 3919 et
1264 3867 1539 3920 vocaverit
1567 3881 1688 3920 eam
1736 3868 1991 3939 deinceps

392 3957 669 4014 civitatem
716 3957 905 4011 David.
937 3956 1073 4024 Quia
1124 3956 1375 4012 Salvator
1407 3964 1593 4012 noster
1627 3958 1692 4011 de
1748 3959 1990 4029 gentium

391 4046 738 4103 multitudine
766 4046 850 4100 vel
884 4046 950 4100 de
979 4046 1218 4115 qualibet
1244 4048 1427 4101 anima
1472 4048 1735 4117 malignos
1766 4050 1990 4119 spiritus

392 4139 635 4209 ejiciens,
663 4140 766 4194 sibi
794 4154 891 4209 per
916 4139 1367 4195 illuminatiouem
1395 4141 1675 4210 sapientia:
1711 4141 1944 4196 illustrat
1974 4160 1987 4195 :

396 4233 593 4287 merito
618 4246 714 4285 arx
746 4228 898 4295 Sion,
930 4229 983 4283 id
1013 4239 1117 4294 est,
1138 4230 1424 4300 speculatio
1455 4240 1501 4284 et
1530 4232 1657 4285 visio
1688 4232 1853 4301 pacis,
1875 4233 1990 4301 ipsa

392 4331 519 4377 tunc
548 4320 852 4385 vocabitur,
884 4330 1048 4391 atque
1078 4322 1143 4375 de
1166 4336 1228 4375 ea
1261 4329 1386 4375 tunc
1437 4329 1584 4376 recte
1629 4337 1727 4392 per
1761 4321 1988 4391 Psalmi-

392 4424 534 4472 stam
552 4415 749 4472 dicitur
775 4432 788 4468 :
820 4413 996 4471 Notus
1022 4415 1283 4469 inludwa
1299 4416 1461 4481 Deus,
1478 4418 1533 4472 in
1555 4417 1725 4472 Israel
1739 4435 1991 4489 magnum

392 4524 581 4566 nomen
610 4507 744 4581 ejus,
768 4516 815 4560 el
856 4506 1028 4575 [actus
1053 4515 1127 4561 est
1162 4508 1215 4559 in
1268 4524 1395 4575 pace
1425 4507 1569 4561 locus
1600 4510 1733 4577 ejus,
1762 4520 1809 4563 et
1840 4511 1989 4566 habi-

391 4600 521 4655 tatio
552 4600 665 4669 ejus
690 4599 741 4651 in
771 4598 901 4653 Sion
930 4595 1103 4667 (I’sal.
1141 4596 1327 4668 Lxxv).
1356 4598 1574 4652 Circum
1625 4600 1855 4653 Romani
1903 4601 1989 4653 di-

391 4700 539 4745 ctum
577 4698 767 4757 putant
796 4705 823 4763 a
860 4688 1092 4743 circuitu
1120 4704 1410 4759 equorum,
1431 4704 1496 4746 co
1518 4692 1658 4760 quod
1682 4692 1754 4745 ibi
1783 4692 1989 4746 circum

393 4790 571 4835 metas
623 4780 747 4849 equi
809 4789 1048 4833 currant.
1106 4779 1403 4835 Theatrum
1449 4789 1628 4835 autem
1675 4782 1743 4834 ab
1780 4790 1991 4851 specta-

392 4876 513 4931 culo
543 4874 907 4941 nominatum,
938 4874 1082 4943 quod
1118 4874 1173 4927 in
1209 4890 1274 4930 co
1311 4874 1539 4947 pOpqus
1570 4885 1721 4931 stans
1760 4876 1991 4947 desuper

394 4974 555 5039 atque
580 4974 831 5036 spectans
864 4964 1018 5023 ludos
1051 4967 1296 5022 scenicos
1329 4967 1807 5030 contemplaretur.

1004 5074 1233 5137 CAPUT
1270 5077 1385 5132 XII.

936 5146 1013 5201 De
1045 5148 1451 5218 amphitheatro.

462 5236 941 5308 Amphitheatrum
974 5252 1103 5293 vero
1147 5250 1404 5296 vocatum
1431 5282 1445 5310 ,
1503 5241 1645 5313 quod
1684 5256 1751 5297 ex
1780 5242 1991 5299 duobus

394 5327 468 5384 sit
506 5327 735 5383 theatris
784 5328 1161 5398 compositum.
1205 5330 1339 5385 Nam
1387 5332 1856 5402 Amphitheatrum
1896 5348 1985 5387 ro-

398 5422 628 5477 tundum
656 5430 740 5477 est
773 5439 785 5475 :
825 5422 1097 5477 theatrum
1130 5438 1259 5479 vero
1279 5438 1347 5476 ex
1390 5425 1565 5479 medio
1601 5426 1987 5495 amphitheatri

400 5525 501 5579 cst,
522 5514 848 5571 semicirculi
872 5514 1100 5585 figuram
1122 5514 1344 5570 habens.
1369 5515 1733 5586 Labyrinthus
1752 5526 1833 5573 est
1859 5534 1986 5588 per-

401 5608 617 5677 plexum
665 5609 959 5677 parietibus
1008 5609 1318 5675 aediﬁcium,
1347 5609 1519 5679 qualis
1564 5620 1649 5665 est
1681 5613 1818 5681 apud
1854 5611 1987 5665 Cre-

403 5711 516 5759 tam
539 5720 569 5759 a
602 5704 817 5759 Daulalo
848 5704 1037 5768 factus,
1066 5708 1155 5761 ubi
1211 5706 1309 5759 fuit
1352 5706 1687 5759 Minotaurus
1730 5706 1985 5769 inclusus,

408 5795 462 5852 in
492 5810 599 5868 quo
627 5796 673 5851 si
698 5797 818 5868 quis
862 5796 1129 5852 introierit
1168 5839 1174 5851 .
1221 5798 1337 5851 sine
1371 5799 1608 5865 glomere
1654 5797 1748 5851 lini
1789 5799 1991 5853 exitum

2100 1940 2367 1995 struxisse
2398 1940 2725 2010 octingentis
2748 1938 2966 1993 talentis
2989 1938 3242 1993 traditur.
3266 1939 3404 1995 Usus
3433 1941 3551 2011 ejus
3586 1949 3705 2007 est,

2101 2039 2367 2085 nocturno
2398 2030 2616 2083 navium
2643 2044 2808 2084 cursu
2850 2029 3001 2098 ignes
3042 2030 3330 2085 ostendere
3350 2031 3425 2097 ad
3453 2045 3708 2100 praenun-

2100 2120 2281 2174 tianda
2308 2118 2672 2190 [declinanda]
2689 2118 2848 2184 vada,
2897 2125 3195 2188 portusque
3222 2120 3499 2186 introitus,
3525 2122 3708 2176 necle-

2100 2209 2242 2278 cepti
2266 2209 2504 2264 tenebris
2528 2208 2847 2280 navigantes
2887 2209 2942 2263 in
2970 2209 3220 2279 scopulos
3252 2211 3513 2266 incidant.
3564 2211 3708 2268 Nam

2097 2298 2426 2356 Alexandria
2460 2300 2747 2356 fallacibus
2799 2301 2953 2356 vadis
2993 2301 3286 2358 insidiosos
3311 2318 3566 2359 accessus
3602 2304 3707 2359 ha-

2096 2390 2211 2446 bet.
2244 2390 2381 2447 Ilinc
2412 2406 2541 2463 ergo
2572 2394 2627 2446 in
2674 2393 2923 2463 portibus
2960 2394 3244 2449 machinas
3275 2395 3343 2450 ad
3390 2394 3706 2464 perlucendi

2098 2483 2461 2539 ministerium
2494 2483 2792 2539 fabricatas
2818 2487 3021 2553 pharos
3047 2486 3254 2541 dicunt.
3288 2486 3427 2542 Nam
3443 2488 3585 2559 pbos
3610 2488 3707 2544 lux

2099 2587 2204 2645 est,
2236 2578 2412 2632 orasis
2440 2578 2579 2632 visio
2601 2579 2818 2633 dicitur.
2853 2579 3004 2634 Unde
3028 2588 3082 2635 et
3106 2580 3299 2635 lucifer
3322 2580 3511 2637 Graece
3537 2584 3708 2653 phos-

2098 2670 2302 2740 pboros
2322 2668 2642 2739 appellatur.
2672 2669 2916 2724 Cocbleae
2939 2678 3065 2724 sunt
3088 2671 3211 2726 altae
3239 2680 3293 2725 et
3322 2674 3569 2727 rotunda:
3592 2683 3707 2729 tur-

2098 2778 2207 2829 res,
2236 2771 2291 2817 et
2320 2762 2476 2816 dicta:
2502 2761 2760 2827 cochleae,
2792 2763 2944 2831 quasi
2972 2764 3169 2833 cycleae
3200 2764 3285 2819 vel
3315 2765 3527 2830 circuli,
3558 2768 3707 2835 quod

2098 2852 2155 2907 in
2190 2852 2289 2918 eis,
2325 2859 2579 2921 tanquam
2608 2866 2705 2921 per
2735 2851 2998 2906 circulum
3024 2853 3344 2923 orbemque,
3373 2858 3685 2910 consccnda

2099 2952 2187 2998 tur
2216 2964 2230 2999 :
2265 2944 2442 3013 qualis
2465 2952 2560 3010 .est
2590 2944 2774 2999 Romae
2817 2950 3038 2998 centum
3085 2947 3429 3019 septuaginta
3460 2947 3706 3018 quinque

2096 3036 2316 3108 pedum.

2698 3127 2928 3184 CAPUT
2967 3131 3108 3187 XIV.

2718 3220 2797 3275 De
2836 3222 3072 3276 thermis.

2170 3314 2419 3371 Thermae
2473 3315 2780 3388 appellatae,
2833 3317 2979 3387 quod
3042 3316 3273 3373 caleant.
3328 3315 3505 3373 Graeci
3556 3318 3706 3373 enin

2098 3408 2351 3464 thermon
2378 3408 2617 3463 calorem
2645 3416 2863 3463 vocant.

2708 3497 2937 3554 CAPUT
2976 3496 3087 3552 XV.

2720 3588 2799 3644 De
2839 3588 3055 3644 balneis.

2165 3687 2381 3742 Balneis
2417 3699 2546 3741 vero
2576 3699 2771 3741 nomen
2799 3683 3029 3738 inditum
3061 3698 3091 3737 a
3118 3683 3391 3738 lavatione
3420 3682 3700 3737 maeroris.

2096 3775 2232 3829 Nam
2251 3774 2425 3829 Graeci
2453 3773 2736 3829 balaneion
2769 3773 3042 3837 dixerunt,
3061 3773 3201 3842 quod
3230 3772 3561 3825 anxietatem
3586 3771 3705 3825 aui-

2096 3867 2170 3921 mi
2198 3865 2366 3921 tollat.
2400 3865 2526 3922 Haec
2552 3872 2606 3921 et
2638 3864 2916 3935 gymnasia
2938 3863 3210 3926 dicuntur,
3226 3862 3354 3930 quia
3382 3861 3453 3914 ibi
3478 3861 3704 3916 athleta:

2095 3968 2258 4015 uncto
2298 3971 2523 4029 corpore
2573 3965 2629 4010 et
2664 3955 2956 4027 perfricato
2996 3954 3245 4009 manibus
3287 3954 3698 4009 exercitantur:

2094 4052 2230 4106 Nam
2271 4050 2612 4121 gymnasium
2660 4047 2869 4117 Graece,
2902 4047 3093 4110 Latine
3128 4047 3448 4104 exercitium
3470 4046 3701 4115 dicitur,

2096 4144 2237 4197 sicut
2265 4157 2426 4211 supra
2460 4140 2814 4196 ostendimus.

2708 4230 2940 4289 CAPUT
2981 4230 3119 4285 XVI.

2668 4322 2745 4377 De
2788 4323 3113 4393 apodyterio.

2160 4418 2573 4490 Apodyterium,
2600 4416 2689 4470 ubi
2720 4416 3015 4470 lavantium
3044 4413 3368 4469 vestimenta
3391 4421 3694 4484 ponuntur,

2095 4511 2163 4565 ab
2201 4510 2448 4573 exuendo
2474 4508 2680 4564 scilicet
2706 4507 2952 4565 dictam:
2995 4505 3261 4574 apoduein
3306 4505 3450 4559 enim
3502 4504 3697 4560 Graece

2094 4616 2293 4657 exuere
2314 4600 2529 4656 dicitur.
2560 4600 2762 4667 Popina
2784 4597 3003 4651 Graecus
3034 4611 3213 4651 sermo
3232 4605 3315 4652 est
3341 4637 3355 4663 ,
3401 4595 3494 4666 qui
3549 4596 3697 4666 apud

2097 4710 2197 4746 nos
2224 4699 2479 4759 corrupte
2505 4688 2733 4758 pr0pina
2759 4686 2978 4741 dicitur.
3026 4685 3123 4739 Est
3150 4696 3328 4739 autem
3358 4686 3509 4747 locus
3533 4685 3699 4754 juxta

2095 4784 2288 4839 balnea
2318 4781 2549 4851 publica,
2600 4779 2690 4832 ubi
2719 4785 2841 4848 post
2870 4776 3147 4830 lavacrum
3176 4790 3207 4830 a
3234 4774 3375 4830 fame
3398 4785 3451 4829 et
3480 4776 3573 4830 siti
3608 4792 3701 4832 re-

2097 4876 2374 4931 ficiuntur.
2393 4873 2547 4930 Unde
2573 4880 2627 4926 et
2650 4870 2878 4941 propina
2901 4876 2955 4923 et
2975 4869 3264 4939 propinare
3288 4868 3701 4926 dicitur.Peina

2097 4966 2243 5022 enim
2273 4964 2458 5019 Graece
2496 4961 2696 5017 famem
2740 4945 3046 5031 signiﬁcat,
3096 4974 3161 5014 eo
3207 4958 3353 5030 quod
3390 4958 3480 5015 hic
3534 4959 3701 5018 locus

2099 5060 2297 5115 famem
2329 5057 2497 5113 tollat.

2670 5146 2897 5205 CAPUT
2934 5147 3092 5204 XVII.

2684 5241 2761 5295 De
2802 5240 3052 5297 tabernis.

2164 5334 2423 5390 Tabernae
2445 5332 2575 5387 olim
2595 5330 3179 5387 vocabanturazdicuIae
3204 5330 3538 5401 plebeiorum
3559 5347 3695 5403 par-

2089 5444 2171 5484 vae
2218 5436 2273 5484 et
2318 5425 2592 5497 simplices
2638 5425 2692 5479 in
2724 5424 2876 5491 vicis,
2917 5425 3108 5479 axibus
3136 5423 3219 5478 vel
3250 5424 3495 5480 vectibus
3522 5433 3577 5479 et
3604 5434 3693 5480 ta-

2089 5521 2229 5577 bulis
2263 5522 2460 5576 clausaa
2487 5538 2499 5572 :
2526 5520 2668 5573 unde
2705 5530 2759 5574 et
2783 5518 3124 5582 tabernarize,
3152 5518 3295 5587 quod
3324 5518 3396 5575 ibi
3437 5518 3693 5575 solebant

2091 5614 2401 5669 consedere.
2433 5612 2597 5666 Dictac
2634 5619 2813 5664 autem
2866 5612 3140 5671 tabernaa,
3187 5611 3331 5679 quod
3389 5625 3454 5665 ex
3482 5609 3690 5667 tabulis

2094 5706 2359 5777 [ignisque
2380 5715 2533 5761 erant
2569 5712 2895 5759 constructa!
2922 5721 2935 5757 :
2965 5720 3082 5773 qua:
3112 5720 3253 5759 nunc
3292 5706 3393 5759 etsi
3424 5718 3531 5758 non
3551 5716 3657 5760 sue

2095 5798 2254 5863 ciem,
2290 5814 2481 5852 nomen
2521 5806 2699 5851 tamen
2728 5796 3013 5863 pristinum
3047 5796 3293 5849 retinent.
