3922 6380
174 374 277 432 589

774 487 1020 551 CAPUT,
1036 485 1217 542 XVIII.

820 579 897 633 De
931 576 1169 635 macello.

251 669 546 726 Macellum
574 669 800 736 dictum,
827 669 971 739 quod
997 669 1068 723 ibi
1092 674 1397 723 mactentur
1420 679 1640 735 pecora,
1663 679 1781 733 quae

189 761 560 818 mercantibus
596 763 992 817 venundantur.
1025 757 1321 813 Mercatum
1346 765 1527 811 autem
1573 771 1602 809 a
1628 770 1779 809 com-

192 853 394 908 mercio
424 852 786 908 nominatum.
818 849 895 905 lbi
940 864 1027 905 res
1058 850 1293 903 vendere
1335 847 1419 901 vel
1446 860 1629 901 emere
1659 847 1782 901 soli-

193 952 304 998 :um
332 950 455 997 est:
488 943 631 999 sicut
679 949 734 997 et
761 940 1029 996 teloneum
1055 939 1272 1003 dicitur,
1303 938 1395 992 ubi
1444 952 1652 992 merces
1681 954 1779 991 na-

192 1033 359 1098 vium,
389 1042 447 1089 et
469 1041 757 1088 nautarum
787 1031 1151 1087 emolumenta
1179 1028 1496 1085 redduntur.
1523 1028 1600 1082 lbi
1635 1030 1781 1084 enim

187 1123 468 1195 vectigalis
497 1132 721 1179 exactor
764 1123 933 1187 sedet,
967 1122 1204 1193 pretium
1238 1121 1400 1177 rebus
1422 1120 1779 1189 impositurus

187 1222 243 1267 et
263 1229 397 1271 voce
424 1229 455 1269 a
478 1212 868 1271 mercatoribus
896 1211 1164 1280 ﬂagitans.

767 1323 993 1381 CAPUT
1056 1323 1194 1379 XIX.

799 1396 877 1450 De
914 1412 1139 1449 carcere.

256 1491 463 1547 Carcer
499 1501 620 1556 est,
671 1505 705 1548 a
737 1504 846 1558 quo
890 1486 1244 1557 prohibemur
1268 1487 1460 1561 exire:
1498 1496 1555 1542 et
1606 1486 1779 1543 dictus

183 1598 376 1639 carcer
418 1599 450 1638 a
500 1581 823 1639 coercendo.
874 1578 1075 1634 Carcer
1117 1575 1270 1644 juxta
1326 1577 1636 1647 allegoriam
1686 1577 1783 1633 ali-

183 1676 407 1747 quando
465 1674 733 1745 signiﬁcat
763 1670 1172 1727 tribulationem
1217 1671 1501 1740 praesentis
1532 1672 1654 1727 vitae
1690 1671 1780 1725 ubi

181 1766 518 1823 tribulantur
540 1766 697 1821 electi
745 1765 813 1820 ad
864 1772 1091 1832 tempus,
1125 1763 1190 1817 de
1225 1778 1335 1832 quo
1365 1763 1633 1832 Propheta
1666 1764 1776 1818 ait;

1168 374 1256 432 DE
1294 368 1643 431 UNIVERSO
1682 366 1858 421 LIBRI
1898 366 2059 420 XXII.
2101 398 2171 407 —
2208 369 2334 424 LIB.
2374 370 2513 427 XIV.

3365 368 3473 435 5εο

1809 484 1856 543 Α
1885 477 2033 531 Atria
2081 479 2225 531 enim
2259 491 2350 532 aut
2380 490 2624 535 sanctam
2651 480 2948 536 Ecclesiam
2978 482 3284 553 signiﬁcant
3308 520 3326 550 ,
3377 491 3475 540 aut

1885 569 2162 625 introitum
2200 570 2341 625 ﬁdei.
2379 570 2531 626 Unde
2587 573 2847 642 scriptum
2902 576 3015 628 eat:
3062 573 3275 629 Stantes
3323 584 3474 630 erant

1882 660 2034 729 pedes
2062 662 2227 715 nostri
2258 661 2311 713 in
2344 661 2492 715 atriis
2519 666 2639 729 tuis,
2670 662 2967 717 Jerusalem
3016 662 3225 735 (Ibid.).
3253 662 3474 735 Signiﬁ-

1883 756 1971 804 cat
2001 750 2145 804 enim
2178 763 2291 815 eos,
2324 749 2415 819 qui
2446 748 2559 818 jam
2612 752 2667 805 in
2712 751 3080 821 penetralibus
3135 761 3261 807 sunt
3286 753 3476 810 Eccle-

1883 842 1995 906 sire,
2016 841 2129 897 sive
2155 841 2246 911 qui
2274 842 2549 912 ingressus
2574 830 2664 899 vel
2705 858 2953 913 egressus
2990 859 3108 900 esse
3137 856 3471 902 meruerunt.

1886 936 2209 993 Thalamum
2236 937 2341 992 hac
2365 954 2434 994 ex
2473 953 2640 993 causa
2670 948 2915 999 vocatum
2944 940 3146 999 ferunt.
3172 939 3304 997 Cum
3327 943 3474 997 enim

1884 1038 2052 1097 rapta:
2078 1027 2311 1088 fuissent
2341 1044 2372 1082 a
2414 1029 2673 1085 Romanis
2726 1030 2941 1087 Sabinae
2965 1071 2980 1095 ,
3030 1047 3097 1089 ex
3126 1033 3322 1102 quibus
3353 1048 3477 1088 cum

1882 1135 1989 1174 una
2013 1128 2140 1179 ante
2170 1121 2305 1177 alias
2332 1122 2510 1190 specie
2536 1121 2731 1177 nobilis
2750 1138 2874 1177 cum
2903 1138 3101 1194 magna
3120 1124 3476 1187 admiratione

1884 1211 2125 1268 omnium
2154 1220 2456 1281 raperetur,
2493 1211 2811 1269 Thalamoni
2838 1214 2959 1275 duci
2990 1210 3112 1271 eam
3141 1217 3363 1272 oraculo
3392 1233 3481 1273 re-

1884 1318 2141 1371 sponsum
2170 1312 2251 1357 est
2274 1304 2410 1358 dari.
2437 1302 2505 1359 Et
2532 1305 2805 1372 quomodo
2831 1304 3135 1379 {quoniam}
3165 1309 3249 1363 hae
3276 1311 3479 1380 nuptiae

1883 1392 2118 1447 feliciter
2151 1401 2461 1459 cesserant,
2508 1395 2815 1457 institutum
2858 1406 2979 1463 est,
3028 1408 3087 1453 ut
3122 1400 3175 1453 in
3224 1402 3479 1458 omnibus

1884 1484 2089 1553 nuptiis
2125 1484 2347 1540 thalami
2373 1500 2571 1541 nomen
2594 1487 2838 1543 iteretur.
2863 1488 3108 1560 Egyptii
3130 1507 3345 1562 quoque
3370 1492 3474 1547 Iin-

1884 1588 1986 1643 gua
2003 1589 2096 1628 sua
2114 1573 2251 1639 loca,
2269 1575 2324 1630 in
2352 1574 2547 1645 quibus
2568 1577 2828 1636 nubentes
2856 1582 3153 1637 sucéedunt
3174 1589 3229 1637 et
3254 1580 3480 1650 cubant,

1886 1667 2179 1723 thalamum
2232 1669 2536 1724 nominant.
2571 1670 2862 1727 Thalamus
2899 1689 3029 1745 ergo
3080 1677 3309 1748 mystice
3354 1686 3476 1731 utea

1885 1773 2004 1811 rum
2036 1766 2236 1813 sancta:
2274 1758 2455 1815 Mariae
2480 1759 2705 1831 virginis
2751 1762 3043 1833 signiﬁcat,
3071 1766 3127 1819 in
3152 1782 3258 1835 quo
3284 1776 3480 1823 natura

183 1858 343 1913 Educ
372 1859 436 1912 de
478 1872 684 1911 carcere
706 1855 937 1910 animam
985 1870 1154 1911 meam
1196 1852 1266 1906 ad
1308 1852 1657 1914 conﬁtendum
1693 1870 1786 1907 no-
1814 1845 1862 1904 B
1891 1860 2073 1908 nostra
2105 1852 2395 1920 conjuncta
2419 1861 2503 1909 est
2532 1853 2710 1910 Verbo
2730 1856 2826 1910 Dei
2848 1898 2862 1921 ,
2887 1848 3125 1921 hocest,
3151 1866 3337 1914 sancta
3370 1859 3481 1923 Ec-

182 1952 319 2005 mim'
350 1961 441 2004 tuo
473 1948 647 2020 (Psal.
678 1946 857 2017 CXLI):
895 1945 1187 2015 aliquando
1218 1945 1518 2002 custodiam
1565 1945 1782 2010 inferni,

180 2049 247 2097 ut
274 2051 361 2096 est
384 2041 514 2095 illud
546 2040 600 2095 in
646 2037 938 2108 Evangelia
970 2054 983 2089 :
1013 2035 1191 2089 Judex
1236 2036 1413 2091 tradat
1445 2044 1492 2089 te
1522 2036 1783 2102 ministro,

180 2135 312 2189 etin
341 2146 605 2188 carcerem
643 2114 892 2193 mittaris,
925 2136 979 2182 et
1019 2125 1227 2195 reliqua
1261 2123 1477 2196 (Matth.
1506 2124 1583 2196 v).

810 2239 1037 2296 CAPUT
1078 2239 1196 2293 XX.

754 2310 832 2365 De
880 2309 1211 2365 habitaculis.

258 2405 541 2463 Habitatio
576 2405 644 2461 ab
665 2402 917 2459 habendo
940 2401 1024 2457 vel
1048 2403 1343 2458 habitando
1370 2410 1583 2469 vocata,
1609 2410 1668 2457 ut
1690 2404 1788 2457 ha-

178 2501 366 2560 bitare
397 2514 574 2555 casas.
628 2498 830 2551 Domus
856 2511 925 2551 ex
948 2494 1137 2553 Graeca
1189 2496 1548 2565 appellatione
1570 2505 1783 2553 vocata.

179 2598 327 2653 Nam
366 2600 587 2652 domata
625 2592 798 2648 Graeci
825 2599 971 2647 tecta
999 2591 1209 2645 dicunt.
1260 2590 1357 2645 Est
1384 2598 1566 2645 autem
1596 2592 1788 2645 domus

179 2694 352 2748 unius
386 2691 606 2747 familia:
658 2687 923 2743 habitatio
948 2726 963 2752 ,
1015 2686 1157 2741 sicut
1190 2684 1341 2739 urbis
1374 2684 1535 2739 unius
1581 2684 1784 2754 pOpuIi,

181 2785 333 2841 sicut
358 2782 519 2838 Orbis
539 2778 869 2835 domicilium
901 2778 1070 2831 totius
1089 2776 1304 2846 generis
1336 2776 1577 2829 humani.
1614 2774 1789 2830 Omne

181 2872 481 2928 aediﬁcium
511 2870 717 2939 antiqui
746 2869 915 2923 (edem
944 2865 1373 2937 appellaverunt.
1391 2864 1495 2917 Alii
1522 2864 1689 2919 aedem
1719 2864 1786 2919 ab

183 2963 403 3021 edendo
434 2962 653 3033 quidem
685 2958 982 3029 sumpsisse
1010 2972 1207 3015 nomen
1234 2957 1569 3020 existimant,
1596 2955 1788 3010 dantes

184 3054 503 3123 exemplum
535 3052 601 3106 de
633 3051 823 3105 Plauto
854 3068 866 3103 :

321 3148 372 3196 Si
402 3157 649 3195 vocsssem
674 3156 761 3193 vos
780 3143 830 3191 in
852 3142 1011 3191 aedem
1036 3141 1093 3189 ad
1115 3139 1386 3203 prandium.

1890 1943 2051 1999 clesia
2082 1943 2301 2001 Christo
2336 1945 2475 2001 Filio
2504 1945 2597 1999 Dei
2624 1946 2875 2016 copulata
2896 1955 3016 2002 est:
3052 1949 3135 2004 vel
3164 1952 3327 2006 corda
3353 1966 3481 2005 san~

1888 2042 2121 2098 ctorum,
2161 2035 2216 2088 in
2250 2034 2447 2103 quibus
2473 2035 2652 2091 anima
2678 2050 2774 2105 per
2802 2052 3041 2093 amorem
3072 2053 3269 2108 sponso
3293 2040 3482 2096 invisi-

1886 2122 1980 2176 bili
2001 2122 2261 2194 jungitur,
2291 2133 2349 2177 ut
2389 2124 2512 2194 ejus
2536 2124 2804 2179 desiderio
2829 2126 3036 2193 ardeat,
3068 2127 3322 2198 nullaque
3340 2128 3475 2198 jam,

1888 2229 2006 2283 quae
2038 2216 2089 2268 in
2137 2215 2337 2269 mundo
2384 2224 2549 2283 sunt,
2604 2217 2954 2286 concupiscat
2982 2237 2994 2293 ς
3026 2222 3308 2290 praesentis
3354 2223 3481 2278 vita;

1886 2305 2273 2376 longitudinem
2300 2321 2516 2377 pmnam
2542 2308 2785 2378 deputet,
2808 2311 2959 2368 exire
2982 2310 3221 2379 festinet,
3246 2321 3308 2368 et
3334 2329 3483 2369 amo-

1887 2398 1964 2453 ris
1998 2397 2247 2466 amplexu
2300 2398 2353 2453 in
2403 2398 2642 2455 caelestis
2677 2402 2864 2471 sponsi
2894 2402 3100 2457 visione
3140 2406 3484 2474 requiescere

1889 2487 2181 2551 desideret.
2218 2486 2568 2546 Coenaculum
2631 2491 2841 2546 dictum
2881 2508 2914 2547 a
2957 2496 3340 2551 communione
3390 2511 3484 2553 ve-

1890 2578 2095 2634 scendi.
2115 2577 2268 2633 Unde
2284 2588 2339 2634 et
2362 2580 2689 2647 emnobium,
2709 2586 3067 2654 congregatio.
3099 2586 3319 2657 Antiqui
3340 2589 3485 2645 enim

1888 2668 2102 2738 publice
2130 2677 2185 2724 et
2211 2670 2270 2727 in
2294 2683 2581 2729 commune
2606 2674 2962 2729 vescebantur
2986 2695 2998 2730 :
3034 2691 3134 2733 nec
3163 2678 3326 2734 ullius
3354 2696 3482 2736 con-

1889 2762 2088 2819 vivium
2120 2764 2394 2834 singulare
2419 2774 2553 2828 erat,
2581 2780 2647 2820 ne
2670 2768 2723 2821 in
2744 2769 2956 2823 occulto
2984 2770 3192 2826 deliciae
3215 2772 3485 2829 luxuriam

1889 2855 2191 2924 gignerent.
2226 2853 2579 2910 Cmnaculum
2607 2872 2735 2929 ergo
2784 2860 3052 2930 signiﬁcat
3091 2871 3348 2923 sanctam
3376 2847 3483 2919 Ec-

1892 2945 2111 3001 clesiam
2145 2987 2160 3013 ,
2210 2946 2264 2999 in
2294 2962 2399 3016 qua
2427 2946 2677 3003 Christus
2706 2953 3028 3021 mysterium
3052 2955 3321 3022 passionis
3354 2970 3488 3024 suae,

1892 3044 1948 3091 et
1977 3048 2379 3094 sacramentum
2406 3042 2650 3108 corporis
2698 3052 2753 3096 et
2807 3045 3089 3114 sanguinis
3140 3048 3221 3102 sui
3266 3048 3487 3117 dicavit,

1892 3141 1995 3182 nec
2025 3143 2131 3182 non
2160 3137 2213 3184 et
2241 3129 2333 3184 ubi
2365 3128 2601 3198 Spiritus
2627 3139 2847 3188 sanctus
2878 3134 2930 3187 in
2955 3138 3134 3204 specie
3165 3138 3304 3208 ignis
3329 3154 3492 3210 super

184 3232 336 3287 Hinc
360 3228 752 3307 et_a:diﬁcium,
782 3243 847 3282 eo
887 3228 1027 3296 quod
1056 3225 1220 3279 fuerit
1248 3226 1399 3295 prius
1426 3225 1491 3280 ad
1520 3224 1786 3279 edendum
1812 3228 1857 3291 ρ
1890 3229 2111 3276 centum
2136 3222 2327 3291 viginti
2356 3223 2658 3289 credentes,
2690 3232 2744 3279 et
2772 3226 3047 3280 variarum
3077 3227 3381 3301 linguarum
3411 3233 3489 3288 lo-

187 3323 420 3377 l‘actum.
475 3321 674 3374 Domus
725 3332 854 3373 caro
905 3315 1202 3369 Salvatoris
1250 3322 1525 3383 assumpta
1566 3315 1621 3369 in
1664 3328 1791 3368 san-

186 3420 287 3468 cta
325 3410 590 3473 Ecclesia,
614 3409 754 3463 utin
782 3405 1108 3461 Salomone:
1151 3402 1419 3473 Sapientia
1459 3404 1559 3457 sibi
1580 3404 1790 3456 domum

188 3501 478 3569 azdiﬁcavit
522 3496 705 3571 (Prov.
734 3496 830 3568 lx).
876 3496 945 3549 Et
971 3496 1024 3548 in
1052 3494 1297 3563 psalmo:
1332 3493 1399 3547 In
1442 3493 1654 3547 domum
1681 3492 1790 3545 Do-

186 3593 329 3649 mini
358 3593 547 3646 ibimus
573 3607 691 3645 cum
718 3588 972 3643 consensu
1002 3586 1175 3658 (Psal.
1205 3586 1372 3651 cxxx).
1403 3586 1604 3640 Domus
1630 3586 1791 3640 corda

190 3685 441 3739 ﬁdelium
487 3682 574 3738 vel
614 3697 859 3750 corpora,
887 3675 943 3734 ut
984 3681 1037 3733 in
1066 3679 1253 3733 Exodo
1282 3695 1294 3731 ;
1342 3675 1554 3731 Ponetis
1577 3678 1639 3732 de
1668 3695 1793 3731 san-

188 3778 360 3849 guine
388 3776 509 3845 agni
539 3790 696 3842 super
732 3784 1009 3838 utrumque
1036 3782 1258 3842 postem,
1288 3780 1334 3824 et
1381 3769 1796 3839 superliminari«

192 3868 299 3921 bus
326 3865 605 3930 domus,in
628 3864 812 3933 quibus
836 3863 997 3917 edetis
1022 3862 1153 3914 illud
1184 3860 1380 3931 (Exod.
1416 3860 1535 3929 xu).
1570 3860 1792 3924 Domus,

192 3959 374 4015 corda
411 3958 789 4027 reproborum,
821 3956 956 4009 utin
983 3953 1118 4007 Isaia
1146 3970 1157 4004 :
1198 3951 1265 4004 Et
1298 3950 1531 4003 orientur
1554 3950 1606 4002 in
1629 3949 1796 4002 donti-

192 4052 300 4106 bus
324 4067 503 4104 eorum
526 4050 689 4118 spina:
726 4046 879 4117 (Isai.
912 4044 1114 4112 xxxrv),
1145 4044 1194 4097 id
1224 4052 1327 4107 est,
1367 4040 1671 4097 soIlicitudo
1700 4056 1798 4095 sa:-

192 4144 335 4201 culi.
368 4143 568 4197 Domus
595 4140 827 4201 diaboli,
881 4145 1178 4192 conventus
1213 4135 1453 4189 omnium
1504 4132 1795 4195 malorum,

195 4245 269 4290 ut
300 4236 355 4287 in
404 4232 693 4287 Salomone
720 4230 849 4283 :Ne
882 4228 1014 4298 forte
1060 4226 1380 4298 impleantur
1400 4224 1634 4278 extranei
1674 4224 1799 4277 viri-

198 4325 304 4378 bus
328 4323 451 4386 tuis,
484 4332 531 4375 et
565 4321 767 4379 labores
788 4320 863 4372 tui
890 4319 991 4373 sint
1020 4318 1077 4371 in
1110 4318 1263 4371 domo
1310 4316 1481 4370 aliena
1510 4313 1690 4386 (Prov.
1726 4314 1798 4385 γ).

194 4414 349 4469 Aula
395 4413 584 4466 domus
627 4419 707 4464 est
754 4409 900 4480 regia
933 4408 1047 4462 sive
1090 4406 1385 4475 spatiosum
1440 4404 1802 4459 habitaculum

197 4503 509 4577 porticibus
538 4510 769 4571 quatuor
815 4500 1147 4554 conclusum.
1178 4498 1389 4551 Atrium
1432 4512 1627 4568 magna
1660 4497 1801 4550 aedes

1894 3314 2052 3384 quela
2085 3315 2163 3369 eis
2195 3330 2290 3383 per
2319 3316 2567 3371 eumdem
2596 3317 2858 3388 Spiritum
2890 3321 3016 3375 data
3044 3333 3147 3377 est.
3170 3323 3488 3381 Trielinium

1896 3413 1980 3457 est
2033 3404 2373 3459 caenaculum
2409 3422 2438 3459 a
2478 3406 2653 3462 tribus
2684 3408 2894 3463 lectu-lis
2924 3410 3374 3469 discumbentium
3412 3418 3492 3472 di-

1896 3503 2063 3549 ctum.
2092 3498 2246 3566 Apud
2273 3509 2487 3554 veteres
2520 3500 2665 3575 enim
2697 3502 2751 3555 in
2780 3501 2897 3558 loco
2926 3506 3157 3559 convivii
3197 3516 3489 3577 apparatus

1896 3590 2286 3659 exponebatur.
2330 3590 2481 3645 Cline
2517 3592 2662 3645 enim
2708 3592 2894 3647 Graece
2945 3594 3115 3650 lectus
3163 3598 3247 3653 vel
3278 3602 3493 3655 accubi-

1899 3688 2004 3744 tus,
2039 3695 2102 3734 ex
2157 3696 2266 3749 quo
2289 3681 2592 3736 confectum
2618 3690 2723 3747 est,
2769 3694 2828 3736 ut
2865 3685 3156 3741 triclinium
3198 3688 3490 3746 diceretur.

1902 3770 2223 3824 Triclinium
2248 3772 2393 3825 enim
2419 3771 2580 3826 ﬁdem
2611 3772 2893 3829 Trinitatis
2920 3778 3177 3845 exprimit
3201 3794 3215 3833 :
3253 3781 3342 3835 ubi
3370 3798 3495 3837 san-

1901 3870 2002 3915 ctae
2030 3862 2223 3914 animae
2252 3862 2355 3915 ﬁde
2374 3903 2387 3927 ,
2431 3877 2527 3931 Spe
2552 3870 2607 3915 et
2625 3890 2633 3896 -
2650 3863 2915 3920 charitate
2939 3867 3281 3934 quiescentes
3305 3884 3494 3940 exspe—

1901 3959 2047 4005 ctant
2076 3952 2353 4007 introitum
2380 3953 2527 4022 regni
2552 3954 2806 4009 caelestis.
2850 3955 2995 4012 Cella
3025 3958 3189 4025 dicta,
3218 3962 3360 4030 quod
3396 3977 3494 4018 nos

1902 4042 2139 4096 occultat
2166 4050 2221 4095 et
2250 4041 2407 4095 celat.
2438 4042 2752 4098 Cubiculum
2780 4061 2932 4111 vero,
2954 4049 3095 4115 quod
3125 4064 3191 4103 eo
3212 4050 3493 4119 cubamus,

1903 4132 2085 4202 ibique
2104 4134 2433 4188 dormientes
2456 4135 2861 4203 requiescimus.
2883 4136 3069 4193 Cubile
3090 4148 3272 4195 autem
3294 4143 3497 4197 cuban-

1906 4228 1956 4281 di
1988 4228 2138 4282 IOcus
2180 4238 2299 4282 est:
2340 4244 2609 4293 secessus,
2647 4231 2791 4298 quod
2841 4230 2912 4284 sit
2943 4231 3115 4297 locus,
3143 4232 3197 4286 id
3226 4240 3330 4299 est,
3378 4235 3496 4292 sine

1908 4332 2149 4372 accessu.
2177 4318 2491 4373 Cubiculum
2536 4320 2851 4388 spiritaliter
2877 4320 3147 4390 signiﬁcat
3177 4324 3356 4379 cordis
3410 4341 3495 4381 se-

1907 4418 2112 4463 cretum
2140 4427 2151 4461 :
2185 4410 2326 4462 unde
2346 4407 2568 4476 jubetur
2603 4410 2687 4463 vir
2710 4410 3064 4480 Evangelicus
3090 4428 3250 4468 orare
3277 4414 3493 4471 Patrem

1907 4498 2205 4552 caelestem.
2240 4494 2467 4553 Unde'ei
2497 4499 2733 4553 dicitur:
2770 4500 2846 4553 Tu
2889 4510 3063 4554 autem
3097 4520 3213 4556 cum
3246 4507 3494 4573 oraveris,

197 4604 312 4659 est,
344 4595 460 4649 sive
492 4593 718 4662 amplior
767 4599 821 4645 et
852 4591 1088 4660 spatiosa
1146 4590 1358 4654 domus,
1395 4595 1451 4643 et
1483 4589 1687 4643 dictum
1718 4595 1801 4642 est
1829 4564 1878 4621 Ῑ)
1906 4588 2044 4640 intra
2071 4589 2124 4640 in
2154 4588 2466 4651 cubiculum,
2509 4600 2557 4641 et
2602 4588 2780 4643 clauso
2813 4590 2949 4643 ostio
2978 4606 3072 4643 ora
3107 4589 3323 4646 Patrem
3346 4564 3495 4650 tuum

196 4688 412 4742 atrium
440 4726 452 4747 ,
492 4684 633 4753 quod
654 4682 920 4736 addantur
942 4683 989 4736 ei
1042 4690 1154 4736 tres
1176 4681 1420 4750 porticus
1444 4681 1799 4735 extrinsecus.

195 4777 317 4833 Alii
357 4775 553 4828 atrium
576 4813 590 4838 ,
615 4774 764 4842 quasi
810 4774 878 4851 ab
908 4774 1030 4843 igne
1058 4780 1113 4827 et
1145 4772 1288 4842 ligno
1314 4780 1490 4825 atrum
1530 4772 1799 4826 dixerunt.

198 4872 406 4926 Atrum
434 4882 561 4937 ergo
584 4864 642 4920 ﬁt
660 4881 727 4920 ex
742 4864 907 4920 fumo.
925 4865 1059 4918 Aula
1075 4864 1219 4921 enim
1248 4872 1487 4918 sanctam
1508 4862 1803 4917 Ecclesium

201 4957 505 5028 signiﬁcat,
536 4966 629 5011 aut
653 4956 1040 5011 conscientiam
1056 4955 1425 5009 mundissimae
1455 4956 1669 5018 animae,
1691 4956 1804 5023 ipsa

202 5057 301 5107 est
334 5049 482 5104 enim
521 5048 641 5101 aula
694 5048 891 5118 regalis
934 5058 990 5101 et
1042 5046 1304 5102 habitatio
1334 5045 1568 5115 Spiritus
1603 5045 1800 5112 sancti,

202 5142 361 5200 sicut
389 5138 519 5193 dicit
541 5138 834 5207 Apostolus
858 5158 869 5192 :
897 5138 1035 5204 Quia
1063 5137 1308 5207 templum
1330 5136 1426 5189 Dei
1444 5138 1565 5189 estis
1586 5145 1634 5190 et
1656 5138 1806 5205 spiri-

206 5248 301 5290 tus
329 5231 427 5285 Dei
449 5229 649 5284 habitat
696 5230 749 5283 in
780 5231 919 5285 vobis
947 5230 998 5301 (Ι
1020 5230 1140 5285 Cor.
1171 5228 1274 5299 ιιι).
1327 5230 1525 5283 Domus
1551 5243 1679 5299 ergo
1709 5228 1803 5282 ali-

206 5322 435 5397 quando
488 5320 756 5393 signiﬂcat
810 5332 1052 5377 sanctam
1082 5322 1397 5386 Ecclesium,
1423 5330 1479 5374 ut
1515 5333 1597 5375 est
1627 5321 1754 5375 illud
1788 5339 1799 5375 :

211 5418 447 5474 Domum
472 5422 617 5467 tuam
636 5413 779 5467 decet
799 5414 1117 5477 sanctitudo,
1142 5413 1387 5477 Domine,
1411 5413 1464 5465 in
1480 5412 1803 5481 longitudine

208 5512 425 5569 dierum
451 5506 623 5579 (Psal.
674 5506 839 5580 xcn);
868 5506 1151 5577 aliquando
1181 5506 1455 5561 caelestem
1485 5504 1802 5570 Jerusalem,

214 5603 292 5658 de
322 5617 427 5672 qua
454 5600 652 5671 legitur
685 5620 698 5653 :
729 5600 961 5655 Ltetatus
1008 5616 1121 5653 sum
1166 5600 1219 5651 in
1261 5600 1339 5652 his
1379 5616 1493 5669 qum
1523 5598 1657 5650 dicta
1687 5609 1804 5651 sunt

217 5695 399 5751 mihi:
442 5696 497 5747 in
541 5694 754 5746 domum
780 5692 987 5746 Domini
1038 5692 1223 5744 ibimus
1267 5689 1436 5761 (Psal.
1476 5689 1656 5758 cui);
1714 5688 1805 5741 ali-

220 5785 443 5856 quando
471 5799 601 5839 vero
626 5784 860 5849 animum
898 5791 1158 5847 sanctam,
1190 5782 1240 5836 in
1279 5797 1383 5851 qua
1417 5782 1623 5836 habitat
1646 5781 1803 5835 Deus.

1908 4678 2124 4749 (Matth.
2154 4679 2250 4749 γι).
2279 4679 2648 4734 Diversorium
2675 4680 2901 4746 dictum,
2923 4695 2989 4736 eo
3010 4683 3154 4750 quod
3179 4698 3244 4739 ex
3268 4685 3497 4741 diversis

1911 4770 2011 4825 viis
2040 4770 2110 4823 ibi
2143 4771 2513 4824 conveniatur.
2570 4770 2873 4838 Hospitium
2915 4787 3099 4826 sermo
3146 4773 3363 4830 Graecus
3413 4784 3499 4832 est

1908 4863 1999 4917 ubi
2023 4862 2144 4931 quis
2161 4862 2227 4915 ad
2262 4872 2470 4931 tempus
2495 4861 2743 4931 hospitali
2766 4862 2891 4932 jure
2912 4862 3199 4931 inhabitat,
3217 4874 3271 4919 et
3301 4868 3495 4923 iterum

1912 4953 2034 5007 inde
2067 4953 2338 5007 transiens
2364 4953 2600 5023 migrat:
2636 4952 2758 5007 inde
2805 4961 2860 5007 et
2914 4963 3190 5019 metatum,
3224 4958 3349 5027 quia
3380 4975 3498 5013 mu-

1906 5055 2071 5101 tatur.
2096 5045 2250 5101 Unde
2277 5046 2502 5115 legitur:
2523 5047 2589 5102 Et
2609 5048 2972 5103 castrametati
2989 5058 3116 5104 sunt
3132 5067 3231 5121 pro
3252 5062 3496 5109 mutave-

1906 5146 2051 5192 runt.
2082 5137 2199 5195 Non
2249 5139 2394 5192 enim
2433 5138 2542 5193 illic
2593 5149 2876 5209 permanet
2904 5142 3197 5207 exercitus,
3234 5143 3326 5197 sed
3374 5159 3499 5215 per-

1907 5232 2120 5284 transit.
2171 5229 2539 5284 Diversorium
2601 5239 2779 5301 potest
2815 5233 3120 5303 signiﬁcare
3173 5244 3492 5303 prmsentem

1908 5321 2224 5385 Ecclesium,
2276 5321 2532 5389 adquam
2592 5322 2829 5391 undique
2881 5330 3066 5391 gentes
3118 5324 3497 5381 convenientes

1910 5411 2276 5466 habitaculum
2314 5418 2601 5481 quaerunt,
2645 5419 2699 5467 et
2729 5412 2783 5467 in
2814 5428 2880 5468 eo
2934 5414 3165 5482 hospitio
3218 5422 3497 5470 manentes

1914 5505 2117 5557 aditum
2168 5511 2481 5572 exspectant
2534 5520 2779 5573 superum
2816 5505 3023 5573 patriai.
3058 5503 3379 5575 Hypogaeum
3413 5514 3499 5561 est

1912 5604 2281 5651 constructum
2309 5597 2407 5649 sub
2438 5598 2596 5652 terris
2642 5596 2949 5661 aediﬁcium,
2984 5597 3123 5665 quod
3157 5611 3251 5650 nos
3277 5606 3493 5651 antrum

1913 5688 1995 5741 vel
2028 5688 2343 5757 speluncam
2364 5685 2610 5741 dicimus.
2648 5687 2939 5752 Salarium,
2966 5687 3105 5755 quod
3130 5687 3226 5740 soli
3266 5696 3320 5740 et
3352 5702 3497 5742 aurae

1914 5791 2096 5850 pateat
2124 5800 2135 5834 :
2170 5780 2341 5850 qualis
2371 5780 2472 5835 luit
2494 5781 2665 5847 locus,
2689 5780 2743 5835 in
2770 5796 2874 5849 quo
2908 5781 3073 5833 David
3099 5778 3393 5833 Bethsabee
3420 5780 3497 5833 la-
