3922 6338
483 301 580 358 591

1114 296 1174 350 Β.
1212 294 1464 351 BADANI
1505 293 1722 351 MAURl
1760 292 2079 351 ARClllEP.
2125 292 2433 349 MOGUNT.
2475 292 2762 350 OPERUM
2802 292 2985 351 PARS
3023 294 3086 350 ll.

3667 298 3783 355 592

484 421 699 465 vautem
729 396 940 480 aspesit
968 416 1023 461 ct
1055 406 1351 461 adamavit.
1394 405 1561 476 Cujus
1618 406 1936 477 mysterium
1985 420 2083 473 pa-
2114 413 2161 468 Α
2192 404 2514 468 cationibus,
2546 420 2681 473 quas
2709 406 2881 459 Grzcei
2911 421 3033 466 aras
3065 404 3267 459 dicunt.
3313 406 3612 477 Pulpitum,
3637 411 3783 478 quod

485 511 561 557 tet
588 519 600 553 :
635 500 760 569 quia
790 499 1036 555 Christus
1064 498 1257 550 videns
1284 496 1582 551 Ecclesiam
1620 496 1685 549 de
1712 496 1983 566 gentibus,
2025 510 2083 547 se

486 606 516 645 a
544 591 785 661 peccatis
812 603 912 658 per
954 587 1288 657 pcenitentiae
1315 588 1585 657 lacrymas
1636 595 1799 654 atque
1828 585 2083 654 baptismi

486 688 882 740 sacramentum
908 680 1312 751 puriﬁcantem,
1343 680 1462 750 ejus
1482 680 1720 749 speciem
1753 678 2085 747 concupivit,

485 785 539 830 et
564 775 665 830 sibi
695 788 951 843 sponsam
981 754 1255 826 associare
1286 770 1635 825 desideravit.
1678 768 2087 825 Xenodochium

488 882 615 922 vero
643 872 726 921 est
754 862 1125 920 habitaculum
1174 862 1375 917 factum
1406 864 1473 917 ad
1521 861 1893 932 suscipiendos
1941 875 2091 930 pere-

485 955 693 1028 griuos.
742 954 932 1025 Itaque
960 969 1084 1009 cum
1120 953 1552 1025 Hierosolymam
1593 952 1899 1008 Antiochus
1938 951 2089 1007 obsi-

488 1049 663 1114 deret,
692 1046 962 1102 llircanus
980 1047 1233 1117 princeps
1261 1045 1571 1101 Judteorum
1595 1086 1611 1112 ,
1652 1052 1895 1101 reserato
1922 1045 2093 1100 David

490 1140 763 1209 sepulcro,
796 1139 900 1193 tria
934 1138 1101 1193 millia
1147 1138 1265 1192 auri
1307 1138 1508 1193 talenta
1541 1139 1666 1193 inde
1710 1138 1994 1203 abstraxit,
2027 1153 2093 1192 ex

496 1228 692 1298 quibus
723 1236 964 1284 trecenta
992 1226 1264 1283 Antiocho
1296 1226 1540 1294 dedit,i1t
1563 1228 1900 1283 obsidionem
1933 1227 2094 1282 relin—

494 1326 703 1389 queret.
750 1320 929 1390 Atque
960 1328 1020 1373 ut
1058 1320 1185 1375 facti
1244 1320 1498 1375 invidiam
1530 1320 1791 1383 demeret,
1829 1319 2000 1373 fertur
2029 1334 2094 1372 ex

496 1410 700 1480 reliqua
732 1410 961 1480 pecunia
1006 1410 1305 1465 instituisse
1358 1411 1567 1479 primus
1596 1409 1954 1473 xenodochia,
1984 1407 2096 1477 qui-

490 1498 600 1553 bus
626 1498 916 1553 adventum
972 1500 1273 1569 susciperet
1317 1515 1616 1570 pauperum
1675 1508 1730 1554 et
1776 1499 2094 1569 peregrino-

499 1605 621 1643 rum
650 1606 663 1643 :
696 1590 839 1645 unde
871 1598 927 1645 et
946 1590 1269 1644 vocabulum
1297 1591 1545 1660 sumpsit.
1580 1588 1716 1643 Nam
1737 1603 1801 1643 ex
1831 1588 2021 1643 Graeco
2043 1588 2095 1641 in

500 1678 753 1735 Latinum
783 1682 1215 1746 xenodocbeion,
1240 1682 1632 1752 peregrinorum
1655 1682 1935 1750 susceptio,
1960 1697 2096 1734 nuu-

2190 498 2241 550 in
2265 513 2327 550 eo
2351 495 2518 551 lector
2541 497 2620 551 vel
2642 498 2917 565 psalmista
2941 502 2992 551 in
3016 498 3228 567 publico
3252 500 3461 568 positus
3484 502 3729 571 conspici
3753 518 3783 556 a

2188 588 2382 658 populo
2408 590 2609 657 possit,
2645 604 2751 658 quo
2777 590 3000 645 liberius
3038 591 3307 645 audiatur.
3339 593 3664 663 Aualogium
3704 596 3786 649 di-

2190 690 2355 745 ctum,
2408 682 2551 748 quod
2613 696 2792 735 sermo
2858 682 2980 735 inde
3032 683 3372 752 pratdicetur,
3438 701 3565 738 nam
3632 687 3785 757 logos

2190 772 2376 828 Grzcce
2407 788 2586 827 sermo
2619 773 2837 839 dicitur,
2893 774 3034 843 quod
3062 775 3236 845 ipsum
3268 774 3431 831 altius
3480 778 3646 831 situm
3679 788 3782 833 est.

2192 864 2470 929 Tribunal,
2510 880 2574 917 eo
2602 866 2746 933 quod
2785 864 2909 919 inde
2937 880 2967 919 a
2998 865 3279 921 sacerdote
3310 867 3619 922 tribuantur
3647 884 3788 937 pra:—

2194 962 2343 1025 cepta
2373 954 2609 1009 vivendi.
2650 954 2746 1010 Est
2789 955 2934 1008 enim
2982 954 3131 1010 locus
3169 956 3221 1009 in
3262 956 3478 1010 sublimi
3510 959 3785 1012 constitu-

2196 1053 2299 1111 tus,
2332 1045 2473 1099 unde
2495 1045 2732 1100 universi
2757 1060 2880 1100 eum
2905 1046 3089 1101 audire
3106 1048 3332 1115 possint.
3364 1046 3514 1103 Alias
3544 1048 3785 1104 tribunal

2195 1152 2224 1189 a
2239 1136 2378 1190 tribu
2393 1136 2817 1203 denominatum,
2834 1138 2976 1206 quod
2998 1138 3062 1189 ad
3081 1136 3226 1192 illum
3244 1138 3417 1192 tribus
3428 1148 3782 1195 convocetur.

2196 1226 2455 1280 Tribunal
2491 1226 2780 1295 aliquando
2804 1227 2861 1282 in
2900 1226 3195 1296 Scripturis
3248 1226 3453 1285 sanctis
3483 1231 3784 1300 potentiam

2196 1317 2493 1385 majestatis
2522 1316 2736 1380 divinm,
2766 1317 2891 1385 quia
2926 1316 3266 1384 judicaturus
3292 1328 3373 1373 est
3405 1321 3690 1386 mundum,
3727 1330 3786 1375 ut

2194 1418 2279 1463 est
2310 1408 2437 1463 illud
2462 1409 2514 1463 in
2549 1408 2872 1480 Evangelia)
2902 1410 3040 1462 Dum
3071 1412 3260 1464 venerit
3284 1409 3457 1465 Filius
3472 1414 3702 1466 hominis
3732 1416 3787 1465 in

2196 1499 2315 1553 sede
2341 1499 2629 1569 majestatis
2661 1515 2794 1564 sum,
2826 1508 2950 1553 tunc
2980 1500 3433 1570 congregabantur
3458 1518 3639 1556 omnes
3664 1519 3785 1572 gen-

2198 1599 2271 1645 tes
2324 1589 2539 1661 (Hatth.
2595 1590 2766 1655 xxv);
2819 1598 2874 1645 et
2903 1591 2957 1644 in
2982 1590 3282 1661 Apostolo:
3319 1591 3534 1659 Omnes,
3587 1595 3781 1663 inquit,

2198 1680 2450 1735 stabimus
2472 1690 2593 1735 ante
2616 1680 2849 1735 tribunal
2876 1679 3094 1745 Christi,
3148 1690 3204 1733 ut
3235 1684 3449 1752 recipiat
3498 1686 3785 1755 unusquis-

499 1779 747 1840 cupatur.
776 1772 877 1827 Ubi
896 1781 1075 1827 autem
1099 1782 1424 1845 aegrotantes
1445 1774 1510 1829 de
1529 1772 1724 1843 plateis
1747 1772 2093 1843 colliguntur,
2126 1765 2173 1823 B
2201 1790 2298 1842 que
2326 1775 2538 1843 propria
2574 1773 2805 1834 corporis
2840 1774 2948 1838 sui,
2974 1782 3127 1841 prout
3151 1775 3330 1842 gessit,
3353 1776 3459 1828 sire
3485 1776 3702 1841 bonum,
3719 1779 3785 1830 si-

503 1862 884 1918 nosocomeion
923 1864 1121 1919 dicitur
1156 1864 1368 1930 Graece,
1418 1864 1471 1918 in
1502 1879 1609 1933 quo
1641 1872 1959 1933 consumpta
1982 1863 2095 1916 lan—

504 1952 760 2023 guoribus
788 1962 952 2024 atque
980 1954 1176 2009 inediis
1212 1955 1533 2010 miserorum
1565 1955 1807 2010 membra
1827 1954 2094 2010 foveatur.

1100 2063 1330 2119 CAPUT
1371 2065 1492 2119 XXI

1112 2133 1187 2188 De
1211 2135 1472 2203 (adiﬁciis.

581 2221 892 2278 Sacrarium
932 2225 1148 2294 proprie
1174 2234 1258 2280 est
1280 2226 1428 2281 locus
1484 2229 1691 2299 templi,
1726 2228 1779 2282 in
1807 2242 1916 2298 quo
1943 2242 2098 2282 sacra

510 2324 884 2381 reponuntur:
919 2316 1062 2369 sicut
1100 2316 1383 2371 donarium
1436 2326 1540 2383 est,
1598 2334 1706 2387 quo
1765 2318 2101 2373 collocantur

509 2403 688 2459 oblata
714 2418 728 2456 :
758 2404 901 2458 sicut
925 2404 1259 2461 lectisternia
1292 2407 1569 2473 dicuntur,
1592 2408 1686 2462 ubi
1716 2408 1966 2463 homines
2008 2422 2096 2462 sc-

512 2496 641 2551 dere
668 2505 1085 2552 consueverunt.
1117 2497 1200 2551 Ab
1248 2498 1543 2553 inferendis
1571 2515 1699 2569 ergo
1723 2509 1779 2553 et
1801 2500 2098 2568 deportan-

514 2587 597 2643 dis
620 2588 791 2644 sacris
812 2588 1110 2643 sacrarium
1138 2599 1515 2659 nuncupatur;
1547 2590 1831 2644 donarium
1858 2606 1987 2644 vero
2036 2604 2101 2647 eo

514 2682 656 2750 quod
686 2680 758 2734 ibi
794 2680 995 2735 donata
1051 2688 1325 2749 ponantur
1380 2696 1498 2750 quae
1552 2682 1607 2735 in
1664 2681 1880 2750 templis
1908 2679 2101 2737 offerre

515 2778 931 2825 consueverunt.
959 2770 1269 2826 Oratorium
1297 2772 1527 2825 orationi
1570 2780 1777 2825 tantum
1804 2781 1889 2827 est
1912 2787 2101 2827 conse-

514 2869 745 2926 cratum,
782 2861 839 2915 in
865 2876 972 2930 quo
1006 2877 1168 2916 nemo
1218 2861 1422 2930 aliquid
1476 2876 1639 2930 agere
1669 2863 1852 2929 debet,
1888 2862 1995 2917 nisi
2030 2862 2099 2917 ad

512 2952 655 3021 quod
679 2961 763 3006 est
794 2951 997 3007 factum
1026 2970 1039 3006 :
1070 2954 1213 3021 unde
1259 2965 1313 3007 et
1355 2969 1551 3009 nomen
1577 2956 1805 3024 accepit.
1846 2954 2101 3010 Penetra—

512 3040 584 3096 lia
642 3052 852 3097 secreta
899 3053 1027 3098 sunt
1078 3045 1461 3109 oraculorum;
1496 3053 1551 3099 et
1597 3046 1896 3114 penetralia
1957 3047 2098 3101 dicta

514 3141 641 3187 sunt
662 3135 730 3189 ab
759 3149 823 3189 eo
848 3134 992 3204 quod
1020 3142 1101 3189 est
1124 3135 1357 3204 penitus.
1391 3134 1777 3190 Monasterium
1802 3138 1963 3191 unius
1986 3152 2101 3192 mo-

513 3224 674 3280 nachi
704 3225 969 3280 habitatio
996 3235 1098 3281 est.
1134 3226 1371 3281 Stcrium
1400 3228 1579 3289 statio,
1625 3228 1679 3282 id
1717 3238 1821 3294 est,
1872 3230 2100 3284 solitarii

512 3314 798 3370 habitatio.
831 3314 1151 3371 Cmuobium
1200 3334 1264 3371 ex
1323 3317 1526 3372 Graeco.
1562 3327 1617 3371 et
1645 3318 1841 3374 Latino
1890 3321 2102 3376 videtur

513 3419 633 3460 esse
687 3408 1045 3477 compositum
1077 3426 1089 3461 :
1123 3416 1208 3463 est
1239 3408 1381 3462 enim
1438 3410 1804 3464 habitaculum
1838 3406 2103 3480 plurimoﬁ

514 3512 639 3551 rum
688 3497 744 3551 in
790 3511 1079 3552 commune
1112 3497 1428 3551 viventium.
1485 3498 1691 3553 Coinon
1727 3500 1870 3553 enim
1915 3501 2100 3556 Graece

516 3602 802 3642 commune
834 3586 1053 3641 dicitur.
1078 3586 1224 3641 Fana
1253 3588 1396 3642 dicta
1422 3604 1451 3642 a
1478 3588 1715 3655 funibus,
1750 3591 1945 3659 quibus
1972 3599 2101 3644 tem-

516 3680 602 3750 pla
630 3694 783 3733 error
812 3679 1092 3749 gentilium
1126 3682 1473 3734 construebat
1498 3698 1509 3732 :
1543 3681 1685 3733 unde
1711 3681 1960 3733 consules
1989 3682 2099 3735 drc-

516 3785 739 3825 monum
776 3786 1034 3839 respousa
1087 3772 1355 3825 audirent.
1405 3770 1637 3824 Delubra
1693 3780 1905 3826 veteres
1956 3772 2101 3827 dice-

515 3863 647 3917 bant
674 3860 872 3931 templa
902 3858 1081 3915 fontes
1112 3860 1384 3925 habentia,
1416 3860 1612 3928 quibus
1644 3869 1769 3914 ante
1799 3861 2099 3932 ingressum

518 3951 883 4017 diluebantur,
921 3961 975 4005 et
996 3952 1333 4020 appellantur
1368 3952 1591 4007 delubra
1615 3967 1645 4003 a
1676 3951 1946 4006 diluendo.
1980 3952 2100 4022 Ipsa

520 4052 646 4096 sunt
673 4057 816 4096 nunc
840 4042 984 4097 {edes
1010 4058 1132 4096 eum
1176 4043 1347 4096 sacris
1378 4042 1633 4107 fontibus;
1665 4043 1715 4095 in
1746 4044 1939 4111 quibus
1970 4044 2100 4099 tide-

517 4130 597 4186 les
630 4132 934 4201 regenerati
965 4131 1344 4200 puriﬁcantur,
1377 4140 1431 4185 et
1480 4133 1617 4186 bene
1643 4134 1873 4200 quodam
1901 4147 2101 4201 prmsa-

514 4223 605 4294 gio
631 4222 852 4277 delubra
874 4229 999 4276 sunt
1029 4222 1326 4291 appellata;
1359 4231 1486 4276 sunt
1512 4224 1656 4275 cnim
1679 4223 1733 4275 iu
1767 4222 2099 4277 ablutionem

519 4322 889 4383 peccatorum.
910 4313 1090 4369 .Fons
1119 4322 1300 4367 autem
1339 4313 1391 4366 in
1422 4313 1661 4368 delubris
1698 4314 1849 4368 locus
1878 4328 2100 4384 regene-

519 4410 763 4457 ratorum
793 4408 893 4465 est,
920 4400 975 4454 in
1001 4416 1108 4469 quo
1130 4409 1335 4470 septem
1358 4402 1556 4469 gradus
1584 4402 1637 4453 in
1671 4400 1905 4470 Spiritus
1929 4404 2097 4457 sancti

2200 1880 2255 1917 ve
2278 1862 2474 1916 malum
2505 1862 2588 1932 (II
2613 1862 2735 1918 Cor.
2760 1864 2837 1935 v).
2868 1863 3033 1918 Sacra
3065 1874 3189 1919 sunt
3244 1865 3361 1920 loca
3392 1866 3594 1921 divinis
3628 1868 3787 1921 culti-

2200 1955 2301 2008 bus
2328 1954 2646 2019 constituta,
2678 1962 2737 2007 ut
2770 1962 2896 2024 pote
2922 1970 2984 2008 ea
3006 1996 3020 2019 ,
3051 1956 3102 2008 in
3130 1955 3328 2023 quibus
3358 1956 3553 2011 altaria
3586 1959 3786 2011 litanti-

2201 2044 2301 2098 bus
2325 2044 2388 2097 de
2410 2059 2559 2097 more
2584 2059 2611 2096 a
2628 2044 2973 2111 pontiﬁcibus
2989 2055 3395 2099 consecrantur.
3414 2044 3614 2101 Sancta
3634 2049 3782 2118 juxta

2200 2140 2411 2187 veteres
2441 2133 2711 2187 exteriora
2748 2132 2931 2202 templi
2960 2141 3117 2198 sunt;
3159 2143 3344 2187 sancta
3368 2143 3550 2188 autem
3575 2146 3784 2192 sancto—

2201 2239 2319 2276 rum
2349 2223 2499 2277 locus
2526 2224 2703 2293 templi
2727 2224 3007 2287 secretior,
3027 2224 3093 2278 ad
3118 2240 3279 2294 quem
3304 2224 3433 2278 nulli
3452 2234 3573 2280 erat
3606 2243 3785 2283 acces-

2204 2329 2327 2381 sus,
2368 2316 2471 2369 nisi
2512 2322 2719 2369 tantum
2758 2315 3149 2371 sacerdotibus.
3190 2316 3345 2371 Dicta
3378 2327 3563 2373 autem
3601 2328 3782 2374 sancta

2204 2417 2536 2471 sanctorum,
2562 2409 2685 2475 quia
2708 2407 3204 2463 exteriort'oraeulo
3232 2410 3507 2464 sanctiora
3540 2421 3687 2477 sunt,
3706 2413 3785 2469 vel

2203 2500 2327 2568 quia
2378 2507 2687 2553 sanctorum
2741 2498 3141 2567 comparatione
3185 2500 3459 2555 sanctiora
3500 2508 3655 2565 sunt,
3687 2503 3785 2558 sic-

2203 2601 2263 2647 ut
2292 2592 2510 2647 Cantica
2551 2592 2909 2656 canticorum,
2950 2592 3075 2659 quia
3119 2592 3329 2646 cantica
3368 2592 3622 2647 universa
3650 2610 3783 2664 pne-

2205 2683 2427 2738 cellunt.
2469 2680 2726 2737 Sanctum
2757 2691 2938 2736 autem
2966 2698 2995 2735 a
3027 2684 3291 2753 sanguine
3322 2684 3624 2740 hostiarum
3650 2701 3782 2740 nun-

2205 2783 2475 2843 cupatum.
2512 2772 2651 2827 Nihil
2686 2772 2830 2827 enim
2859 2781 3104 2826 sanctum
3151 2774 3293 2843 apud
3328 2782 3541 2830 veteres
3566 2776 3781 2832 diceba-

2209 2877 2313 2929 tur,
2346 2865 2449 2919 nisi
2504 2866 2646 2933 quod
2698 2864 2887 2917 hostia:
2935 2865 3195 2930 sanguine
3233 2872 3377 2918 esset
3408 2873 3779 2920 consecratum

2206 2967 2297 3009 aut
2324 2970 2695 3026 conSpersum.
2719 2953 2849 3008 Item
2877 2962 3124 3007 sanctum
3146 2955 3289 3023 quod
3312 2964 3489 3008 exstat
3508 2970 3628 3009 esse
3659 2972 3781 3011 san-

2206 3048 2392 3102 citum.
2427 3044 2649 3099 Sancire
2680 3052 2857 3099 autem
2893 3053 2974 3098 est
3006 3043 3351 3108 conﬁrmare,
3381 3055 3436 3099 et
3460 3046 3781 3115 irrogationc

2204 3152 2379 3209 ptume
2409 3138 2476 3192 ab
2526 3135 2718 3205 injuria
2777 3135 3083 3190 defendere.
3126 3135 3216 3189 Sic
3246 3143 3301 3189 et
3328 3134 3475 3206 leges
3503 3145 3702 3190 sancta:
3732 3146 3782 3191 et

2204 3244 2385 3283 mores
2418 3227 2591 3281 sancti
2630 3241 2748 3280 esse
2780 3227 3050 3280 dicuntur.
3112 3224 3579 3295 Propitiatorium,
3629 3227 3780 3296 quasi

2202 3318 2601 3389 pr0pitiationis
2630 3316 2947 3371 oratorium.
3005 3315 3326 3385 Propitiatio
3361 3318 3505 3371 enim
3550 3318 3779 3386 placatio

2202 3418 2302 3463 est.
2343 3407 2574 3462 Oracula
2621 3407 2763 3461 dicta
2821 3422 2885 3460 eo
2915 3406 3057 3474 quod
3096 3407 3219 3459 inde
3269 3422 3529 3476 responsa
3558 3409 3780 3464 reddun-

2204 3510 2312 3565 tur,
2344 3509 2399 3553 et
2425 3498 2642 3552 oracula
2692 3498 2760 3551 ab
2813 3511 2925 3549 ore.
2961 3495 3131 3563 Quam
3182 3505 3363 3551 autem
3398 3500 3679 3554 materiam
3712 3501 3777 3554 ad

2205 3589 2618 3644 instructionem
2653 3586 2983 3641 tabernaculi
3029 3587 3287 3641 Dominus
3338 3590 3635 3658 qumsierit,
3666 3591 3776 3661 ipse

2202 3684 2257 3737 in
2285 3682 2468 3736 Exodo
2499 3680 2829 3744 manifestat,
2855 3678 3040 3732 dicens
3062 3677 3129 3731 ad
3157 3677 3376 3749 Moysen
3406 3697 3419 3731 :
3454 3679 3684 3750 Loquere
3716 3682 3774 3737 ﬁ-

2204 3774 2287 3826 liis
2312 3771 2503 3836 lsrael,
2535 3780 2590 3823 ut
2614 3769 2798 3823 tollant
2824 3770 2951 3822 mihi
2974 3769 3231 3838 primitias
3258 3781 3275 3819 :
3303 3770 3367 3821 ab
3391 3771 3532 3823 omni
3554 3772 3770 3835 homine,

2200 3866 2289 3935 qui
2321 3866 2500 3932 o/feret
2528 3863 2817 3925 ultroneus,
2845 3860 3106 3929 accipietis
3134 3860 3394 3928 primitias
3430 3861 3557 3913 mihi
3586 3860 3770 3930 (Exod.

2202 3957 2351 4025 xxv).
2385 3955 2451 4007 Et
2485 3968 2582 4007 nos
2602 3951 2872 4022 primitias
2901 3950 3164 4003 bonorum
3192 3959 3501 4007 nostrorum
3554 3949 3771 4004 Domino

2204 4046 2463 4109 tollimus,
2496 4044 2711 4112 quando
2739 4042 2782 4095 si
2807 4041 2933 4110 quid
2960 4040 3084 4094 boni
3116 4040 3341 4110 agimus,
3373 4048 3545 4094 totum
3573 4041 3672 4095 hoc
3700 4039 3775 4093 di-

2205 4136 2343 4187 vinae
2369 4134 2553 4201 gratia:
2586 4132 2891 4186 tribuimus.
2926 4130 3057 4183 Ha'e
3080 4140 3198 4183 sunt
3230 4140 3427 4196 autent,
3477 4146 3594 4200 quae
3645 4130 3774 4183 acci-

2202 4244 2319 4297 pere
2348 4226 2540 4278 debetis
2563 4238 2580 4275 .'
2610 4241 2821 4288 aurum,
2858 4232 3129 4292 argentum
3155 4232 3203 4274 et
3239 4239 3330 4286 a's,
3356 4222 3690 4291 hyacinthum
3717 4237 3773 4273 ae

2202 4331 2510 4385 purpuram,
2548 4327 2855 4381 caecumque
2905 4311 2980 4363 bis
3014 4310 3249 4372 tinctum,
3288 4319 3333 4362 et
3391 4309 3618 4379 byssum,
3650 4311 3772 4377 pilos

2206 4422 2504 4477 caprarum,
2544 4415 2588 4457 et
2619 4403 2775 4472 pelles
2826 4402 3049 4455 arietum
3102 4401 3417 4465 rubricatas,
3464 4400 3618 4469 pelles
3647 4401 3772 4468 hya-

517 4494 781 4565 mysterio
842 4492 1168 4557 formantur,
1222 4501 1330 4547 tres
1374 4493 1429 4545 iu
1482 4493 1762 4557 descensu,
1795 4504 1847 4547 et
1898 4503 2006 4548 tres
2048 4496 2099 4548 in
2128 4473 2178 4532 D
2206 4473 2462 4551 eiut/tinus
2520 4507 2565 4549 et
2593 4496 2734 4564 ligna
2784 4495 2989 4558 sethim,
3027 4492 3195 4546 oleum
3226 4492 3294 4545 ad
3353 4491 3635 4545 luminaria
3666 4506 3771 4544 con-

520 4599 752 4639 ascensu
785 4602 798 4637 :
836 4585 1102 4653 septimus
1153 4596 1282 4637 vero
1312 4584 1357 4638 is
1401 4592 1503 4648 est,
1564 4584 1655 4652 qui
1681 4592 1735 4638 et
1771 4594 2017 4653 quartus,
2053 4587 2103 4640 id

518 4684 626 4742 est,
658 4677 849 4733 similis
872 4678 981 4733 tilio
1006 4678 1239 4732 hominis
1266 4672 1617 4748 exstingUens
1639 4678 1912 4733 fornacem
1939 4680 2098 4749 ignis,

519 4767 946 4823 stabilimentum
977 4769 1194 4839 pedum,
1234 4770 1647 4824 fundamentum
1704 4786 1878 4839 aqum,
1912 4770 1965 4824 iu
1996 4785 2101 4839 quo

518 4859 797 4929 plenitudo
821 4859 1124 4914 divinitatis
1162 4861 1371 4915 habitat
1424 4862 1797 4930 corporaliter.
1856 4863 2101 4917 Basilicm

520 4952 673 5022 prius
697 4953 1029 5007 vocabantur
1061 4970 1249 5023 regum
1288 4955 1612 5021 habitacula,
1647 4956 1789 5010 unde
1821 4965 1873 5010 et
1901 4972 2095 5010 nomen

525 5039 743 5095 habent.
784 5040 918 5096 Nam
946 5042 1179 5097 basileus
1205 5058 1320 5108 rex,
1377 5053 1431 5097 et
1467 5044 1705 5098 basilicae
1740 5046 1901 5115 regiae
1938 5046 2097 5099 habi-

524 5132 771 5186 tationes.
802 5132 983 5186 Nunc.
1008 5142 1187 5187 autem
1242 5136 1362 5189 ideo
1404 5135 1583 5189 divina
1640 5137 1834 5203 templa
1866 5135 2098 5189 basilicae

524 5226 893 5290 nominantur,
921 5226 1047 5294 quia
1078 5226 1151 5279 ibi
1177 5226 1289 5295 regi
1317 5227 1555 5279 omnium
1584 5227 1693 5281 Deo
1718 5226 1891 5281 cultus
1922 5236 1973 5281 et
2009 5241 2096 5279 sa-

522 5316 727 5371 criﬁcia
752 5314 1073 5371 offeruntur.
1108 5314 1426 5386 Martyrium
1455 5317 1605 5371 locus
1636 5317 1881 5387 martyrii
1911 5318 2098 5371 Grrcca

525 5407 861 5461 derivatione
886 5423 951 5463 co
978 5408 1120 5477 quod
1156 5408 1210 5462 in
1246 5410 1562 5463 memoriam
1595 5410 1849 5476 martyris
1878 5410 1946 5463 sit
1972 5425 2099 5463 con-

526 5508 813 5564 structum,
875 5500 959 5553 vel
1018 5502 1159 5569 quod
1213 5502 1455 5571 sepulcra
1510 5511 1819 5556 sanctorum
1871 5503 1942 5555 ibi
1994 5503 2101 5556 sint

529 5598 851 5660 martyrum.
878 5590 1041 5643 Aram
1080 5593 1296 5659 quidam
1353 5603 1597 5647 vocatam
1656 5593 1930 5659 dixerunt,
1960 5592 2101 5662 quod

531 5683 607 5739 ibi
636 5684 872 5737 incensa:
894 5683 1125 5738 victima:
1157 5685 1415 5751 ardeant;
1442 5686 1531 5741 alii
1562 5701 1685 5740 aras
1714 5686 1897 5741 dicunt
1925 5702 1951 5737 a
1981 5700 2099 5753 pre-

2204 4588 2489 4650 cinnanda,
2523 4593 2761 4638 aromata
2806 4585 2860 4637 in
2890 4592 3230 4651 unguentum,
3258 4592 3306 4635 et
3346 4582 3632 4651 thymiama
3665 4580 3771 4633 boni

2203 4679 2400 4743 odoris,
2443 4678 2642 4746 lapides
2692 4676 2978 4745 onychinos
3029 4683 3075 4727 et
3106 4691 3336 4743 gemmas
3387 4676 3457 4727 ad
3485 4674 3770 4728 ornandum

2201 4772 2369 4841 ephod
2420 4787 2481 4823 ac
2533 4767 2831 4821 rationale:
2879 4766 3173 4836 faciemque
3208 4767 3337 4819 mihi
3378 4764 3769 4818 sanctuarium:

2200 4872 2245 4915 et
2272 4861 2515 4914 habitabo
2546 4861 2607 4913 in
2626 4860 2795 4913 medio
2827 4875 3004 4912 eorum
3033 4858 3243 4927 (lbid.).
3268 4856 3474 4910 Cuncta
3502 4855 3636 4917 hare,
3661 4867 3767 4923 quae

2208 4954 2463 5009 Dominus
2492 4953 2593 5006 sibi
2616 4968 2645 5005 a
2675 4951 2854 5019 priore
2880 4948 3074 5019 populo
3110 4949 3177 5001 ad
3206 4946 3509 5002 faciendum
3537 4955 3768 5001 sanctua-

2208 5046 2345 5098 rium
2385 5044 2738 5097 materialiter
2764 5040 2943 5095 oﬁ‘erri
2970 5040 3244 5108 praecepit,
3286 5055 3386 5093 nos
3422 5054 3657 5108 quoque,
3685 5038 3764 5107 qui

2207 5133 2477 5203 spiritales
2521 5132 2612 5185 ﬁlii
2656 5130 2838 5194 Israel,
2872 5130 2923 5183 id
2960 5138 3061 5194 est,
3112 5128 3415 5183 imitatores
3464 5127 3674 5180 Domini
3699 5125 3765 5179 vi—

2212 5232 2399 5285 dentes
2427 5226 2604 5299 populi
2638 5240 2757 5279 esse
2800 5222 3189 5286 desideramus,
3219 5220 3447 5290 spiritali
3479 5219 3763 5288 intelligen-

2212 5321 2285 5373 tia
2324 5320 2577 5373 debemus
2611 5314 2825 5370 otl‘erre.
2861 5314 2957 5369 Cui
2986 5314 3235 5368 videlicet
3262 5328 3451 5365 aurum
3475 5308 3759 5371 offerimus,

2203 5426 2325 5465 cum
2355 5410 2599 5465 claritate
2622 5422 2759 5461 verae
2782 5406 3082 5476 sapientiae,
3114 5420 3231 5473 qua:
3272 5410 3356 5457 est
3387 5402 3440 5457 in
3468 5402 3573 5457 ﬁde
3602 5410 3757 5463 recta,

2203 5499 2646 5569 resplendemus;
2682 5506 2975 5565 argentum,
3009 5510 3129 5550 cum
3178 5501 3234 5547 et
3283 5507 3379 5547 ore
3426 5502 3615 5547 nostro
3642 5506 3758 5546 con-

2206 5590 2365 5643 fessio
2420 5588 2469 5639 ﬁt
2507 5585 2568 5639 ad
2625 5584 2883 5650 salutem;
2922 5601 3011 5649 ανδ,
3066 5598 3188 5637 cum
3215 5582 3460 5637 eamdem
3489 5582 3649 5635 ﬁdem
3670 5594 3759 5650 pu-

2206 5680 2357 5737 bliea'
2396 5676 2775 5747 prwdieatione
2830 5675 3103 5745 divulgare
3155 5674 3447 5745 gaudemus
3489 5688 3502 5735 ;
3562 5671 3759 5740 hyacin-
