3922 6364
198 372 300 431 393

1138 364 1227 420 DE
1266 359 1616 421 UNIVERSO
1650 357 1833 415 LIBRI
1872 355 2036 413 XXII.
2076 384 2149 445 -ζ
2180 354 2307 411 LIB.
2342 353 2483 411 XIV.

3325 353 3430 412 39‘

198 487 361 550 thum,
388 499 511 539 cum
538 498 750 539 sursum
775 483 938 539 corda
986 482 1229 536 levamus
1255 494 1270 544 ;
1302 491 1612 549 purpuram,
1635 487 1760 529 eum
1785 481 1839 539 Α
1867 468 2026 524 istius
2076 468 2265 524 mundi
2294 475 2580 533 versatur;
2609 474 2854 523 sanctum
2897 479 3080 524 autem
3126 477 3434 525 sanctorum

195 578 385 649 corpus
412 575 643 646 passioni
671 574 1015 644 subiicimus;
1040 587 1249 627 coccum
1272 570 1349 625 bis
1371 569 1612 633 tinctum,
1636 580 1761 621 cum

198 670 423 743 gemina,
450 668 505 725 id
527 677 630 734 est,
654 669 749 723 Dei
779 676 833 722 et
852 665 1089 737 proximi
1116 663 1406 720 dilectione
1427 659 1757 732 ﬁagramus;

199 761 420 830 byuunt,
434 774 557 816 cum
570 758 749 815 carnis
766 757 1073 813 castitatem
1096 754 1363 811 sentimus
1381 767 1396 816 ;
1418 750 1553 821 pilos
1567 765 1760 820 capra-

198 864 327 913 runt,
384 863 506 903 cum
533 847 777 903 habitum
797 845 1135 916 poenitentiae
1158 858 1224 899 ac
1254 843 1431 896 luctus
1456 838 1757 904 induimus;

191 938 340 1010 pelles
378 941 603 995 arietum
626 938 941 1003 rubricatas,
969 918 1094 993 cum
1130 936 1275 1004 ipsos
1304 930 1561 989 dominici
1579 928 1762 1001 gregis

192 1031 434 1087 ductores
472 1046 572 1086 suo
626 1030 890 1100 sanguine
940 1027 1248 1098 baptizatos
1284 1023 1574 1088 videmus;
1602 1018 1761 1091 pelles

192 1121 569 1192 hyacinthinus,
595 1136 719 1175 eum
749 1134 849 1176 nos
872 1127 996 1189 post
1019 1124 1251 1171 mortem
1275 1111 1541 1183 spiritalia
1569 1110 1626 1165 in
1652 1124 1762 1166 coe-

191 1209 253 1265 lis
279 1225 508 1281 corpora
562 1210 840 1266 habituros
865 1223 986 1264 esse
1015 1220 1329 1279 speramus;
1361 1201 1506 1272 tigna
1551 1201 1758 1266 sethim,

192 1316 326 1366 cum,
354 1300 668 1370 expurgatis
695 1308 1041 1369 peccatorum
1092 1296 1337 1366 spinetis,
1369 1292 1569 1350 munda
1597 1302 1762 1346 carne

191 1400 241 1447 ct
262 1391 437 1445 anima
466 1391 699 1446 Domino
726 1391 825 1446 soli
856 1377 1197 1453 serviemus;
1230 1386 1404 1442 oleum
1433 1384 1503 1439 ad
1529 1382 1759 1438 lumina—

194 1464 265 1535 ria
282 1482 827 1548 concinnanda,’cum
856 1480 1124 1537 fructibus
1164 1474 1449 1535 charitatis
1472 1485 1530 1531 et
1553 1475 1762 1531 miseri-

192 1574 374 1629 cordize
402 1572 774 1645 refulgemus;
815 1582 1057 1627 aromata
1105 1573 1161 1625 in
1206 1577 1553 1641 unguentum,
1580 1575 1627 1622 et
1647 1572 1762 1635 thy-

192 1664 373 1716 miama
418 1662 544 1717 boni
581 1663 780 1727 odoris,
832 1676 955 1717 cum
999 1662 1308 1731 opinionem
1354 1659 1511 1714 bonae
1561 1662 1761 1711 nostra:

194 1747 407 1804 actionis
430 1748 620 1803 multis
662 1747 729 1802 ad
753 1747 1058 1818 exemplum
1082 1747 1222 1802 bene
1247 1744 1465 1799 vivendi
1492 1742 1648 1814 longe
1676 1741 1761 1795 la-

1864 560 2033 627 illam,
2084 574 2204 631 quae
2252 559 2308 613 in
2359 559 2512 615 caelis
2552 565 2681 614 est:
2747 560 2873 629 quia
2930 551 3047 630 ipsa
3096 568 3287 617 saneta
3334 559 3439 615 Ec-

1862 654 2047 719 clesia,
2107 656 2333 721 quae'ex
2362 652 2566 707 sanctis
2590 650 2796 722 angelis
2845 660 2902 706 et
2946 652 3253 708 hominibus
3305 666 3436 708 con-

1862 750 2034 808 stans,
2080 741 2278 812 partim
2334 738 2505 794 adhuc
2533 740 2908 810 peregrinatur
2936 741 2991 794 in
3027 738 3255 805 inﬁmis,
3306 756 3433 811 par-

1862 832 1957 886 tim
1994 839 2176 886 antem
2205 830 2259 883 in
2311 844 2543 899 superna
2587 830 2761 898 patria
2809 839 3002 901 regnat
3055 830 3109 886 in
3159 831 3431 900 supernis,

1863 922 2039 977 adhuc
2096 920 2245 976 cives
2292 934 2419 974 suos
2444 960 2458 985 ,
2524 908 2835 973 dirimente.
2870 918 2988 973 velo
3046 919 3169 973 caeli
3198 960 3213 986 ,
3277 920 3441 975 habet

1862 1009 1931 1065 ad
1994 1009 2226 1065 invicem
2281 1017 2606 1080 segregatos.
2674 1006 2750 1063 De
2801 1023 2907 1077 qua
2968 1007 3168 1063 Paulus
3220 1018 3440 1080 aposto-

1864 1100 1950 1158 lus
1980 1102 2049 1156 ad
2074 1100 2329 1157 Hebraeos
2377 1100 2621 1156 scribens
2671 1087 2987 1170 plenissime
3014 1107 3264 1166 testatur,
3319 1118 3441 1157 cum

1864 1192 2141 1249 Christum
2179 1207 2369 1249 verum
2411 1192 2723 1263 pontiﬁcem
2777 1192 2971 1248 asserit
2996 1177 3102 1247 non
3124 1207 3222 1262 per
3254 1193 3441 1250 hirco-

1865 1301 1986 1342 rum
2015 1294 2071 1341 et
2097 1287 2410 1353 vitulorum,
2447 1287 2540 1342 sed
2588 1301 2687 1356 per
2707 1270 2993 1358 preprium
3011 1287 3329 1358 sanguinem
3360 1287 3441 1340 in-

1864 1379 2061 1435 troisse
2084 1379 2252 1434 semel
2273 1379 2328 1433 in
2358 1388 2563 1443 sancta,
2587 1386 2790 1434 aeterna
2818 1378 3187 1449 redemptione
3201 1379 3440 1433 inventa.

1864 1469 2109 1539 Denique
2139 1468 2195 1523 in
2228 1467 2524 1537 Scripturis
2557 1470 2761 1527 sanctis
2785 1469 3077 1539 aliquando
3123 1470 3439 1525 tabernacu-

1864 1561 1975 1617 lum
2010 1577 2210 1632 corpus
2239 1562 2455 1618 Domini
2504 1562 2798 1619 Salvatoris
2819 1564 3108 1634 signiﬁcat,
3139 1577 3199 1619 ut
3223 1566 3277 1619 in
3301 1564 3441 1636 psal'

1864 1667 1955 1708 mo
1983 1670 1994 1705 :
2030 1650 2099 1705 In
2125 1650 2234 1706 sole
2261 1652 2435 1722 posuit
2464 1651 2861 1706 tabernaculum
2883 1669 3036 1707 suum
3060 1652 3233 1724 (Psal.
3265 1653 3443 1725 xvm).

1864 1743 1996 1799 Item
2056 1744 2463 1800 tabernaculum
2500 1744 2598 1801 Dei
2653 1752 2839 1799 sancta
2879 1752 2963 1800 est
3014 1745 3278 1811 Ecclesia,
3334 1746 3446 1801 sive

193 1846 340 1908 teque
372 1836 757 1904 diffundimus;
806 1837 1007 1907 lapides
1038 1835 1321 1906 onycliinos
1361 1842 1410 1887 et
1435 1847 1664 1903 gemmas
1691 1829 1762 1884 ad
1790 1821 1839 1881 Β
1866 1837 2045 1891 anima
2071 1836 2246 1892 ﬁdelis
2275 1837 2329 1891 in
2354 1837 2790 1907 peregrinatione
2819 1836 3005 1892 mundi
3041 1838 3261 1908 degens.
3295 1836 3451 1892 Unde

194 1928 479 1983 ornandum
517 1928 688 1999 ephod
718 1944 780 1981 ac
803 1925 1082 1990 rationale,
1111 1940 1235 1980 cum
1266 1921 1529 1979 miracula
1554 1928 1765 1977 sancto-

194 2032 326 2084 rum,
354 2018 558 2088 quibus
599 2015 955 2089 cogitationes
978 2013 1094 2070 Deo
1144 2014 1369 2069 devotas
1387 2020 1444 2066 et
1475 2024 1640 2080 opera
1664 2008 1769 2063 vir-

194 2114 355 2165 tutum
379 2122 677 2173 ornavere,
705 2107 866 2177 digna
887 2104 1045 2160 laude
1064 2103 1447 2175 praedicamus,
1466 2109 1628 2171 atque
1650 2099 1766 2154 haec

194 2196 244 2251 in
268 2196 594 2273 adiutorium
640 2203 839 2251 nostra:
889 2194 1036 2260 ﬁdei,
1089 2192 1181 2249 ubi
1211 2207 1349 2263 opus
1377 2190 1559 2257 fuerit,
1615 2203 1766 2244 assu-

197 2270 572 2355 mimuszuia
598 2287 743 2343 enim
777 2287 831 2341 in
874 2286 1119 2341 humeris
1166 2299 1330 2341 onera
1379 2291 1591 2356 gestare
1621 2281 1765 2337 sole-

196 2391 326 2443 nnis,
354 2386 503 2433 recte
534 2378 737 2447 epbod,
769 2377 823 2433 id
846 2386 949 2443 est,
1012 2375 1455 2448 superbumerale
1494 2389 1658 2445 opera
1679 2373 1768 2443 ju-

197 2473 409 2533 storum,
439 2476 497 2522 et
523 2467 604 2537 pii
627 2481 728 2538 pro
747 2466 976 2522 Domino
1005 2467 1219 2521 labores
1243 2466 1607 2521 insinuantur.
1631 2463 1767 2530 Quia

200 2570 319 2613 vero
352 2559 407 2613 in
442 2566 672 2628 pectore
700 2557 1087 2629 cogitationum
1113 2558 1271 2613 sedes
1290 2564 1375 2612 est
1391 2597 1406 2622 ,
1429 2567 1576 2615 recte
1604 2555 1659 2629 in
1683 2569 1770 2609 ra-

199 2648 394 2715 tionali,
420 2651 513 2719 qui
544 2658 632 2706 est
651 2651 869 2706 habitus
888 2652 1153 2720 pectoris,
1188 2650 1480 2706 rationales
1520 2657 1576 2705 et
1613 2665 1771 2704 mun-

197 2737 584 2797 daelectorum
613 2741 969 2812 cogitationes
1000 2742 1418 2811 exprimuntur;
1454 2741 1770 2812 lapidesque

202 2832 439 2900 onychini
462 2840 521 2885 et
549 2845 778 2901 gemma:
806 2838 1004 2885 ornant
1029 2830 1207 2900 epbod
1236 2845 1301 2886 ac
1328 2829 1614 2897 rationale,
1646 2846 1769 2886 cum

203 2919 404 2975 eximiis
449 2936 790 2976 summorum
818 2919 1041 2974 Patrum
1094 2920 1307 2975 actibus
1353 2928 1407 2975 et
1436 2920 1774 2992 cogitationi-

201 3010 296 3066 bus
316 3012 477 3067 etiam
500 3011 894 3067 miraculorum
926 3010 1157 3083 insignia
1204 3010 1522 3083 junguntur.
1549 3009 1775 3082 Legitur

204 3114 322 3170 ergo
349 3103 404 3157 in
432 3102 618 3157 Veteri
650 3100 999 3158 Testamento
1054 3103 1121 3158 de
1146 3100 1478 3157 tabernaculi
1522 3109 1774 3157 constru-

206 3192 390 3259 ctione,
442 3192 593 3262 quod
640 3190 853 3263 Moyses
905 3191 1193 3247 fabricavit
1230 3192 1285 3246 in
1343 3192 1579 3257 deserto,
1626 3198 1682 3247 et
1707 3191 1775 3248 de

208 3282 377 3352 templi
423 3281 813 3346 aediﬁcatione,
866 3280 1012 3351 quod
1066 3279 1354 3335 aediﬁcavit
1419 3278 1674 3334 Salomon
1720 3278 1777 3334 in

206 3383 343 3429 terra
368 3371 833 3443 repromissionis,
873 3370 966 3426 ubi
994 3371 1048 3425 in
1078 3378 1309 3440 utroque
1334 3367 1563 3433 aediﬁcio
1590 3375 1779 3424 sancta

207 3474 259 3519 et
283 3472 466 3519 sancta
521 3470 837 3519 sanctorum
861 3471 1375 3527 commemorantur,
1406 3477 1635 3532 quorum
1661 3476 1778 3532 my-

207 3555 361 3611 steria
409 3556 520 3610 rite
557 3554 988 3625 intelligentibtis
1034 3552 1194 3610 facile
1222 3560 1412 3624 patent
1440 3572 1454 3607 :
1481 3554 1609 3623 quia
1631 3562 1779 3609 utra-

215 3661 314 3716 que
359 3646 553 3702 domus
604 3652 851 3701 sanctam
907 3645 1217 3701 Ecclesiam‘
1254 3646 1519 3715 designat.
1577 3645 1781 3702 Verum

209 3736 327 3807 quia
349 3742 501 3807 prter
527 3736 721 3791 domus
769 3734 822 3789 in
847 3734 1063 3801 itinere,
1112 3750 1220 3805 quo
1256 3735 1324 3790 ad
1360 3743 1563 3791 terram
1594 3746 1780 3806 repro-

212 3827 475 3884 missionis
519 3826 876 3891 veniebatur;
924 3825 1042 3880 bare
1072 3834 1250 3880 autem
1308 3825 1677 3880 aediﬁcabatur
1726 3826 1780 3879 in

211 3918 321 3988 ipsa
348 3926 495 3973 terra
526 3914 984 3987 repromissionis,
1027 3924 1082 3970 et
1108 3915 1165 3970 in
1191 3915 1409 3971 civitate
1436 3913 1733 3970 Jerusalem
1762 3931 1779 3980 ;

213 4008 317 4075 illa,
342 4017 402 4061 ut
427 4008 498 4062 de
524 4006 644 4062 loco
670 4008 739 4061 ad
772 4005 951 4061 locum
981 4006 1174 4061 crebro
1200 4003 1513 4060 Levitarum
1534 4004 1782 4059 ministe-

211 4100 287 4155 rio
311 4106 549 4171 portata,
586 4097 801 4153 tandem
836 4096 891 4151 in
927 4105 1128 4151 terram
1171 4096 1452 4167 promissae
1496 4095 1782 4151 haeredita-

212 4190 278 4243 tis
310 4189 704 4255 induceretur;
736 4188 873 4255 hac,
902 4196 963 4242 ut
987 4203 1115 4243 mox
1143 4187 1199 4241 in
1226 4187 1399 4257 patria
1424 4187 1541 4258 ipsa
1573 4195 1630 4242 et
1654 4186 1785 4241 civi-

212 4288 315 4337 tate
343 4282 491 4353 regia
514 4288 829 4335 constructa
853 4277 1153 4333 inviolabili
1191 4293 1405 4348 semper
1433 4276 1784 4332 fundamento

210 4371 549 4436 consisteret,
580 4371 754 4426 donec
774 4368 1005 4423 inditum
1038 4368 1140 4422 sibi
1164 4370 1458 4436 ﬁgurarum
1480 4365 1781 4423 cmlestium

211 4475 399 4516 munus
429 4459 718 4529 impleret:
747 4465 929 4528 potest
979 4456 1036 4511 in
1071 4456 1160 4510 illa
1196 4457 1479 4527 praesentis
1530 4455 1783 4512 Ecclesiae

212 4550 358 4605 labor
386 4557 443 4605 et
462 4549 739 4613 exsilium,
768 4549 823 4603 in
848 4548 952 4603 hac
979 4546 1162 4601 futura
1192 4547 1405 4616 requies
1425 4554 1482 4603 et
1508 4546 1783 4602 beatitudo

214 4640 429 4712 ﬁgurari
454 4657 471 4707 ;
502 4640 589 4695 vel
616 4648 764 4695 certe
788 4639 914 4709 quia
963 4638 1054 4694 illa
1110 4638 1239 4694 solis
1294 4638 1419 4694 ﬁliis
1449 4637 1639 4704 Israel,
1668 4639 1785 4693 haec

214 4744 386 4788 autem
417 4749 449 4787 a
476 4731 764 4803 proselytis
797 4730 961 4785 etiam
990 4730 1045 4783 in
1074 4730 1325 4799 gentibus
1368 4729 1509 4784 facta
1536 4737 1633 4793 est,
1662 4744 1786 4799 pos—

218 4833 334 4877 sunt
360 4825 414 4879 in
445 4824 536 4879 illa
560 4822 932 4894 principaliter
964 4829 1147 4892 patres
1176 4820 1386 4876 Veteris
1430 4820 1782 4886 Testamenti,

218 4922 267 4967 et
293 4917 549 4985 antiquus
577 4915 667 4969 ille
689 4914 787 4968 Dei
834 4912 1081 4984 populus,
1113 4912 1169 4966 in
1197 4912 1301 4967 bac
1353 4921 1532 4968 autem
1563 4927 1786 4983 congre-

222 5012 334 5074 gata
362 5005 430 5060 de
451 5006 700 5075 gentibus
721 5004 964 5060 Ecclesia
990 5002 1285 5074 ﬁguraliter
1314 5004 1543 5074 exprimi
1566 5020 1581 5070 ;
1605 5019 1791 5073 quam—

224 5095 298 5150 vis
320 5094 606 5151 aediﬁcium
648 5096 930 5165 utriusque
958 5095 1147 5150 domus
1180 5092 1512 5149 enucleatius
1562 5093 1792 5163 spiritali

226 5199 379 5241 sensu
403 5199 693 5241 excussum
730 5192 788 5238 et
810 5184 1030 5239 labores
1056 5183 1339 5255 praesentis
1382 5182 1638 5238 Ecclesiae
1661 5199 1793 5253 quo-

225 5275 471 5341 tidianos,
510 5284 567 5331 et
585 5274 806 5344 praemia
867 5273 924 5327 in
970 5273 1151 5329 futuro
1174 5274 1452 5345 perennia,
1491 5274 1795 5344 gaudiaque

229 5366 370 5436 regni
396 5365 653 5433 celestis,
703 5373 758 5420 et
782 5362 1103 5420 electionem
1127 5364 1317 5432 primae
1343 5364 1396 5417 in
1422 5361 1585 5417 Israel
1606 5360 1792 5416 Eccle-

229 5457 336 5524 sia,
366 5467 423 5513 et
446 5458 673 5513 salutem
702 5456 942 5514 omnium
969 5455 1207 5526 gentium
1260 5455 1315 5509 in
1360 5454 1576 5510 Christo
1610 5454 1791 5507 multi-

231 5550 397 5605 modis
419 5551 737 5607 ostendatur
764 5549 1038 5605 insinuare
1067 5547 1277 5617 ﬁguris.
1301 5545 1559 5603 Sanctum
1586 5555 1789 5611 autem,

232 5642 363 5707 quod
390 5642 507 5697 velo
537 5655 800 5710 suspenso
827 5656 857 5694 a
884 5638 1191 5696 sanetuario
1237 5648 1547 5709 separatum
1584 5649 1689 5705 est,
1717 5640 1791 5694 si-

233 5729 439 5795 gniﬁcat
481 5738 806 5801 prazsentem
848 5728 1165 5794 Ecclesiam,
1202 5744 1321 5798 qum
1354 5729 1786 5799 peregrinatione

540 5822 813 5883 Persen.
858 5819 1020 5886 CXI.

72 6348 355 6364 ’π’-ΠΙ

1866 1926 2063 1996 legitur
2084 1926 2141 1980 in
2166 1925 2421 1981 Psalmo:
2458 1924 2720 1991 Quoniam
2768 1927 3039 2003 ingrediar
3074 1929 3131 1980 in
3174 1928 3347 1981 locum
3369 1935 3452 1979 ta-

1870 2016 2139 2073 bernaculi
2180 2017 2509 2073 admirabilis
2567 2034 2728 2089 usque
2765 2018 2836 2073 ad
2884 2020 3096 2074 domum
3144 2018 3242 2073 Dei
3276 2016 3448 2091 (Psal.

1868 2108 2023 2181 xu);
2055 2117 2111 2164 et
2140 2108 2196 2162 in
2219 2107 2512 2178 Apostolo:
2540 2106 2959 2162 Tabernaculum
2986 2114 3122 2179 quod
3148 2108 3264 2177 ﬁxit
3287 2108 3449 2168 Deus.

1866 2208 2050 2253 etnon
2091 2199 2247 2253 homo
2285 2195 2472 2271 (Hebr.
2532 2196 2675 2268 vin).
2728 2197 2806 2254 De
2855 2198 2958 2253 hoc
3019 2199 3371 2254 tabernaculo
3396 2200 3451 2253 in

1866 2289 2053 2346 Exodo
2074 2289 2365 2345 Dominum
2392 2288 2560 2363 Moysi
2586 2290 2660 2345 ita
2688 2284 2930 2345 locutum
2958 2289 3125 2345 fuisse
3150 2299 3408 2363 narratur
3432 2308 3445 2345 :

1869 2379 2061 2436 Facies
2086 2383 2213 2436 mihi
2267 2381 2763 2450 sanctiﬁcationem,
2789 2390 2837 2435 et
2864 2380 2987 2435 inde
3013 2381 3225 2436 videbor
3258 2399 3290 2436 a
3313 2382 3454 2436 vobis

1870 2470 2071 2543 (Exod.
2124 2478 2279 2541 xxv).
2328 2471 2606 2526 Columnas
2635 2472 2971 2527 tabernaculi
3030 2472 3280 2527 doctores
3331 2480 3456 2527 sunt

1870 2560 2147 2628 Ecclesiae,
2167 2554 2243 2617 ἰιι
2276 2562 2332 2617 in
2356 2560 2619 2631 Apostolo
2668 2560 2864 2633 legitur
2893 2579 2905 2616 :
2934 2560 3187 2629 Iacobus,
3207 2572 3256 2616 et
3284 2563 3454 2618 Joan-

1872 2672 1988 2725 nes,
2022 2665 2070 2711 et
2100 2652 2323 2727 Cephas,
2371 2656 2465 2726 qui
2500 2653 2807 2709 videbantur
2857 2653 3114 2709 columna:
3162 2671 3270 2709 esse
3310 2652 3454 2725 (Gal.

1871 2748 1958 2819 ιι).
1986 2730 2157 2804 ἐει-ω
2208 2747 2325 2803 sive
2378 2755 2584 2813 vectes,
2623 2762 2746 2817 qua:
2774 2745 2983 2802 tabulas
3037 2747 3151 2802 sive
3179 2747 3460 2802 columnas

1871 2836 2246 2901 continebant,
2314 2835 2657 2907 Scripturam
2711 2850 2922 2892 sacram
2979 2836 3066 2891 vel
3110 2836 3459 2891 concordiam

1875 2935 2188 2981 sanctorum
2228 2924 2647 2995 praedicatorum
2673 2923 3003 2996 signiﬁcant.
3037 2922 3191 2979 Unde
3215 2923 3382 2980 robur
3405 2933 3461 2978 et
3504 2990 3507 2991 ν

1876 3013 2110 3070 ﬁrmitas
2135 3029 2327 3070 eorum
2369 3015 2793 3071 demonstratur.
2826 3014 2993 3071 Bases
3027 3024 3152 3070 sunt
3188 3014 3462 3070 columna-

1876 3123 1997 3164 rum
2020 3107 2143 3163 libri
2168 3106 2328 3179 Legis
2348 3118 2403 3161 et
2423 3105 2815 3177 Prophetarum
2840 3123 2855 3173 ;
2884 3115 3048 3177 caput
3063 3106 3459 3173 columnarum,

1878 3196 2152 3256 Christus.
2180 3195 2241 3253 In
2272 3196 2534 3269 Apostolo
2564 3214 2577 3250 :
2611 3194 2781 3267 Caput
2821 3197 2919 3251 viri
2960 3196 3210 3251 Christus
3251 3195 3304 3268 (Ι
3333 3196 3459 3250 Cor.

1878 3287 1981 3359 xi).
2026 3286 2267 3342 Cortina:
2316 3285 2668 3350 tabernaculi,
2722 3283 3013 3339 multitudo
3048 3283 3307 3351 ﬁdelium,
3339 3285 3464 3341 ﬁdei

1879 3378 2098 3433 funibus
2152 3370 2317 3449 atque
2364 3376 2767 3447 Scripturarum
2811 3376 3096 3446 praeceptis
3151 3389 3458 3445 suspensa:

1879 3468 2086 3525 ansulae
2104 3469 2436 3525 eortinarum
2466 3468 2852 3539 hyaeintbinm,
2887 3468 3127 3523 caelestia
3150 3477 3417 3539 praecepta
3446 3487 3460 3533 ;

1881 3575 2009 3629 saga
2032 3558 2248 3615 cllicina
2272 3557 2522 3614 undecim
2554 3559 2654 3613 sub
2701 3568 3049 3629 peccatorum
3080 3558 3254 3618 forma
3276 3562 3460 3630 expri-

1878 3662 2142 3717 muntur;
2182 3650 2575 3722 quinquaginta
2623 3651 2814 3705 circuli
2846 3664 2995 3720 spem
3044 3651 3238 3705 futurte
3263 3652 3464 3720 quietis

1884 3739 2231 3811 signiﬁcant;
2271 3750 2459 3796 saneta
2503 3751 2811 3796 sanctorum
2834 3740 3071 3796 caelestis
3124 3741 3214 3795 illa
3260 3742 3460 3810 patria,

1883 3837 1939 3883 et
1992 3836 2193 3883 aeterna
2247 3828 2444 3897 gaudia
2500 3829 2653 3898 regni
2711 3828 3007 3894 caelorum;
3041 3828 3147 3885 duo
3174 3830 3459 3894 cherubin,

1884 3918 1991 3974 duo
2036 3928 2363 3975 testamenta
2406 3918 2605 3989 Legis;
2636 3936 2763 3975 area
2814 3920 3148 3975 Testamenti
3196 3920 3461 3975 Ecclesia.

1884 4009 2040 4066 Unde
2070 4010 2268 4081 legitur
2316 4010 2374 4065 in
2412 4008 2628 4066 Psalmo
2656 4029 2668 4064 :
2700 4009 2962 4081 Exsurge,
3018 4010 3261 4078 Domine,
3299 4011 3355 4065 in
3386 4029 3465 4067 rc-

1882 4103 2056 4171 quiem
2108 4110 2279 4165 tuam,
2314 4110 2370 4154 tu
2404 4108 2453 4155 et
2498 4117 2625 4155 arca
2676 4101 3107 4168 sanctiﬁcationis
3150 4111 3255 4155 tua:
3288 4100 3461 4172 (Psal.

1884 4189 2090 4261 cxxxt).
2124 4190 2563 4259 Propitiatorium
2612 4205 2773 4261 super
2800 4205 2983 4245 arcam
3013 4189 3261 4248 Christus
3289 4193 3343 4247 in
3367 4209 3463 4249 ea-

1884 4280 1995 4350 pite
2026 4278 2299 4334 Ecclesize.
2332 4278 2391 4333 In
2417 4279 2659 4349 Epistola
2701 4280 2924 4336 Joannis
2956 4300 2968 4336 :
3002 4281 3324 4337 Advocatum
3367 4286 3465 4339 lia-

1886 4371 2062 4423 bemus
2089 4371 2232 4440 apud
2257 4368 2470 4424 Patrem
2522 4369 2705 4425 Iesum
2744 4370 3008 4426 Christum
3028 4373 3258 4441 justum,
3287 4383 3333 4427 et
3358 4374 3481 4445 ipse.

1888 4469 1963 4513 est
1984 4461 2287 4531 propitiatio
2316 4478 2411 4531 pro
2444 4464 2669 4532 peccatis
2726 4463 2918 4515 nostris
2941 4460 2993 4534 (1
3014 4461 3177 4515 Joan.
3211 4464 3292 4534 ιι).
3324 4465 3465 4527 Qua-

1889 4558 2013 4603 tuor
2046 4549 2237 4605 circuli
2276 4551 2447 4614 aurei,
2482 4552 2535 4605 in
2567 4551 2761 4619 quibus
2809 4566 2936 4606 arca
2964 4554 3299 4620 portabatur,
3341 4570 3467 4621 qua-

1888 4649 2013 4693 tuor
2034 4638 2450 4710 Evangeliorum
2500 4638 2644 4704 libri,
2689 4640 2885 4709 quibus
2922 4640 3166 4695 Ecclesia
3205 4656 3301 4710 per
3334 4659 3466 4711 qua-

1889 4740 2013 4785 tuor
2064 4730 2249 4784 mundi
2297 4739 2481 4801 partes
2533 4732 2774 4785 accincta
2802 4731 3142 4799 praedicatur.
3178 4730 3367 4785 Vectes
3398 4732 3463 4785 de

1890 4823 2051 4895 lignis
2114 4822 2555 4893 imputribilibus,
2617 4822 2835 4877 circulis
2888 4822 3234 4886 intromissis,
3296 4821 3465 4877 fortes

1889 4913 2273 4984 przedicatores
2316 4920 2493 4968 mente
2523 4913 2835 4981 incorrupta
2864 4910 3187 4981 evangelica:
3210 4911 3466 4981 praedica-

1894 5004 2023 5058 tioni
2054 5019 2270 5073 semper
2297 5004 2508 5059 intenti.
2561 5003 2705 5058 Urna
2743 5015 2929 5067 aurea,
2960 5017 3085 5057 caro
3106 5009 3189 5055 est
3216 4999 3460 5055 Salvato-

1892 5095 1967 5149 ris
2006 5094 2226 5158 munda,
2273 5102 2544 5165 perpetua:
2581 5094 2877 5147 divinitatis
2926 5092 3202 5147 dulcedine
3238 5090 3459 5160 repleta.

1891 5184 2072 5239 Mensa
2099 5185 2358 5239 Dominus
2384 5182 2540 5238 Jesus
2567 5182 2834 5247 Christus,
2873 5183 2963 5251 qui
3000 5190 3081 5235 est
3112 5178 3332 5234 refectio
3358 5178 3463 5231 ele-

1892 5285 2126 5341 ctorum,
2155 5275 2268 5329 sive
2296 5275 2477 5329 unitas
2513 5273 2672 5339 ﬁdei;
2706 5274 2769 5328 de
2796 5288 2902 5341 quo
2950 5271 3081 5325 dicit
3130 5269 3409 5323 Psalmista
3444 5286 3455 5321 :

1897 5364 2110 5420 Parasti
2152 5367 2208 5418 in
2228 5375 2502 5435 conspectu
2534 5381 2645 5419 meo
2694 5378 2923 5416 mensam
2956 5359 3128 5433 (Psal.
3164 5357 3319 5430 xxii).
3354 5356 3457 5411 Po-

1895 5464 1999 5511 test
2031 5465 2085 5509 et
2136 5470 2319 5509 mensa
2352 5456 2418 5509 de
2473 5454 2630 5525 lignis
2670 5454 2865 5508 sethim
2916 5461 3069 5523 pacta
3123 5450 3456 5519 Scripturam

1894 5561 2101 5603 sacram
2130 5546 2455 5613 signiﬁcare,
2508 5545 2573 5599 de
2627 5544 2855 5599 fortibus
2900 5552 3205 5598 sanctorum
3244 5550 3457 5611 patrum

1891 5638 2073 5693 verbis
2099 5637 2415 5706 actibusque
2442 5646 2807 5706 compactam;
2839 5650 2956 5703 quin
2983 5636 3109 5689 dum
3141 5632 3311 5695 nobis,
3338 5648 3458 5701 qua;

1892 5732 2002 5785 sint
2024 5739 2238 5785 aeterna:
2267 5728 2461 5797 gaudia
2494 5726 2862 5793 beatitudinis,
2893 5734 2947 5781 et
2967 5723 3234 5794 quomodo
3257 5723 3322 5777 ad
3346 5722 3460 5777 haec

2952 5820 3026 5879 13
