3922 6328
364 323 470 381 595

1011 319 1071 374 Β.
1113 316 1369 374 RABANI
1403 311 1624 373 MAURI
1659 316 1979 374 ARCIIIEP.
2021 315 2332 375 MOGUNT.
2374 317 2662 379 OPERUM
2700 317 2882 376 PARS
2918 321 2982 377 ll.

3554 319 3664 378 396

365 440 717 512 perveniatur
737 435 995 501 oste'ndit,
1023 435 1207 490 cibum
1234 431 1482 506 profecto
1510 430 1666 488 nobis
1697 430 1887 486 salutis
1906 445 1972 486 ac
1997 419 2051 495 Α
2076 448 2236 499 arcae,
2269 430 2400 490 illud
2431 442 2558 490 ante
2618 432 3030 491 tabernaculum
3084 434 3219 492 foris
3269 435 3508 507 positum
3537 444 3662 503 est;

367 535 492 588 vitae
520 536 782 602 suggerit.
843 527 1008 583 Varia
1063 541 1211 590 vasa,
1267 540 1389 595 quae
1421 524 1490 580 ad
1517 520 1795 579 oﬁ‘erenda
1833 520 1968 577 liba-

367 625 514 682 mina
551 631 681 679 sunt
702 621 864 688 facta,
889 619 1054 676 variae
1083 626 1211 676 sunt
1236 617 1617 674 distinctiones
1665 616 1863 687 eloquii
1888 615 1966 671 di-

366 721 478 776 vini
509 735 610 794 pro
635 717 838 790 dispari
887 717 1190 788 capacitate
1224 713 1582 770 audientium.
1633 713 1808 768 Panes
1839 715 1969 782 pro-

366 812 653 886 positionis
709 825 875 881 super
927 822 1175 865 mensam
1233 807 1398 878 positi
1439 819 1655 877 semper
1713 803 1966 860 doctores

365 911 493 965 sunt
521 905 815 980 spiritales,
854 903 950 976 qui
976 903 1032 959 in
1057 902 1175 975 lege
1213 900 1431 958 Domini
1465 901 1553 956 die
1579 915 1643 955 ac
1663 904 1822 954 nocte
1851 911 1967 951 me-

367 1001 603 1056 ditantes
629 997 846 1055 cunctis
895 995 1200 1054 Ecclesiam
1228 993 1560 1052 intrantibus
1611 990 1965 1048 refectionem

365 1091 518 1148 verbi
546 1089 789 1148 caelestis
813 1087 1070 1144 offerunt.

435 1182 731 1240 Duodecim
761 1195 893 1252 ergo
918 1193 1088 1252 panes
1129 1177 1187 1234 in
1212 1187 1405 1236 mensa
1435 1170 1798 1240 tabernaculi,
1823 1173 1961 1229 duo-

363 1275 537 1332 decim
569 1270 835 1345 Apostoli,
871 1279 929 1327 et
969 1280 1161 1327 omnes
1191 1269 1454 1325 doctrinae
1503 1267 1720 1322 illorum
1771 1277 1966 1335 sequa-

361 1382 456 1423 ces
482 1366 539 1421 in
590 1364 858 1422 Ecclesia.
899 1362 1304 1419 Candelabrum
1335 1374 1534 1430 corpus
1589 1358 1829 1422 Domini,
1876 1353 1965 1412 vel

362 1458 604 1515 Ecclesia
629 1464 843 1524 sancta,
877 1464 970 1512 aut
1001 1455 1186 1512 divina
1219 1452 1526 1524 Scriptura.
1561 1450 1620 1505 In
1649 1448 1919 1504 Zacharia
1945 1465 1958 1502 :

374 1548 491 1604 Vidi
511 1566 544 1603 a
573 1549 774 1604 dextris
797 1545 987 1601 altaris
1012 1543 1334 1600 candelabra
1353 1542 1460 1598 duo
1490 1549 1740 1611 argentea
1769 1536 1951 1610 (Zaclt.

359 1643 457 1715 tv).
492 1641 713 1713 Septem
733 1641 974 1698 lucernae
999 1638 1331 1696 candelabro
1379 1634 1761 1708 superposita),
1789 1632 1960 1703 septi-

357 1733 534 1790 forme
559 1733 821 1790 Ecclesia:
855 1741 1265 1788 sacramentum
1291 1729 1377 1785 vel
1433 1727 1587 1783 ﬁdes.
1641 1723 1702 1780 ιιι
1749 1722 1956 1779 Exodo.

2071 527 2201 597 quia
2253 526 2514 583 nimirum
2549 526 2624 583 illi
2681 527 2737 584 in
2787 537 3084 600 conspectu
3149 538 3353 586 sancta:
3410 529 3668 586 Ecclesiae

2071 620 2284 676 cunctis
2315 619 2566 692 exemplo
2603 621 2872 677 virtutum
2924 619 3283 692 praefulgent;
3318 623 3408 678 isti
3444 622 3670 678 altiores

2069 714 2268 771 ardore
2297 712 2573 780 desiderii,
2612 713 3071 786 contemplatione
3124 711 3323 770 ﬁttu'raa
3374 713 3670 771 beatitudi-

2069 807 2178 873 nis,
2209 807 2376 863 etiam
2436 814 2667 878 corpore
2697 807 2926 874 detenti,
2973 823 3081 864 non
3107 807 3392 863 minimum
3445 806 3673 878 propiu-

2069 908 2259 971 quant.
2292 900 2433 971 Apte
2461 899 2591 955 illud
2613 915 2740 966 aere,
2798 901 2904 956 hoc
2929 900 3120 956 vestiri
3172 916 3304 956 auro
3328 901 3670 972 praecipitur.

2069 993 2171 1050 IEs
2196 995 2432 1065 namque
2460 992 2583 1066 plus
2605 993 2729 1049 aliis
2756 993 2994 1049 metallis
3048 1009 3308 1050 sonorum
3348 1010 3414 1050 ac
3447 995 3540 1050 diu
3571 993 3672 1050 du-

2070 1081 2242 1142 rabile
2261 1090 2384 1141 est:
2416 1095 2612 1140 aurum
2665 1097 2799 1141 vero
2844 1091 3110 1156 quantum
3155 1101 3288 1141 sono
3338 1084 3671 1152 succumbit,

2069 1187 2282 1235 tantum
2329 1177 2618 1250 Splendore
2664 1185 2890 1248 praestat
2944 1181 3282 1245 :eramento;
3313 1177 3446 1233 illud
3477 1179 3670 1232 docto-

2069 1288 2190 1326 rum
2219 1269 2662 1342 praedicationem
2706 1269 3012 1325 forinsecus
3041 1269 3328 1342 signiﬁcat,
3366 1269 3511 1325 istud
3538 1269 3678 1324 inte-

2068 1361 2557 1432 rius'splendorem
2591 1361 2880 1417 charitatis
2926 1357 3124 1416 divinae
3178 1362 3414 1426 intimat,
3462 1362 3554 1416 ubi
3585 1360 3674 1414 lu-

2068 1455 2214 1511 mine
2273 1453 2752 1527 contemplationis
2808 1455 2906 1509 Dei
2958 1454 3302 1509 abundanter
3339 1453 3670 1508 illustratur.

2065 1547 2255 1604 Potest
2281 1552 2336 1604 et
2365 1547 2536 1604 altare
2563 1547 2793 1620 mystice
2816 1545 3125 1616 signiﬁcare
3151 1547 3318 1602 corda
3346 1543 3672 1610 electorum,

2066 1642 2122 1696 in
2153 1640 2353 1712 quibus
2379 1638 2611 1695 Domino
2640 1639 2819 1694 hostia
2858 1637 3035 1694 laudis
3063 1645 3119 1693 et
3164 1636 3318 1694 bona:
3365 1636 3676 1692 devotionis

2066 1732 2293 1788 oﬁ‘ertur
2325 1751 2337 1786 :
2373 1732 2459 1788 vel
2489 1731 2829 1787 altitudinem
2875 1729 3026 1795 ﬁdei,
3057 1737 3119 1784 ut
3151 1739 3235 1785 est
3262 1727 3392 1784 illud
3442 1731 3494 1784 in
3523 1727 3675 1783 Psal-

358 1827 607 1882 Lucema
656 1826 916 1882 ECdeSiiB
945 1824 1100 1890 ﬁdes:
1131 1823 1219 1877 vel
1250 1836 1420 1893 Opera
1440 1818 1686 1890 Ῑυδῑίῑίὶῐὲ·
1719 1816 1777 1871 In
1810 1813 1964 1871 5³10·
1989 1805 2040 1866 Β
2069 1840 2159 1880 ιηο
2190 1843 2202 1879 :
2240 1823 2387 1878 Tunc
2419 1825 2652 1895 impones
2691 1840 2850 1894 super
2880 1825 3050 1877 al’tare
3075 1831 3224 1876 tuum
3275 1821 3465 1876 vitulos
3490 1819 3672 1893 (Psal.

356 1933 555 1974 mone:
589 1914 879 1988 Propterea
925 1932 1030 1970 non
1080 1915 1446 1984 exstinguetur
1495 1911 1714 1965 lucerna
1759 1923 1852 1980 per
1879 1918 1958 1962 to—

356 2020 465 2066 tam
521 2020 744 2064 noctem.
786 2007 979 2062 Paxilli
1028 2006 1153 2062 aerei
1204 2006 1257 2060 in
1300 2005 1672 2067 tabernaculo,
1725 1999 1960 2071 patriar-

356 2105 586 2160 charum
623 2111 678 2156 et
704 2101 1098 2172 prophetarum
1125 2097 1372 2154 obtinent
1397 2101 1826 2152 sacramentum.
1862 2091 1961 2144 Pa-

355 2195 518 2252 xillus
569 2194 834 2250 Dominus
889 2191 1047 2247 Jesus
1098 2189 1354 2246 Christus
1406 2190 1459 2243 in
1498 2188 1665 2244 corda
1717 2185 1958 2240 ﬁdelium

354 2288 588 2351 deﬁxus,
619 2285 761 2340 sicut
787 2283 843 2339 iu
868 2283 1006 2338 lsaia
1043 2282 1110 2336 de
1154 2297 1220 2336 eo
1261 2280 1546 2350 loquitur:
1584 2277 1779 2347 Figam
1805 2273 1957 2328 illum

354 2381 406 2433 in
437 2380 592 2432 domo
638 2376 785 2445 ﬁdeli
827 2374 963 2448 (Isa.
995 2372 1153 2446 xxn).
1210 2371 1478 2437 Paxillus,
1519 2366 1958 2439 compunetionis

354 2471 626 2536 stimulus,
657 2470 802 2525 sicut
831 2469 886 2523 in
923 2467 1349 2523 Deuteronomio
1385 2466 1650 2536 scriptum
1681 2470 1762 2517 est
1791 2482 1802 2514 :
1844 2459 1959 2513 Ha—

355 2566 494 2620 bebis
520 2564 694 2618 locum
720 2569 1103 2626 extra'castra,
1133 2561 1201 2614 ad
1225 2575 1380 2630 quem
1399 2558 1684 2629 egredieris
1700 2555 1768 2608 ad
1786 2553 1960 2623 requi-

351 2661 456 2715 sita
493 2668 698 2714 natura:
729 2672 915 2727 gerens
941 2653 1201 2725 paxillum
1231 2653 1286 2707 in
1337 2651 1506 2706 balteo
1561 2649 1740 2718 (Deut.
1774 2645 1957 2717 χχιιι).

353 2754 622 2819 Circulus,
658 2750 923 2822 spiritalis
952 2749 1008 2804 in
1027 2746 1328 2817 Scripturis
1352 2744 1637 2800 circuitus.
1663 2742 1720 2796 in
1749 2738 1955 2794 Exodo.

352 2845 648 2911 Catenulaa,
680 2843 994 2898 testimonia
1027 2838 1442 2910 Scripturarum
1472 2835 1708 2888 invicem
1739 2847 1798 2885 se
1827 2847 1960 2885 cou-

353 2937 608 2993 tinentia.
644 2935 788 2991 Vasa
845 2933 903 2987 in
932 2929 1305 2993 tabernaculo,
1376 2925 1563 2982 ﬁdeles
1606 2926 1659 2978 in
1691 2921 1956 2977 Ecclesia.

355 3030 511 3086 Unde
539 3027 673 3082 dicit
701 3023 1038 3094 Apostolus:
1079 3021 1148 3076 In
1193 3036 1386 3090 magna
1439 3026 1613 3072 autem
1657 3015 1812 3068 (lomo
1856 3030 1961 3068 non

353 3121 526 3178 solum
556 3128 680 3174 sunt
701 3134 828 3172 vasa
871 3133 1036 3171 aurea
1065 3123 1114 3169 et
1139 3122 1408 3186 argentea,
1442 3111 1533 3166 sed
1563 3122 1610 3164 et
1633 3108 1805 3180 lignea
1829 3118 1873 3162 et
1898 3108 1960 3176 ﬁ-

2063 1916 2139 1987 L).
2166 1914 2397 1984 Quidam
2419 1915 2524 1970 hoc
2546 1914 2666 1970 loco
2688 1915 2874 1970 dicunt
2897 1914 3074 1984 ipsum
3099 1912 3388 1968 Dominum
3417 1912 3674 1980 vitulum,

2065 2009 2156 2078 qui
2184 2023 2243 2062 se
2290 2007 2529 2062 hostiam
2575 2005 2773 2063 obtulit
2823 2021 2924 2075 pro
2949 2004 3125 2060 salute
3151 2012 3496 2063 cunctorum.
3527 2002 3676 2070 Qua-

2063 2109 2287 2171 propter
2348 2101 2464 2155 sive
2530 2099 2597 2155 de
2661 2098 3122 2162 adolescentibus,
3185 2097 3300 2153 sive
3366 2096 3432 2151 de
3475 2095 3678 2166 praedi-

2064 2189 2384 2254 catoribus,
2451 2189 2567 2244 sive
2635 2189 2704 2243 de
2763 2187 3097 2258 martyribus
3163 2187 3464 2250 sentiatur,
3540 2184 3680 2239 tales

2064 2291 2246 2338 tamen
2268 2281 2538 2352 propheta
2565 2279 2766 2334 vitulos
2792 2279 3059 2333 altaribus
3087 2279 3317 2332 Domino
3343 2278 3524 2348 potuit
3548 2292 3680 2346 pro-

2063 2376 2307 2441 mittere,
2369 2389 2507 2443 quos
2549 2371 2875 2427 Christiana:
2913 2370 3163 2441 religioni
3200 2379 3431 2424 noverat
3473 2385 3680 2424 conve-

2063 2469 2202 2522 nire.
2227 2465 2418 2521 Altare
2443 2479 2643 2535 corpus
2657 2463 2960 2519 Salvatoris
2983 2471 3345 2532 assumptum.
3374 2461 3434 2516 In
3451 2461 3676 2517 Exodo:

2063 2560 2242 2614 Altare
2273 2559 2338 2613 de
2383 2569 2523 2613 terra
2569 2557 2776 2628 facietis
2804 2557 2933 2610 mihi
2967 2555 3165 2626 (Exod.
3191 2553 3307 2626 xx).
3337 2553 3523 2608 Altare
3551 2569 3682 2608 sau-

2064 2661 2147 2708 cta
2203 2650 2470 2706 Ecclesia.
2543 2647 2600 2702 ιιι
2650 2648 3068 2705 Deuteronomio
3109 2667 3122 2702 :
3185 2645 3319 2701 Cum
3362 2646 3683 2700 transieritis

2062 2742 2376 2808 Iordanem,
2412 2740 2675 2810 azdiﬁcate
2703 2739 2872 2793 altare
2895 2739 2959 2793 de
2993 2738 3276 2810 lapidibus,
3313 2756 3444 2810 quos
3475 2740 3682 2807 ferrum

2065 2853 2169 2889 non
2203 2835 2369 2904 tetigit
2403 2831 2584 2905 (Deut.
2618 2833 2813 2905 xxvii),
2848 2833 2901 2886 id
2929 2839 3029 2896 est,
3059 2831 3126 2888 de
3159 2832 3364 2887 sanctis
3392 2831 3673 2897 ﬁdelibus,

2066 2945 2203 2999 quos
2257 2927 2463 2982 nullum
2514 2927 2753 2982 schisma
2811 2928 3081 2980 luerosum
3133 2934 3229 2980 aut
3278 2926 3682 2980 contaminatio

2063 3022 2272 3094 peccati
2299 3021 2610 3077 maculavit.
2650 3021 2781 3075 item
2814 3019 2986 3075 altare
3014 3019 3288 3088 significat
3307 3035 3510 3090 pascua
3529 3018 3683 3074 Scri-

2066 3123 2482 3186 pturarum,yut
2532 3115 2588 3168 in
2633 3113 2889 3169 Psalmo:
2948 3113 3157 3169 Lavabo
3211 3114 3346 3168 inter
3375 3118 3683 3169 innocentes

356 3212 502 3268 ctilia
650 3209 786 3266 Tim.
813 3208 897 3281 ll).
937 3206 1150 3263 Ostium
1172 3184 1538 3269 tabernaculi,
1567 3218 1805 3274 pT'JBSCllS
1829 3202 1959 3266 vita,
1992 3184 2037 3246 C
2069 3184 2259 3265 inanus
2293 3226 2457 3276 meas,
2485 3219 2532 3264 ει
2568 3209 2799 3263 εἰνεαίὺο
2843 3209 3010 3264 auare
3045 3219 3216 3275 tuum,
3246 3209 3470 3265 Domine
3501 3207 3680 3280 (Psal.

358 3307 472 3364 sive
509 3304 769 3359 introitus
798 3302 866 3356 ad
893 3301 1079 3366 ﬁdem,
1114 3299 1198 3355 vel
1231 3295 1509 3352 inchoatio
1537 3295 1805 3350 bonorum
1835 3301 1962 3362 ope-

358 3413 504 3452 rum.
537 3393 694 3450 Unde
724 3393 778 3447 in
811 3391 1056 3446 Levitico
1083 3409 1096 3444 :
1134 3389 1200 3442 Et
1231 3389 1456 3441 adducet
1487 3403 1607 3440 cum
1647 3385 1716 3438 ad
1770 3383 1962 3438 ostium

359 3485 712 3552 tabernaculi,
746 3495 793 3539 et
825 3494 979 3557 portet
1011 3499 1227 3537 "ianum
1257 3483 1414 3551 super
1445 3490 1600 3549 caput
1639 3477 1823 3531 hostire
1850 3493 1963 3530 sua:

361 3584 506 3654 (Leu.
542 3581 638 3650 ιγ).
675 3577 860 3632 Altare
891 3591 1136 3639 aureum,
1170 3575 1286 3644 ipsa
1311 3573 1584 3637 divinitas,
1623 3569 1709 3623 vel
1736 3567 1965 3622 altitudo

360 3673 506 3729 ﬁdei.
537 3670 595 3726 lu
634 3668 822 3724 Exodo
847 3685 860 3720 :
905 3667 1028 3720 Non
1050 3665 1306 3720 ascendas
1357 3681 1448 3734 per
1478 3663 1674 3733 gradus
1698 3661 1766 3714 ad
1795 3660 1965 3714 altare

361 3780 533 3819 nteant
573 3759 774 3836 (Exod.
829 3757 947 3831 xx).
992 3756 1128 3811 Nam
1158 3757 1214 3810 in
1247 3756 1428 3809 Veteri
1479 3755 1828 3807 Testamento
1860 3752 1966 3805 duo

362 3855 557 3911 altaria
583 3853 730 3908 facta
769 3866 892 3907 esse
925 3849 1218 3920 leguntur:
1261 3864 1426 3902 unum
1465 3855 1585 3902 erat
1612 3845 1783 3898 altare
1814 3840 1968 3898 holo-

362 3947 560 4012 causti,
592 3945 647 3999 in
677 3960 785 4013 quo
813 3943 1050 3997 victima:
1103 3941 1564 4004 immolabantur;
1602 3939 1747 3993 aliud
1795 3937 1966 3991 altare

365 4036 756 4108 thymiamatis,
787 4050 895 4104 quo
920 4035 1204 4088 incensum
1234 4033 1459 4084 Domino
1483 4029 1832 4084 ollerebatur.
1859 4028 1966 4083 Sed

363 4130 534 4184 altare
563 4126 868 4182 holocausti
915 4123 1242 4195 generaliter
1300 4124 1465 4176 vitam
1514 4120 1964 4192 designatjusto-

363 4236 506 4285 l'lllil,
537 4219 630 4289 qui
658 4232 880 4274 carnem
911 4232 1066 4270 suam
1095 4214 1337 4286 quotidie
1387 4215 1708 4283 crucifigere
1728 4229 1860 4268 cum
1891 4213 1970 4266 vi-

363 4313 458 4366 tiis
489 4319 544 4366 et
575 4307 1056 4380 concupiscentiis,
1120 4315 1284 4376 atque
1318 4307 1371 4360 in
1403 4306 1638 4361 hostiam
1693 4305 1966 4360 viventem

366 4407 481 4461 Deo
511 4403 711 4460 olIerre
737 4411 1160 4458 consueverunt.
1191 4403 1378 4457 Altare
1407 4417 1538 4456 vero
1576 4399 1965 4472 thymiamatis,

368 4495 513 4568 quod
541 4497 594 4550 in
609 4493 936 4550 adoleudum
961 4493 1260 4563 thymiama
1278 4491 1482 4546 factum
1504 4501 1642 4556 erat,
1673 4491 1968 4562 specialem

368 4589 732 4661 quorumdam
787 4586 1157 4656 perfectorum
1211 4586 1382 4639 vitam
1445 4585 1732 4656 signiﬁcat.
1783 4584 1970 4656 Neque

369 4681 575 4735 frustra
615 4678 668 4731 in
703 4677 794 4730 illo
831 4690 1024 4729 carnes
1057 4674 1375 4728 animalium
1431 4674 1881 4738 incendebantur,
1914 4674 1969 4728 in

371 4771 476 4825 hoc
505 4768 826 4824 adolebatur
857 4767 1138 4821 incensum
1168 4785 1179 4818 :
1211 4766 1338 4835 quia
1389 4767 1441 4819 in
1473 4766 1563 4820 illo
1597 4767 1972 4836 iigurabautur

371 4861 433 4926 ii,
468 4860 563 4930 qui
627 4875 740 4914 non
775 4857 1075 4913 secundum
1132 4857 1399 4913 desideria
1431 4859 1614 4913 ramis
1668 4859 1966 4922 ambulant,

371 4950 468 5007 sed
493 4951 650 5020 quasi
673 4951 792 5005 haec
822 4949 1052 5004 Domino
1094 4949 1462 5016 immolantes,
1512 4966 1702 5004 omnes
1729 4951 1813 5005 sui
1843 4967 1970 5005 eor-

371 5044 525 5115 poris
548 5058 743 5099 sensus
762 5057 859 5114 per
889 5043 1068 5115 ignem
1094 5045 1268 5100 sancti
1299 5043 1533 5115 Spiritus
1565 5045 1682 5115 ejus
1711 5045 1971 5100 voluntati

376 5135 671 5201 dedicant;
715 5134 772 5189 in
797 5133 902 5188 isto
929 5144 1112 5190 autem
1167 5135 1380 5191 illorqu
1433 5146 1592 5207 typus
1622 5137 1970 5207 exprimitur,

376 5229 470 5299 qui
495 5227 700 5298 majore
727 5228 927 5283 mentis
965 5227 1319 5299 perfectione,
1352 5233 1634 5286 exstinctis
1664 5248 1884 5302 prorsus
1907 5247 1972 5287 ac

379 5322 572 5389 sopitis
605 5321 874 5376 illecebris
900 5320 1152 5375 omnibus
1181 5322 1386 5386 carnis,
1447 5323 1559 5378 sola
1592 5325 1820 5379 Domino
1851 5340 1974 5379 ora-

379 5412 593 5466 tionum
615 5419 740 5466 vota
773 5411 1009 5467 oﬁ'erunt
1035 5430 1050 5478 ;
1085 5414 1160 5467 nil
1184 5415 1402 5484 quidem
1431 5416 1496 5469 de
1520 5433 1706 5480 carne,
1740 5419 1882 5486 quod
1912 5434 1967 5474 se

381 5504 687 5574 impugnet,
715 5503 792 5557 nil
842 5505 908 5558 de
957 5506 1286 5561 conscientia
1318 5508 1546 5576 peccati,
1584 5509 1725 5564 unde
1754 5517 1972 5564 contur-

381 5596 581 5652 bentur
611 5614 675 5652 ac
699 5606 952 5668 paveant,
979 5599 1276 5665 habentes;
1307 5603 1400 5658 sed
1426 5602 1632 5658 dulcius
1662 5603 1975 5672 profusione

385 5686 754 5759 lacrymarum
783 5697 1035 5759 optantes
1080 5691 1265 5746 venire
1295 5701 1349 5746 et
1399 5710 1592 5764 parere
1617 5704 1742 5750 ante
1773 5697 1971 5750 faciem

381 5777 499 5833 Dei.
564 5779 716 5836 Unde
746 5791 870 5853 apte
900 5784 1002 5842 hoc
1049 5785 1221 5842 altare
1279 5787 1425 5844 intus
1449 5789 1502 5843 in
1555 5789 1754 5847 vicinia
1785 5791 1888 5848 veli
1919 5799 1976 5848 et

2067 3301 2217 3371 xxv).
2257 3302 2494 3356 Rursum
2532 3299 2703 3356 altare
2733 3300 2898 3355 corda
2928 3309 3242 3356 sanctorum
3280 3301 3577 3372 signiﬁcat.
3614 3300 3681 3356 In

2065 3391 2306 3447 Levitico
2335 3409 2348 3445 :
2386 3391 2535 3462 Ignis
2567 3401 2740 3446 autem
2775 3392 2828 3444 in
2861 3391 3024 3445 altari
3069 3407 3271 3462 semper
3294 3391 3499 3446 ardebit
3525 3389 3674 3462 (Lee.

2068 3487 2168 3558 vi),
2201 3487 2252 3540 id
2279 3493 2383 3551 est,
2415 3485 2578 3540 ardor
2614 3483 2918 3539 charitatis.
2960 3482 3176 3538 Cornua
3223 3484 3413 3539 altaris
3441 3495 3525 3540 est
3551 3485 3685 3539 alti-

2071 3577 2198 3632 tudo
2226 3577 2464 3631 ecelestis
2484 3578 2696 3646 patriae,
2749 3587 2808 3631 ut
2836 3577 2889 3631 in
2917 3575 3127 3632 Psalmo
3155 3595 3168 3632 :
3201 3574 3518 3632 Constituite
3537 3579 3682 3632 diem

2068 3669 2352 3723 solemnem
2395 3669 2449 3720 in
2490 3668 3094 3738 confrequentationibus
3126 3686 3288 3740 usque
3317 3670 3386 3723 ad
3415 3686 3579 3723 cornu
3603 3669 3688 3722 al-

2071 3761 2199 3813 taris
2233 3758 2408 3830 (Psal.
2440 3763 2632 3828 cxvii).
2685 3760 2873 3813 Altare
2901 3777 3113 3816 cuneum
3147 3762 3311 3816 corda
3340 3762 3681 3816 carnalium:

2072 3855 2127 3908 in
2161 3869 2270 3923 quo
2299 3853 2458 3908 altari
2485 3870 2680 3908 carnes
2725 3855 2778 3908 in
2828 3854 3206 3910 holocaustum
3271 3857 3682 3919 cremabantur,

2072 3964 2193 4020 qua:
2223 3964 2386 4018 opera
2441 3947 2679 4002 carnalia
2730 3947 3034 4016 deplorant.
3071 3949 3351 4002 lncensum
3400 3950 3688 4004 orationes

2074 4048 2406 4096 sanctorum.
2458 4039 2514 4093 In
2569 4037 2812 4092 Psalmo:
2849 4038 3127 4110 Dirigatur
3163 4039 3332 4093 oratio
3363 4056 3503 4104 mea,
3546 4042 3686 4093 sicut

2075 4132 2343 4185 incensum
2374 4131 2427 4183 in
2473 4140 2750 4201 conspectu
2791 4141 2902 4194 tuo,
2940 4129 3160 4184 Domine
3190 4127 3364 4202 (Psal.
3397 4129 3544 4202 exn).
3582 4132 3685 4184 Sa-

2075 4224 2340 4277 crilicimn
2374 4223 2577 4279 oblatio
2598 4224 2840 4294 justitiae.
2894 4224 2951 4278 in
2979 4224 3218 4294 psalmo:
3253 4225 3570 4292 Sacriﬁcale
3598 4243 3687 4278 sa-

2076 4315 2331 4384 criﬁcium
2361 4315 2590 4385 justitice
2639 4313 2814 4386 (Psal.
2857 4316 2955 4387 Iv).
3004 4316 3416 4380 l-iolocauslum,
3474 4317 3528 4370 id
3574 4326 3684 4383 est,

2077 4417 2249 4464 totum
2275 4411 2650 4476 combustum,
2699 4418 2844 4466 totus
2892 4410 3018 4465 ﬁdei
3045 4425 3308 4465 accensus
3335 4411 3450 4466 sive
3499 4412 3688 4468 carnis

2076 4503 2442 4559 mortiﬁcatio.
2470 4503 2564 4557 Est
2591 4503 2736 4558 enim
2769 4502 2989 4572 quidam
3016 4502 3157 4573 ignis
3191 4501 3475 4558 charitatis
3496 4504 3685 4558 omnia

2082 4595 2323 4651 membra
2366 4597 2601 4652 hominis
2626 4597 2681 4651 in
2707 4598 2957 4666 proprios
2990 4612 3124 4652 usus
3145 4612 3446 4663 assumens,
3490 4607 3550 4653 ut
3574 4615 3685 4653 non

2081 4690 2362 4760 permittat
2389 4703 2450 4744 ea
2494 4689 2732 4744 militare
2759 4697 3002 4759 peccato.
3059 4690 3198 4744 Etin
3227 4689 3436 4759 psalmo
3465 4709 3477 4744 :
3508 4689 3688 4756 Ποιο-

2081 4790 2264 4834 causta
2290 4781 2577 4835 medullata
2610 4782 2828 4851 o/Teram
2855 4782 2948 4836 tibi
2979 4779 3154 4852 (Psal.
3185 4781 3331 4850 va).
3377 4781 3568 4837 Hostia
3594 4801 3692 4854 pa-

2081 4874 2258 4941 ciﬁca,
2291 4890 2426 4944 opus
2452 4875 2838 4930 misericordia:
2869 4892 2880 4927 :
2935 4890 3055 4945 qua;
3085 4875 3204 4930 ideo
3236 4874 3412 4930 hostia
3449 4875 3686 4944 paciﬁca

2084 4967 2414 5037 appellatur,
2445 4983 2510 5022 eo
2550 4969 2693 5037 quod
2741 4968 2918 5022 hostia
2947 4968 3162 5023 diabolo
3207 4969 3442 5033 resistat,
3486 4978 3541 5024 et
3572 4970 3689 5024 Deo

2081 5061 2353 5114 hominem
2393 5060 2724 5115 reconciliet.
2770 5060 2827 5114 ln
2861 5061 3110 5130 psalmo:
3147 5060 3334 5115 Tollite
3374 5063 3602 5125 hostias,
3631 5073 3685 5116 et

2077 5149 2286 5203 introite
2320 5151 2374 5203 in
2423 5152 2562 5204 atria
2595 5152 2711 5220 ejus
2765 5150 2938 5222 (Psal.
2975 5151 3118 5224 xcv).
3164 5151 3366 5222 Adipes
3416 5154 3684 5223 paciﬁco-

2079 5258 2222 5306 rum,
2250 5243 2594 5312 compunctio
2623 5243 2822 5308 cordis,
2852 5251 2908 5298 et
2934 5243 3298 5315 laerymarum
3322 5243 3565 5314 profusio
3598 5247 3688 5301 in-

2079 5334 2356 5405 telligitur.
2408 5335 2464 5388 lu
2493 5336 2772 5390 chitico:
2830 5335 2900 5390 Et
2925 5339 3229 5408 impositum
3270 5337 3490 5407 desuper
3527 5338 3688 5392 holo-

2083 5438 2322 5483 caustum
2351 5428 2577 5482 adolebit
2613 5429 2797 5499 (Leuit.
2827 5429 2902 5503 v).
2962 5429 3020 5484 In
3052 5438 3209 5484 tauro
3245 5445 3372 5484 vero
3401 5431 3687 5500 superbia,

2085 5535 2204 5590 qua:
2254 5521 2604 5576 continentiae
2635 5520 2807 5576 cultro
2854 5523 2909 5576 in
2939 5537 3064 5576 arca
3092 5521 3272 5576 cordis
3290 5518 3589 5592 iugulatur.
3626 5519 3691 5576 lu

2086 5612 2256 5668 ariete
2285 5612 2452 5668 furor.
2482 5612 2537 5668 ln
2572 5614 2724 5669 hirco
2751 5613 2937 5669 libido.
2974 5613 3032 5668 In
3062 5613 3252 5681 vitulo,
3303 5613 3484 5669 carnis
3532 5612 3696 5667 volu-

2087 5718 2228 5775 ptas.
2284 5706 2340 5761 ln
2389 5722 2528 5778 agno
2562 5707 2802 5763 lascivia.
2859 5706 2917 5762 ln
2957 5706 3127 5762 haedis
3174 5715 3394 5777 peccata
3439 5704 3690 5760 diversa.

2089 5796 2194 5851 Per
2236 5807 2502 5853 turturem
2530 5810 2584 5854 et
2627 5799 2933 5856 columbam
2968 5799 3234 5855 munditia
3286 5795 3578 5862 castitatis,
3636 5805 3700 5852 ct
