  <div class='ocr_page' id='page_1' title='image "/cluster/home/n/w/nwhite01/storage/ocr_20150623/111/uva.x000827067/206.png"; bbox 0 0 3922 6354; ppageno 0'>
   <div class='ocr_carea' id='block_1_1' title="bbox 211 381 300 442">
    <p class='ocr_par' dir='ltr' id='par_1_1' title="bbox 211 381 300 442">
     <span class='ocr_line' id='line_1_1' title="bbox 211 381 300 442; baseline -0.067 1"><span class='ocrx_word' id='word_1_1' title='bbox 211 381 300 442; x_wconf 77' lang='lat'><strong>397</strong></span> 
     </span>
    </p>
   </div>
   <div class='ocr_carea' id='block_1_2' title="bbox 1152 353 2500 420">
    <p class='ocr_par' dir='ltr' id='par_1_2' title="bbox 1152 353 2500 420">
     <span class='ocr_line' id='line_1_2' title="bbox 1152 353 2500 420; baseline -0.009 0"><span class='ocrx_word' id='word_1_2' title='bbox 1152 364 1242 420; x_wconf 89' lang='lat' dir='ltr'><strong>DE</strong></span> <span class='ocrx_word' id='word_1_3' title='bbox 1280 360 1627 420; x_wconf 79' lang='lat' dir='ltr'><strong>UNIV’ERSO</strong></span> <span class='ocrx_word' id='word_1_4' title='bbox 1667 357 1844 414; x_wconf 83' lang='lat' dir='ltr'><strong>LlBRl</strong></span> <span class='ocrx_word' id='word_1_5' title='bbox 1881 357 2044 412; x_wconf 74' lang='lat' dir='ltr'><strong>XXII.</strong></span> <span class='ocrx_word' id='word_1_6' title='bbox 2087 384 2154 396; x_wconf 68' lang='grc' dir='ltr'><strong>ι-</strong></span> <span class='ocrx_word' id='word_1_7' title='bbox 2193 354 2318 409; x_wconf 85' lang='lat' dir='ltr'><strong>LIB.</strong></span> <span class='ocrx_word' id='word_1_8' title='bbox 2362 353 2500 409; x_wconf 74' lang='lat' dir='ltr'><strong>XIV.</strong></span> 
     </span>
    </p>
   </div>
   <div class='ocr_carea' id='block_1_3' title="bbox 3357 347 3466 407">
    <p class='ocr_par' dir='ltr' id='par_1_3' title="bbox 3357 347 3466 407">
     <span class='ocr_line' id='line_1_3' title="bbox 3357 347 3466 407; baseline 0.037 -4"><span class='ocrx_word' id='word_1_9' title='bbox 3357 347 3466 407; x_wconf 79' lang='grc'><strong>598</strong></span> 
     </span>
    </p>
   </div>
   <div class='ocr_carea' id='block_1_4' title="bbox 214 460 3469 563">
    <p class='ocr_par' dir='ltr' id='par_1_4' title="bbox 214 460 3469 563">
     <span class='ocr_line' id='line_1_4' title="bbox 214 460 3469 563; baseline -0.009 -13"><span class='ocrx_word' id='word_1_10' title='bbox 214 487 493 563; x_wconf 75' lang='lat' dir='ltr'><strong>simplicitas</strong></span> <span class='ocrx_word' id='word_1_11' title='bbox 521 481 708 537; x_wconf 85' lang='lat' dir='ltr'><strong>cordis</strong></span> <span class='ocrx_word' id='word_1_12' title='bbox 737 481 791 535; x_wconf 93' lang='lat' dir='ltr'><strong>in</strong></span> <span class='ocrx_word' id='word_1_13' title='bbox 819 477 1144 535; x_wconf 91' lang='lat' dir='ltr'><strong>sacriﬁcium</strong></span> <span class='ocrx_word' id='word_1_14' title='bbox 1172 477 1268 532; x_wconf 87' lang='lat' dir='ltr'><strong>Dei</strong></span> <span class='ocrx_word' id='word_1_15' title='bbox 1298 476 1543 532; x_wconf 74' lang='lat' dir='ltr'><strong>offertur.</strong></span> <span class='ocrx_word' id='word_1_16' title='bbox 1590 474 1650 528; x_wconf 87' lang='lat' dir='ltr'><strong>lu</strong></span> <span class='ocrx_word' id='word_1_17' title='bbox 1698 474 1769 528; x_wconf 87' lang='lat' dir='ltr'><strong>si-</strong></span> <span class='ocrx_word' id='word_1_18' title='bbox 1797 487 1846 548; x_wconf 69' lang='grc' dir='ltr'><strong>Α</strong></span> <span class='ocrx_word' id='word_1_19' title='bbox 1871 472 2017 543; x_wconf 89' lang='lat' dir='ltr'><strong>plum</strong></span> <span class='ocrx_word' id='word_1_20' title='bbox 2070 467 2167 522; x_wconf 86' lang='lat' dir='ltr'><strong>Dei</strong></span> <span class='ocrx_word' id='word_1_21' title='bbox 2221 482 2318 537; x_wconf 89' lang='lat' dir='ltr'><strong>per</strong></span> <span class='ocrx_word' id='word_1_22' title='bbox 2344 466 2737 521; x_wconf 85' lang='lat' dir='ltr'><strong>inhabitantem</strong></span> <span class='ocrx_word' id='word_1_23' title='bbox 2772 464 3032 563; x_wconf 39' lang='lat' dir='ltr'><strong>.5pinritum</strong></span> <span class='ocrx_word' id='word_1_24' title='bbox 3058 460 3175 532; x_wconf 85' lang='lat' dir='ltr'><strong>ejus</strong></span> <span class='ocrx_word' id='word_1_25' title='bbox 3202 463 3257 563; x_wconf 80' lang='lat' dir='ltr'><strong>in</strong></span> <span class='ocrx_word' id='word_1_26' title='bbox 3307 465 3469 521; x_wconf 86' lang='lat' dir='ltr'><strong>nobis</strong></span> 
     </span>
    </p>
   </div>
   <div class='ocr_carea' id='block_1_5' title="bbox 213 553 3472 652">
    <p class='ocr_par' dir='ltr' id='par_1_5' title="bbox 213 553 3472 652">
     <span class='ocr_line' id='line_1_5' title="bbox 213 553 3472 652; baseline -0.008 -14"><span class='ocrx_word' id='word_1_27' title='bbox 213 553 434 652; x_wconf 72' lang='lat' dir='ltr'><strong>milagine</strong></span> <span class='ocrx_word' id='word_1_28' title='bbox 455 575 662 646; x_wconf 85' lang='lat' dir='ltr'><strong>puritas</strong></span> <span class='ocrx_word' id='word_1_29' title='bbox 687 574 882 629; x_wconf 88' lang='lat' dir='ltr'><strong>mentis</strong></span> <span class='ocrx_word' id='word_1_30' title='bbox 909 612 924 639; x_wconf 91' lang='lat'><strong>,</strong></span> <span class='ocrx_word' id='word_1_31' title='bbox 967 570 1051 626; x_wconf 86' lang='lat' dir='ltr'><strong>vel</strong></span> <span class='ocrx_word' id='word_1_32' title='bbox 1076 585 1241 640; x_wconf 85' lang='lat' dir='ltr'><strong>opera</strong></span> <span class='ocrx_word' id='word_1_33' title='bbox 1271 567 1678 624; x_wconf 84' lang='lat' dir='ltr'><strong>misericordiae.</strong></span> <span class='ocrx_word' id='word_1_34' title='bbox 1713 566 1770 619; x_wconf 90' lang='lat' dir='ltr'><strong>ln</strong></span> <span class='ocrx_word' id='word_1_35' title='bbox 1800 597 1807 606; x_wconf 64' lang='grc' dir='ltr'>ε</span> <span class='ocrx_word' id='word_1_36' title='bbox 1871 559 2135 615; x_wconf 79' lang='lat' dir='ltr'><strong>efﬁcimur</strong></span> <span class='ocrx_word' id='word_1_37' title='bbox 2163 575 2174 610; x_wconf 93' lang='lat'><strong>:</strong></span> <span class='ocrx_word' id='word_1_38' title='bbox 2216 565 2423 652; x_wconf 83' lang='lat' dir='ltr'><strong>constat</strong></span> <span class='ocrx_word' id='word_1_39' title='bbox 2448 557 2654 652; x_wconf 54' lang='lat' dir='ltr'><strong>utique,</strong></span> <span class='ocrx_word' id='word_1_40' title='bbox 2693 554 2819 652; x_wconf 48' lang='lat' dir='ltr'><strong>(lilia</strong></span> <span class='ocrx_word' id='word_1_41' title='bbox 2851 553 3077 652; x_wconf 64' lang='lat' dir='ltr'><strong>figuram</strong></span> <span class='ocrx_word' id='word_1_42' title='bbox 3103 553 3346 652; x_wconf 74' lang='lat' dir='ltr'><strong>omnium</strong></span> <span class='ocrx_word' id='word_1_43' title='bbox 3372 571 3472 611; x_wconf 86' lang='lat' dir='ltr'><strong>no-</strong></span> 
     </span>
    </p>
   </div>
   <div class='ocr_carea' id='block_1_6' title="bbox 213 659 1768 751">
    <p class='ocr_par' dir='ltr' id='par_1_6' title="bbox 213 659 1768 751">
     <span class='ocr_line' id='line_1_6' title="bbox 213 659 1768 751; baseline -0.014 -18"><span class='ocrx_word' id='word_1_44' title='bbox 213 671 436 751; x_wconf 88' lang='lat' dir='ltr'><strong>primitiis</strong></span> <span class='ocrx_word' id='word_1_45' title='bbox 459 669 609 723; x_wconf 85' lang='lat' dir='ltr'><strong>initia</strong></span> <span class='ocrx_word' id='word_1_46' title='bbox 638 669 902 724; x_wconf 89' lang='lat' dir='ltr'><strong>bonorum</strong></span> <span class='ocrx_word' id='word_1_47' title='bbox 942 678 1190 735; x_wconf 90' lang='lat' dir='ltr'><strong>operum,</strong></span> <span class='ocrx_word' id='word_1_48' title='bbox 1219 663 1303 718; x_wconf 84' lang='lat' dir='ltr'><strong>vel</strong></span> <span class='ocrx_word' id='word_1_49' title='bbox 1333 663 1476 716; x_wconf 89' lang='lat' dir='ltr'><strong>bona</strong></span> <span class='ocrx_word' id='word_1_50' title='bbox 1503 659 1768 714; x_wconf 78' lang='lat' dir='ltr'><strong>voluntas.</strong></span> 
     </span>
    </p>
   </div>
   <div class='ocr_carea' id='block_1_7' title="bbox 210 749 1774 828">
    <p class='ocr_par' dir='ltr' id='par_1_7' title="bbox 210 749 1774 828">
     <span class='ocr_line' id='line_1_7' title="bbox 210 749 1774 828; baseline -0.013 -5"><span class='ocrx_word' id='word_1_51' title='bbox 210 749 260 824; x_wconf 84' lang='lat' dir='ltr'><strong>ln</strong></span> <span class='ocrx_word' id='word_1_52' title='bbox 283 761 501 821; x_wconf 83' lang='lat' dir='ltr'><strong>decumis</strong></span> <span class='ocrx_word' id='word_1_53' title='bbox 532 774 665 814; x_wconf 89' lang='lat' dir='ltr'><strong>vero</strong></span> <span class='ocrx_word' id='word_1_54' title='bbox 694 756 956 828; x_wconf 72' lang='lat' dir='ltr'><strong>perfectio</strong></span> <span class='ocrx_word' id='word_1_55' title='bbox 975 757 1242 810; x_wconf 89' lang='lat' dir='ltr'><strong>bonorum</strong></span> <span class='ocrx_word' id='word_1_56' title='bbox 1273 767 1522 822; x_wconf 87' lang='lat' dir='ltr'><strong>operum.</strong></span> <span class='ocrx_word' id='word_1_57' title='bbox 1581 749 1774 805; x_wconf 88' lang='lat' dir='ltr'><strong>Sacer-</strong></span> 
     </span>
    </p>
   </div>
   <div class='ocr_carea' id='block_1_8' title="bbox 213 839 1772 924">
    <p class='ocr_par' dir='ltr' id='par_1_8' title="bbox 213 839 1772 924">
     <span class='ocr_line' id='line_1_8' title="bbox 213 839 1772 924; baseline -0.008 -15"><span class='ocrx_word' id='word_1_58' title='bbox 213 860 296 924; x_wconf 78' lang='lat' dir='ltr'><strong>dps</strong></span> <span class='ocrx_word' id='word_1_59' title='bbox 318 853 564 909; x_wconf 84' lang='lat' dir='ltr'><strong>Dominus</strong></span> <span class='ocrx_word' id='word_1_60' title='bbox 601 839 683 904; x_wconf 88' lang='lat' dir='ltr'><strong>est</strong></span> <span class='ocrx_word' id='word_1_61' title='bbox 714 848 872 903; x_wconf 84' lang='lat' dir='ltr'><strong>Jesus</strong></span> <span class='ocrx_word' id='word_1_62' title='bbox 916 846 1186 911; x_wconf 82' lang='lat' dir='ltr'><strong>Christus,</strong></span> <span class='ocrx_word' id='word_1_63' title='bbox 1232 847 1284 900; x_wconf 91' lang='lat' dir='ltr'><strong>in</strong></span> <span class='ocrx_word' id='word_1_64' title='bbox 1309 844 1525 898; x_wconf 89' lang='lat' dir='ltr'><strong>Psalmo</strong></span> <span class='ocrx_word' id='word_1_65' title='bbox 1557 861 1569 896; x_wconf 92' lang='lat'><strong>:</strong></span> <span class='ocrx_word' id='word_1_66' title='bbox 1608 843 1686 896; x_wconf 89' lang='lat' dir='ltr'><strong>Tu</strong></span> <span class='ocrx_word' id='word_1_67' title='bbox 1718 860 1772 897; x_wconf 88' lang='lat' dir='ltr'><strong>es</strong></span> 
     </span>
    </p>
   </div>
   <div class='ocr_carea' id='block_1_9' title="bbox 209 931 1770 1005">
    <p class='ocr_par' dir='ltr' id='par_1_9' title="bbox 209 931 1770 1005">
     <span class='ocr_line' id='line_1_9' title="bbox 209 931 1770 1005; baseline -0.01 -4"><span class='ocrx_word' id='word_1_68' title='bbox 209 945 426 1004; x_wconf 85' lang='lat' dir='ltr'><strong>sacerdos</strong></span> <span class='ocrx_word' id='word_1_69' title='bbox 447 940 727 997; x_wconf 83' lang='lat' dir='ltr'><strong>secundum</strong></span> <span class='ocrx_word' id='word_1_70' title='bbox 753 939 990 993; x_wconf 78' lang='lat' dir='ltr'><strong>ordinem</strong></span> <span class='ocrx_word' id='word_1_71' title='bbox 1017 935 1400 991; x_wconf 75' lang='lat' dir='ltr'><strong>Melchisedech</strong></span> <span class='ocrx_word' id='word_1_72' title='bbox 1427 931 1602 1005; x_wconf 83' lang='lat' dir='ltr'><strong>(Psal.</strong></span> <span class='ocrx_word' id='word_1_73' title='bbox 1635 931 1770 1004; x_wconf 82' lang='lat' dir='ltr'><strong>etx).</strong></span> 
     </span>
    </p>
   </div>
   <div class='ocr_carea' id='block_1_10' title="bbox 212 1025 1776 1098">
    <p class='ocr_par' dir='ltr' id='par_1_10' title="bbox 212 1025 1776 1098">
     <span class='ocr_line' id='line_1_10' title="bbox 212 1025 1776 1098; baseline -0.011 -4"><span class='ocrx_word' id='word_1_74' title='bbox 212 1031 530 1098; x_wconf 79' lang='lat' dir='ltr'><strong>Sacerdotes,</strong></span> <span class='ocrx_word' id='word_1_75' title='bbox 563 1033 758 1097; x_wconf 83' lang='lat' dir='ltr'><strong>sancti,</strong></span> <span class='ocrx_word' id='word_1_76' title='bbox 796 1039 855 1085; x_wconf 90' lang='lat' dir='ltr'><strong>ut</strong></span> <span class='ocrx_word' id='word_1_77' title='bbox 897 1033 952 1084; x_wconf 91' lang='lat' dir='ltr'><strong>in</strong></span> <span class='ocrx_word' id='word_1_78' title='bbox 981 1029 1120 1084; x_wconf 82' lang='lat' dir='ltr'><strong>Isaia</strong></span> <span class='ocrx_word' id='word_1_79' title='bbox 1147 1046 1160 1080; x_wconf 90' lang='lat'><strong>:</strong></span> <span class='ocrx_word' id='word_1_80' title='bbox 1219 1025 1320 1080; x_wconf 83' lang='lat' dir='ltr'><strong>Vos</strong></span> <span class='ocrx_word' id='word_1_81' title='bbox 1347 1025 1642 1079; x_wconf 79' lang='lat' dir='ltr'><strong>sacerdotes</strong></span> <span class='ocrx_word' id='word_1_82' title='bbox 1669 1025 1776 1079; x_wconf 90' lang='lat' dir='ltr'><strong>Do-</strong></span> 
     </span>
    </p>
   </div>
   <div class='ocr_carea' id='block_1_11' title="bbox 210 1117 1778 1195">
    <p class='ocr_par' dir='ltr' id='par_1_11' title="bbox 210 1117 1778 1195">
     <span class='ocr_line' id='line_1_11' title="bbox 210 1117 1778 1195; baseline -0.012 -6"><span class='ocrx_word' id='word_1_83' title='bbox 210 1133 324 1188; x_wconf 86' lang='lat' dir='ltr'><strong>mini</strong></span> <span class='ocrx_word' id='word_1_84' title='bbox 347 1126 645 1195; x_wconf 80' lang='lat' dir='ltr'><strong>vocabimini</strong></span> <span class='ocrx_word' id='word_1_85' title='bbox 679 1134 728 1178; x_wconf 87' lang='lat' dir='ltr'><strong>et</strong></span> <span class='ocrx_word' id='word_1_86' title='bbox 753 1123 980 1178; x_wconf 77' lang='lat' dir='ltr'><strong>ministri</strong></span> <span class='ocrx_word' id='word_1_87' title='bbox 1025 1121 1125 1174; x_wconf 86' lang='lat' dir='ltr'><strong>Dei</strong></span> <span class='ocrx_word' id='word_1_88' title='bbox 1157 1119 1323 1174; x_wconf 87' lang='lat' dir='ltr'><strong>nostri</strong></span> <span class='ocrx_word' id='word_1_89' title='bbox 1360 1118 1497 1190; x_wconf 87' lang='lat' dir='ltr'><strong>(Isa.</strong></span> <span class='ocrx_word' id='word_1_90' title='bbox 1535 1117 1650 1187; x_wconf 74' lang='lat' dir='ltr'><strong>LXI)</strong></span> <span class='ocrx_word' id='word_1_91' title='bbox 1677 1134 1691 1182; x_wconf 92' lang='lat'><strong>;</strong></span> <span class='ocrx_word' id='word_1_92' title='bbox 1721 1124 1778 1171; x_wconf 90' lang='lat' dir='ltr'><strong>et</strong></span> 
     </span>
    </p>
   </div>
   <div class='ocr_carea' id='block_1_12' title="bbox 209 1207 1778 1288">
    <p class='ocr_par' dir='ltr' id='par_1_12' title="bbox 209 1207 1778 1288">
     <span class='ocr_line' id='line_1_12' title="bbox 209 1207 1778 1288; baseline -0.011 -10"><span class='ocrx_word' id='word_1_93' title='bbox 209 1226 257 1281; x_wconf 89' lang='lat' dir='ltr'><strong>in</strong></span> <span class='ocrx_word' id='word_1_94' title='bbox 295 1221 477 1276; x_wconf 85' lang='lat' dir='ltr'><strong>malam</strong></span> <span class='ocrx_word' id='word_1_95' title='bbox 500 1225 712 1288; x_wconf 87' lang='lat' dir='ltr'><strong>partem</strong></span> <span class='ocrx_word' id='word_1_96' title='bbox 759 1217 813 1270; x_wconf 90' lang='lat' dir='ltr'><strong>in</strong></span> <span class='ocrx_word' id='word_1_97' title='bbox 841 1213 1102 1268; x_wconf 78' lang='lat' dir='ltr'><strong>Malachia</strong></span> <span class='ocrx_word' id='word_1_98' title='bbox 1137 1230 1150 1266; x_wconf 89' lang='lat'><strong>:</strong></span> <span class='ocrx_word' id='word_1_99' title='bbox 1185 1209 1286 1265; x_wconf 83' lang='lat' dir='ltr'><strong>Vos</strong></span> <span class='ocrx_word' id='word_1_100' title='bbox 1311 1209 1628 1275; x_wconf 78' lang='lat' dir='ltr'><strong>sacerdotes,</strong></span> <span class='ocrx_word' id='word_1_101' title='bbox 1651 1207 1778 1279; x_wconf 79' lang='lat' dir='ltr'><strong>quid</strong></span> 
     </span>
    </p>
   </div>
   <div class='ocr_carea' id='block_1_13' title="bbox 209 1301 1778 1384">
    <p class='ocr_par' dir='ltr' id='par_1_13' title="bbox 209 1301 1778 1384">
     <span class='ocr_line' id='line_1_13' title="bbox 209 1301 1778 1384; baseline -0.009 -17"><span class='ocrx_word' id='word_1_102' title='bbox 209 1313 445 1384; x_wconf 84' lang='lat' dir='ltr'><strong>polluistis</strong></span> <span class='ocrx_word' id='word_1_103' title='bbox 493 1325 679 1363; x_wconf 82' lang='lat' dir='ltr'><strong>nomen</strong></span> <span class='ocrx_word' id='word_1_104' title='bbox 718 1307 940 1362; x_wconf 78' lang='lat' dir='ltr'><strong>meum?</strong></span> <span class='ocrx_word' id='word_1_105' title='bbox 998 1303 1258 1377; x_wconf 79' lang='lat' dir='ltr'><strong>(Malaclt.</strong></span> <span class='ocrx_word' id='word_1_106' title='bbox 1293 1301 1378 1373; x_wconf 95' lang='grc' dir='ltr'><strong>ιι.)</strong></span> <span class='ocrx_word' id='word_1_107' title='bbox 1438 1302 1778 1358; x_wconf 74' lang='lat' dir='ltr'><strong>Vestimenta</strong></span> 
     </span>
    </p>
   </div>
   <div class='ocr_carea' id='block_1_14' title="bbox 211 1390 1784 1470">
    <p class='ocr_par' dir='ltr' id='par_1_14' title="bbox 211 1390 1784 1470">
     <span class='ocr_line' id='line_1_14' title="bbox 211 1390 1784 1470; baseline -0.01 -10"><span class='ocrx_word' id='word_1_108' title='bbox 211 1403 544 1466; x_wconf 82' lang='lat' dir='ltr'><strong>sacerdotum,</strong></span> <span class='ocrx_word' id='word_1_109' title='bbox 573 1415 738 1470; x_wconf 87' lang='lat' dir='ltr'><strong>opera</strong></span> <span class='ocrx_word' id='word_1_110' title='bbox 759 1398 1028 1469; x_wconf 75' lang='lat' dir='ltr'><strong>justitize;</strong></span> <span class='ocrx_word' id='word_1_111' title='bbox 1066 1403 1125 1449; x_wconf 93' lang='lat' dir='ltr'><strong>ut</strong></span> <span class='ocrx_word' id='word_1_112' title='bbox 1153 1396 1205 1448; x_wconf 94' lang='lat' dir='ltr'><strong>in</strong></span> <span class='ocrx_word' id='word_1_113' title='bbox 1240 1392 1448 1464; x_wconf 88' lang='lat' dir='ltr'><strong>psalmo</strong></span> <span class='ocrx_word' id='word_1_114' title='bbox 1482 1409 1494 1444; x_wconf 92' lang='lat'><strong>:</strong></span> <span class='ocrx_word' id='word_1_115' title='bbox 1527 1390 1784 1446; x_wconf 86' lang='lat' dir='ltr'><strong>Sacerdo-</strong></span> 
     </span>
    </p>
   </div>
   <div class='ocr_carea' id='block_1_15' title="bbox 213 1481 1776 1558">
    <p class='ocr_par' dir='ltr' id='par_1_15' title="bbox 213 1481 1776 1558">
     <span class='ocr_line' id='line_1_15' title="bbox 213 1481 1776 1558; baseline -0.011 -8"><span class='ocrx_word' id='word_1_116' title='bbox 213 1509 276 1551; x_wconf 86' lang='lat' dir='ltr'><strong>tes</strong></span> <span class='ocrx_word' id='word_1_117' title='bbox 308 1495 395 1558; x_wconf 87' lang='lat' dir='ltr'><strong>tui,</strong></span> <span class='ocrx_word' id='word_1_118' title='bbox 447 1493 689 1557; x_wconf 79' lang='lat' dir='ltr'><strong>Domine,</strong></span> <span class='ocrx_word' id='word_1_119' title='bbox 742 1490 1036 1543; x_wconf 81' lang='lat' dir='ltr'><strong>induantur</strong></span> <span class='ocrx_word' id='word_1_120' title='bbox 1077 1486 1292 1557; x_wconf 86' lang='lat' dir='ltr'><strong>justitia</strong></span> <span class='ocrx_word' id='word_1_121' title='bbox 1340 1481 1515 1556; x_wconf 89' lang='lat' dir='ltr'><strong>(Psal.</strong></span> <span class='ocrx_word' id='word_1_122' title='bbox 1571 1482 1776 1550; x_wconf 81' lang='lat' dir='ltr'><strong>cxxx1).</strong></span> 
     </span>
    </p>
   </div>
   <div class='ocr_carea' id='block_1_16' title="bbox 209 1574 1784 1650">
    <p class='ocr_par' dir='ltr' id='par_1_16' title="bbox 209 1574 1784 1650">
     <span class='ocr_line' id='line_1_16' title="bbox 209 1574 1784 1650; baseline -0.009 -8"><span class='ocrx_word' id='word_1_123' title='bbox 209 1587 326 1644; x_wconf 89' lang='lat' dir='ltr'><strong>Item</strong></span> <span class='ocrx_word' id='word_1_124' title='bbox 351 1587 666 1648; x_wconf 86' lang='lat' dir='ltr'><strong>vestimenta</strong></span> <span class='ocrx_word' id='word_1_125' title='bbox 697 1582 1018 1646; x_wconf 80' lang='lat' dir='ltr'><strong>sacerdotis,</strong></span> <span class='ocrx_word' id='word_1_126' title='bbox 1047 1579 1198 1650; x_wconf 91' lang='lat' dir='ltr'><strong>plebs</strong></span> <span class='ocrx_word' id='word_1_127' title='bbox 1227 1575 1483 1632; x_wconf 90' lang='lat' dir='ltr'><strong>ﬁdelium.</strong></span> <span class='ocrx_word' id='word_1_128' title='bbox 1504 1608 1506 1610; x_wconf 60' lang='grc' dir='ltr'><strong><em>τ</em></strong></span> <span class='ocrx_word' id='word_1_129' title='bbox 1528 1575 1587 1628; x_wconf 85' lang='lat' dir='ltr'><strong>In</strong></span> <span class='ocrx_word' id='word_1_130' title='bbox 1628 1574 1784 1629; x_wconf 87' lang='lat' dir='ltr'><strong>Levi-</strong></span> 
     </span>
    </p>
   </div>
   <div class='ocr_carea' id='block_1_17' title="bbox 212 1668 1785 1748">
    <p class='ocr_par' dir='ltr' id='par_1_17' title="bbox 212 1668 1785 1748">
     <span class='ocr_line' id='line_1_17' title="bbox 212 1668 1785 1748; baseline -0.011 -13"><span class='ocrx_word' id='word_1_131' title='bbox 212 1681 306 1735; x_wconf 87' lang='lat' dir='ltr'><strong>tico</strong></span> <span class='ocrx_word' id='word_1_132' title='bbox 329 1697 341 1734; x_wconf 90' lang='lat'><strong>:</strong></span> <span class='ocrx_word' id='word_1_133' title='bbox 377 1677 540 1748; x_wconf 81' lang='lat' dir='ltr'><strong>Caput</strong></span> <span class='ocrx_word' id='word_1_134' title='bbox 567 1692 723 1732; x_wconf 85' lang='lat' dir='ltr'><strong>suum</strong></span> <span class='ocrx_word' id='word_1_135' title='bbox 753 1691 857 1728; x_wconf 89' lang='lat' dir='ltr'><strong>non</strong></span> <span class='ocrx_word' id='word_1_136' title='bbox 883 1672 1247 1742; x_wconf 84' lang='lat' dir='ltr'><strong>discooperiet,</strong></span> <span class='ocrx_word' id='word_1_137' title='bbox 1275 1678 1321 1723; x_wconf 92' lang='lat' dir='ltr'><strong>et</strong></span> <span class='ocrx_word' id='word_1_138' title='bbox 1345 1668 1650 1722; x_wconf 85' lang='lat' dir='ltr'><strong>vestimenta</strong></span> <span class='ocrx_word' id='word_1_139' title='bbox 1681 1681 1785 1720; x_wconf 91' lang='lat' dir='ltr'><strong>non</strong></span> 
     </span>
    </p>
   </div>
   <div class='ocr_carea' id='block_1_18' title="bbox 209 1758 1786 1843">
    <p class='ocr_par' dir='ltr' id='par_1_18' title="bbox 209 1758 1786 1843">
     <span class='ocr_line' id='line_1_18' title="bbox 209 1758 1786 1843; baseline -0.01 -16"><span class='ocrx_word' id='word_1_140' title='bbox 209 1773 386 1829; x_wconf 80' lang='lat' dir='ltr'><strong>scindet</strong></span> <span class='ocrx_word' id='word_1_141' title='bbox 416 1771 559 1843; x_wconf 79' lang='lat' dir='ltr'><strong>(Leu.</strong></span> <span class='ocrx_word' id='word_1_142' title='bbox 591 1770 727 1840; x_wconf 76' lang='lat' dir='ltr'><strong>ut).</strong></span> <span class='ocrx_word' id='word_1_143' title='bbox 757 1767 961 1822; x_wconf 84' lang='lat' dir='ltr'><strong>Tunica</strong></span> <span class='ocrx_word' id='word_1_144' title='bbox 994 1763 1344 1836; x_wconf 84' lang='lat' dir='ltr'><strong>hyacinthina</strong></span> <span class='ocrx_word' id='word_1_145' title='bbox 1365 1760 1567 1816; x_wconf 84' lang='lat' dir='ltr'><strong>Christi</strong></span> <span class='ocrx_word' id='word_1_146' title='bbox 1599 1758 1786 1840; x_wconf 85' lang='lat' dir='ltr'><strong>Eccle-</strong></span> 
     </span>
    </p>
   </div>
   <div class='ocr_carea' id='block_1_19' title="bbox 1873 645 3472 719">
    <p class='ocr_par' dir='ltr' id='par_1_19' title="bbox 1873 645 3472 719">
     <span class='ocr_line' id='line_1_19' title="bbox 1873 645 3472 719; baseline -0.005 -12"><span class='ocrx_word' id='word_1_147' title='bbox 1873 662 2048 707; x_wconf 85' lang='lat' dir='ltr'><strong>strum</strong></span> <span class='ocrx_word' id='word_1_148' title='bbox 2087 659 2141 705; x_wconf 90' lang='lat' dir='ltr'><strong>et</strong></span> <span class='ocrx_word' id='word_1_149' title='bbox 2202 649 2370 719; x_wconf 87' lang='lat' dir='ltr'><strong>ipsius</strong></span> <span class='ocrx_word' id='word_1_150' title='bbox 2415 647 2664 702; x_wconf 83' lang='lat' dir='ltr'><strong>videlicet</strong></span> <span class='ocrx_word' id='word_1_151' title='bbox 2721 645 2938 700; x_wconf 85' lang='lat' dir='ltr'><strong>Domini</strong></span> <span class='ocrx_word' id='word_1_152' title='bbox 2982 654 3037 699; x_wconf 91' lang='lat' dir='ltr'><strong>et</strong></span> <span class='ocrx_word' id='word_1_153' title='bbox 3104 645 3472 700; x_wconf 77' lang='lat' dir='ltr'><strong>membrorum</strong></span> 
     </span>
    </p>
   </div>
   <div class='ocr_carea' id='block_1_20' title="bbox 1873 736 3471 812">
    <p class='ocr_par' dir='ltr' id='par_1_20' title="bbox 1873 736 3471 812">
     <span class='ocr_line' id='line_1_20' title="bbox 1873 736 3471 812; baseline -0.008 -13"><span class='ocrx_word' id='word_1_154' title='bbox 1873 743 2012 812; x_wconf 86' lang='lat' dir='ltr'><strong>ejus,</strong></span> <span class='ocrx_word' id='word_1_155' title='bbox 2048 756 2170 812; x_wconf 67' lang='lat' dir='ltr'><strong>qua:</strong></span> <span class='ocrx_word' id='word_1_156' title='bbox 2197 756 2295 796; x_wconf 91' lang='lat' dir='ltr'><strong>nos</strong></span> <span class='ocrx_word' id='word_1_157' title='bbox 2344 753 2558 804; x_wconf 88' lang='lat' dir='ltr'><strong>sumus,</strong></span> <span class='ocrx_word' id='word_1_158' title='bbox 2602 739 2861 808; x_wconf 86' lang='lat' dir='ltr'><strong>templum</strong></span> <span class='ocrx_word' id='word_1_159' title='bbox 2906 736 3039 791; x_wconf 91' lang='lat' dir='ltr'><strong>illud</strong></span> <span class='ocrx_word' id='word_1_160' title='bbox 3069 738 3346 792; x_wconf 86' lang='lat' dir='ltr'><strong>materiale</strong></span> <span class='ocrx_word' id='word_1_161' title='bbox 3391 749 3471 790; x_wconf 70' lang='grc' dir='ltr'><strong>ιυ-</strong></span> 
     </span>
    </p>
   </div>
   <div class='ocr_carea' id='block_1_21' title="bbox 1877 829 3477 902">
    <p class='ocr_par' dir='ltr' id='par_1_21' title="bbox 1877 829 3477 902">
     <span class='ocr_line' id='line_1_21' title="bbox 1877 829 3477 902; baseline -0.006 -11"><span class='ocrx_word' id='word_1_162' title='bbox 1877 836 1994 892; x_wconf 90' lang='lat' dir='ltr'><strong>nuit</strong></span> <span class='ocrx_word' id='word_1_163' title='bbox 2021 851 2034 888; x_wconf 89' lang='lat'><strong>:</strong></span> <span class='ocrx_word' id='word_1_164' title='bbox 2067 834 2162 888; x_wconf 89' lang='lat' dir='ltr'><strong>sed</strong></span> <span class='ocrx_word' id='word_1_165' title='bbox 2196 831 2362 902; x_wconf 87' lang='lat' dir='ltr'><strong>ipsius</strong></span> <span class='ocrx_word' id='word_1_166' title='bbox 2392 839 2653 900; x_wconf 87' lang='lat' dir='ltr'><strong>tanquam</strong></span> <span class='ocrx_word' id='word_1_167' title='bbox 2688 830 2892 899; x_wconf 84' lang='lat' dir='ltr'><strong>lapides</strong></span> <span class='ocrx_word' id='word_1_168' title='bbox 2940 829 3287 899; x_wconf 88' lang='lat' dir='ltr'><strong>singulariter</strong></span> <span class='ocrx_word' id='word_1_169' title='bbox 3315 829 3477 883; x_wconf 70' lang='lat' dir='ltr'><strong>electi</strong></span> 
     </span>
    </p>
   </div>
   <div class='ocr_carea' id='block_1_22' title="bbox 1875 923 3474 999">
    <p class='ocr_par' dir='ltr' id='par_1_22' title="bbox 1875 923 3474 999">
     <span class='ocr_line' id='line_1_22' title="bbox 1875 923 3474 999; baseline -0.006 -15"><span class='ocrx_word' id='word_1_170' title='bbox 1875 938 1932 984; x_wconf 90' lang='lat' dir='ltr'><strong>et</strong></span> <span class='ocrx_word' id='word_1_171' title='bbox 1950 925 2173 999; x_wconf 87' lang='lat' dir='ltr'><strong>pretiosi</strong></span> <span class='ocrx_word' id='word_1_172' title='bbox 2207 926 2263 980; x_wconf 91' lang='lat' dir='ltr'><strong>in</strong></span> <span class='ocrx_word' id='word_1_173' title='bbox 2294 925 2647 979; x_wconf 89' lang='lat' dir='ltr'><strong>fundamento</strong></span> <span class='ocrx_word' id='word_1_174' title='bbox 2675 923 2912 977; x_wconf 82' lang='lat' dir='ltr'><strong>fundati:</strong></span> <span class='ocrx_word' id='word_1_175' title='bbox 2945 923 3117 977; x_wconf 88' lang='lat' dir='ltr'><strong>nostri</strong></span> <span class='ocrx_word' id='word_1_176' title='bbox 3146 930 3325 976; x_wconf 88' lang='lat' dir='ltr'><strong>autem</strong></span> <span class='ocrx_word' id='word_1_177' title='bbox 3355 932 3474 975; x_wconf 68' lang='lat' dir='ltr'><strong>Im:-</strong></span> 
     </span>
    </p>
   </div>
   <div class='ocr_carea' id='block_1_23' title="bbox 1878 1017 3482 1092">
    <p class='ocr_par' dir='ltr' id='par_1_23' title="bbox 1878 1017 3482 1092">
     <span class='ocr_line' id='line_1_23' title="bbox 1878 1017 3482 1092; baseline -0.002 -18"><span class='ocrx_word' id='word_1_178' title='bbox 1878 1037 2041 1092; x_wconf 88' lang='lat' dir='ltr'><strong>quam</strong></span> <span class='ocrx_word' id='word_1_179' title='bbox 2067 1020 2310 1090; x_wconf 86' lang='lat' dir='ltr'><strong>lapidum</strong></span> <span class='ocrx_word' id='word_1_180' title='bbox 2341 1019 2584 1073; x_wconf 89' lang='lat' dir='ltr'><strong>vivorum</strong></span> <span class='ocrx_word' id='word_1_181' title='bbox 2610 1017 3157 1087; x_wconf 72' lang='lat' dir='ltr'><strong>supertediﬁcatorum</strong></span> <span class='ocrx_word' id='word_1_182' title='bbox 3183 1033 3344 1086; x_wconf 83' lang='lat' dir='ltr'><strong>super</strong></span> <span class='ocrx_word' id='word_1_183' title='bbox 3366 1017 3482 1071; x_wconf 79' lang='lat' dir='ltr'><strong>fon-</strong></span> 
     </span>
    </p>
   </div>
   <div class='ocr_carea' id='block_1_24' title="bbox 1881 1110 3480 1181">
    <p class='ocr_par' dir='ltr' id='par_1_24' title="bbox 1881 1110 3480 1181">
     <span class='ocr_line' id='line_1_24' title="bbox 1881 1110 3480 1181; baseline -0.004 -13"><span class='ocrx_word' id='word_1_184' title='bbox 1881 1114 2194 1169; x_wconf 89' lang='lat' dir='ltr'><strong>damentum</strong></span> <span class='ocrx_word' id='word_1_185' title='bbox 2249 1111 2627 1181; x_wconf 80' lang='lat' dir='ltr'><strong>Apostolorum</strong></span> <span class='ocrx_word' id='word_1_186' title='bbox 2678 1118 2731 1164; x_wconf 92' lang='lat' dir='ltr'><strong>et</strong></span> <span class='ocrx_word' id='word_1_187' title='bbox 2782 1111 3188 1180; x_wconf 85' lang='lat' dir='ltr'><strong>prophetarum,</strong></span> <span class='ocrx_word' id='word_1_188' title='bbox 3242 1110 3343 1163; x_wconf 89' lang='lat' dir='ltr'><strong>hoc</strong></span> <span class='ocrx_word' id='word_1_189' title='bbox 3372 1117 3480 1176; x_wconf 71' lang='lat' dir='ltr'><strong>est,</strong></span> 
     </span>
    </p>
   </div>
   <div class='ocr_carea' id='block_1_25' title="bbox 1880 1201 3480 1274">
    <p class='ocr_par' dir='ltr' id='par_1_25' title="bbox 1880 1201 3480 1274">
     <span class='ocr_line' id='line_1_25' title="bbox 1880 1201 3480 1274; baseline -0.005 -13"><span class='ocrx_word' id='word_1_190' title='bbox 1880 1220 2046 1274; x_wconf 70' lang='lat' dir='ltr'><strong>super</strong></span> <span class='ocrx_word' id='word_1_191' title='bbox 2090 1205 2264 1274; x_wconf 91' lang='lat' dir='ltr'><strong>ipsum</strong></span> <span class='ocrx_word' id='word_1_192' title='bbox 2309 1203 2594 1258; x_wconf 89' lang='lat' dir='ltr'><strong>Dominum</strong></span> <span class='ocrx_word' id='word_1_193' title='bbox 2647 1201 2862 1272; x_wconf 82' lang='lat' dir='ltr'><strong>(Ep/tes.</strong></span> <span class='ocrx_word' id='word_1_194' title='bbox 2898 1202 2981 1270; x_wconf 87' lang='grc' dir='ltr'><strong>ιι).</strong></span> <span class='ocrx_word' id='word_1_195' title='bbox 3042 1202 3243 1256; x_wconf 85' lang='lat' dir='ltr'><strong>Domus</strong></span> <span class='ocrx_word' id='word_1_196' title='bbox 3274 1209 3480 1267; x_wconf 88' lang='lat' dir='ltr'><strong>autem,</strong></span> 
     </span>
    </p>
   </div>
   <div class='ocr_carea' id='block_1_26' title="bbox 1881 1291 3480 1366">
    <p class='ocr_par' dir='ltr' id='par_1_26' title="bbox 1881 1291 3480 1366">
     <span class='ocr_line' id='line_1_26' title="bbox 1881 1291 3480 1366; baseline -0.002 -17"><span class='ocrx_word' id='word_1_197' title='bbox 1881 1311 2046 1366; x_wconf 88' lang='lat' dir='ltr'><strong>quam</strong></span> <span class='ocrx_word' id='word_1_198' title='bbox 2079 1293 2382 1349; x_wconf 66' lang='lat' dir='ltr'><strong>mdiﬁcabat</strong></span> <span class='ocrx_word' id='word_1_199' title='bbox 2416 1309 2509 1348; x_wconf 89' lang='lat' dir='ltr'><strong>rex</strong></span> <span class='ocrx_word' id='word_1_200' title='bbox 2559 1293 2817 1347; x_wconf 89' lang='lat' dir='ltr'><strong>Salomon</strong></span> <span class='ocrx_word' id='word_1_201' title='bbox 2868 1293 3096 1347; x_wconf 85' lang='lat' dir='ltr'><strong>Domino</strong></span> <span class='ocrx_word' id='word_1_202' title='bbox 3127 1293 3363 1348; x_wconf 88' lang='lat' dir='ltr'><strong>habebat</strong></span> <span class='ocrx_word' id='word_1_203' title='bbox 3410 1291 3480 1346; x_wconf 89' lang='lat'>60</span> 
     </span>
    </p>
   </div>
   <div class='ocr_carea' id='block_1_27' title="bbox 1882 1384 3483 1455">
    <p class='ocr_par' dir='ltr' id='par_1_27' title="bbox 1882 1384 3483 1455">
     <span class='ocr_line' id='line_1_27' title="bbox 1882 1384 3483 1455; baseline -0.003 -13"><span class='ocrx_word' id='word_1_204' title='bbox 1882 1386 2095 1445; x_wconf 85' lang='lat' dir='ltr'><strong>cubitos</strong></span> <span class='ocrx_word' id='word_1_205' title='bbox 2143 1387 2198 1440; x_wconf 91' lang='lat' dir='ltr'><strong>in</strong></span> <span class='ocrx_word' id='word_1_206' title='bbox 2228 1386 2580 1455; x_wconf 83' lang='lat' dir='ltr'><strong>longitudine,</strong></span> <span class='ocrx_word' id='word_1_207' title='bbox 2627 1393 2682 1439; x_wconf 93' lang='lat' dir='ltr'><strong>et</strong></span> <span class='ocrx_word' id='word_1_208' title='bbox 2709 1385 2779 1438; x_wconf 73' lang='lat'><strong>20</strong></span> <span class='ocrx_word' id='word_1_209' title='bbox 2821 1384 3034 1440; x_wconf 89' lang='lat' dir='ltr'><strong>cubitos</strong></span> <span class='ocrx_word' id='word_1_210' title='bbox 3083 1385 3136 1438; x_wconf 83' lang='lat' dir='ltr'><strong>iu</strong></span> <span class='ocrx_word' id='word_1_211' title='bbox 3177 1384 3483 1438; x_wconf 76' lang='lat' dir='ltr'><strong>latitudine.</strong></span> 
     </span>
    </p>
   </div>
   <div class='ocr_carea' id='block_1_28' title="bbox 1885 1477 3487 1551">
    <p class='ocr_par' dir='ltr' id='par_1_28' title="bbox 1885 1477 3487 1551">
     <span class='ocr_line' id='line_1_28' title="bbox 1885 1477 3487 1551; baseline -0.002 -17"><span class='ocrx_word' id='word_1_212' title='bbox 1885 1480 2190 1551; x_wconf 82' lang='lat' dir='ltr'><strong>Longitudo</strong></span> <span class='ocrx_word' id='word_1_213' title='bbox 2217 1480 2408 1534; x_wconf 89' lang='lat' dir='ltr'><strong>domus</strong></span> <span class='ocrx_word' id='word_1_214' title='bbox 2434 1479 2901 1549; x_wconf 87' lang='lat' dir='ltr'><strong>longanimitatem</strong></span> <span class='ocrx_word' id='word_1_215' title='bbox 2930 1479 3180 1549; x_wconf 78' lang='lat' dir='ltr'><strong>designat</strong></span> <span class='ocrx_word' id='word_1_216' title='bbox 3212 1477 3487 1546; x_wconf 65' lang='lat' dir='ltr'><strong>Ecclesiae,</strong></span> 
     </span>
    </p>
   </div>
   <div class='ocr_carea' id='block_1_29' title="bbox 1886 1569 3490 1641">
    <p class='ocr_par' dir='ltr' id='par_1_29' title="bbox 1886 1569 3490 1641">
     <span class='ocr_line' id='line_1_29' title="bbox 1886 1569 3490 1641; baseline -0.001 -16"><span class='ocrx_word' id='word_1_217' title='bbox 1886 1587 1991 1641; x_wconf 91' lang='lat' dir='ltr'><strong>qua</strong></span> <span class='ocrx_word' id='word_1_218' title='bbox 2010 1571 2064 1625; x_wconf 90' lang='lat' dir='ltr'><strong>in</strong></span> <span class='ocrx_word' id='word_1_219' title='bbox 2089 1571 2283 1625; x_wconf 90' lang='lat' dir='ltr'><strong>exsilio</strong></span> <span class='ocrx_word' id='word_1_220' title='bbox 2306 1569 2760 1641; x_wconf 84' lang='lat' dir='ltr'><strong>peregrinationis</strong></span> <span class='ocrx_word' id='word_1_221' title='bbox 2786 1570 2945 1639; x_wconf 87' lang='lat' dir='ltr'><strong>hujus</strong></span> <span class='ocrx_word' id='word_1_222' title='bbox 2969 1571 3240 1639; x_wconf 84' lang='lat' dir='ltr'><strong>patienter</strong></span> <span class='ocrx_word' id='word_1_223' title='bbox 3263 1569 3490 1625; x_wconf 86' lang='lat' dir='ltr'><strong>adversa</strong></span> 
     </span>
    </p>
   </div>
   <div class='ocr_carea' id='block_1_30' title="bbox 1887 1662 3488 1734">
    <p class='ocr_par' dir='ltr' id='par_1_30' title="bbox 1887 1662 3488 1734">
     <span class='ocr_line' id='line_1_30' title="bbox 1887 1662 3488 1734; baseline 0 -17"><span class='ocrx_word' id='word_1_224' title='bbox 1887 1677 2114 1732; x_wconf 77' lang='lat' dir='ltr'><strong>quaeque</strong></span> <span class='ocrx_word' id='word_1_225' title='bbox 2140 1662 2358 1726; x_wconf 86' lang='lat' dir='ltr'><strong>tolerat,</strong></span> <span class='ocrx_word' id='word_1_226' title='bbox 2401 1663 2575 1717; x_wconf 90' lang='lat' dir='ltr'><strong>donec</strong></span> <span class='ocrx_word' id='word_1_227' title='bbox 2619 1663 2686 1717; x_wconf 89' lang='lat' dir='ltr'><strong>ad</strong></span> <span class='ocrx_word' id='word_1_228' title='bbox 2714 1663 2973 1732; x_wconf 89' lang='lat' dir='ltr'><strong>patriam,</strong></span> <span class='ocrx_word' id='word_1_229' title='bbox 3003 1680 3164 1732; x_wconf 90' lang='lat' dir='ltr'><strong>quam</strong></span> <span class='ocrx_word' id='word_1_230' title='bbox 3187 1673 3488 1734; x_wconf 88' lang='lat' dir='ltr'><strong>exspectat,</strong></span> 
     </span>
    </p>
   </div>
   <div class='ocr_carea' id='block_1_31' title="bbox 1887 1753 3496 1825">
    <p class='ocr_par' dir='ltr' id='par_1_31' title="bbox 1887 1753 3496 1825">
     <span class='ocr_line' id='line_1_31' title="bbox 1887 1753 3496 1825; baseline 0.001 -17"><span class='ocrx_word' id='word_1_231' title='bbox 1887 1755 2188 1823; x_wconf 86' lang='lat' dir='ltr'><strong>perveniat.</strong></span> <span class='ocrx_word' id='word_1_232' title='bbox 2236 1753 2489 1809; x_wconf 89' lang='lat' dir='ltr'><strong>Latitudo</strong></span> <span class='ocrx_word' id='word_1_233' title='bbox 2529 1755 2768 1809; x_wconf 89' lang='lat' dir='ltr'><strong>insinuat</strong></span> <span class='ocrx_word' id='word_1_234' title='bbox 2799 1754 3144 1821; x_wconf 87' lang='lat' dir='ltr'><strong>charitatem,</strong></span> <span class='ocrx_word' id='word_1_235' title='bbox 3175 1771 3293 1825; x_wconf 75' lang='lat' dir='ltr'><strong>qum</strong></span> <span class='ocrx_word' id='word_1_236' title='bbox 3344 1757 3496 1810; x_wconf 85' lang='lat' dir='ltr'><strong>novit</strong></span> 
     </span>
    </p>
   </div>
   <div class='ocr_carea' id='block_1_32' title="bbox 213 1847 3494 1935">
    <p class='ocr_par' dir='ltr' id='par_1_32' title="bbox 213 1847 3494 1935">
     <span class='ocr_line' id='line_1_32' title="bbox 213 1847 3494 1935; baseline -0.005 -14"><span class='ocrx_word' id='word_1_237' title='bbox 213 1866 299 1931; x_wconf 87' lang='lat' dir='ltr'><strong>sia,</strong></span> <span class='ocrx_word' id='word_1_238' title='bbox 328 1865 437 1935; x_wconf 84' lang='lat' dir='ltr'><strong>ejus</strong></span> <span class='ocrx_word' id='word_1_239' title='bbox 464 1863 729 1933; x_wconf 78' lang='lat' dir='ltr'><strong>sanguine</strong></span> <span class='ocrx_word' id='word_1_240' title='bbox 765 1861 1041 1915; x_wconf 87' lang='lat' dir='ltr'><strong>decorata.</strong></span> <span class='ocrx_word' id='word_1_241' title='bbox 1100 1857 1156 1911; x_wconf 81' lang='lat' dir='ltr'><strong>In</strong></span> <span class='ocrx_word' id='word_1_242' title='bbox 1193 1856 1418 1911; x_wconf 84' lang='lat' dir='ltr'><strong>Exodo:</strong></span> <span class='ocrx_word' id='word_1_243' title='bbox 1455 1853 1524 1908; x_wconf 87' lang='lat' dir='ltr'><strong>Et</strong></span> <span class='ocrx_word' id='word_1_244' title='bbox 1551 1853 1785 1923; x_wconf 79' lang='lat' dir='ltr'><strong>fecerunt</strong></span> <span class='ocrx_word' id='word_1_245' title='bbox 1813 1859 1861 1919; x_wconf 86' lang='grc' dir='ltr'><strong>Β</strong></span> <span class='ocrx_word' id='word_1_246' title='bbox 1891 1847 2114 1903; x_wconf 86' lang='lat' dir='ltr'><strong>dilatato</strong></span> <span class='ocrx_word' id='word_1_247' title='bbox 2161 1847 2280 1902; x_wconf 91' lang='lat' dir='ltr'><strong>sinu</strong></span> <span class='ocrx_word' id='word_1_248' title='bbox 2311 1848 2511 1914; x_wconf 87' lang='lat' dir='ltr'><strong>mentis</strong></span> <span class='ocrx_word' id='word_1_249' title='bbox 2559 1864 2665 1902; x_wconf 91' lang='lat' dir='ltr'><strong>non</strong></span> <span class='ocrx_word' id='word_1_250' title='bbox 2698 1848 2873 1903; x_wconf 89' lang='lat' dir='ltr'><strong>solum</strong></span> <span class='ocrx_word' id='word_1_251' title='bbox 2921 1850 3127 1904; x_wconf 90' lang='lat' dir='ltr'><strong>amicos</strong></span> <span class='ocrx_word' id='word_1_252' title='bbox 3159 1850 3212 1902; x_wconf 90' lang='lat' dir='ltr'><strong>in</strong></span> <span class='ocrx_word' id='word_1_253' title='bbox 3259 1850 3367 1904; x_wconf 77' lang='lat' dir='ltr'><strong>Deo</strong></span> <span class='ocrx_word' id='word_1_254' title='bbox 3397 1849 3494 1904; x_wconf 88' lang='lat' dir='ltr'><strong>sed</strong></span> 
     </span>
    </p>
   </div>
   <div class='ocr_carea' id='block_1_33' title="bbox 210 1944 1787 2024">
    <p class='ocr_par' dir='ltr' id='par_1_33' title="bbox 210 1944 1787 2024">
     <span class='ocr_line' id='line_1_33' title="bbox 210 1944 1787 2024; baseline -0.008 -14"><span class='ocrx_word' id='word_1_255' title='bbox 210 1957 421 2010; x_wconf 84' lang='lat' dir='ltr'><strong>tunicam</strong></span> <span class='ocrx_word' id='word_1_256' title='bbox 468 1953 888 2024; x_wconf 83' lang='lat' dir='ltr'><strong>hyacinthinam,</strong></span> <span class='ocrx_word' id='word_1_257' title='bbox 934 1959 1038 2006; x_wconf 90' lang='lat' dir='ltr'><strong>etc.</strong></span> <span class='ocrx_word' id='word_1_258' title='bbox 1091 1947 1288 2019; x_wconf 74' lang='lat' dir='ltr'><strong>(Exod.</strong></span> <span class='ocrx_word' id='word_1_259' title='bbox 1320 1946 1533 2017; x_wconf 79' lang='lat' dir='ltr'><strong>xxxix).</strong></span> <span class='ocrx_word' id='word_1_260' title='bbox 1586 1944 1787 2014; x_wconf 89' lang='lat' dir='ltr'><strong>Super-</strong></span> 
     </span>
    </p>
   </div>
   <div class='ocr_carea' id='block_1_34' title="bbox 212 2038 1787 2112">
    <p class='ocr_par' dir='ltr' id='par_1_34' title="bbox 212 2038 1787 2112">
     <span class='ocr_line' id='line_1_34' title="bbox 212 2038 1787 2112; baseline -0.006 -12"><span class='ocrx_word' id='word_1_261' title='bbox 212 2045 469 2101; x_wconf 89' lang='lat' dir='ltr'><strong>humerale</strong></span> <span class='ocrx_word' id='word_1_262' title='bbox 497 2045 675 2098; x_wconf 89' lang='lat' dir='ltr'><strong>virtus</strong></span> <span class='ocrx_word' id='word_1_263' title='bbox 706 2042 1040 2112; x_wconf 86' lang='lat' dir='ltr'><strong>operationis</strong></span> <span class='ocrx_word' id='word_1_264' title='bbox 1077 2040 1145 2094; x_wconf 87' lang='lat' dir='ltr'><strong>ab</strong></span> <span class='ocrx_word' id='word_1_265' title='bbox 1171 2040 1414 2094; x_wconf 85' lang='lat' dir='ltr'><strong>humeris</strong></span> <span class='ocrx_word' id='word_1_266' title='bbox 1464 2038 1787 2109; x_wconf 88' lang='lat' dir='ltr'><strong>signiﬁcata.</strong></span> 
     </span>
    </p>
   </div>
   <div class='ocr_carea' id='block_1_35' title="bbox 210 2129 1841 2203">
    <p class='ocr_par' dir='ltr' id='par_1_35' title="bbox 210 2129 1841 2203">
     <span class='ocr_line' id='line_1_35' title="bbox 210 2129 1841 2203; baseline -0.006 -13"><span class='ocrx_word' id='word_1_267' title='bbox 210 2135 261 2190; x_wconf 85' lang='grc' dir='ltr'><strong>ιιι</strong></span> <span class='ocrx_word' id='word_1_268' title='bbox 286 2135 461 2190; x_wconf 81' lang='lat' dir='ltr'><strong>Exodo</strong></span> <span class='ocrx_word' id='word_1_269' title='bbox 485 2152 496 2187; x_wconf 93' lang='lat'><strong>:</strong></span> <span class='ocrx_word' id='word_1_270' title='bbox 529 2132 602 2186; x_wconf 89' lang='lat' dir='ltr'><strong>Et</strong></span> <span class='ocrx_word' id='word_1_271' title='bbox 628 2133 858 2203; x_wconf 77' lang='lat' dir='ltr'><strong>fecerunt</strong></span> <span class='ocrx_word' id='word_1_272' title='bbox 891 2131 1314 2202; x_wconf 81' lang='lat' dir='ltr'><strong>superhumerale</strong></span> <span class='ocrx_word' id='word_1_273' title='bbox 1342 2131 1406 2184; x_wconf 85' lang='lat' dir='ltr'><strong>de</strong></span> <span class='ocrx_word' id='word_1_274' title='bbox 1433 2146 1564 2183; x_wconf 88' lang='lat' dir='ltr'><strong>auro</strong></span> <span class='ocrx_word' id='word_1_275' title='bbox 1591 2139 1639 2183; x_wconf 86' lang='lat' dir='ltr'><strong>et</strong></span> <span class='ocrx_word' id='word_1_276' title='bbox 1666 2129 1792 2199; x_wconf 82' lang='lat' dir='ltr'><strong>ltya-</strong></span> <span class='ocrx_word' id='word_1_277' title='bbox 1837 2154 1841 2164; x_wconf 69' lang='grc'>›</span> 
     </span>
    </p>
   </div>
   <div class='ocr_carea' id='block_1_36' title="bbox 211 2219 1790 2296">
    <p class='ocr_par' dir='ltr' id='par_1_36' title="bbox 211 2219 1790 2296">
     <span class='ocr_line' id='line_1_36' title="bbox 211 2219 1790 2296; baseline -0.003 -16"><span class='ocrx_word' id='word_1_278' title='bbox 211 2228 398 2291; x_wconf 80' lang='lat' dir='ltr'><strong>cintho,</strong></span> <span class='ocrx_word' id='word_1_279' title='bbox 454 2242 694 2296; x_wconf 79' lang='lat' dir='ltr'><strong>purpura</strong></span> <span class='ocrx_word' id='word_1_280' title='bbox 753 2234 802 2280; x_wconf 88' lang='lat' dir='ltr'><strong>et</strong></span> <span class='ocrx_word' id='word_1_281' title='bbox 851 2239 1004 2278; x_wconf 85' lang='lat' dir='ltr'><strong>cocco</strong></span> <span class='ocrx_word' id='word_1_282' title='bbox 1045 2233 1092 2277; x_wconf 88' lang='lat' dir='ltr'><strong>et</strong></span> <span class='ocrx_word' id='word_1_283' title='bbox 1144 2223 1293 2294; x_wconf 82' lang='lat' dir='ltr'><strong>bysso</strong></span> <span class='ocrx_word' id='word_1_284' title='bbox 1333 2232 1525 2276; x_wconf 86' lang='lat' dir='ltr'><strong>retorta</strong></span> <span class='ocrx_word' id='word_1_285' title='bbox 1579 2219 1790 2293; x_wconf 86' lang='lat' dir='ltr'><strong>(Ibid.).</strong></span> 
     </span>
    </p>
   </div>
   <div class='ocr_carea' id='block_1_37' title="bbox 213 2312 1792 2382">
    <p class='ocr_par' dir='ltr' id='par_1_37' title="bbox 213 2312 1792 2382">
     <span class='ocr_line' id='line_1_37' title="bbox 213 2312 1792 2382; baseline -0.003 -11"><span class='ocrx_word' id='word_1_286' title='bbox 213 2315 476 2372; x_wconf 83' lang='lat' dir='ltr'><strong>Rationale</strong></span> <span class='ocrx_word' id='word_1_287' title='bbox 520 2317 801 2382; x_wconf 88' lang='lat' dir='ltr'><strong>doctrina,</strong></span> <span class='ocrx_word' id='word_1_288' title='bbox 843 2314 929 2370; x_wconf 87' lang='lat' dir='ltr'><strong>vel</strong></span> <span class='ocrx_word' id='word_1_289' title='bbox 972 2313 1174 2369; x_wconf 85' lang='lat' dir='ltr'><strong>veritas</strong></span> <span class='ocrx_word' id='word_1_290' title='bbox 1221 2326 1317 2369; x_wconf 84' lang='lat' dir='ltr'><strong>seu</strong></span> <span class='ocrx_word' id='word_1_291' title='bbox 1365 2312 1593 2368; x_wconf 88' lang='lat' dir='ltr'><strong>rationis</strong></span> <span class='ocrx_word' id='word_1_292' title='bbox 1635 2326 1667 2365; x_wconf 88' lang='lat' dir='ltr'><strong>a</strong></span> <span class='ocrx_word' id='word_1_293' title='bbox 1696 2326 1792 2382; x_wconf 89' lang='lat' dir='ltr'><strong>pe-</strong></span> 
     </span>
    </p>
   </div>
   <div class='ocr_carea' id='block_1_38' title="bbox 217 2404 1795 2476">
    <p class='ocr_par' dir='ltr' id='par_1_38' title="bbox 217 2404 1795 2476">
     <span class='ocr_line' id='line_1_38' title="bbox 217 2404 1795 2476; baseline -0.003 -11"><span class='ocrx_word' id='word_1_294' title='bbox 217 2419 353 2465; x_wconf 89' lang='lat' dir='ltr'><strong>ctore</strong></span> <span class='ocrx_word' id='word_1_295' title='bbox 383 2410 698 2465; x_wconf 88' lang='lat' dir='ltr'><strong>declaratio.</strong></span> <span class='ocrx_word' id='word_1_296' title='bbox 749 2409 806 2463; x_wconf 83' lang='lat' dir='ltr'><strong>In</strong></span> <span class='ocrx_word' id='word_1_297' title='bbox 853 2408 1038 2463; x_wconf 87' lang='lat' dir='ltr'><strong>Exodo</strong></span> <span class='ocrx_word' id='word_1_298' title='bbox 1077 2425 1092 2461; x_wconf 89' lang='lat'><strong>:</strong></span> <span class='ocrx_word' id='word_1_299' title='bbox 1150 2407 1221 2461; x_wconf 89' lang='lat' dir='ltr'><strong>Et</strong></span> <span class='ocrx_word' id='word_1_300' title='bbox 1265 2409 1497 2476; x_wconf 77' lang='lat' dir='ltr'><strong>fecerunt</strong></span> <span class='ocrx_word' id='word_1_301' title='bbox 1537 2404 1795 2460; x_wconf 85' lang='lat' dir='ltr'><strong>rationale</strong></span> 
     </span>
    </p>
   </div>
   <div class='ocr_carea' id='block_1_39' title="bbox 213 2496 1794 2571">
    <p class='ocr_par' dir='ltr' id='par_1_39' title="bbox 213 2496 1794 2571">
     <span class='ocr_line' id='line_1_39' title="bbox 213 2496 1794 2571; baseline -0.003 -16"><span class='ocrx_word' id='word_1_302' title='bbox 213 2517 351 2570; x_wconf 83' lang='lat' dir='ltr'><strong>apere</strong></span> <span class='ocrx_word' id='word_1_303' title='bbox 375 2500 542 2555; x_wconf 71' lang='lat' dir='ltr'><strong>textili</strong></span> <span class='ocrx_word' id='word_1_304' title='bbox 580 2499 793 2571; x_wconf 82' lang='lat' dir='ltr'><strong>(Ibid.).</strong></span> <span class='ocrx_word' id='word_1_305' title='bbox 849 2499 1149 2555; x_wconf 89' lang='lat' dir='ltr'><strong>Duodecim</strong></span> <span class='ocrx_word' id='word_1_306' title='bbox 1174 2499 1379 2569; x_wconf 85' lang='lat' dir='ltr'><strong>lapides</strong></span> <span class='ocrx_word' id='word_1_307' title='bbox 1426 2499 1482 2552; x_wconf 89' lang='lat' dir='ltr'><strong>in</strong></span> <span class='ocrx_word' id='word_1_308' title='bbox 1524 2496 1794 2564; x_wconf 85' lang='lat' dir='ltr'><strong>rationali,</strong></span> 
     </span>
    </p>
   </div>
   <div class='ocr_carea' id='block_1_40' title="bbox 213 2586 1800 2661">
    <p class='ocr_par' dir='ltr' id='par_1_40' title="bbox 213 2586 1800 2661">
     <span class='ocr_line' id='line_1_40' title="bbox 213 2586 1800 2661; baseline -0.003 -15"><span class='ocrx_word' id='word_1_309' title='bbox 213 2603 461 2661; x_wconf 85' lang='lat' dir='ltr'><strong>quaterno</strong></span> <span class='ocrx_word' id='word_1_310' title='bbox 501 2591 698 2646; x_wconf 86' lang='lat' dir='ltr'><strong>ordine</strong></span> <span class='ocrx_word' id='word_1_311' title='bbox 743 2590 868 2644; x_wconf 91' lang='lat' dir='ltr'><strong>trini</strong></span> <span class='ocrx_word' id='word_1_312' title='bbox 921 2591 1113 2660; x_wconf 90' lang='lat' dir='ltr'><strong>positi,</strong></span> <span class='ocrx_word' id='word_1_313' title='bbox 1164 2590 1326 2645; x_wconf 89' lang='lat' dir='ltr'><strong>ﬁdem</strong></span> <span class='ocrx_word' id='word_1_314' title='bbox 1372 2586 1696 2654; x_wconf 86' lang='lat' dir='ltr'><strong>Trinitatis,</strong></span> <span class='ocrx_word' id='word_1_315' title='bbox 1745 2595 1800 2642; x_wconf 93' lang='lat' dir='ltr'><strong>et</strong></span> 
     </span>
    </p>
   </div>
   <div class='ocr_carea' id='block_1_41' title="bbox 216 2680 1797 2750">
    <p class='ocr_par' dir='ltr' id='par_1_41' title="bbox 216 2680 1797 2750">
     <span class='ocr_line' id='line_1_41' title="bbox 216 2680 1797 2750; baseline -0.002 -14"><span class='ocrx_word' id='word_1_316' title='bbox 216 2681 586 2750; x_wconf 82' lang='lat' dir='ltr'><strong>Evangelieum</strong></span> <span class='ocrx_word' id='word_1_317' title='bbox 637 2696 962 2747; x_wconf 88' lang='lat' dir='ltr'><strong>sermonem,</strong></span> <span class='ocrx_word' id='word_1_318' title='bbox 1015 2691 1176 2750; x_wconf 89' lang='lat' dir='ltr'><strong>atque</strong></span> <span class='ocrx_word' id='word_1_319' title='bbox 1204 2680 1488 2736; x_wconf 74' lang='lat' dir='ltr'><strong>duodecim</strong></span> <span class='ocrx_word' id='word_1_320' title='bbox 1519 2681 1797 2749; x_wconf 88' lang='lat' dir='ltr'><strong>apostolo-</strong></span> 
     </span>
    </p>
   </div>
   <div class='ocr_carea' id='block_1_42' title="bbox 215 2771 1802 2843">
    <p class='ocr_par' dir='ltr' id='par_1_42' title="bbox 215 2771 1802 2843">
     <span class='ocr_line' id='line_1_42' title="bbox 215 2771 1802 2843; baseline 0 -18"><span class='ocrx_word' id='word_1_321' title='bbox 215 2788 322 2826; x_wconf 87' lang='lat' dir='ltr'><strong>rum</strong></span> <span class='ocrx_word' id='word_1_322' title='bbox 351 2773 656 2828; x_wconf 88' lang='lat' dir='ltr'><strong>doctrinam</strong></span> <span class='ocrx_word' id='word_1_323' title='bbox 699 2772 753 2826; x_wconf 93' lang='lat' dir='ltr'><strong>in</strong></span> <span class='ocrx_word' id='word_1_324' title='bbox 781 2780 1002 2843; x_wconf 87' lang='lat' dir='ltr'><strong>pectore</strong></span> <span class='ocrx_word' id='word_1_325' title='bbox 1040 2771 1338 2827; x_wconf 88' lang='lat' dir='ltr'><strong>sacerdotis</strong></span> <span class='ocrx_word' id='word_1_326' title='bbox 1373 2785 1588 2840; x_wconf 87' lang='lat' dir='ltr'><strong>semper</strong></span> <span class='ocrx_word' id='word_1_327' title='bbox 1623 2771 1802 2826; x_wconf 88' lang='lat' dir='ltr'><strong>inesse</strong></span> 
     </span>
    </p>
   </div>
   <div class='ocr_carea' id='block_1_43' title="bbox 217 2857 1801 2929">
    <p class='ocr_par' dir='ltr' id='par_1_43' title="bbox 217 2857 1801 2929">
     <span class='ocr_line' id='line_1_43' title="bbox 217 2857 1801 2929; baseline -0.001 -12"><span class='ocrx_word' id='word_1_328' title='bbox 217 2871 524 2918; x_wconf 82' lang='lat' dir='ltr'><strong>taonstrant.</strong></span> <span class='ocrx_word' id='word_1_329' title='bbox 583 2863 843 2928; x_wconf 87' lang='lat' dir='ltr'><strong>Poderis,</strong></span> <span class='ocrx_word' id='word_1_330' title='bbox 897 2864 1000 2918; x_wconf 88' lang='lat' dir='ltr'><strong>hoc</strong></span> <span class='ocrx_word' id='word_1_331' title='bbox 1045 2873 1144 2929; x_wconf 90' lang='lat' dir='ltr'><strong>est,</strong></span> <span class='ocrx_word' id='word_1_332' title='bbox 1181 2861 1365 2917; x_wconf 85' lang='lat' dir='ltr'><strong>tunlca</strong></span> <span class='ocrx_word' id='word_1_333' title='bbox 1411 2862 1694 2918; x_wconf 87' lang='lat' dir='ltr'><strong>secretior.</strong></span> <span class='ocrx_word' id='word_1_334' title='bbox 1742 2857 1801 2915; x_wconf 84' lang='lat' dir='ltr'><strong>In</strong></span> 
     </span>
    </p>
   </div>
   <div class='ocr_carea' id='block_1_44' title="bbox 216 2951 1800 3022">
    <p class='ocr_par' dir='ltr' id='par_1_44' title="bbox 216 2951 1800 3022">
     <span class='ocr_line' id='line_1_44' title="bbox 216 2951 1800 3022; baseline -0.001 -16"><span class='ocrx_word' id='word_1_335' title='bbox 216 2952 388 3008; x_wconf 80' lang='lat' dir='ltr'><strong>Exodo</strong></span> <span class='ocrx_word' id='word_1_336' title='bbox 420 2972 434 3006; x_wconf 93' lang='lat'><strong>:</strong></span> <span class='ocrx_word' id='word_1_337' title='bbox 475 2954 544 3007; x_wconf 80' lang='lat' dir='ltr'><strong>Et</strong></span> <span class='ocrx_word' id='word_1_338' title='bbox 581 2954 813 3022; x_wconf 82' lang='lat' dir='ltr'><strong>fecerunt</strong></span> <span class='ocrx_word' id='word_1_339' title='bbox 837 2953 1197 3006; x_wconf 86' lang='lat' dir='ltr'><strong>vestimentum</strong></span> <span class='ocrx_word' id='word_1_340' title='bbox 1221 2951 1411 3022; x_wconf 85' lang='lat' dir='ltr'><strong>podere</strong></span> <span class='ocrx_word' id='word_1_341' title='bbox 1434 2952 1528 3006; x_wconf 78' lang='lat' dir='ltr'><strong>stsb</strong></span> <span class='ocrx_word' id='word_1_342' title='bbox 1558 2951 1800 3016; x_wconf 85' lang='lat' dir='ltr'><strong>umbone,</strong></span> 
     </span>
    </p>
   </div>
   <div class='ocr_carea' id='block_1_45' title="bbox 216 3042 1803 3116">
    <p class='ocr_par' dir='ltr' id='par_1_45' title="bbox 216 3042 1803 3116">
     <span class='ocr_line' id='line_1_45' title="bbox 216 3042 1803 3116; baseline 0 -19"><span class='ocrx_word' id='word_1_343' title='bbox 216 3059 331 3113; x_wconf 83' lang='lat' dir='ltr'><strong>opus</strong></span> <span class='ocrx_word' id='word_1_344' title='bbox 374 3045 589 3110; x_wconf 67' lang='lat' dir='ltr'><strong>textile,</strong></span> <span class='ocrx_word' id='word_1_345' title='bbox 633 3053 799 3097; x_wconf 88' lang='lat' dir='ltr'><strong>totum</strong></span> <span class='ocrx_word' id='word_1_346' title='bbox 820 3045 1214 3114; x_wconf 84' lang='lat' dir='ltr'><strong>hyacinthinum</strong></span> <span class='ocrx_word' id='word_1_347' title='bbox 1256 3042 1465 3116; x_wconf 77' lang='grc' dir='ltr'><strong>(Ιὸἱά.).</strong></span> <span class='ocrx_word' id='word_1_348' title='bbox 1516 3043 1803 3098; x_wconf 87' lang='lat' dir='ltr'><strong>Tintinna-</strong></span> 
     </span>
    </p>
   </div>
   <div class='ocr_carea' id='block_1_46' title="bbox 215 3133 1805 3204">
    <p class='ocr_par' dir='ltr' id='par_1_46' title="bbox 215 3133 1805 3204">
     <span class='ocr_line' id='line_1_46' title="bbox 215 3133 1805 3204; baseline -0.001 -16"><span class='ocrx_word' id='word_1_349' title='bbox 215 3133 325 3188; x_wconf 84' lang='lat' dir='ltr'><strong>bula</strong></span> <span class='ocrx_word' id='word_1_350' title='bbox 367 3151 532 3188; x_wconf 86' lang='lat' dir='ltr'><strong>aurea</strong></span> <span class='ocrx_word' id='word_1_351' title='bbox 579 3135 914 3190; x_wconf 87' lang='lat' dir='ltr'><strong>vestimentis</strong></span> <span class='ocrx_word' id='word_1_352' title='bbox 941 3136 1142 3190; x_wconf 83' lang='lat' dir='ltr'><strong>inserta</strong></span> <span class='ocrx_word' id='word_1_353' title='bbox 1196 3150 1375 3190; x_wconf 86' lang='lat' dir='ltr'><strong>sermo</strong></span> <span class='ocrx_word' id='word_1_354' title='bbox 1404 3134 1805 3204; x_wconf 65' lang='lat' dir='ltr'><strong>praedicationis</strong></span> 
     </span>
    </p>
   </div>
   <div class='ocr_carea' id='block_1_47' title="bbox 1892 1937 3498 2012">
    <p class='ocr_par' dir='ltr' id='par_1_47' title="bbox 1892 1937 3498 2012">
     <span class='ocr_line' id='line_1_47' title="bbox 1892 1937 3498 2012; baseline 0.002 -18"><span class='ocrx_word' id='word_1_355' title='bbox 1892 1937 2140 1995; x_wconf 84' lang='lat' dir='ltr'><strong>inimicos</strong></span> <span class='ocrx_word' id='word_1_356' title='bbox 2191 1941 2420 2012; x_wconf 80' lang='lat' dir='ltr'><strong>diligere</strong></span> <span class='ocrx_word' id='word_1_357' title='bbox 2469 1950 2690 2011; x_wconf 89' lang='lat' dir='ltr'><strong>propter</strong></span> <span class='ocrx_word' id='word_1_358' title='bbox 2729 1942 3058 2008; x_wconf 86' lang='lat' dir='ltr'><strong>Dominum,</strong></span> <span class='ocrx_word' id='word_1_359' title='bbox 3113 1945 3282 1998; x_wconf 88' lang='lat' dir='ltr'><strong>donec</strong></span> <span class='ocrx_word' id='word_1_360' title='bbox 3311 1945 3498 1999; x_wconf 82' lang='lat' dir='ltr'><strong>veniat</strong></span> 
     </span>
    </p>
   </div>
   <div class='ocr_carea' id='block_1_48' title="bbox 1894 2031 3498 2102">
    <p class='ocr_par' dir='ltr' id='par_1_48' title="bbox 1894 2031 3498 2102">
     <span class='ocr_line' id='line_1_48' title="bbox 1894 2031 3498 2102; baseline 0.004 -19"><span class='ocrx_word' id='word_1_361' title='bbox 1894 2038 2125 2101; x_wconf 90' lang='lat' dir='ltr'><strong>tempus,</strong></span> <span class='ocrx_word' id='word_1_362' title='bbox 2167 2033 2404 2102; x_wconf 87' lang='lat' dir='ltr'><strong>quando,</strong></span> <span class='ocrx_word' id='word_1_363' title='bbox 2438 2031 2552 2087; x_wconf 88' lang='lat' dir='ltr'><strong>sive</strong></span> <span class='ocrx_word' id='word_1_364' title='bbox 2579 2033 2646 2087; x_wconf 88' lang='lat' dir='ltr'><strong>ad</strong></span> <span class='ocrx_word' id='word_1_365' title='bbox 2673 2048 2864 2102; x_wconf 90' lang='lat' dir='ltr'><strong>pacem</strong></span> <span class='ocrx_word' id='word_1_366' title='bbox 2908 2050 3063 2089; x_wconf 90' lang='lat' dir='ltr'><strong>suam</strong></span> <span class='ocrx_word' id='word_1_367' title='bbox 3097 2036 3372 2090; x_wconf 83' lang='lat' dir='ltr'><strong>conversis</strong></span> <span class='ocrx_word' id='word_1_368' title='bbox 3399 2052 3498 2092; x_wconf 88' lang='lat' dir='ltr'><strong>seu</strong></span> 
     </span>
    </p>
   </div>
   <div class='ocr_carea' id='block_1_49' title="bbox 1893 2125 3498 2200">
    <p class='ocr_par' dir='ltr' id='par_1_49' title="bbox 1893 2125 3498 2200">
     <span class='ocr_line' id='line_1_49' title="bbox 1893 2125 3498 2200; baseline 0.004 -22"><span class='ocrx_word' id='word_1_369' title='bbox 1893 2125 2137 2180; x_wconf 90' lang='lat' dir='ltr'><strong>funditus</strong></span> <span class='ocrx_word' id='word_1_370' title='bbox 2164 2126 2416 2181; x_wconf 89' lang='lat' dir='ltr'><strong>omnibus</strong></span> <span class='ocrx_word' id='word_1_371' title='bbox 2462 2126 2746 2182; x_wconf 82' lang='lat' dir='ltr'><strong>exstinctis</strong></span> <span class='ocrx_word' id='word_1_372' title='bbox 2774 2127 3032 2195; x_wconf 89' lang='lat' dir='ltr'><strong>inimicis,</strong></span> <span class='ocrx_word' id='word_1_373' title='bbox 3065 2145 3187 2184; x_wconf 90' lang='lat' dir='ltr'><strong>cum</strong></span> <span class='ocrx_word' id='word_1_374' title='bbox 3213 2129 3343 2184; x_wconf 89' lang='lat' dir='ltr'><strong>solis</strong></span> <span class='ocrx_word' id='word_1_375' title='bbox 3366 2145 3498 2200; x_wconf 84' lang='lat' dir='ltr'><strong>gau-</strong></span> 
     </span>
    </p>
   </div>
   <div class='ocr_carea' id='block_1_50' title="bbox 1895 2216 3500 2287">
    <p class='ocr_par' dir='ltr' id='par_1_50' title="bbox 1895 2216 3500 2287">
     <span class='ocr_line' id='line_1_50' title="bbox 1895 2216 3500 2287; baseline 0.004 -17"><span class='ocrx_word' id='word_1_376' title='bbox 1895 2216 2019 2270; x_wconf 86' lang='lat' dir='ltr'><strong>deat</strong></span> <span class='ocrx_word' id='word_1_377' title='bbox 2046 2217 2234 2271; x_wconf 89' lang='lat' dir='ltr'><strong>amicis</strong></span> <span class='ocrx_word' id='word_1_378' title='bbox 2264 2217 2316 2271; x_wconf 91' lang='lat' dir='ltr'><strong>in</strong></span> <span class='ocrx_word' id='word_1_379' title='bbox 2346 2217 2474 2271; x_wconf 91' lang='lat' dir='ltr'><strong>Deo.</strong></span> <span class='ocrx_word' id='word_1_380' title='bbox 2507 2217 2749 2272; x_wconf 87' lang='lat' dir='ltr'><strong>Altitudo</strong></span> <span class='ocrx_word' id='word_1_381' title='bbox 2799 2232 2950 2287; x_wconf 83' lang='lat' dir='ltr'><strong>spem</strong></span> <span class='ocrx_word' id='word_1_382' title='bbox 2988 2220 3271 2274; x_wconf 86' lang='lat' dir='ltr'><strong>denuntiat</strong></span> <span class='ocrx_word' id='word_1_383' title='bbox 3305 2220 3500 2277; x_wconf 77' lang='lat' dir='ltr'><strong>futura:</strong></span> 
     </span>
    </p>
   </div>
   <div class='ocr_carea' id='block_1_51' title="bbox 1896 2311 3500 2386">
    <p class='ocr_par' dir='ltr' id='par_1_51' title="bbox 1896 2311 3500 2386">
     <span class='ocr_line' id='line_1_51' title="bbox 1896 2311 3500 2386; baseline 0.002 -21"><span class='ocrx_word' id='word_1_384' title='bbox 1896 2311 2287 2375; x_wconf 90' lang='lat' dir='ltr'><strong>retributionis,</strong></span> <span class='ocrx_word' id='word_1_385' title='bbox 2333 2312 2487 2381; x_wconf 87' lang='lat' dir='ltr'><strong>cujus</strong></span> <span class='ocrx_word' id='word_1_386' title='bbox 2518 2312 2713 2366; x_wconf 87' lang='lat' dir='ltr'><strong>intuitu</strong></span> <span class='ocrx_word' id='word_1_387' title='bbox 2755 2312 2989 2368; x_wconf 89' lang='lat' dir='ltr'><strong>libenter</strong></span> <span class='ocrx_word' id='word_1_388' title='bbox 3020 2313 3205 2369; x_wconf 87' lang='lat' dir='ltr'><strong>inﬁma</strong></span> <span class='ocrx_word' id='word_1_389' title='bbox 3247 2329 3500 2386; x_wconf 66' lang='lat' dir='ltr'><strong>quaeque,</strong></span> 
     </span>
    </p>
   </div>
   <div class='ocr_carea' id='block_1_52' title="bbox 1897 2402 3499 2473">
    <p class='ocr_par' dir='ltr' id='par_1_52' title="bbox 1897 2402 3499 2473">
     <span class='ocr_line' id='line_1_52' title="bbox 1897 2402 3499 2473; baseline 0.001 -15"><span class='ocrx_word' id='word_1_390' title='bbox 1897 2403 2013 2458; x_wconf 88' lang='lat' dir='ltr'><strong>sive</strong></span> <span class='ocrx_word' id='word_1_391' title='bbox 2047 2419 2167 2471; x_wconf 73' lang='lat' dir='ltr'><strong>qum</strong></span> <span class='ocrx_word' id='word_1_392' title='bbox 2195 2402 2524 2468; x_wconf 87' lang='lat' dir='ltr'><strong>demulcent,</strong></span> <span class='ocrx_word' id='word_1_393' title='bbox 2559 2419 2654 2457; x_wconf 92' lang='lat' dir='ltr'><strong>seu</strong></span> <span class='ocrx_word' id='word_1_394' title='bbox 2701 2420 2820 2473; x_wconf 67' lang='lat' dir='ltr'><strong>quae</strong></span> <span class='ocrx_word' id='word_1_395' title='bbox 2845 2406 3223 2472; x_wconf 89' lang='lat' dir='ltr'><strong>adversantur,</strong></span> <span class='ocrx_word' id='word_1_396' title='bbox 3255 2414 3499 2462; x_wconf 82' lang='lat' dir='ltr'><strong>contem-</strong></span> 
     </span>
    </p>
   </div>
   <div class='ocr_carea' id='block_1_53' title="bbox 1897 2492 3502 2563">
    <p class='ocr_par' dir='ltr' id='par_1_53' title="bbox 1897 2492 3502 2563">
     <span class='ocr_line' id='line_1_53' title="bbox 1897 2492 3502 2563; baseline 0.004 -17"><span class='ocrx_word' id='word_1_397' title='bbox 1897 2493 2001 2557; x_wconf 88' lang='lat' dir='ltr'><strong>nit,</strong></span> <span class='ocrx_word' id='word_1_398' title='bbox 2033 2507 2202 2561; x_wconf 90' lang='lat' dir='ltr'><strong>usque</strong></span> <span class='ocrx_word' id='word_1_399' title='bbox 2227 2492 2374 2558; x_wconf 89' lang='lat' dir='ltr'><strong>dum,</strong></span> <span class='ocrx_word' id='word_1_400' title='bbox 2411 2494 2657 2563; x_wconf 89' lang='lat' dir='ltr'><strong>utrisque</strong></span> <span class='ocrx_word' id='word_1_401' title='bbox 2681 2499 3012 2551; x_wconf 81' lang='lat' dir='ltr'><strong>transeensis</strong></span> <span class='ocrx_word' id='word_1_402' title='bbox 3039 2539 3052 2562; x_wconf 96' lang='lat'><strong>,</strong></span> <span class='ocrx_word' id='word_1_403' title='bbox 3085 2499 3200 2552; x_wconf 89' lang='lat' dir='ltr'><strong>sola</strong></span> <span class='ocrx_word' id='word_1_404' title='bbox 3225 2508 3502 2553; x_wconf 87' lang='lat' dir='ltr'><strong>mereatur</strong></span> 
     </span>
    </p>
   </div>
   <div class='ocr_carea' id='block_1_54' title="bbox 1899 2578 3502 2660">
    <p class='ocr_par' dir='ltr' id='par_1_54' title="bbox 1899 2578 3502 2660">
     <span class='ocr_line' id='line_1_54' title="bbox 1899 2578 3502 2660; baseline 0.006 -26"><span class='ocrx_word' id='word_1_405' title='bbox 1899 2582 2085 2637; x_wconf 89' lang='lat' dir='ltr'><strong>videre</strong></span> <span class='ocrx_word' id='word_1_406' title='bbox 2111 2582 2250 2638; x_wconf 88' lang='lat' dir='ltr'><strong>bona</strong></span> <span class='ocrx_word' id='word_1_407' title='bbox 2279 2578 2488 2639; x_wconf 88' lang='lat' dir='ltr'><strong>Domini</strong></span> <span class='ocrx_word' id='word_1_408' title='bbox 2516 2584 2572 2638; x_wconf 90' lang='lat' dir='ltr'><strong>in</strong></span> <span class='ocrx_word' id='word_1_409' title='bbox 2603 2593 2746 2639; x_wconf 90' lang='lat' dir='ltr'><strong>terra</strong></span> <span class='ocrx_word' id='word_1_410' title='bbox 2773 2587 3093 2641; x_wconf 89' lang='lat' dir='ltr'><strong>viventium.</strong></span> <span class='ocrx_word' id='word_1_411' title='bbox 3141 2587 3348 2659; x_wconf 87' lang='lat' dir='ltr'><strong>Opera,</strong></span> <span class='ocrx_word' id='word_1_412' title='bbox 3381 2604 3502 2660; x_wconf 84' lang='lat' dir='ltr'><strong>quae</strong></span> 
     </span>
    </p>
   </div>
   <div class='ocr_carea' id='block_1_55' title="bbox 1902 2673 3502 2750">
    <p class='ocr_par' dir='ltr' id='par_1_55' title="bbox 1902 2673 3502 2750">
     <span class='ocr_line' id='line_1_55' title="bbox 1902 2673 3502 2750; baseline 0.004 -22"><span class='ocrx_word' id='word_1_413' title='bbox 1902 2673 2088 2730; x_wconf 81' lang='lat' dir='ltr'><strong>Hiram</strong></span> <span class='ocrx_word' id='word_1_414' title='bbox 2120 2674 2314 2730; x_wconf 80' lang='lat' dir='ltr'><strong>artifex</strong></span> <span class='ocrx_word' id='word_1_415' title='bbox 2343 2677 2408 2730; x_wconf 92' lang='lat' dir='ltr'><strong>de</strong></span> <span class='ocrx_word' id='word_1_416' title='bbox 2438 2675 2579 2746; x_wconf 89' lang='lat' dir='ltr'><strong>Tyro</strong></span> <span class='ocrx_word' id='word_1_417' title='bbox 2617 2676 2824 2731; x_wconf 87' lang='lat' dir='ltr'><strong>fecerat</strong></span> <span class='ocrx_word' id='word_1_418' title='bbox 2856 2677 3159 2744; x_wconf 86' lang='lat' dir='ltr'><strong>Salomoni,</strong></span> <span class='ocrx_word' id='word_1_419' title='bbox 3200 2680 3502 2750; x_wconf 86' lang='lat' dir='ltr'><strong>spiritalem</strong></span> 
     </span>
    </p>
   </div>
   <div class='ocr_carea' id='block_1_56' title="bbox 1900 2765 3500 2837">
    <p class='ocr_par' dir='ltr' id='par_1_56' title="bbox 1900 2765 3500 2837">
     <span class='ocr_line' id='line_1_56' title="bbox 1900 2765 3500 2837; baseline 0.005 -18"><span class='ocrx_word' id='word_1_420' title='bbox 1900 2766 2352 2837; x_wconf 86' lang='lat' dir='ltr'><strong>signiﬁcationem</strong></span> <span class='ocrx_word' id='word_1_421' title='bbox 2393 2765 2615 2822; x_wconf 87' lang='lat' dir='ltr'><strong>habent.</strong></span> <span class='ocrx_word' id='word_1_422' title='bbox 2674 2767 2824 2823; x_wconf 81' lang='lat' dir='ltr'><strong>Mare</strong></span> <span class='ocrx_word' id='word_1_423' title='bbox 2868 2768 3026 2824; x_wconf 82' lang='lat' dir='ltr'><strong>fusile</strong></span> <span class='ocrx_word' id='word_1_424' title='bbox 3056 2770 3242 2825; x_wconf 89' lang='lat' dir='ltr'><strong>decem</strong></span> <span class='ocrx_word' id='word_1_425' title='bbox 3283 2773 3500 2827; x_wconf 86' lang='lat' dir='ltr'><strong>cubito-</strong></span> 
     </span>
    </p>
   </div>
   <div class='ocr_carea' id='block_1_57' title="bbox 1902 2859 3503 2930">
    <p class='ocr_par' dir='ltr' id='par_1_57' title="bbox 1902 2859 3503 2930">
     <span class='ocr_line' id='line_1_57' title="bbox 1902 2859 3503 2930; baseline 0.005 -18"><span class='ocrx_word' id='word_1_426' title='bbox 1902 2871 2044 2925; x_wconf 88' lang='lat' dir='ltr'><strong>rum,</strong></span> <span class='ocrx_word' id='word_1_427' title='bbox 2093 2875 2124 2913; x_wconf 90' lang='lat' dir='ltr'><strong>a</strong></span> <span class='ocrx_word' id='word_1_428' title='bbox 2170 2859 2311 2915; x_wconf 87' lang='lat' dir='ltr'><strong>labio</strong></span> <span class='ocrx_word' id='word_1_429' title='bbox 2362 2875 2533 2930; x_wconf 90' lang='lat' dir='ltr'><strong>usque</strong></span> <span class='ocrx_word' id='word_1_430' title='bbox 2579 2861 2646 2915; x_wconf 87' lang='lat' dir='ltr'><strong>ad</strong></span> <span class='ocrx_word' id='word_1_431' title='bbox 2694 2859 2896 2916; x_wconf 90' lang='lat' dir='ltr'><strong>labium</strong></span> <span class='ocrx_word' id='word_1_432' title='bbox 2951 2864 3244 2918; x_wconf 88' lang='lat' dir='ltr'><strong>rotundum</strong></span> <span class='ocrx_word' id='word_1_433' title='bbox 3299 2865 3354 2918; x_wconf 89' lang='lat' dir='ltr'><strong>in</strong></span> <span class='ocrx_word' id='word_1_434' title='bbox 3396 2865 3503 2920; x_wconf 88' lang='lat' dir='ltr'><strong>eir-</strong></span> 
     </span>
    </p>
   </div>
   <div class='ocr_carea' id='block_1_58' title="bbox 1904 2953 3506 3026">
    <p class='ocr_par' dir='ltr' id='par_1_58' title="bbox 1904 2953 3506 3026">
     <span class='ocr_line' id='line_1_58' title="bbox 1904 2953 3506 3026; baseline 0.004 -19"><span class='ocrx_word' id='word_1_435' title='bbox 1904 2953 2070 3020; x_wconf 90' lang='lat' dir='ltr'><strong>cuitu,</strong></span> <span class='ocrx_word' id='word_1_436' title='bbox 2105 2953 2332 3026; x_wconf 85' lang='lat' dir='ltr'><strong>ﬁguram</strong></span> <span class='ocrx_word' id='word_1_437' title='bbox 2361 2963 2507 3010; x_wconf 90' lang='lat' dir='ltr'><strong>tenet</strong></span> <span class='ocrx_word' id='word_1_438' title='bbox 2529 2955 2672 3010; x_wconf 88' lang='lat' dir='ltr'><strong>sacri</strong></span> <span class='ocrx_word' id='word_1_439' title='bbox 2706 2953 3078 3026; x_wconf 82' lang='lat' dir='ltr'><strong>Baptismatis,</strong></span> <span class='ocrx_word' id='word_1_440' title='bbox 3109 2973 3215 3026; x_wconf 91' lang='lat' dir='ltr'><strong>quo</strong></span> <span class='ocrx_word' id='word_1_441' title='bbox 3243 2957 3295 3012; x_wconf 90' lang='lat' dir='ltr'><strong>in</strong></span> <span class='ocrx_word' id='word_1_442' title='bbox 3321 2959 3506 3014; x_wconf 90' lang='lat' dir='ltr'><strong>remis-</strong></span> 
     </span>
    </p>
   </div>
   <div class='ocr_carea' id='block_1_59' title="bbox 1906 3046 3502 3116">
    <p class='ocr_par' dir='ltr' id='par_1_59' title="bbox 1906 3046 3502 3116">
     <span class='ocr_line' id='line_1_59' title="bbox 1906 3046 3502 3116; baseline 0.002 -16"><span class='ocrx_word' id='word_1_443' title='bbox 1906 3046 2115 3101; x_wconf 89' lang='lat' dir='ltr'><strong>sionem</strong></span> <span class='ocrx_word' id='word_1_444' title='bbox 2158 3054 2510 3116; x_wconf 89' lang='lat' dir='ltr'><strong>peccatorum</strong></span> <span class='ocrx_word' id='word_1_445' title='bbox 2562 3048 2940 3102; x_wconf 89' lang='lat' dir='ltr'><strong>emundamur.</strong></span> <span class='ocrx_word' id='word_1_446' title='bbox 2992 3049 3281 3102; x_wconf 89' lang='lat' dir='ltr'><strong>Duodecim</strong></span> <span class='ocrx_word' id='word_1_447' title='bbox 3316 3049 3502 3115; x_wconf 82' lang='lat' dir='ltr'><strong>boves,</strong></span> 
     </span>
    </p>
   </div>
   <div class='ocr_carea' id='block_1_60' title="bbox 1909 3139 3503 3211">
    <p class='ocr_par' dir='ltr' id='par_1_60' title="bbox 1909 3139 3503 3211">
     <span class='ocr_line' id='line_1_60' title="bbox 1909 3139 3503 3211; baseline 0.002 -20"><span class='ocrx_word' id='word_1_448' title='bbox 1909 3139 2000 3206; x_wconf 92' lang='lat' dir='ltr'><strong>qui</strong></span> <span class='ocrx_word' id='word_1_449' title='bbox 2037 3139 2164 3192; x_wconf 90' lang='lat' dir='ltr'><strong>illud</strong></span> <span class='ocrx_word' id='word_1_450' title='bbox 2194 3141 2506 3210; x_wconf 87' lang='lat' dir='ltr'><strong>portabant,</strong></span> <span class='ocrx_word' id='word_1_451' title='bbox 2547 3139 2830 3194; x_wconf 89' lang='lat' dir='ltr'><strong>duodecim</strong></span> <span class='ocrx_word' id='word_1_452' title='bbox 2853 3139 3142 3208; x_wconf 86' lang='lat' dir='ltr'><strong>Apostolos</strong></span> <span class='ocrx_word' id='word_1_453' title='bbox 3171 3140 3503 3211; x_wconf 86' lang='lat' dir='ltr'><strong>signiﬁcant,</strong></span> 
     </span>
    </p>
   </div>
   <div class='ocr_carea' id='block_1_61' title="bbox 214 3213 1800 3304">
    <p class='ocr_par' dir='ltr' id='par_1_61' title="bbox 214 3224 1800 3296">
     <span class='ocr_line' id='line_1_61' title="bbox 214 3224 1800 3296; baseline 0.001 -17"><span class='ocrx_word' id='word_1_454' title='bbox 214 3226 454 3294; x_wconf 87' lang='lat' dir='ltr'><strong>operibus</strong></span> <span class='ocrx_word' id='word_1_455' title='bbox 485 3226 814 3296; x_wconf 88' lang='lat' dir='ltr'><strong>conjunctis.</strong></span> <span class='ocrx_word' id='word_1_456' title='bbox 850 3226 986 3281; x_wconf 83' lang='lat' dir='ltr'><strong>Mala</strong></span> <span class='ocrx_word' id='word_1_457' title='bbox 1027 3228 1222 3295; x_wconf 87' lang='lat' dir='ltr'><strong>punica</strong></span> <span class='ocrx_word' id='word_1_458' title='bbox 1270 3224 1646 3280; x_wconf 90' lang='lat' dir='ltr'><strong>tintinnabulis</strong></span> <span class='ocrx_word' id='word_1_459' title='bbox 1682 3241 1800 3294; x_wconf 88' lang='lat' dir='ltr'><strong>per-</strong></span> 
     </span>
    </p>
   </div>
   <div class='ocr_carea' id='block_1_62' title="bbox 1904 3213 3505 3304">
    <p class='ocr_par' dir='ltr' id='par_1_62' title="bbox 1905 3232 3505 3304">
     <span class='ocr_line' id='line_1_62' title="bbox 1905 3232 3505 3304; baseline 0.001 -18"><span class='ocrx_word' id='word_1_460' title='bbox 1905 3240 1960 3287; x_wconf 90' lang='lat' dir='ltr'><strong>et</strong></span> <span class='ocrx_word' id='word_1_461' title='bbox 1987 3247 2194 3294; x_wconf 85' lang='lat' dir='ltr'><strong>omnes,</strong></span> <span class='ocrx_word' id='word_1_462' title='bbox 2228 3233 2319 3302; x_wconf 88' lang='lat' dir='ltr'><strong>qui</strong></span> <span class='ocrx_word' id='word_1_463' title='bbox 2344 3233 2460 3288; x_wconf 86' lang='lat' dir='ltr'><strong>vice</strong></span> <span class='ocrx_word' id='word_1_464' title='bbox 2490 3248 2678 3288; x_wconf 91' lang='lat' dir='ltr'><strong>eorum</strong></span> <span class='ocrx_word' id='word_1_465' title='bbox 2711 3233 3000 3304; x_wconf 85' lang='lat' dir='ltr'><strong>regendam</strong></span> <span class='ocrx_word' id='word_1_466' title='bbox 3042 3232 3094 3286; x_wconf 90' lang='lat' dir='ltr'><strong>in</strong></span> <span class='ocrx_word' id='word_1_467' title='bbox 3125 3232 3342 3287; x_wconf 88' lang='lat' dir='ltr'><strong>Christo</strong></span> <span class='ocrx_word' id='word_1_468' title='bbox 3373 3250 3505 3288; x_wconf 89' lang='lat' dir='ltr'><strong>san-</strong></span> 
     </span>
    </p>
   </div>
   <div class='ocr_carea' id='block_1_63' title="bbox 214 3315 1807 3383">
    <p class='ocr_par' dir='ltr' id='par_1_63' title="bbox 214 3315 1807 3383">
     <span class='ocr_line' id='line_1_63' title="bbox 214 3315 1807 3383; baseline 0.002 -14"><span class='ocrx_word' id='word_1_469' title='bbox 214 3317 396 3381; x_wconf 87' lang='lat' dir='ltr'><strong>mixta,</strong></span> <span class='ocrx_word' id='word_1_470' title='bbox 434 3318 624 3371; x_wconf 89' lang='lat' dir='ltr'><strong>unitas</strong></span> <span class='ocrx_word' id='word_1_471' title='bbox 650 3315 798 3383; x_wconf 89' lang='lat' dir='ltr'><strong>ﬁdei,</strong></span> <span class='ocrx_word' id='word_1_472' title='bbox 845 3325 899 3374; x_wconf 91' lang='lat' dir='ltr'><strong>et</strong></span> <span class='ocrx_word' id='word_1_473' title='bbox 924 3317 1212 3373; x_wconf 89' lang='lat' dir='ltr'><strong>concordia</strong></span> <span class='ocrx_word' id='word_1_474' title='bbox 1243 3318 1550 3372; x_wconf 88' lang='lat' dir='ltr'><strong>charitatis.</strong></span> <span class='ocrx_word' id='word_1_475' title='bbox 1578 3316 1807 3372; x_wconf 85' lang='lat' dir='ltr'><strong>Lamina</strong></span> 
     </span>
    </p>
   </div>
   <div class='ocr_carea' id='block_1_64' title="bbox 214 3407 1805 3478">
    <p class='ocr_par' dir='ltr' id='par_1_64' title="bbox 214 3407 1805 3478">
     <span class='ocr_line' id='line_1_64' title="bbox 214 3407 1805 3478; baseline 0.002 -20"><span class='ocrx_word' id='word_1_476' title='bbox 214 3422 368 3460; x_wconf 82' lang='lat' dir='ltr'><strong>aurea</strong></span> <span class='ocrx_word' id='word_1_477' title='bbox 421 3409 477 3461; x_wconf 87' lang='lat' dir='ltr'><strong>in</strong></span> <span class='ocrx_word' id='word_1_478' title='bbox 511 3407 717 3472; x_wconf 85' lang='lat' dir='ltr'><strong>fronte,</strong></span> <span class='ocrx_word' id='word_1_479' title='bbox 765 3409 945 3463; x_wconf 88' lang='lat' dir='ltr'><strong>crucis</strong></span> <span class='ocrx_word' id='word_1_480' title='bbox 994 3409 1360 3478; x_wconf 72' lang='lat' dir='ltr'><strong>prmﬁguratio</strong></span> <span class='ocrx_word' id='word_1_481' title='bbox 1390 3407 1476 3462; x_wconf 89' lang='lat' dir='ltr'><strong>vel</strong></span> <span class='ocrx_word' id='word_1_482' title='bbox 1518 3407 1805 3464; x_wconf 87' lang='lat' dir='ltr'><strong>manifesta</strong></span> 
     </span>
    </p>
   </div>
   <div class='ocr_carea' id='block_1_65' title="bbox 209 3498 1804 3572">
    <p class='ocr_par' dir='ltr' id='par_1_65' title="bbox 209 3498 1804 3572">
     <span class='ocr_line' id='line_1_65' title="bbox 209 3498 1804 3572; baseline 0.001 -19"><span class='ocrx_word' id='word_1_483' title='bbox 209 3498 421 3569; x_wconf 80' lang='lat' dir='ltr'><strong>judicia.</strong></span> <span class='ocrx_word' id='word_1_484' title='bbox 449 3502 509 3556; x_wconf 85' lang='lat' dir='ltr'><strong>In</strong></span> <span class='ocrx_word' id='word_1_485' title='bbox 538 3502 766 3557; x_wconf 89' lang='lat' dir='ltr'><strong>Exodo:</strong></span> <span class='ocrx_word' id='word_1_486' title='bbox 798 3502 868 3556; x_wconf 86' lang='lat' dir='ltr'><strong>Et</strong></span> <span class='ocrx_word' id='word_1_487' title='bbox 901 3502 1132 3572; x_wconf 74' lang='lat' dir='ltr'><strong>fecerunt</strong></span> <span class='ocrx_word' id='word_1_488' title='bbox 1179 3503 1432 3557; x_wconf 86' lang='lat' dir='ltr'><strong>laminam</strong></span> <span class='ocrx_word' id='word_1_489' title='bbox 1470 3518 1713 3570; x_wconf 86' lang='lat' dir='ltr'><strong>auream,</strong></span> <span class='ocrx_word' id='word_1_490' title='bbox 1757 3511 1804 3556; x_wconf 89' lang='lat' dir='ltr'><strong>et</strong></span> 
     </span>
    </p>
   </div>
   <div class='ocr_carea' id='block_1_66' title="bbox 215 3591 1806 3664">
    <p class='ocr_par' dir='ltr' id='par_1_66' title="bbox 215 3591 1806 3664">
     <span class='ocr_line' id='line_1_66' title="bbox 215 3591 1806 3664; baseline 0.002 -20"><span class='ocrx_word' id='word_1_491' title='bbox 215 3592 436 3658; x_wconf 78' lang='lat' dir='ltr'><strong>fecerunt</strong></span> <span class='ocrx_word' id='word_1_492' title='bbox 461 3594 516 3646; x_wconf 86' lang='lat' dir='ltr'><strong>in</strong></span> <span class='ocrx_word' id='word_1_493' title='bbox 538 3611 604 3646; x_wconf 83' lang='lat' dir='ltr'><strong>ea</strong></span> <span class='ocrx_word' id='word_1_494' title='bbox 627 3593 830 3646; x_wconf 89' lang='lat' dir='ltr'><strong>litteras</strong></span> <span class='ocrx_word' id='word_1_495' title='bbox 855 3592 1178 3661; x_wconf 80' lang='lat' dir='ltr'><strong>deformatus</strong></span> <span class='ocrx_word' id='word_1_496' title='bbox 1208 3595 1506 3648; x_wconf 84' lang='lat' dir='ltr'><strong>sanctitatis</strong></span> <span class='ocrx_word' id='word_1_497' title='bbox 1535 3591 1806 3664; x_wconf 83' lang='lat' dir='ltr'><strong>signaculo</strong></span> 
     </span>
    </p>
   </div>
   <div class='ocr_carea' id='block_1_67' title="bbox 211 3679 1810 3756">
    <p class='ocr_par' dir='ltr' id='par_1_67' title="bbox 211 3679 1810 3756">
     <span class='ocr_line' id='line_1_67' title="bbox 211 3679 1810 3756; baseline 0.004 -24"><span class='ocrx_word' id='word_1_498' title='bbox 211 3679 418 3735; x_wconf 83' lang='lat' dir='ltr'><strong>Domini</strong></span> <span class='ocrx_word' id='word_1_499' title='bbox 466 3680 686 3753; x_wconf 82' lang='lat' dir='ltr'><strong>(lbid.).</strong></span> <span class='ocrx_word' id='word_1_500' title='bbox 721 3681 920 3736; x_wconf 88' lang='lat' dir='ltr'><strong>Sancta</strong></span> <span class='ocrx_word' id='word_1_501' title='bbox 961 3691 1272 3738; x_wconf 90' lang='lat' dir='ltr'><strong>sanctorum</strong></span> <span class='ocrx_word' id='word_1_502' title='bbox 1298 3685 1558 3756; x_wconf 81' lang='lat' dir='ltr'><strong>mysteria</strong></span> <span class='ocrx_word' id='word_1_503' title='bbox 1583 3699 1810 3755; x_wconf 81' lang='lat' dir='ltr'><strong>quaeque</strong></span> 
     </span>
    </p>
   </div>
   <div class='ocr_carea' id='block_1_68' title="bbox 212 3773 1810 3844">
    <p class='ocr_par' dir='ltr' id='par_1_68' title="bbox 212 3773 1810 3844">
     <span class='ocr_line' id='line_1_68' title="bbox 212 3773 1810 3844; baseline 0.002 -17"><span class='ocrx_word' id='word_1_504' title='bbox 212 3773 321 3840; x_wconf 89' lang='lat' dir='ltr'><strong>Dei,</strong></span> <span class='ocrx_word' id='word_1_505' title='bbox 354 3775 440 3829; x_wconf 88' lang='lat' dir='ltr'><strong>vel</strong></span> <span class='ocrx_word' id='word_1_506' title='bbox 471 3792 645 3844; x_wconf 81' lang='lat' dir='ltr'><strong>regna</strong></span> <span class='ocrx_word' id='word_1_507' title='bbox 682 3775 963 3831; x_wconf 63' lang='lat' dir='ltr'><strong>caelorum.</strong></span> <span class='ocrx_word' id='word_1_508' title='bbox 1015 3776 1072 3830; x_wconf 88' lang='lat' dir='ltr'><strong>In</strong></span> <span class='ocrx_word' id='word_1_509' title='bbox 1101 3776 1359 3844; x_wconf 81' lang='lat' dir='ltr'><strong>Apostolo</strong></span> <span class='ocrx_word' id='word_1_510' title='bbox 1388 3795 1402 3830; x_wconf 90' lang='lat'><strong>:</strong></span> <span class='ocrx_word' id='word_1_511' title='bbox 1438 3776 1562 3830; x_wconf 85' lang='lat' dir='ltr'><strong>Non</strong></span> <span class='ocrx_word' id='word_1_512' title='bbox 1587 3777 1724 3830; x_wconf 87' lang='lat' dir='ltr'><strong>enim</strong></span> <span class='ocrx_word' id='word_1_513' title='bbox 1755 3776 1810 3830; x_wconf 85' lang='lat' dir='ltr'><strong>in</strong></span> 
     </span>
    </p>
   </div>
   <div class='ocr_carea' id='block_1_69' title="bbox 214 3865 1806 3937">
    <p class='ocr_par' dir='ltr' id='par_1_69' title="bbox 214 3865 1806 3937">
     <span class='ocr_line' id='line_1_69' title="bbox 214 3865 1806 3937; baseline 0.001 -20"><span class='ocrx_word' id='word_1_514' title='bbox 214 3868 518 3935; x_wconf 78' lang='lat' dir='ltr'><strong>nianufacta</strong></span> <span class='ocrx_word' id='word_1_515' title='bbox 544 3876 729 3921; x_wconf 87' lang='lat' dir='ltr'><strong>sancta</strong></span> <span class='ocrx_word' id='word_1_516' title='bbox 759 3866 914 3920; x_wconf 80' lang='lat' dir='ltr'><strong>Jesus</strong></span> <span class='ocrx_word' id='word_1_517' title='bbox 942 3866 1169 3920; x_wconf 73' lang='lat' dir='ltr'><strong>introivit</strong></span> <span class='ocrx_word' id='word_1_518' title='bbox 1196 3865 1513 3937; x_wconf 69' lang='lat' dir='ltr'><strong>exemplaria</strong></span> <span class='ocrx_word' id='word_1_519' title='bbox 1539 3881 1806 3919; x_wconf 82' lang='lat' dir='ltr'><strong>verorum:</strong></span> 
     </span>
    </p>
   </div>
   <div class='ocr_carea' id='block_1_70' title="bbox 213 3955 1812 4030">
    <p class='ocr_par' dir='ltr' id='par_1_70' title="bbox 213 3955 1812 4030">
     <span class='ocr_line' id='line_1_70' title="bbox 213 3955 1812 4030; baseline -0.003 -17"><span class='ocrx_word' id='word_1_520' title='bbox 213 3960 298 4013; x_wconf 83' lang='lat' dir='ltr'><strong>sed</strong></span> <span class='ocrx_word' id='word_1_521' title='bbox 329 3962 381 4014; x_wconf 85' lang='lat' dir='ltr'><strong>in</strong></span> <span class='ocrx_word' id='word_1_522' title='bbox 411 3962 591 4030; x_wconf 85' lang='lat' dir='ltr'><strong>ipsum</strong></span> <span class='ocrx_word' id='word_1_523' title='bbox 639 3960 858 4027; x_wconf 78' lang='lat' dir='ltr'><strong>cazlum,</strong></span> <span class='ocrx_word' id='word_1_524' title='bbox 917 3969 972 4012; x_wconf 86' lang='lat' dir='ltr'><strong>ut</strong></span> <span class='ocrx_word' id='word_1_525' title='bbox 1014 3968 1262 4029; x_wconf 79' lang='lat' dir='ltr'><strong>appareat</strong></span> <span class='ocrx_word' id='word_1_526' title='bbox 1311 3974 1448 4011; x_wconf 83' lang='lat' dir='ltr'><strong>nunc</strong></span> <span class='ocrx_word' id='word_1_527' title='bbox 1496 3955 1666 4010; x_wconf 80' lang='lat' dir='ltr'><strong>vultui</strong></span> <span class='ocrx_word' id='word_1_528' title='bbox 1714 3955 1812 4009; x_wconf 88' lang='lat' dir='ltr'><strong>Dei</strong></span> 
     </span>
    </p>
   </div>
   <div class='ocr_carea' id='block_1_71' title="bbox 215 4047 1812 4122">
    <p class='ocr_par' dir='ltr' id='par_1_71' title="bbox 215 4047 1812 4122">
     <span class='ocr_line' id='line_1_71' title="bbox 215 4047 1812 4122; baseline -0.002 -19"><span class='ocrx_word' id='word_1_529' title='bbox 215 4051 394 4122; x_wconf 80' lang='lat' dir='ltr'><strong>(Hebr.</strong></span> <span class='ocrx_word' id='word_1_530' title='bbox 427 4052 533 4122; x_wconf 75' lang='lat' dir='ltr'><strong>ix).</strong></span> <span class='ocrx_word' id='word_1_531' title='bbox 571 4051 794 4120; x_wconf 87' lang='lat' dir='ltr'><strong>Templa</strong></span> <span class='ocrx_word' id='word_1_532' title='bbox 823 4067 1018 4106; x_wconf 88' lang='lat' dir='ltr'><strong>nomen</strong></span> <span class='ocrx_word' id='word_1_533' title='bbox 1049 4049 1321 4121; x_wconf 83' lang='lat' dir='ltr'><strong>generale.</strong></span> <span class='ocrx_word' id='word_1_534' title='bbox 1360 4048 1465 4103; x_wconf 88' lang='lat' dir='ltr'><strong>Pro</strong></span> <span class='ocrx_word' id='word_1_535' title='bbox 1514 4047 1647 4103; x_wconf 88' lang='lat' dir='ltr'><strong>locis</strong></span> <span class='ocrx_word' id='word_1_536' title='bbox 1667 4047 1812 4102; x_wconf 90' lang='lat' dir='ltr'><strong>enim</strong></span> 
     </span>
    </p>
   </div>
   <div class='ocr_carea' id='block_1_72' title="bbox 214 4139 1814 4212">
    <p class='ocr_par' dir='ltr' id='par_1_72' title="bbox 214 4139 1814 4212">
     <span class='ocr_line' id='line_1_72' title="bbox 214 4139 1814 4212; baseline 0 -18"><span class='ocrx_word' id='word_1_537' title='bbox 214 4144 630 4212; x_wconf 79' lang='lat' dir='ltr'><strong>quibuscunque</strong></span> <span class='ocrx_word' id='word_1_538' title='bbox 675 4141 887 4212; x_wconf 86' lang='lat' dir='ltr'><strong>magnis</strong></span> <span class='ocrx_word' id='word_1_539' title='bbox 931 4142 1138 4210; x_wconf 87' lang='lat' dir='ltr'><strong>antiqui</strong></span> <span class='ocrx_word' id='word_1_540' title='bbox 1174 4141 1372 4210; x_wconf 89' lang='lat' dir='ltr'><strong>templa</strong></span> <span class='ocrx_word' id='word_1_541' title='bbox 1409 4139 1704 4195; x_wconf 84' lang='lat' dir='ltr'><strong>dicebant:</strong></span> <span class='ocrx_word' id='word_1_542' title='bbox 1759 4147 1814 4194; x_wconf 86' lang='lat' dir='ltr'><strong>et</strong></span> 
     </span>
    </p>
   </div>
   <div class='ocr_carea' id='block_1_73' title="bbox 219 4233 1813 4305">
    <p class='ocr_par' dir='ltr' id='par_1_73' title="bbox 219 4233 1813 4305">
     <span class='ocr_line' id='line_1_73' title="bbox 219 4233 1813 4305; baseline -0.001 -18"><span class='ocrx_word' id='word_1_543' title='bbox 219 4236 411 4305; x_wconf 85' lang='lat' dir='ltr'><strong>templa</strong></span> <span class='ocrx_word' id='word_1_544' title='bbox 443 4239 630 4301; x_wconf 68' lang='lat' dir='ltr'><strong>dicta,</strong></span> <span class='ocrx_word' id='word_1_545' title='bbox 661 4236 816 4304; x_wconf 89' lang='lat' dir='ltr'><strong>quasi</strong></span> <span class='ocrx_word' id='word_1_546' title='bbox 860 4244 1003 4290; x_wconf 88' lang='lat' dir='ltr'><strong>tecta</strong></span> <span class='ocrx_word' id='word_1_547' title='bbox 1052 4234 1268 4304; x_wconf 88' lang='lat' dir='ltr'><strong>ampla:</strong></span> <span class='ocrx_word' id='word_1_548' title='bbox 1305 4235 1397 4289; x_wconf 90' lang='lat' dir='ltr'><strong>sed</strong></span> <span class='ocrx_word' id='word_1_549' title='bbox 1427 4240 1482 4289; x_wconf 91' lang='lat' dir='ltr'><strong>et</strong></span> <span class='ocrx_word' id='word_1_550' title='bbox 1529 4233 1678 4289; x_wconf 91' lang='lat' dir='ltr'><strong>locus</strong></span> <span class='ocrx_word' id='word_1_551' title='bbox 1719 4233 1813 4287; x_wconf 87' lang='lat' dir='ltr'><strong>de-</strong></span> 
     </span>
    </p>
   </div>
   <div class='ocr_carea' id='block_1_74' title="bbox 216 4325 1809 4396">
    <p class='ocr_par' dir='ltr' id='par_1_74' title="bbox 216 4325 1809 4396">
     <span class='ocr_line' id='line_1_74' title="bbox 216 4325 1809 4396; baseline 0 -18"><span class='ocrx_word' id='word_1_552' title='bbox 216 4327 456 4395; x_wconf 75' lang='lat' dir='ltr'><strong>signatus</strong></span> <span class='ocrx_word' id='word_1_553' title='bbox 487 4329 557 4380; x_wconf 57' lang='lat' dir='ltr'><strong>a‘l</strong></span> <span class='ocrx_word' id='word_1_554' title='bbox 589 4328 854 4383; x_wconf 88' lang='lat' dir='ltr'><strong>orientem</strong></span> <span class='ocrx_word' id='word_1_555' title='bbox 885 4343 916 4380; x_wconf 86' lang='lat' dir='ltr'><strong>a</strong></span> <span class='ocrx_word' id='word_1_556' title='bbox 945 4325 1397 4396; x_wconf 78' lang='lat' dir='ltr'><strong>contemplatione</strong></span> <span class='ocrx_word' id='word_1_557' title='bbox 1440 4325 1696 4395; x_wconf 88' lang='lat' dir='ltr'><strong>templum</strong></span> <span class='ocrx_word' id='word_1_558' title='bbox 1727 4325 1809 4379; x_wconf 90' lang='lat' dir='ltr'><strong>di-</strong></span> 
     </span>
    </p>
   </div>
   <div class='ocr_carea' id='block_1_75' title="bbox 217 4417 1810 4488">
    <p class='ocr_par' dir='ltr' id='par_1_75' title="bbox 217 4417 1810 4488">
     <span class='ocr_line' id='line_1_75' title="bbox 217 4417 1810 4488; baseline 0.001 -20"><span class='ocrx_word' id='word_1_559' title='bbox 217 4417 475 4472; x_wconf 81' lang='lat' dir='ltr'><strong>cebatur:</strong></span> <span class='ocrx_word' id='word_1_560' title='bbox 516 4418 674 4488; x_wconf 73' lang='lat' dir='ltr'><strong>cujus</strong></span> <span class='ocrx_word' id='word_1_561' title='bbox 698 4427 882 4488; x_wconf 89' lang='lat' dir='ltr'><strong>partes</strong></span> <span class='ocrx_word' id='word_1_562' title='bbox 911 4426 1142 4488; x_wconf 69' lang='lat' dir='ltr'><strong>quatuor</strong></span> <span class='ocrx_word' id='word_1_563' title='bbox 1184 4427 1380 4472; x_wconf 90' lang='lat' dir='ltr'><strong>erant:</strong></span> <span class='ocrx_word' id='word_1_564' title='bbox 1408 4418 1585 4472; x_wconf 87' lang='lat' dir='ltr'><strong>antica</strong></span> <span class='ocrx_word' id='word_1_565' title='bbox 1622 4417 1686 4471; x_wconf 90' lang='lat' dir='ltr'><strong>ad</strong></span> <span class='ocrx_word' id='word_1_566' title='bbox 1719 4432 1810 4471; x_wconf 86' lang='lat' dir='ltr'><strong>or-</strong></span> 
     </span>
    </p>
   </div>
   <div class='ocr_carea' id='block_1_76' title="bbox 217 4507 1805 4579">
    <p class='ocr_par' dir='ltr' id='par_1_76' title="bbox 217 4507 1805 4579">
     <span class='ocr_line' id='line_1_76' title="bbox 217 4507 1805 4579; baseline 0.001 -19"><span class='ocrx_word' id='word_1_567' title='bbox 217 4515 342 4571; x_wconf 89' lang='lat' dir='ltr'><strong>tum,</strong></span> <span class='ocrx_word' id='word_1_568' title='bbox 378 4512 600 4577; x_wconf 77' lang='lat' dir='ltr'><strong>postica</strong></span> <span class='ocrx_word' id='word_1_569' title='bbox 628 4507 694 4563; x_wconf 87' lang='lat' dir='ltr'><strong>ad</strong></span> <span class='ocrx_word' id='word_1_570' title='bbox 719 4525 995 4576; x_wconf 90' lang='lat' dir='ltr'><strong>occasum,</strong></span> <span class='ocrx_word' id='word_1_571' title='bbox 1027 4509 1245 4563; x_wconf 84' lang='lat' dir='ltr'><strong>sinistra</strong></span> <span class='ocrx_word' id='word_1_572' title='bbox 1275 4509 1341 4563; x_wconf 88' lang='lat' dir='ltr'><strong>ad</strong></span> <span class='ocrx_word' id='word_1_573' title='bbox 1367 4508 1805 4579; x_wconf 87' lang='lat' dir='ltr'><strong>septentrionem,</strong></span> 
     </span>
    </p>
   </div>
   <div class='ocr_carea' id='block_1_77' title="bbox 215 4597 1810 4670">
    <p class='ocr_par' dir='ltr' id='par_1_77' title="bbox 215 4597 1810 4670">
     <span class='ocr_line' id='line_1_77' title="bbox 215 4597 1810 4670; baseline 0.001 -20"><span class='ocrx_word' id='word_1_574' title='bbox 215 4597 400 4651; x_wconf 77' lang='lat' dir='ltr'><strong>dextra</strong></span> <span class='ocrx_word' id='word_1_575' title='bbox 435 4599 507 4652; x_wconf 87' lang='lat' dir='ltr'><strong>ad</strong></span> <span class='ocrx_word' id='word_1_576' title='bbox 549 4600 832 4655; x_wconf 87' lang='lat' dir='ltr'><strong>meridiem</strong></span> <span class='ocrx_word' id='word_1_577' title='bbox 862 4608 1150 4670; x_wconf 83' lang='lat' dir='ltr'><strong>expectant</strong></span> <span class='ocrx_word' id='word_1_578' title='bbox 1193 4597 1508 4670; x_wconf 74' lang='lat' dir='ltr'><strong>[spectans].</strong></span> <span class='ocrx_word' id='word_1_579' title='bbox 1546 4598 1698 4653; x_wconf 88' lang='lat' dir='ltr'><strong>Unde</strong></span> <span class='ocrx_word' id='word_1_580' title='bbox 1756 4607 1810 4652; x_wconf 89' lang='lat' dir='ltr'><strong>et</strong></span> 
     </span>
    </p>
   </div>
   <div class='ocr_carea' id='block_1_78' title="bbox 212 4688 1813 4757">
    <p class='ocr_par' dir='ltr' id='par_1_78' title="bbox 212 4688 1813 4757">
     <span class='ocr_line' id='line_1_78' title="bbox 212 4688 1813 4757; baseline 0.001 -20"><span class='ocrx_word' id='word_1_581' title='bbox 212 4689 428 4754; x_wconf 85' lang='lat' dir='ltr'><strong>quando</strong></span> <span class='ocrx_word' id='word_1_582' title='bbox 452 4688 722 4757; x_wconf 80' lang='lat' dir='ltr'><strong>templum</strong></span> <span class='ocrx_word' id='word_1_583' title='bbox 747 4689 1149 4752; x_wconf 85' lang='lat' dir='ltr'><strong>construebant,</strong></span> <span class='ocrx_word' id='word_1_584' title='bbox 1173 4691 1436 4743; x_wconf 78' lang='lat' dir='ltr'><strong>orientem</strong></span> <span class='ocrx_word' id='word_1_585' title='bbox 1458 4689 1813 4757; x_wconf 78' lang='lat' dir='ltr'><strong>expectabant</strong></span> 
     </span>
    </p>
   </div>
   <div class='ocr_carea' id='block_1_79' title="bbox 214 4779 1813 4847">
    <p class='ocr_par' dir='ltr' id='par_1_79' title="bbox 214 4779 1813 4847">
     <span class='ocr_line' id='line_1_79' title="bbox 214 4779 1813 4847; baseline 0.003 -18"><span class='ocrx_word' id='word_1_586' title='bbox 214 4779 655 4847; x_wconf 72' lang='lat' dir='ltr'><strong>mquinoctialem</strong></span> <span class='ocrx_word' id='word_1_587' title='bbox 681 4819 696 4844; x_wconf 95' lang='lat'><strong>,</strong></span> <span class='ocrx_word' id='word_1_588' title='bbox 730 4781 800 4833; x_wconf 86' lang='lat' dir='ltr'><strong>ita</strong></span> <span class='ocrx_word' id='word_1_589' title='bbox 853 4789 909 4834; x_wconf 89' lang='lat' dir='ltr'><strong>ut</strong></span> <span class='ocrx_word' id='word_1_590' title='bbox 950 4782 1087 4836; x_wconf 89' lang='lat' dir='ltr'><strong>linea</strong></span> <span class='ocrx_word' id='word_1_591' title='bbox 1129 4783 1196 4837; x_wconf 91' lang='lat' dir='ltr'><strong>ab</strong></span> <span class='ocrx_word' id='word_1_592' title='bbox 1231 4791 1350 4836; x_wconf 90' lang='lat' dir='ltr'><strong>ortu</strong></span> <span class='ocrx_word' id='word_1_593' title='bbox 1385 4782 1451 4835; x_wconf 90' lang='lat' dir='ltr'><strong>ad</strong></span> <span class='ocrx_word' id='word_1_594' title='bbox 1481 4781 1813 4837; x_wconf 89' lang='lat' dir='ltr'><strong>occidentem</strong></span> 
     </span>
    </p>
   </div>
   <div class='ocr_carea' id='block_1_80' title="bbox 215 4871 1813 4942">
    <p class='ocr_par' dir='ltr' id='par_1_80' title="bbox 215 4871 1813 4942">
     <span class='ocr_line' id='line_1_80' title="bbox 215 4871 1813 4942; baseline 0.003 -21"><span class='ocrx_word' id='word_1_595' title='bbox 215 4871 402 4937; x_wconf 76' lang='lat' dir='ltr'><strong>missa,</strong></span> <span class='ocrx_word' id='word_1_596' title='bbox 429 4872 634 4927; x_wconf 88' lang='lat' dir='ltr'><strong>tierent</strong></span> <span class='ocrx_word' id='word_1_597' title='bbox 651 4880 833 4941; x_wconf 88' lang='lat' dir='ltr'><strong>partes</strong></span> <span class='ocrx_word' id='word_1_598' title='bbox 854 4872 976 4926; x_wconf 76' lang='grc' dir='ltr'><strong>εωιί</strong></span> <span class='ocrx_word' id='word_1_599' title='bbox 995 4873 1182 4926; x_wconf 85' lang='lat' dir='ltr'><strong>dextra</strong></span> <span class='ocrx_word' id='word_1_600' title='bbox 1201 4882 1363 4941; x_wconf 89' lang='lat' dir='ltr'><strong>atque</strong></span> <span class='ocrx_word' id='word_1_601' title='bbox 1385 4873 1605 4928; x_wconf 86' lang='lat' dir='ltr'><strong>sinistra</strong></span> <span class='ocrx_word' id='word_1_602' title='bbox 1629 4888 1813 4942; x_wconf 64' lang='lat' dir='ltr'><strong>aequa-</strong></span> 
     </span>
    </p>
   </div>
   <div class='ocr_carea' id='block_1_81' title="bbox 216 4959 1816 5033">
    <p class='ocr_par' dir='ltr' id='par_1_81' title="bbox 216 4959 1816 5033">
     <span class='ocr_line' id='line_1_81' title="bbox 216 4959 1816 5033; baseline 0.005 -23"><span class='ocrx_word' id='word_1_603' title='bbox 216 4959 292 5014; x_wconf 83' lang='lat' dir='ltr'><strong>les</strong></span> <span class='ocrx_word' id='word_1_604' title='bbox 322 4979 334 5012; x_wconf 94' lang='lat'><strong>:</strong></span> <span class='ocrx_word' id='word_1_605' title='bbox 370 4972 431 5016; x_wconf 89' lang='lat' dir='ltr'><strong>ut</strong></span> <span class='ocrx_word' id='word_1_606' title='bbox 456 4965 557 5033; x_wconf 86' lang='lat' dir='ltr'><strong>qui</strong></span> <span class='ocrx_word' id='word_1_607' title='bbox 594 4963 900 5020; x_wconf 88' lang='lat' dir='ltr'><strong>consuleret</strong></span> <span class='ocrx_word' id='word_1_608' title='bbox 925 4979 987 5018; x_wconf 88' lang='lat' dir='ltr'><strong>ac</strong></span> <span class='ocrx_word' id='word_1_609' title='bbox 1014 4966 1412 5033; x_wconf 86' lang='lat' dir='ltr'><strong>deprecaretur,</strong></span> <span class='ocrx_word' id='word_1_610' title='bbox 1444 4973 1649 5018; x_wconf 89' lang='lat' dir='ltr'><strong>rectum</strong></span> <span class='ocrx_word' id='word_1_611' title='bbox 1673 4964 1816 5033; x_wconf 57' lang='lat' dir='ltr'><strong>aspi-</strong></span> 
     </span>
    </p>
   </div>
   <div class='ocr_carea' id='block_1_82' title="bbox 216 5043 1812 5125">
    <p class='ocr_par' dir='ltr' id='par_1_82' title="bbox 216 5043 1812 5125">
     <span class='ocr_line' id='line_1_82' title="bbox 216 5043 1812 5125; baseline 0.002 -21"><span class='ocrx_word' id='word_1_612' title='bbox 216 5061 361 5106; x_wconf 87' lang='lat' dir='ltr'><strong>ceret</strong></span> <span class='ocrx_word' id='word_1_613' title='bbox 388 5054 691 5109; x_wconf 87' lang='lat' dir='ltr'><strong>orientem.</strong></span> <span class='ocrx_word' id='word_1_614' title='bbox 737 5053 1014 5123; x_wconf 89' lang='lat' dir='ltr'><strong>Templum</strong></span> <span class='ocrx_word' id='word_1_615' title='bbox 1065 5056 1293 5125; x_wconf 88' lang='lat' dir='ltr'><strong>mystice</strong></span> <span class='ocrx_word' id='word_1_616' title='bbox 1342 5052 1426 5108; x_wconf 91' lang='lat' dir='ltr'><strong>vel</strong></span> <span class='ocrx_word' id='word_1_617' title='bbox 1469 5043 1663 5124; x_wconf 82' lang='lat' dir='ltr'><strong>corpus</strong></span> <span class='ocrx_word' id='word_1_618' title='bbox 1704 5053 1812 5107; x_wconf 86' lang='lat' dir='ltr'><strong>Do-</strong></span> 
     </span>
    </p>
   </div>
   <div class='ocr_carea' id='block_1_83' title="bbox 220 5134 1814 5217">
    <p class='ocr_par' dir='ltr' id='par_1_83' title="bbox 220 5134 1814 5217">
     <span class='ocr_line' id='line_1_83' title="bbox 220 5134 1814 5217; baseline 0.001 -19"><span class='ocrx_word' id='word_1_619' title='bbox 220 5145 349 5198; x_wconf 88' lang='lat' dir='ltr'><strong>mini</strong></span> <span class='ocrx_word' id='word_1_620' title='bbox 381 5146 686 5217; x_wconf 87' lang='lat' dir='ltr'><strong>signiﬁcat,</strong></span> <span class='ocrx_word' id='word_1_621' title='bbox 718 5148 782 5201; x_wconf 90' lang='lat' dir='ltr'><strong>de</strong></span> <span class='ocrx_word' id='word_1_622' title='bbox 811 5163 917 5216; x_wconf 72' lang='lat' dir='ltr'><strong>quo</strong></span> <span class='ocrx_word' id='word_1_623' title='bbox 941 5148 1052 5217; x_wconf 87' lang='lat' dir='ltr'><strong>ipse</strong></span> <span class='ocrx_word' id='word_1_624' title='bbox 1082 5147 1134 5200; x_wconf 89' lang='lat' dir='ltr'><strong>in</strong></span> <span class='ocrx_word' id='word_1_625' title='bbox 1157 5134 1588 5216; x_wconf 13' lang='lat' dir='ltr'><strong>Evangelio‘ait:</strong></span> <span class='ocrx_word' id='word_1_626' title='bbox 1623 5143 1814 5201; x_wconf 84' lang='lat' dir='ltr'><strong>Solvite</strong></span> 
     </span>
    </p>
   </div>
   <div class='ocr_carea' id='block_1_84' title="bbox 219 5239 1818 5310">
    <p class='ocr_par' dir='ltr' id='par_1_84' title="bbox 219 5239 1818 5310">
     <span class='ocr_line' id='line_1_84' title="bbox 219 5239 1818 5310; baseline -0.002 -17"><span class='ocrx_word' id='word_1_627' title='bbox 219 5242 473 5310; x_wconf 87' lang='lat' dir='ltr'><strong>templum</strong></span> <span class='ocrx_word' id='word_1_628' title='bbox 505 5242 605 5294; x_wconf 82' lang='lat' dir='ltr'><strong>hoc</strong></span> <span class='ocrx_word' id='word_1_629' title='bbox 626 5281 640 5304; x_wconf 95' lang='lat'><strong>,</strong></span> <span class='ocrx_word' id='word_1_630' title='bbox 686 5240 815 5294; x_wconf 83' lang='lat' dir='ltr'><strong>dicit</strong></span> <span class='ocrx_word' id='word_1_631' title='bbox 852 5242 1127 5305; x_wconf 82' lang='lat' dir='ltr'><strong>Dominus,</strong></span> <span class='ocrx_word' id='word_1_632' title='bbox 1159 5251 1205 5294; x_wconf 89' lang='lat' dir='ltr'><strong>et</strong></span> <span class='ocrx_word' id='word_1_633' title='bbox 1233 5241 1286 5292; x_wconf 89' lang='lat' dir='ltr'><strong>in</strong></span> <span class='ocrx_word' id='word_1_634' title='bbox 1329 5239 1494 5292; x_wconf 85' lang='lat' dir='ltr'><strong>tribus</strong></span> <span class='ocrx_word' id='word_1_635' title='bbox 1519 5239 1699 5292; x_wconf 85' lang='lat' dir='ltr'><strong>diebus</strong></span> <span class='ocrx_word' id='word_1_636' title='bbox 1729 5254 1818 5292; x_wconf 73' lang='lat' dir='ltr'><strong>ex-</strong></span> 
     </span>
    </p>
   </div>
   <div class='ocr_carea' id='block_1_85' title="bbox 223 5330 1818 5402">
    <p class='ocr_par' dir='ltr' id='par_1_85' title="bbox 223 5330 1818 5402">
     <span class='ocr_line' id='line_1_85' title="bbox 223 5330 1818 5402; baseline 0.001 -20"><span class='ocrx_word' id='word_1_637' title='bbox 223 5332 395 5385; x_wconf 79' lang='lat' dir='ltr'><strong>citabo</strong></span> <span class='ocrx_word' id='word_1_638' title='bbox 427 5332 569 5385; x_wconf 86' lang='lat' dir='ltr'><strong>illud</strong></span> <span class='ocrx_word' id='word_1_639' title='bbox 595 5331 774 5401; x_wconf 83' lang='lat' dir='ltr'><strong>(Joan.</strong></span> <span class='ocrx_word' id='word_1_640' title='bbox 803 5332 888 5402; x_wconf 88' lang='lat' dir='ltr'><strong>n),</strong></span> <span class='ocrx_word' id='word_1_641' title='bbox 917 5332 1000 5384; x_wconf 85' lang='lat' dir='ltr'><strong>vel</strong></span> <span class='ocrx_word' id='word_1_642' title='bbox 1024 5341 1224 5386; x_wconf 65' lang='lat' dir='ltr'><strong>cretum</strong></span> <span class='ocrx_word' id='word_1_643' title='bbox 1259 5340 1590 5393; x_wconf 88' lang='lat' dir='ltr'><strong>sanctorum,</strong></span> <span class='ocrx_word' id='word_1_644' title='bbox 1623 5330 1818 5398; x_wconf 86' lang='lat' dir='ltr'><strong>quibus</strong></span> 
     </span>
    </p>
   </div>
   <div class='ocr_carea' id='block_1_86' title="bbox 222 5419 1819 5492">
    <p class='ocr_par' dir='ltr' id='par_1_86' title="bbox 222 5419 1819 5492">
     <span class='ocr_line' id='line_1_86' title="bbox 222 5419 1819 5492; baseline 0.001 -19"><span class='ocrx_word' id='word_1_645' title='bbox 222 5420 524 5489; x_wconf 82' lang='lat' dir='ltr'><strong>Apostolus</strong></span> <span class='ocrx_word' id='word_1_646' title='bbox 551 5424 628 5476; x_wconf 87' lang='lat' dir='ltr'><strong>ait</strong></span> <span class='ocrx_word' id='word_1_647' title='bbox 656 5441 669 5476; x_wconf 88' lang='lat'><strong>:</strong></span> <span class='ocrx_word' id='word_1_648' title='bbox 713 5419 814 5475; x_wconf 83' lang='lat' dir='ltr'><strong>Vos</strong></span> <span class='ocrx_word' id='word_1_649' title='bbox 841 5424 963 5476; x_wconf 83' lang='lat' dir='ltr'><strong>estis</strong></span> <span class='ocrx_word' id='word_1_650' title='bbox 989 5422 1231 5492; x_wconf 80' lang='lat' dir='ltr'><strong>templum</strong></span> <span class='ocrx_word' id='word_1_651' title='bbox 1256 5423 1374 5487; x_wconf 85' lang='lat' dir='ltr'><strong>Dei,</strong></span> <span class='ocrx_word' id='word_1_652' title='bbox 1400 5432 1445 5476; x_wconf 90' lang='lat' dir='ltr'><strong>et</strong></span> <span class='ocrx_word' id='word_1_653' title='bbox 1475 5421 1698 5490; x_wconf 85' lang='lat' dir='ltr'><strong>Spiritus</strong></span> <span class='ocrx_word' id='word_1_654' title='bbox 1725 5421 1819 5475; x_wconf 86' lang='lat' dir='ltr'><strong>Dei</strong></span> 
     </span>
    </p>
   </div>
   <div class='ocr_carea' id='block_1_87' title="bbox 225 5511 1820 5585">
    <p class='ocr_par' dir='ltr' id='par_1_87' title="bbox 225 5511 1820 5585">
     <span class='ocr_line' id='line_1_87' title="bbox 225 5511 1820 5585; baseline -0.001 -19"><span class='ocrx_word' id='word_1_655' title='bbox 225 5514 428 5567; x_wconf 73' lang='lat' dir='ltr'><strong>habitat</strong></span> <span class='ocrx_word' id='word_1_656' title='bbox 462 5517 520 5567; x_wconf 87' lang='lat' dir='ltr'><strong>in</strong></span> <span class='ocrx_word' id='word_1_657' title='bbox 547 5515 723 5569; x_wconf 75' lang='lat' dir='ltr'><strong>vobis:</strong></span> <span class='ocrx_word' id='word_1_658' title='bbox 748 5515 792 5568; x_wconf 86' lang='lat' dir='ltr'><strong>si</strong></span> <span class='ocrx_word' id='word_1_659' title='bbox 818 5515 931 5585; x_wconf 84' lang='lat' dir='ltr'><strong>quis</strong></span> <span class='ocrx_word' id='word_1_660' title='bbox 957 5524 1126 5566; x_wconf 80' lang='lat' dir='ltr'><strong>autent</strong></span> <span class='ocrx_word' id='word_1_661' title='bbox 1150 5514 1393 5583; x_wconf 77' lang='lat' dir='ltr'><strong>templum</strong></span> <span class='ocrx_word' id='word_1_662' title='bbox 1417 5512 1512 5566; x_wconf 85' lang='lat' dir='ltr'><strong>Dei</strong></span> <span class='ocrx_word' id='word_1_663' title='bbox 1536 5511 1820 5580; x_wconf 77' lang='lat' dir='ltr'><strong>violaverit,</strong></span> 
     </span>
    </p>
   </div>
   <div class='ocr_carea' id='block_1_88' title="bbox 226 5604 1819 5676">
    <p class='ocr_par' dir='ltr' id='par_1_88' title="bbox 226 5604 1819 5676">
     <span class='ocr_line' id='line_1_88' title="bbox 226 5604 1819 5676; baseline -0.001 -18"><span class='ocrx_word' id='word_1_664' title='bbox 226 5606 495 5675; x_wconf 82' lang='lat' dir='ltr'><strong>disperdet</strong></span> <span class='ocrx_word' id='word_1_665' title='bbox 523 5606 676 5660; x_wconf 81' lang='lat' dir='ltr'><strong>illum</strong></span> <span class='ocrx_word' id='word_1_666' title='bbox 700 5606 864 5661; x_wconf 83' lang='lat' dir='ltr'><strong>Deus.</strong></span> <span class='ocrx_word' id='word_1_667' title='bbox 895 5604 1161 5676; x_wconf 87' lang='lat' dir='ltr'><strong>Templum</strong></span> <span class='ocrx_word' id='word_1_668' title='bbox 1183 5606 1317 5658; x_wconf 88' lang='lat' dir='ltr'><strong>enim</strong></span> <span class='ocrx_word' id='word_1_669' title='bbox 1337 5605 1430 5658; x_wconf 87' lang='lat' dir='ltr'><strong>Dei</strong></span> <span class='ocrx_word' id='word_1_670' title='bbox 1463 5613 1698 5658; x_wconf 88' lang='lat' dir='ltr'><strong>sanctum</strong></span> <span class='ocrx_word' id='word_1_671' title='bbox 1724 5613 1819 5668; x_wconf 87' lang='lat' dir='ltr'><strong>est,</strong></span> 
     </span>
    </p>
   </div>
   <div class='ocr_carea' id='block_1_89' title="bbox 227 5694 1822 5770">
    <p class='ocr_par' dir='ltr' id='par_1_89' title="bbox 227 5694 1822 5770">
     <span class='ocr_line' id='line_1_89' title="bbox 227 5694 1822 5770; baseline -0.001 -21"><span class='ocrx_word' id='word_1_672' title='bbox 227 5697 368 5766; x_wconf 83' lang='lat' dir='ltr'><strong>quod</strong></span> <span class='ocrx_word' id='word_1_673' title='bbox 401 5698 534 5752; x_wconf 83' lang='lat' dir='ltr'><strong>estis</strong></span> <span class='ocrx_word' id='word_1_674' title='bbox 571 5714 657 5752; x_wconf 74' lang='lat' dir='ltr'><strong>vos</strong></span> <span class='ocrx_word' id='word_1_675' title='bbox 689 5696 742 5770; x_wconf 85' lang='lat' dir='ltr'><strong>(I</strong></span> <span class='ocrx_word' id='word_1_676' title='bbox 769 5697 889 5751; x_wconf 87' lang='lat' dir='ltr'><strong>Cor.</strong></span> <span class='ocrx_word' id='word_1_677' title='bbox 932 5697 1034 5770; x_wconf 89' lang='grc' dir='ltr'><strong>ιιι).</strong></span> <span class='ocrx_word' id='word_1_678' title='bbox 1067 5695 1122 5749; x_wconf 86' lang='lat' dir='ltr'><strong>Si</strong></span> <span class='ocrx_word' id='word_1_679' title='bbox 1155 5713 1283 5766; x_wconf 78' lang='lat' dir='ltr'><strong>ergo</strong></span> <span class='ocrx_word' id='word_1_680' title='bbox 1319 5695 1406 5749; x_wconf 90' lang='lat' dir='ltr'><strong>illc</strong></span> <span class='ocrx_word' id='word_1_681' title='bbox 1438 5695 1696 5765; x_wconf 88' lang='lat' dir='ltr'><strong>templum</strong></span> <span class='ocrx_word' id='word_1_682' title='bbox 1725 5694 1822 5748; x_wconf 85' lang='lat' dir='ltr'><strong>Dei</strong></span> 
     </span>
    </p>
   </div>
   <div class='ocr_carea' id='block_1_90' title="bbox 229 5788 1824 5859">
    <p class='ocr_par' dir='ltr' id='par_1_90' title="bbox 229 5788 1824 5859">
     <span class='ocr_line' id='line_1_90' title="bbox 229 5788 1824 5859; baseline -0.003 -12"><span class='ocrx_word' id='word_1_683' title='bbox 229 5801 331 5859; x_wconf 83' lang='lat' dir='ltr'><strong>per</strong></span> <span class='ocrx_word' id='word_1_684' title='bbox 353 5799 705 5853; x_wconf 76' lang='lat' dir='ltr'><strong>assumptum</strong></span> <span class='ocrx_word' id='word_1_685' title='bbox 733 5789 1120 5847; x_wconf 84' lang='lat' dir='ltr'><strong>humanitatem</strong></span> <span class='ocrx_word' id='word_1_686' title='bbox 1145 5788 1318 5845; x_wconf 88' lang='lat' dir='ltr'><strong>factus</strong></span> <span class='ocrx_word' id='word_1_687' title='bbox 1343 5799 1447 5846; x_wconf 88' lang='lat' dir='ltr'><strong>est.</strong></span> <span class='ocrx_word' id='word_1_688' title='bbox 1483 5797 1537 5846; x_wconf 87' lang='lat' dir='ltr'><strong>et</strong></span> <span class='ocrx_word' id='word_1_689' title='bbox 1562 5804 1663 5844; x_wconf 87' lang='lat' dir='ltr'><strong>nos</strong></span> <span class='ocrx_word' id='word_1_690' title='bbox 1690 5795 1824 5844; x_wconf 87' lang='lat' dir='ltr'><strong>tem—</strong></span> 
     </span>
    </p>
   </div>
   <div class='ocr_carea' id='block_1_91' title="bbox 1908 3321 3506 3394">
    <p class='ocr_par' dir='ltr' id='par_1_91' title="bbox 1908 3321 3506 3394">
     <span class='ocr_line' id='line_1_91' title="bbox 1908 3321 3506 3394; baseline -0.001 -14"><span class='ocrx_word' id='word_1_691' title='bbox 1908 3335 2053 3380; x_wconf 90' lang='lat' dir='ltr'><strong>etam</strong></span> <span class='ocrx_word' id='word_1_692' title='bbox 2082 3334 2438 3394; x_wconf 90' lang='lat' dir='ltr'><strong>susceperunt</strong></span> <span class='ocrx_word' id='word_1_693' title='bbox 2464 3321 2783 3378; x_wconf 79' lang='lat' dir='ltr'><strong>Ecclesium.</strong></span> <span class='ocrx_word' id='word_1_694' title='bbox 2817 3321 3082 3376; x_wconf 90' lang='lat' dir='ltr'><strong>Similiter</strong></span> <span class='ocrx_word' id='word_1_695' title='bbox 3105 3323 3387 3379; x_wconf 89' lang='lat' dir='ltr'><strong>duodecim</strong></span> <span class='ocrx_word' id='word_1_696' title='bbox 3419 3323 3506 3379; x_wconf 90' lang='lat' dir='ltr'><strong>lu-</strong></span> 
     </span>
    </p>
   </div>
   <div class='ocr_carea' id='block_1_92' title="bbox 1909 3415 3506 3486">
    <p class='ocr_par' dir='ltr' id='par_1_92' title="bbox 1909 3415 3506 3486">
     <span class='ocr_line' id='line_1_92' title="bbox 1909 3415 3506 3486; baseline 0.001 -16"><span class='ocrx_word' id='word_1_697' title='bbox 1909 3425 2072 3482; x_wconf 89' lang='lat' dir='ltr'><strong>teres,</strong></span> <span class='ocrx_word' id='word_1_698' title='bbox 2114 3416 2171 3470; x_wconf 89' lang='lat' dir='ltr'><strong>in</strong></span> <span class='ocrx_word' id='word_1_699' title='bbox 2228 3417 2423 3486; x_wconf 91' lang='lat' dir='ltr'><strong>quibus</strong></span> <span class='ocrx_word' id='word_1_700' title='bbox 2473 3417 2662 3471; x_wconf 81' lang='lat' dir='ltr'><strong>hostiae</strong></span> <span class='ocrx_word' id='word_1_701' title='bbox 2697 3415 3017 3470; x_wconf 88' lang='lat' dir='ltr'><strong>lavabantur</strong></span> <span class='ocrx_word' id='word_1_702' title='bbox 3060 3416 3367 3485; x_wconf 85' lang='lat' dir='ltr'><strong>signiﬁcant</strong></span> <span class='ocrx_word' id='word_1_703' title='bbox 3413 3434 3506 3473; x_wconf 88' lang='lat' dir='ltr'><strong>sa-</strong></span> 
     </span>
    </p>
   </div>
   <div class='ocr_carea' id='block_1_93' title="bbox 1911 3508 3506 3578">
    <p class='ocr_par' dir='ltr' id='par_1_93' title="bbox 1911 3508 3506 3578">
     <span class='ocr_line' id='line_1_93' title="bbox 1911 3508 3506 3578; baseline 0 -14"><span class='ocrx_word' id='word_1_704' title='bbox 1911 3525 2062 3564; x_wconf 89' lang='lat' dir='ltr'><strong>crum</strong></span> <span class='ocrx_word' id='word_1_705' title='bbox 2093 3509 2365 3578; x_wconf 87' lang='lat' dir='ltr'><strong>Baptisma</strong></span> <span class='ocrx_word' id='word_1_706' title='bbox 2418 3519 2473 3564; x_wconf 91' lang='lat' dir='ltr'><strong>et</strong></span> <span class='ocrx_word' id='word_1_707' title='bbox 2497 3508 2989 3563; x_wconf 86' lang='lat' dir='ltr'><strong>sanetiﬁcationem</strong></span> <span class='ocrx_word' id='word_1_708' title='bbox 3020 3509 3255 3577; x_wconf 89' lang='lat' dir='ltr'><strong>Spiritus</strong></span> <span class='ocrx_word' id='word_1_709' title='bbox 3305 3513 3506 3566; x_wconf 86' lang='lat' dir='ltr'><strong>sancti.</strong></span> 
     </span>
    </p>
   </div>
   <div class='ocr_carea' id='block_1_94' title="bbox 1909 3598 3512 3668">
    <p class='ocr_par' dir='ltr' id='par_1_94' title="bbox 1909 3598 3512 3668">
     <span class='ocr_line' id='line_1_94' title="bbox 1909 3598 3512 3668; baseline -0.001 -13"><span class='ocrx_word' id='word_1_710' title='bbox 1909 3599 2119 3655; x_wconf 73' lang='lat' dir='ltr'><strong>Cmtera</strong></span> <span class='ocrx_word' id='word_1_711' title='bbox 2147 3608 2327 3653; x_wconf 89' lang='lat' dir='ltr'><strong>autem</strong></span> <span class='ocrx_word' id='word_1_712' title='bbox 2356 3614 2518 3663; x_wconf 87' lang='lat' dir='ltr'><strong>vasa,</strong></span> <span class='ocrx_word' id='word_1_713' title='bbox 2550 3613 2670 3668; x_wconf 74' lang='lat' dir='ltr'><strong>qua:</strong></span> <span class='ocrx_word' id='word_1_714' title='bbox 2713 3598 3006 3668; x_wconf 70' lang='lat' dir='ltr'><strong>prtedictus</strong></span> <span class='ocrx_word' id='word_1_715' title='bbox 3039 3599 3232 3651; x_wconf 80' lang='lat' dir='ltr'><strong>artifex</strong></span> <span class='ocrx_word' id='word_1_716' title='bbox 3268 3599 3422 3653; x_wconf 90' lang='lat' dir='ltr'><strong>ﬁnxit</strong></span> <span class='ocrx_word' id='word_1_717' title='bbox 3445 3603 3512 3655; x_wconf 87' lang='lat' dir='ltr'><strong>de</strong></span> 
     </span>
    </p>
   </div>
   <div class='ocr_carea' id='block_1_95' title="bbox 1910 3685 3514 3759">
    <p class='ocr_par' dir='ltr' id='par_1_95' title="bbox 1910 3685 3514 3759">
     <span class='ocr_line' id='line_1_95' title="bbox 1910 3685 3514 3759; baseline 0.001 -16"><span class='ocrx_word' id='word_1_718' title='bbox 1910 3704 2018 3743; x_wconf 82' lang='lat' dir='ltr'><strong>aere</strong></span> <span class='ocrx_word' id='word_1_719' title='bbox 2048 3690 2099 3742; x_wconf 91' lang='lat' dir='ltr'><strong>in</strong></span> <span class='ocrx_word' id='word_1_720' title='bbox 2142 3689 2394 3758; x_wconf 85' lang='lat' dir='ltr'><strong>argillosa</strong></span> <span class='ocrx_word' id='word_1_721' title='bbox 2442 3696 2616 3752; x_wconf 86' lang='lat' dir='ltr'><strong>terra,</strong></span> <span class='ocrx_word' id='word_1_722' title='bbox 2668 3687 2914 3742; x_wconf 87' lang='lat' dir='ltr'><strong>diversas</strong></span> <span class='ocrx_word' id='word_1_723' title='bbox 2944 3685 3150 3756; x_wconf 88' lang='lat' dir='ltr'><strong>species</strong></span> <span class='ocrx_word' id='word_1_724' title='bbox 3204 3689 3514 3759; x_wconf 76' lang='lat' dir='ltr'><strong>signiﬁcant</strong></span> 
     </span>
    </p>
   </div>
   <div class='ocr_carea' id='block_1_96' title="bbox 1913 3779 3508 3851">
    <p class='ocr_par' dir='ltr' id='par_1_96' title="bbox 1913 3779 3508 3851">
     <span class='ocr_line' id='line_1_96' title="bbox 1913 3779 3508 3851; baseline 0.001 -15"><span class='ocrx_word' id='word_1_725' title='bbox 1913 3791 2221 3836; x_wconf 85' lang='lat' dir='ltr'><strong>sanctorum</strong></span> <span class='ocrx_word' id='word_1_726' title='bbox 2247 3780 2525 3836; x_wconf 89' lang='lat' dir='ltr'><strong>hominum</strong></span> <span class='ocrx_word' id='word_1_727' title='bbox 2549 3797 2668 3850; x_wconf 67' lang='lat' dir='ltr'><strong>quae</strong></span> <span class='ocrx_word' id='word_1_728' title='bbox 2696 3781 2748 3834; x_wconf 90' lang='lat' dir='ltr'><strong>in</strong></span> <span class='ocrx_word' id='word_1_729' title='bbox 2780 3779 3031 3851; x_wconf 86' lang='lat' dir='ltr'><strong>argillosa</strong></span> <span class='ocrx_word' id='word_1_730' title='bbox 3061 3789 3235 3845; x_wconf 88' lang='lat' dir='ltr'><strong>terra,</strong></span> <span class='ocrx_word' id='word_1_731' title='bbox 3278 3782 3382 3836; x_wconf 88' lang='lat' dir='ltr'><strong>hoc</strong></span> <span class='ocrx_word' id='word_1_732' title='bbox 3403 3792 3508 3851; x_wconf 87' lang='lat' dir='ltr'><strong>est,</strong></span> 
     </span>
    </p>
   </div>
   <div class='ocr_carea' id='block_1_97' title="bbox 1912 3869 3507 3944">
    <p class='ocr_par' dir='ltr' id='par_1_97' title="bbox 1912 3869 3507 3944">
     <span class='ocr_line' id='line_1_97' title="bbox 1912 3869 3507 3944; baseline 0.005 -19"><span class='ocrx_word' id='word_1_733' title='bbox 1912 3873 1967 3926; x_wconf 90' lang='lat' dir='ltr'><strong>in</strong></span> <span class='ocrx_word' id='word_1_734' title='bbox 2011 3869 2291 3944; x_wconf 88' lang='lat' dir='ltr'><strong>Scriptura</strong></span> <span class='ocrx_word' id='word_1_735' title='bbox 2324 3889 2478 3928; x_wconf 88' lang='lat' dir='ltr'><strong>saera</strong></span> <span class='ocrx_word' id='word_1_736' title='bbox 2531 3874 2843 3928; x_wconf 86' lang='lat' dir='ltr'><strong>formantur</strong></span> <span class='ocrx_word' id='word_1_737' title='bbox 2883 3874 2951 3929; x_wconf 90' lang='lat' dir='ltr'><strong>ad</strong></span> <span class='ocrx_word' id='word_1_738' title='bbox 2997 3873 3355 3930; x_wconf 84' lang='lat' dir='ltr'><strong>ministerium</strong></span> <span class='ocrx_word' id='word_1_739' title='bbox 3388 3877 3507 3933; x_wconf 87' lang='lat' dir='ltr'><strong>Dei.</strong></span> 
     </span>
    </p>
   </div>
   <div class='ocr_carea' id='block_1_98' title="bbox 2495 3983 2926 4038">
    <p class='ocr_par' dir='ltr' id='par_1_98' title="bbox 2495 3983 2926 4038">
     <span class='ocr_line' id='line_1_98' title="bbox 2495 3983 2926 4038; baseline 0.002 -1"><span class='ocrx_word' id='word_1_740' title='bbox 2495 3983 2724 4038; x_wconf 87' lang='lat' dir='ltr'><strong>CAPUT</strong></span> <span class='ocrx_word' id='word_1_741' title='bbox 2760 3983 2926 4038; x_wconf 78' lang='grc' dir='ltr'>ΧΧΙΙ.</span> 
     </span>
    </p>
   </div>
   <div class='ocr_carea' id='block_1_99' title="bbox 2538 4054 2905 4107">
    <p class='ocr_par' dir='ltr' id='par_1_99' title="bbox 2538 4054 2905 4107">
     <span class='ocr_line' id='line_1_99' title="bbox 2538 4054 2905 4107; baseline -0.003 0"><span class='ocrx_word' id='word_1_742' title='bbox 2538 4054 2618 4107; x_wconf 85' lang='lat' dir='ltr'><strong>De</strong></span> <span class='ocrx_word' id='word_1_743' title='bbox 2659 4054 2905 4107; x_wconf 85' lang='lat' dir='ltr'><strong>aditibus.</strong></span> 
     </span>
    </p>
   </div>
   <div class='ocr_carea' id='block_1_100' title="bbox 1983 4143 3514 4216">
    <p class='ocr_par' dir='ltr' id='par_1_100' title="bbox 1983 4143 3514 4216">
     <span class='ocr_line' id='line_1_100' title="bbox 1983 4143 3514 4216; baseline 0.006 -20"><span class='ocrx_word' id='word_1_744' title='bbox 1983 4143 2176 4198; x_wconf 84' lang='lat' dir='ltr'><strong>Aditus</strong></span> <span class='ocrx_word' id='word_1_745' title='bbox 2199 4145 2267 4199; x_wconf 89' lang='lat' dir='ltr'><strong>ab</strong></span> <span class='ocrx_word' id='word_1_746' title='bbox 2286 4144 2533 4199; x_wconf 90' lang='lat' dir='ltr'><strong>adeundo</strong></span> <span class='ocrx_word' id='word_1_747' title='bbox 2560 4145 2756 4209; x_wconf 92' lang='lat' dir='ltr'><strong>dictus,</strong></span> <span class='ocrx_word' id='word_1_748' title='bbox 2781 4159 2876 4213; x_wconf 88' lang='lat' dir='ltr'><strong>per</strong></span> <span class='ocrx_word' id='word_1_749' title='bbox 2898 4159 3057 4212; x_wconf 91' lang='lat' dir='ltr'><strong>quem</strong></span> <span class='ocrx_word' id='word_1_750' title='bbox 3096 4146 3428 4216; x_wconf 80' lang='lat' dir='ltr'><strong>ingredimur</strong></span> <span class='ocrx_word' id='word_1_751' title='bbox 3455 4158 3514 4204; x_wconf 86' lang='lat' dir='ltr'><strong>et</strong></span> 
     </span>
    </p>
   </div>
   <div class='ocr_carea' id='block_1_101' title="bbox 1914 4233 3507 4308">
    <p class='ocr_par' dir='ltr' id='par_1_101' title="bbox 1914 4233 3507 4308">
     <span class='ocr_line' id='line_1_101' title="bbox 1914 4233 3507 4308; baseline 0.001 -18"><span class='ocrx_word' id='word_1_752' title='bbox 1914 4235 2268 4290; x_wconf 85' lang='lat' dir='ltr'><strong>admittimur.</strong></span> <span class='ocrx_word' id='word_1_753' title='bbox 2323 4233 2656 4289; x_wconf 74' lang='lat' dir='ltr'><strong>Vestibulum</strong></span> <span class='ocrx_word' id='word_1_754' title='bbox 2700 4243 2783 4289; x_wconf 85' lang='lat' dir='ltr'><strong>est</strong></span> <span class='ocrx_word' id='word_1_755' title='bbox 2816 4235 2894 4289; x_wconf 80' lang='lat' dir='ltr'><strong>vel</strong></span> <span class='ocrx_word' id='word_1_756' title='bbox 2941 4235 3120 4291; x_wconf 87' lang='lat' dir='ltr'><strong>aditus</strong></span> <span class='ocrx_word' id='word_1_757' title='bbox 3164 4237 3354 4293; x_wconf 90' lang='lat' dir='ltr'><strong>domus</strong></span> <span class='ocrx_word' id='word_1_758' title='bbox 3396 4239 3507 4308; x_wconf 90' lang='lat' dir='ltr'><strong>pri-</strong></span> 
     </span>
    </p>
   </div>
   <div class='ocr_carea' id='block_1_102' title="bbox 1911 4322 3511 4394">
    <p class='ocr_par' dir='ltr' id='par_1_102' title="bbox 1911 4322 3511 4394">
     <span class='ocr_line' id='line_1_102' title="bbox 1911 4322 3511 4394; baseline 0.003 -16"><span class='ocrx_word' id='word_1_759' title='bbox 1911 4335 2069 4390; x_wconf 55' lang='lat' dir='ltr'><strong>vatae,</strong></span> <span class='ocrx_word' id='word_1_760' title='bbox 2112 4325 2196 4379; x_wconf 79' lang='lat' dir='ltr'><strong>vel</strong></span> <span class='ocrx_word' id='word_1_761' title='bbox 2225 4325 2456 4394; x_wconf 83' lang='lat' dir='ltr'><strong>spatium</strong></span> <span class='ocrx_word' id='word_1_762' title='bbox 2504 4322 2760 4392; x_wconf 88' lang='lat' dir='ltr'><strong>adjaceus</strong></span> <span class='ocrx_word' id='word_1_763' title='bbox 2787 4323 2991 4378; x_wconf 59' lang='lat' dir='ltr'><strong>aedibus</strong></span> <span class='ocrx_word' id='word_1_764' title='bbox 3017 4326 3248 4394; x_wconf 83' lang='lat' dir='ltr'><strong>publicis</strong></span> <span class='ocrx_word' id='word_1_765' title='bbox 3279 4345 3290 4378; x_wconf 94' lang='lat'><strong>:</strong></span> <span class='ocrx_word' id='word_1_766' title='bbox 3325 4336 3379 4381; x_wconf 89' lang='lat' dir='ltr'><strong>et</strong></span> <span class='ocrx_word' id='word_1_767' title='bbox 3419 4345 3511 4382; x_wconf 80' lang='lat' dir='ltr'><strong>ve-</strong></span> 
     </span>
    </p>
   </div>
   <div class='ocr_carea' id='block_1_103' title="bbox 1913 4415 3509 4485">
    <p class='ocr_par' dir='ltr' id='par_1_103' title="bbox 1913 4415 3509 4485">
     <span class='ocr_line' id='line_1_103' title="bbox 1913 4415 3509 4485; baseline 0.003 -15"><span class='ocrx_word' id='word_1_768' title='bbox 1913 4415 2168 4470; x_wconf 88' lang='lat' dir='ltr'><strong>stibulmn</strong></span> <span class='ocrx_word' id='word_1_769' title='bbox 2199 4415 2405 4470; x_wconf 90' lang='lat' dir='ltr'><strong>dictum</strong></span> <span class='ocrx_word' id='word_1_770' title='bbox 2458 4430 2544 4480; x_wconf 91' lang='lat' dir='ltr'><strong>eo,</strong></span> <span class='ocrx_word' id='word_1_771' title='bbox 2597 4415 2738 4483; x_wconf 70' lang='lat' dir='ltr'><strong>quod</strong></span> <span class='ocrx_word' id='word_1_772' title='bbox 2769 4429 2834 4470; x_wconf 92' lang='lat' dir='ltr'><strong>eo</strong></span> <span class='ocrx_word' id='word_1_773' title='bbox 2881 4416 3188 4469; x_wconf 84' lang='lat' dir='ltr'><strong>vestiuntur</strong></span> <span class='ocrx_word' id='word_1_774' title='bbox 3217 4416 3380 4485; x_wconf 87' lang='lat' dir='ltr'><strong>fores,</strong></span> <span class='ocrx_word' id='word_1_775' title='bbox 3414 4429 3509 4474; x_wconf 85' lang='lat' dir='ltr'><strong>aut</strong></span> 
     </span>
    </p>
   </div>
   <div class='ocr_carea' id='block_1_104' title="bbox 1912 4507 3508 4579">
    <p class='ocr_par' dir='ltr' id='par_1_104' title="bbox 1912 4507 3508 4579">
     <span class='ocr_line' id='line_1_104' title="bbox 1912 4507 3508 4579; baseline 0.001 -15"><span class='ocrx_word' id='word_1_776' title='bbox 1912 4509 2054 4579; x_wconf 85' lang='lat' dir='ltr'><strong>quod</strong></span> <span class='ocrx_word' id='word_1_777' title='bbox 2084 4509 2286 4564; x_wconf 87' lang='lat' dir='ltr'><strong>aditum</strong></span> <span class='ocrx_word' id='word_1_778' title='bbox 2315 4517 2454 4562; x_wconf 87' lang='lat' dir='ltr'><strong>tecto</strong></span> <span class='ocrx_word' id='word_1_779' title='bbox 2480 4507 2694 4572; x_wconf 89' lang='lat' dir='ltr'><strong>vestiat,</strong></span> <span class='ocrx_word' id='word_1_780' title='bbox 2723 4517 2812 4561; x_wconf 85' lang='lat' dir='ltr'><strong>aut</strong></span> <span class='ocrx_word' id='word_1_781' title='bbox 2840 4509 2908 4562; x_wconf 85' lang='lat' dir='ltr'><strong>ab</strong></span> <span class='ocrx_word' id='word_1_782' title='bbox 2938 4510 3148 4562; x_wconf 87' lang='lat' dir='ltr'><strong>stando.</strong></span> <span class='ocrx_word' id='word_1_783' title='bbox 3172 4507 3508 4566; x_wconf 82' lang='lat' dir='ltr'><strong>Vestibulmn</strong></span> 
     </span>
    </p>
   </div>
   <div class='ocr_carea' id='block_1_105' title="bbox 1917 4599 3509 4670">
    <p class='ocr_par' dir='ltr' id='par_1_105' title="bbox 1917 4599 3509 4670">
     <span class='ocr_line' id='line_1_105' title="bbox 1917 4599 3509 4670; baseline 0.001 -16"><span class='ocrx_word' id='word_1_784' title='bbox 1917 4611 2096 4654; x_wconf 86' lang='lat' dir='ltr'><strong>autem</strong></span> <span class='ocrx_word' id='word_1_785' title='bbox 2125 4601 2411 4670; x_wconf 76' lang='lat' dir='ltr'><strong>aliquando</strong></span> <span class='ocrx_word' id='word_1_786' title='bbox 2435 4599 2702 4669; x_wconf 85' lang='lat' dir='ltr'><strong>signiﬁcat</strong></span> <span class='ocrx_word' id='word_1_787' title='bbox 2737 4599 2916 4662; x_wconf 86' lang='lat' dir='ltr'><strong>ﬁdem,</strong></span> <span class='ocrx_word' id='word_1_788' title='bbox 2955 4615 3052 4667; x_wconf 87' lang='lat' dir='ltr'><strong>per</strong></span> <span class='ocrx_word' id='word_1_789' title='bbox 3082 4616 3242 4668; x_wconf 89' lang='lat' dir='ltr'><strong>quam</strong></span> <span class='ocrx_word' id='word_1_790' title='bbox 3272 4601 3509 4656; x_wconf 88' lang='lat' dir='ltr'><strong>intratur</strong></span> 
     </span>
    </p>
   </div>
   <div class='ocr_carea' id='block_1_106' title="bbox 1917 4690 3510 4762">
    <p class='ocr_par' dir='ltr' id='par_1_106' title="bbox 1917 4690 3510 4762">
     <span class='ocr_line' id='line_1_106' title="bbox 1917 4690 3510 4762; baseline -0.001 -16"><span class='ocrx_word' id='word_1_791' title='bbox 1917 4694 1970 4746; x_wconf 91' lang='lat' dir='ltr'><strong>in</strong></span> <span class='ocrx_word' id='word_1_792' title='bbox 1998 4692 2292 4746; x_wconf 77' lang='lat' dir='ltr'><strong>Ecclesium</strong></span> <span class='ocrx_word' id='word_1_793' title='bbox 2319 4707 2332 4744; x_wconf 94' lang='lat'><strong>:</strong></span> <span class='ocrx_word' id='word_1_794' title='bbox 2364 4691 2651 4760; x_wconf 82' lang='lat' dir='ltr'><strong>aliquando</strong></span> <span class='ocrx_word' id='word_1_795' title='bbox 2672 4690 3054 4756; x_wconf 82' lang='lat' dir='ltr'><strong>humilitatem,</strong></span> <span class='ocrx_word' id='word_1_796' title='bbox 3079 4694 3205 4762; x_wconf 84' lang='lat' dir='ltr'><strong>quia</strong></span> <span class='ocrx_word' id='word_1_797' title='bbox 3230 4709 3385 4748; x_wconf 85' lang='lat' dir='ltr'><strong>nemo</strong></span> <span class='ocrx_word' id='word_1_798' title='bbox 3414 4710 3510 4762; x_wconf 81' lang='lat' dir='ltr'><strong>po-</strong></span> 
     </span>
    </p>
   </div>
   <div class='ocr_carea' id='block_1_107' title="bbox 1919 4781 3504 4852">
    <p class='ocr_par' dir='ltr' id='par_1_107' title="bbox 1919 4781 3504 4852">
     <span class='ocr_line' id='line_1_107' title="bbox 1919 4781 3504 4852; baseline 0.001 -15"><span class='ocrx_word' id='word_1_799' title='bbox 1919 4792 2024 4837; x_wconf 87' lang='lat' dir='ltr'><strong>test</strong></span> <span class='ocrx_word' id='word_1_800' title='bbox 2057 4783 2124 4835; x_wconf 90' lang='lat' dir='ltr'><strong>ad</strong></span> <span class='ocrx_word' id='word_1_801' title='bbox 2155 4782 2352 4852; x_wconf 84' lang='lat' dir='ltr'><strong>gradus</strong></span> <span class='ocrx_word' id='word_1_802' title='bbox 2398 4781 2720 4851; x_wconf 83' lang='lat' dir='ltr'><strong>spiritalium</strong></span> <span class='ocrx_word' id='word_1_803' title='bbox 2752 4782 3011 4836; x_wconf 91' lang='lat' dir='ltr'><strong>donorum</strong></span> <span class='ocrx_word' id='word_1_804' title='bbox 3051 4784 3364 4846; x_wconf 82' lang='lat' dir='ltr'><strong>ascendere,</strong></span> <span class='ocrx_word' id='word_1_805' title='bbox 3402 4785 3504 4839; x_wconf 88' lang='lat' dir='ltr'><strong>nisi</strong></span> 
     </span>
    </p>
   </div>
   <div class='ocr_carea' id='block_1_108' title="bbox 1916 4872 3495 4944">
    <p class='ocr_par' dir='ltr' id='par_1_108' title="bbox 1916 4872 3495 4944">
     <span class='ocr_line' id='line_1_108' title="bbox 1916 4872 3495 4944; baseline 0.001 -16"><span class='ocrx_word' id='word_1_806' title='bbox 1916 4889 2013 4944; x_wconf 91' lang='lat' dir='ltr'><strong>per</strong></span> <span class='ocrx_word' id='word_1_807' title='bbox 2036 4873 2353 4928; x_wconf 88' lang='lat' dir='ltr'><strong>humilitatis</strong></span> <span class='ocrx_word' id='word_1_808' title='bbox 2375 4873 2649 4927; x_wconf 89' lang='lat' dir='ltr'><strong>virtutem.</strong></span> <span class='ocrx_word' id='word_1_809' title='bbox 2693 4872 2847 4927; x_wconf 90' lang='lat' dir='ltr'><strong>Unde</strong></span> <span class='ocrx_word' id='word_1_810' title='bbox 2885 4873 3142 4942; x_wconf 85' lang='lat' dir='ltr'><strong>scriptum</strong></span> <span class='ocrx_word' id='word_1_811' title='bbox 3184 4885 3304 4928; x_wconf 87' lang='lat' dir='ltr'><strong>est:</strong></span> <span class='ocrx_word' id='word_1_812' title='bbox 3339 4873 3495 4943; x_wconf 70' lang='lat' dir='ltr'><strong>Super</strong></span> 
     </span>
    </p>
   </div>
   <div class='ocr_carea' id='block_1_109' title="bbox 1917 4962 3503 5035">
    <p class='ocr_par' dir='ltr' id='par_1_109' title="bbox 1917 4962 3503 5035">
     <span class='ocr_line' id='line_1_109' title="bbox 1917 4962 3503 5035; baseline 0.001 -18"><span class='ocrx_word' id='word_1_813' title='bbox 1917 4981 2068 5035; x_wconf 83' lang='lat' dir='ltr'><strong>quem</strong></span> <span class='ocrx_word' id='word_1_814' title='bbox 2108 4966 2378 5034; x_wconf 86' lang='lat' dir='ltr'><strong>requiescit</strong></span> <span class='ocrx_word' id='word_1_815' title='bbox 2411 4962 2636 5033; x_wconf 85' lang='lat' dir='ltr'><strong>Spiritus</strong></span> <span class='ocrx_word' id='word_1_816' title='bbox 2667 4980 2809 5017; x_wconf 86' lang='lat' dir='ltr'><strong>meus</strong></span> <span class='ocrx_word' id='word_1_817' title='bbox 2833 5005 2848 5029; x_wconf 92' lang='lat'><strong>,</strong></span> <span class='ocrx_word' id='word_1_818' title='bbox 2876 4965 2979 5017; x_wconf 86' lang='lat' dir='ltr'><strong>nisi</strong></span> <span class='ocrx_word' id='word_1_819' title='bbox 3003 4981 3159 5034; x_wconf 82' lang='lat' dir='ltr'><strong>super</strong></span> <span class='ocrx_word' id='word_1_820' title='bbox 3186 4965 3433 5019; x_wconf 85' lang='lat' dir='ltr'><strong>humilem</strong></span> <span class='ocrx_word' id='word_1_821' title='bbox 3457 4984 3503 5019; x_wconf 77' lang='lat' dir='ltr'><strong>et</strong></span> 
     </span>
    </p>
   </div>
   <div class='ocr_carea' id='block_1_110' title="bbox 1914 5055 3504 5128">
    <p class='ocr_par' dir='ltr' id='par_1_110' title="bbox 1914 5055 3504 5128">
     <span class='ocr_line' id='line_1_110' title="bbox 1914 5055 3504 5128; baseline 0.002 -19"><span class='ocrx_word' id='word_1_822' title='bbox 1914 5059 2146 5126; x_wconf 85' lang='lat' dir='ltr'><strong>quietum</strong></span> <span class='ocrx_word' id='word_1_823' title='bbox 2192 5066 2237 5110; x_wconf 84' lang='lat' dir='ltr'><strong>et</strong></span> <span class='ocrx_word' id='word_1_824' title='bbox 2267 5065 2564 5110; x_wconf 88' lang='lat' dir='ltr'><strong>trementem</strong></span> <span class='ocrx_word' id='word_1_825' title='bbox 2601 5073 2863 5110; x_wconf 84' lang='lat' dir='ltr'><strong>sermones</strong></span> <span class='ocrx_word' id='word_1_826' title='bbox 2910 5058 3092 5110; x_wconf 86' lang='lat' dir='ltr'><strong>meos?</strong></span> <span class='ocrx_word' id='word_1_827' title='bbox 3142 5055 3274 5128; x_wconf 88' lang='lat' dir='ltr'><strong>(Isa.</strong></span> <span class='ocrx_word' id='word_1_828' title='bbox 3332 5058 3504 5128; x_wconf 79' lang='lat' dir='ltr'><strong>LxVI.)</strong></span> 
     </span>
    </p>
   </div>
   <div class='ocr_carea' id='block_1_111' title="bbox 1917 5145 3503 5219">
    <p class='ocr_par' dir='ltr' id='par_1_111' title="bbox 1917 5145 3503 5219">
     <span class='ocr_line' id='line_1_111' title="bbox 1917 5145 3503 5219; baseline 0.001 -18"><span class='ocrx_word' id='word_1_829' title='bbox 1917 5145 2101 5202; x_wconf 87' lang='lat' dir='ltr'><strong>Potest</strong></span> <span class='ocrx_word' id='word_1_830' title='bbox 2143 5163 2354 5218; x_wconf 87' lang='lat' dir='ltr'><strong>quoque</strong></span> <span class='ocrx_word' id='word_1_831' title='bbox 2405 5163 2504 5216; x_wconf 90' lang='lat' dir='ltr'><strong>per</strong></span> <span class='ocrx_word' id='word_1_832' title='bbox 2552 5148 2872 5202; x_wconf 85' lang='lat' dir='ltr'><strong>vestibulum</strong></span> <span class='ocrx_word' id='word_1_833' title='bbox 2925 5149 3056 5202; x_wconf 84' lang='lat' dir='ltr'><strong>ﬁdes</strong></span> <span class='ocrx_word' id='word_1_834' title='bbox 3089 5148 3338 5219; x_wconf 86' lang='lat' dir='ltr'><strong>intelligi.</strong></span> <span class='ocrx_word' id='word_1_835' title='bbox 3385 5149 3503 5217; x_wconf 85' lang='lat' dir='ltr'><strong>ipsa</strong></span> 
     </span>
    </p>
   </div>
   <div class='ocr_carea' id='block_1_112' title="bbox 1918 5239 3503 5310">
    <p class='ocr_par' dir='ltr' id='par_1_112' title="bbox 1918 5239 3503 5310">
     <span class='ocr_line' id='line_1_112' title="bbox 1918 5239 3503 5310; baseline -0.002 -15"><span class='ocrx_word' id='word_1_836' title='bbox 1918 5240 2112 5310; x_wconf 89' lang='lat' dir='ltr'><strong>quippe</strong></span> <span class='ocrx_word' id='word_1_837' title='bbox 2155 5247 2238 5293; x_wconf 89' lang='lat' dir='ltr'><strong>est</strong></span> <span class='ocrx_word' id='word_1_838' title='bbox 2291 5248 2414 5292; x_wconf 88' lang='lat' dir='ltr'><strong>ante</strong></span> <span class='ocrx_word' id='word_1_839' title='bbox 2470 5239 2668 5309; x_wconf 85' lang='lat' dir='ltr'><strong>gradus</strong></span> <span class='ocrx_word' id='word_1_840' title='bbox 2703 5247 2756 5292; x_wconf 91' lang='lat' dir='ltr'><strong>et</strong></span> <span class='ocrx_word' id='word_1_841' title='bbox 2784 5248 2994 5308; x_wconf 76' lang='lat' dir='ltr'><strong>portam</strong></span> <span class='ocrx_word' id='word_1_842' title='bbox 3023 5258 3035 5292; x_wconf 91' lang='lat'><strong>:</strong></span> <span class='ocrx_word' id='word_1_843' title='bbox 3099 5239 3222 5309; x_wconf 84' lang='lat' dir='ltr'><strong>quia</strong></span> <span class='ocrx_word' id='word_1_844' title='bbox 3253 5240 3403 5309; x_wconf 90' lang='lat' dir='ltr'><strong>prius</strong></span> <span class='ocrx_word' id='word_1_845' title='bbox 3434 5240 3503 5292; x_wconf 85' lang='lat' dir='ltr'><strong>ad</strong></span> 
     </span>
    </p>
   </div>
   <div class='ocr_carea' id='block_1_113' title="bbox 1919 5328 3503 5399">
    <p class='ocr_par' dir='ltr' id='par_1_113' title="bbox 1919 5328 3503 5399">
     <span class='ocr_line' id='line_1_113' title="bbox 1919 5328 3503 5399; baseline 0 -16"><span class='ocrx_word' id='word_1_846' title='bbox 1919 5329 2078 5383; x_wconf 88' lang='lat' dir='ltr'><strong>ﬁdem</strong></span> <span class='ocrx_word' id='word_1_847' title='bbox 2110 5330 2373 5393; x_wconf 86' lang='lat' dir='ltr'><strong>venimus,</strong></span> <span class='ocrx_word' id='word_1_848' title='bbox 2411 5341 2463 5383; x_wconf 88' lang='lat' dir='ltr'><strong>et</strong></span> <span class='ocrx_word' id='word_1_849' title='bbox 2493 5328 2834 5398; x_wconf 84' lang='lat' dir='ltr'><strong>postmodum</strong></span> <span class='ocrx_word' id='word_1_850' title='bbox 2884 5345 2978 5399; x_wconf 88' lang='lat' dir='ltr'><strong>per</strong></span> <span class='ocrx_word' id='word_1_851' title='bbox 3015 5329 3374 5399; x_wconf 84' lang='lat' dir='ltr'><strong>spiritualium</strong></span> <span class='ocrx_word' id='word_1_852' title='bbox 3405 5331 3503 5383; x_wconf 84' lang='lat' dir='ltr'><strong>do-</strong></span> 
     </span>
    </p>
   </div>
   <div class='ocr_carea' id='block_1_114' title="bbox 1922 5418 3506 5490">
    <p class='ocr_par' dir='ltr' id='par_1_114' title="bbox 1922 5418 3506 5490">
     <span class='ocr_line' id='line_1_114' title="bbox 1922 5418 3506 5490; baseline -0.001 -15"><span class='ocrx_word' id='word_1_853' title='bbox 1922 5437 2110 5475; x_wconf 86' lang='lat' dir='ltr'><strong>norum</strong></span> <span class='ocrx_word' id='word_1_854' title='bbox 2133 5421 2331 5490; x_wconf 83' lang='lat' dir='ltr'><strong>gradus</strong></span> <span class='ocrx_word' id='word_1_855' title='bbox 2360 5421 2594 5475; x_wconf 69' lang='lat' dir='ltr'><strong>cmlestis</strong></span> <span class='ocrx_word' id='word_1_856' title='bbox 2652 5422 2773 5474; x_wconf 69' lang='lat' dir='ltr'><strong>vita:</strong></span> <span class='ocrx_word' id='word_1_857' title='bbox 2822 5421 3026 5473; x_wconf 85' lang='lat' dir='ltr'><strong>aditum</strong></span> <span class='ocrx_word' id='word_1_858' title='bbox 3063 5421 3346 5472; x_wconf 78' lang='lat' dir='ltr'><strong>intramus.</strong></span> <span class='ocrx_word' id='word_1_859' title='bbox 3390 5418 3506 5474; x_wconf 87' lang='lat' dir='ltr'><strong>Non</strong></span> 
     </span>
    </p>
   </div>
   <div class='ocr_carea' id='block_1_115' title="bbox 1925 5510 3507 5579">
    <p class='ocr_par' dir='ltr' id='par_1_115' title="bbox 1925 5510 3507 5579">
     <span class='ocr_line' id='line_1_115' title="bbox 1925 5510 3507 5579; baseline -0.002 -13"><span class='ocrx_word' id='word_1_860' title='bbox 1925 5513 2065 5567; x_wconf 91' lang='lat' dir='ltr'><strong>enim</strong></span> <span class='ocrx_word' id='word_1_861' title='bbox 2095 5512 2382 5566; x_wconf 90' lang='lat' dir='ltr'><strong>virtutibus</strong></span> <span class='ocrx_word' id='word_1_862' title='bbox 2406 5511 2621 5566; x_wconf 89' lang='lat' dir='ltr'><strong>venitur</strong></span> <span class='ocrx_word' id='word_1_863' title='bbox 2661 5511 2730 5564; x_wconf 91' lang='lat' dir='ltr'><strong>ad</strong></span> <span class='ocrx_word' id='word_1_864' title='bbox 2769 5510 2950 5574; x_wconf 90' lang='lat' dir='ltr'><strong>ﬁdem,</strong></span> <span class='ocrx_word' id='word_1_865' title='bbox 3009 5510 3102 5564; x_wconf 91' lang='lat' dir='ltr'><strong>sed</strong></span> <span class='ocrx_word' id='word_1_866' title='bbox 3132 5510 3235 5564; x_wconf 91' lang='lat' dir='ltr'><strong>ﬁde</strong></span> <span class='ocrx_word' id='word_1_867' title='bbox 3266 5511 3507 5579; x_wconf 79' lang='lat' dir='ltr'><strong>pergitur</strong></span> 
     </span>
    </p>
   </div>
   <div class='ocr_carea' id='block_1_116' title="bbox 1925 5603 3507 5674">
    <p class='ocr_par' dir='ltr' id='par_1_116' title="bbox 1925 5603 3507 5674">
     <span class='ocr_line' id='line_1_116' title="bbox 1925 5603 3507 5674; baseline -0.001 -16"><span class='ocrx_word' id='word_1_868' title='bbox 1925 5604 1991 5658; x_wconf 89' lang='lat' dir='ltr'><strong>ad</strong></span> <span class='ocrx_word' id='word_1_869' title='bbox 2026 5603 2286 5659; x_wconf 90' lang='lat' dir='ltr'><strong>virtutes:</strong></span> <span class='ocrx_word' id='word_1_870' title='bbox 2331 5619 2426 5673; x_wconf 89' lang='lat' dir='ltr'><strong>per</strong></span> <span class='ocrx_word' id='word_1_871' title='bbox 2455 5604 2772 5672; x_wconf 75' lang='lat' dir='ltr'><strong>ﬁdemergo</strong></span> <span class='ocrx_word' id='word_1_872' title='bbox 2799 5604 3013 5657; x_wconf 91' lang='lat' dir='ltr'><strong>venitur</strong></span> <span class='ocrx_word' id='word_1_873' title='bbox 3061 5603 3128 5658; x_wconf 90' lang='lat' dir='ltr'><strong>ad</strong></span> <span class='ocrx_word' id='word_1_874' title='bbox 3172 5618 3354 5674; x_wconf 91' lang='lat' dir='ltr'><strong>opera,</strong></span> <span class='ocrx_word' id='word_1_875' title='bbox 3410 5603 3507 5657; x_wconf 84' lang='lat' dir='ltr'><strong>sed</strong></span> 
     </span>
    </p>
   </div>
   <div class='ocr_carea' id='block_1_117' title="bbox 1925 5692 3516 5766">
    <p class='ocr_par' dir='ltr' id='par_1_117' title="bbox 1925 5692 3516 5766">
     <span class='ocr_line' id='line_1_117' title="bbox 1925 5692 3516 5766; baseline 0.001 -18"><span class='ocrx_word' id='word_1_876' title='bbox 1925 5709 2021 5766; x_wconf 91' lang='lat' dir='ltr'><strong>per</strong></span> <span class='ocrx_word' id='word_1_877' title='bbox 2047 5709 2209 5764; x_wconf 87' lang='lat' dir='ltr'><strong>opera</strong></span> <span class='ocrx_word' id='word_1_878' title='bbox 2253 5694 2516 5751; x_wconf 87' lang='lat' dir='ltr'><strong>solidatur</strong></span> <span class='ocrx_word' id='word_1_879' title='bbox 2545 5695 2599 5748; x_wconf 91' lang='lat' dir='ltr'><strong>in</strong></span> <span class='ocrx_word' id='word_1_880' title='bbox 2630 5693 2752 5749; x_wconf 89' lang='lat' dir='ltr'><strong>ﬁde.</strong></span> <span class='ocrx_word' id='word_1_881' title='bbox 2790 5692 3123 5748; x_wconf 82' lang='lat' dir='ltr'><strong>Vestibulum</strong></span> <span class='ocrx_word' id='word_1_882' title='bbox 3167 5695 3351 5764; x_wconf 87' lang='lat' dir='ltr'><strong>itaque</strong></span> <span class='ocrx_word' id='word_1_883' title='bbox 3379 5703 3516 5749; x_wconf 87' lang='lat' dir='ltr'><strong>:mte</strong></span> 
     </span>
    </p>
   </div>
   <div class='ocr_carea' id='block_1_118' title="bbox 1926 5783 3510 5860">
    <p class='ocr_par' dir='ltr' id='par_1_118' title="bbox 1926 5783 3510 5860">
     <span class='ocr_line' id='line_1_118' title="bbox 1926 5783 3510 5860; baseline -0.002 -19"><span class='ocrx_word' id='word_1_884' title='bbox 1926 5786 2125 5860; x_wconf 83' lang='lat' dir='ltr'><strong>gradus</strong></span> <span class='ocrx_word' id='word_1_885' title='bbox 2163 5793 2248 5843; x_wconf 88' lang='lat' dir='ltr'><strong>est</strong></span> <span class='ocrx_word' id='word_1_886' title='bbox 2275 5803 2290 5820; x_wconf 74' lang='grc' dir='ltr'><strong>ο</strong></span> <span class='ocrx_word' id='word_1_887' title='bbox 2322 5785 2451 5859; x_wconf 91' lang='lat' dir='ltr'><strong>quia</strong></span> <span class='ocrx_word' id='word_1_888' title='bbox 2488 5787 2580 5858; x_wconf 91' lang='lat' dir='ltr'><strong>qui</strong></span> <span class='ocrx_word' id='word_1_889' title='bbox 2605 5786 2754 5859; x_wconf 89' lang='lat' dir='ltr'><strong>prius</strong></span> <span class='ocrx_word' id='word_1_890' title='bbox 2775 5784 3082 5852; x_wconf 84' lang='lat' dir='ltr'><strong>crediderit,</strong></span> <span class='ocrx_word' id='word_1_891' title='bbox 3118 5785 3230 5853; x_wconf 86' lang='lat' dir='ltr'><strong>ipse</strong></span> <span class='ocrx_word' id='word_1_892' title='bbox 3254 5795 3376 5856; x_wconf 83' lang='lat' dir='ltr'><strong>post</strong></span> <span class='ocrx_word' id='word_1_893' title='bbox 3400 5783 3510 5840; x_wconf 79' lang='lat' dir='ltr'><strong>vir-</strong></span> 
     </span>
    </p>
   </div>
  </div>
