3922 6334
429 341 540 400 399

1057 338 1117 390 Β.
1159 334 1412 390 RABANI
1451 331 1670 389 MAURI
1706 330 2025 388 ARCHIEP.
2069 330 2377 387 MOGUNT.
2415 326 2705 386 OPERUM
2741 328 2923 385 PARS
2956 330 3019 383 ll.

3596 329 3706 387 400

430 460 610 508 tutum
635 448 889 522 gradibus
918 446 986 501 ad
1031 453 1200 514 portae
1227 444 1432 500 aditum
1485 444 1746 499 ascendit.
1805 442 2020 499 Gradus
2046 446 2100 507 Α
2124 443 2196 498 tis
2228 443 2386 511 longa
2409 450 2564 497 erat:
2597 442 2726 512 quia
2755 442 3015 496 nimirum
3046 446 3249 511 antiqui
3280 447 3413 511 justi
3464 457 3563 512 per
3593 458 3716 497 ton-

430 540 704 612 spiritales
728 551 984 594 ascensus
1012 545 1157 599 sunt,
1185 543 1243 589 ut
1273 536 1325 588 in
1348 535 1589 604 psalterii
1612 535 1767 591 titulo
1798 552 1810 588 :
1841 531 2021 589 Canti-

433 650 552 687 cum
581 629 862 702 graduum.
908 627 1120 683 Gradus
1158 627 1385 681 eburnei
1433 635 1559 681 sunt
1586 635 1737 682 casta
1766 626 2021 696 antiquo-

434 738 553 776 rum
585 727 804 791 patrum
833 715 1078 787 exempla
1105 734 1118 770 :
1147 717 1195 770 A
1220 715 1478 787 gradibus
1505 717 1779 784 eburneis,
1809 732 1874 772 ex
1906 716 2026 786 qui-

431 812 534 867 bus
559 819 611 865 te
635 810 1062 865 delectaverunt.
1094 806 1190 862 His
1229 822 1446 877 quoque
1467 808 1727 862 virtutum
1770 807 2025 878 gradibus

435 910 582 957 recte
613 900 841 956 credens
884 899 955 955 ad
994 908 1165 970 portae
1214 897 1419 952 aditum
1459 899 1721 954 ascendit.
1777 898 2027 953 Porticus

433 996 577 1067 quod
602 993 862 1049 transitus
913 992 985 1049 sit
1030 990 1225 1062 magis,
1274 1005 1438 1059 quam
1476 990 1569 1044 ubi
1624 987 1874 1044 standum
1931 988 2021 1052 sit,

432 1087 584 1158 quasi
608 1093 791 1156 porta:
819 1092 873 1139 et
899 1082 1160 1154 porticus,
1191 1096 1256 1136 eo
1284 1080 1425 1150 quod
1447 1081 1517 1135 sit
1542 1088 1749 1151 aperta.
1777 1077 2026 1134 Porticus

432 1177 722 1249 aliquando
754 1175 1025 1247 signiﬁcat
1055 1174 1259 1228 aditum
1290 1172 1502 1227 domus.
1560 1172 1713 1228 Unde
1760 1171 2027 1241 scriptum

434 1279 516 1323 est
546 1270 600 1323 in
630 1268 768 1322 libro
797 1264 1007 1337 Regum
1036 1283 1050 1319 :
1080 1263 1328 1318 Porticus
1362 1272 1474 1317 erat
1513 1270 1632 1315 ante
1670 1259 1919 1331 templum
1954 1261 2028 1314 vi-

430 1362 561 1431 ginti
604 1358 898 1414 cubitorum
938 1357 1097 1428 juxta
1143 1369 1449 1411 mensuram
1487 1352 1783 1406 latitudinis
1827 1350 2025 1420 templi,

428 1460 534 1506 etc.
565 1448 687 1522 (111
716 1448 846 1520 Reg.
873 1446 969 1519 γι).
1004 1445 1274 1510 Porticus,
1301 1457 1422 1514 qua:
1449 1448 1569 1497 erat
1593 1449 1719 1495 ante
1746 1439 2025 1522 templum,

429 1546 485 1595 et
514 1520 760 1611 propior,
790 1538 968 1593 lucem
999 1536 1128 1592 solis
1155 1534 1401 1603 accipere
1427 1530 1635 1587 solebat
1659 1547 1673 1597 ;
1713 1520 1844 1599 quid
1871 1544 2028 1597 aper-

431 1634 561 1699 tius,
582 1646 745 1703 quam
768 1629 911 1685 illam
932 1628 1049 1700 ejus
1070 1626 1283 1700 [Forte,
1307 1622 1429 1695 :evi]
1454 1629 1681 1691 partem,
1705 1634 1823 1688 quae
1842 1619 2028 1674 Domi-

432 1724 568 1778 nicae
597 1719 992 1776 lncarnationis
1024 1727 1263 1786 tempora
1295 1712 1591 1783 prtecessit,
1621 1711 1797 1782 typice
1828 1710 2032 1764 denun-

2124 536 2495 607 ganimitatem
2521 536 2726 590 devotae
2770 536 2968 589 mentis
3012 533 3391 589 desiderabant
3424 535 3614 590 venire
3648 536 3717 591 ad

2124 627 2435 683 dilationem
2457 626 2717 683 Ecclesia:
2736 627 2789 681 in
2816 627 3083 683 charitate
3108 626 3225 691 Dei,
3242 636 3457 695 quaeest
3485 628 3541 681 in
3561 625 3717 683 Chri-
3769 616 3780 625 ’

2126 726 2211 774 sto
2234 716 2364 774 Jesu
2389 718 2617 775 Domino
2652 726 2859 773 nostro.
2892 718 3116 789 Legitur
3155 727 3335 772 autem
3360 719 3416 774 in
3444 719 3584 774 libro
3615 718 3721 773 Re-

2126 824 2252 880 gum
2275 805 2397 880 (111
2417 806 2543 877 Reg.
2584 806 2684 880 vt),
2710 807 2853 877 quod
2889 807 3144 862 Salomon
3170 805 3357 863 fecerit
3387 807 3440 861 in
3471 808 3718 877 ingressu

2129 898 2335 954 oraculi
2383 899 2489 953 duo
2525 898 2746 954 ostiola:
2798 900 2925 968 quia
2972 899 3101 955 boni
3132 899 3327 970 angeli,
3385 908 3439 954 et
3470 899 3722 954 homines

2128 989 2304 1045 sancti
2328 990 2620 1044 Dominum
2662 1004 2728 1045 ac
2752 989 3031 1060 proximos
3057 989 3293 1059 perfecte
3317 990 3546 1061 diligunt
3578 1004 3593 1041 :
3622 1003 3722 1043 ne-

2129 1097 2235 1151 que
2259 1080 2403 1136 ullus
2454 1079 2682 1149 januam
2719 1082 2860 1143 vitm,
2894 1080 3000 1135 nisi
3045 1096 3141 1150 per
3166 1082 3434 1153 geminam
3465 1080 3609 1136 hanc
3641 1080 3724 1135 di-

2128 1156 2440 1235 lectionem,
2463 1170 2663 1238 poterit
2686 1170 2893 1223 intrare
2924 1186 2937 1222 :
2967 1184 3062 1224 seu
3092 1170 3217 1238 quia
3235 1172 3516 1240 utriusque
3541 1168 3723 1240 populi

2130 1260 2394 1327 fidelibus,
2420 1269 2474 1315 et
2504 1258 2703 1315 Iudaeis
2737 1260 2963 1325 scilicet,
2994 1268 3048 1315 et
3069 1258 3353 1325 Gentibus,
3378 1262 3572 1316 eadem
3598 1260 3722 1314 vitae

2125 1352 2290 1421 janua
2341 1362 2632 1409 reseratur.
2688 1353 2876 1409 Postes
2918 1353 3121 1408 habent
3166 1355 3389 1425 angulos
3438 1356 3719 1425 quinque:

2132 1444 2257 1513 quia
2279 1459 2389 1499 non
2418 1444 2591 1500 solum
2624 1445 2836 1499 animas
2862 1445 3159 1500 electorum
3207 1446 3326 1500 aula
3354 1446 3475 1501 (ια’ιί
3505 1447 3719 1516 recipit,

2134 1534 2229 1589 sed
2254 1533 2573 1605 corporibus
2614 1534 2911 1589 immortali
2954 1534 3123 1604 gloria
3153 1534 3395 1605 praeditis
3441 1534 3495 1588 in
3517 1532 3723 1601 judicio

2133 1641 2259 1680 suas
2286 1624 2431 1680 fores
2458 1610 2883 1695 aperit.\Cardo
2930 1633 3014 1680 est
3058 1624 3227 1689 locus,
3285 1625 3338 1679 in
3372 1640 3479 1694 quo
3520 1624 3724 1679 ostium

2136 1718 2365 1772 vertitur
2400 1724 2454 1771 et
2494 1731 2707 1786 semper
2735 1723 3003 1781 movetur,
3032 1715 3211 1770 dictus
3239 1731 3340 1785 apo
3370 1722 3451 1770 tes
3485 1715 3720 1779 cardias,

435 1815 567 1868 tiat?
585 1816 637 1867 in
660 1827 764 1881 qua
784 1820 911 1865 sunt
928 1809 1250 1879 patriarcha:
1273 1814 1327 1861 et
1339 1801 1739 1876 prophet'e,qui
1762 1802 2027 1856 orientem
2058 1807 2103 1865 B
2132 1807 2291 1877 quod,
2325 1806 2481 1875 quasi
2508 1820 2602 1859 cor
2628 1804 2900 1858 hominem
2952 1811 3144 1869 totum,
3176 1804 3250 1857 ita
3295 1803 3381 1857 ille
3406 1818 3613 1858 cuneus
3635 1802 3719 1871 ja-

431 1904 557 1960 huic
583 1902 782 1958 mundo
808 1898 975 1956 solem
1005 1896 1229 1967 justitize
1256 1895 1419 1965 primi
1447 1900 1828 1963 susceperunt,
1857 1898 1911 1945 et
1934 1906 2029 1945 na-

432 1996 617 2051 scendi
658 1995 715 2049 in
748 2007 912 2048 carne
944 1990 1174 2045 Domino
1202 1985 1569 2042 testimonium
1592 2026 1605 2049 ,
1633 1984 1747 2039 sive
1775 1982 2027 2047 vivendo,

434 2086 549 2140 sive
569 2082 932 2154 praedicando,
962 2080 1075 2135 sive
1100 2077 1394 2141 nascendo,
1425 2075 1539 2129 sive
1560 2074 1724 2130 etiam
1750 2071 2030 2127 moriendo

431 2176 801 2249 praebuerunt.
843 2172 1015 2227 Janua
1046 2186 1078 2224 a
1120 2168 1257 2223 Jano
1292 2166 1527 2236 quodam
1573 2164 1896 2236 appellatur,
1942 2163 2029 2217 cui

431 2266 661 2339 gentiles
708 2278 925 2321 omnem
963 2260 1244 2316 introitum
1287 2257 1377 2313 vel
1402 2257 1609 2313 exitum
1653 2262 2025 2311 sacraverunt.

441 2358 593 2415 Unde
622 2356 874 2412 Lucanus
901 2372 916 2409 :

558 2459 748 2510 Ferrea
772 2454 1005 2517 belligeri
1028 2455 1309 2514 compescat
1333 2450 1497 2500 limina
1520 2448 1647 2499 lani.

504 2543 601 2597 Est
619 2549 800 2595 autem
828 2537 1038 2607 primus
1066 2535 1260 2589 domus
1281 2533 1558 2603 ingressus
1590 2549 1603 2584 :
1653 2538 1851 2586 caetera
1886 2530 2029 2583 intra

425 2636 652 2704 januam
690 2629 831 2687 ostia
875 2634 1138 2682 vocantur
1184 2624 1530 2696 generaliter.
1561 2620 1772 2677 Ostium
1800 2628 1904 2685 est,
1933 2634 2031 2690 per

432 2724 578 2795 quod
605 2723 674 2778 ab
710 2721 894 2790 aliquo
945 2733 1197 2775 arcemur
1226 2716 1493 2787 ingressu,
1526 2715 1595 2769 ab
1639 2714 1904 2769 obstando
1948 2712 2031 2767 di-

432 2825 601 2873 ctum.
659 2814 765 2869 Alii
825 2813 977 2867 aiunt
1026 2811 1227 2868 ostium
1286 2806 1579 2879 appellari,
1638 2805 1764 2876 quia
1817 2805 2029 2859 hostem

430 2915 709 2963 moratur:
745 2904 821 2958 ibi
852 2901 997 2957 enim
1027 2899 1356 2955 adversariis
1383 2912 1485 2951 nos
1526 2894 1834 2965 obiicimus.
1892 2893 2031 2948 Hinc

430 3004 486 3050 et
512 2995 653 3050 ostia
687 2992 963 3056 Tiberina,
1007 2990 1133 3058 quia
1168 2986 1416 3043 hostibus
1444 2994 1573 3040 sunt
1616 2986 1882 3056 opposita.
1926 2983 2030 3037 Fo-

431 3102 519 3140 res
546 3093 603 3139 et
630 3082 799 3137 valva:
827 3080 1064 3136 claustra
1096 3085 1222 3133 sunt
1250 3094 1262 3106 ·
1297 3075 1391 3131 sed
1418 3072 1564 3129 fores
1607 3074 1882 3139 dicuntur,
1906 3087 2027 3143 quae

432 3178 620 3231 foras:
669 3174 861 3236 valvze,
913 3186 1035 3242 quae
1084 3170 1230 3224 intus
1258 3166 1630 3231 revolvuntur,
1684 3173 1739 3220 et
1785 3164 2027 3234 duplices
2053 3156 2101 3220 C

430 3264 940 3337 complicabilesque
969 3269 1116 3325 sunt,
1144 3260 1240 3316 sed
1257 3258 1584 3331 generaliter
1608 3273 1738 3311 usus
1767 3256 2029 3312 vocabula

431 3362 532 3414 ista
564 3355 826 3425 corrupit.
878 3354 1127 3409 Claustra
1157 3354 1224 3406 ab
1250 3366 1349 3417 eo,
1385 3351 1530 3421 quod
1571 3350 1917 3415 claudantur,
1946 3348 2031 3403 di-

430 3460 541 3505 cta.
592 3447 802 3503 Ostium
856 3444 1127 3516 signiﬁcat
1179 3442 1567 3513 cogitationem
1619 3440 1853 3505 mentis,
1914 3438 2031 3493 sive

432 3540 640 3592 aditum
678 3535 880 3598 cordis,
912 3541 972 3588 ut
998 3533 1053 3586 in
1076 3530 1368 3601 Evangelia
1400 3548 1411 3583 :
1457 3529 1536 3583 Tu
1563 3537 1739 3583 autem
1761 3543 1881 3581 cum
1904 3542 2028 3581 ora-

432 3633 531 3694 bis,
560 3629 701 3681 intra
729 3627 785 3678 in
813 3622 1131 3686 cubiculum,
1161 3631 1230 3686 et,
1263 3620 1443 3674 clauso
1478 3620 1610 3674 ostio
1638 3634 1793 3689 super
1820 3626 1889 3681 te,
1937 3632 2031 3669 ora

442 3722 652 3774 Patrem
707 3728 855 3769 tuum
901 3711 1117 3785 (Matth.
1161 3711 1262 3783 vi).
1311 3710 1567 3765 lntroitus
1614 3709 1892 3778 ingressus
1938 3718 2033 3774 per

435 3814 595 3867 [idem
629 3810 686 3864 in
711 3805 975 3870 Ecclesia,
1006 3818 1260 3875 egressus
1288 3816 1385 3873 per
1414 3798 1824 3855 dissolutionem
1854 3796 2033 3851 carnis

435 3907 502 3960 ad
537 3898 1048 3970 contemplationem
1078 3895 1342 3959 divinam,
1401 3900 1462 3945 ut
1490 3891 1544 3945 in
1590 3886 1914 3958 Evangelio:
1960 3885 2030 3939 Et

433 3994 759 4063 ingredietur
784 4000 829 4042 et
855 3988 1170 4058 egredietur,
1201 3995 1248 4038 et
1274 4001 1473 4054 pascua
1496 3974 1920 4049 inveniet«(Joan.
1952 3976 2034 4050 x).

438 4086 505 4140 Et
543 4085 598 4138 in
638 4080 890 4137 Psalmo:
945 4076 1205 4131 Dominus
1249 4072 1509 4127 custodiat
1562 4067 1836 4123 introitum
1884 4074 2031 4118 tuum

434 4188 481 4232 et
509 4178 705 4232 exitum
738 4182 885 4227 tuum
942 4186 1007 4225 ea:
1055 4169 1152 4223 hoc
1203 4184 1341 4222 nunc
1390 4175 1438 4220 et
1465 4181 1627 4235 usque
1671 4163 1728 4216 in
1781 4161 2033 4215 swculum

435 4268 611 4342 (Psal.
640 4265 786 4337 cxx).
817 4264 950 4319 Item
990 4260 1187 4318 ostium
1229 4258 1518 4329 aliquando
1548 4255 1881 4325 apertionem
1909 4252 2033 4306 fidei

439 4359 731 4431 signiﬁcat,
782 4363 845 4410 ut
878 4362 961 4408 est
1007 4353 1136 4407 illud
1182 4352 1235 4407 in
1295 4348 1552 4420 Apostolo
1579 4348 1599 4401 ξ
1646 4346 1852 4401 Ostium
1896 4344 2034 4397 enim

435 4450 565 4503 mihi
586 4454 825 4517 apertum
852 4452 926 4497 est
957 4458 1204 4511 magnum
1232 4449 1280 4494 et
1303 4440 1510 4493 evidens
1542 4436 1594 4509 (1
1624 4437 1746 4491 Cor.
1776 4434 1908 4507 xvi).
1937 4432 2031 4488 Ja-

435 4555 543 4595 nua
573 4553 699 4608 ergo
724 4535 808 4589 vel
829 4535 1025 4587 ostium
1072 4530 1256 4600 templi
1282 4529 1493 4585 Domini
1540 4526 1807 4597 signiﬁcat
1839 4524 2022 4580 Domi-

434 4646 563 4683 num
597 4626 970 4681 Salvatorem:
1004 4622 1130 4692 quia
1154 4634 1312 4675 nemo
1346 4619 1493 4673 venit
1539 4618 1606 4671 ad
1634 4617 1877 4678 Patrem,
1919 4615 2022 4669 nisi

437 4734 533 4788 per
570 4719 745 4785 ipsum
772 4714 951 4786 (Joan.
988 4711 1128 4782 xxv);
1161 4721 1216 4765 et
1262 4710 1340 4764 sic
1371 4709 1486 4778 ipse
1516 4707 1640 4762 alibi
1687 4706 1857 4759 dicit:
1911 4702 2022 4773 Ego

435 4826 551 4861 sum
591 4808 815 4860 ostium:
864 4821 953 4873 per
1004 4820 1082 4856 me
1135 4803 1179 4855 si
1225 4802 1339 4871 quis
1392 4798 1693 4861 introierit,
1740 4794 2025 4849 salvabitur

438 4898 618 4969 (Joan.
654 4898 727 4969 χ).
767 4893 977 4947 Ostium
1006 4891 1247 4960 porticus
1293 4905 1471 4945 sermo
1520 4886 1886 4957 propheticus,
1930 4882 2023 4953 qui

438 4989 593 5058 quasi
626 4994 772 5041 recto
802 4984 936 5039 calle
976 4982 1339 5053 ingredientes
1374 4981 1438 5034 ad
1467 4980 1665 5033 ostium
1690 4975 1872 5045 templi
1898 4989 2023 5043 per-

439 5079 669 5135 ducebat
697 5095 709 5129 :
741 5076 865 5143 quia
893 5074 1121 5144 gratiam
1149 5072 1360 5126 Domini
1395 5068 1709 5133 Salvatoris,
1735 5082 1841 5136 qua
1868 5082 2025 5120 mun-

442 5176 570 5227 dum
592 5177 709 5225 erat
733 5167 1126 5235 redempturus,
1174 5172 1358 5230 aperte
1406 5159 1752 5228 praedicabat.
1788 5157 2022 5211 Factura

436 5280 565 5337 ergo
621 5263 860 5334 porticus
906 5268 1016 5313 tota
1063 5256 1248 5311 ﬁdeles
1299 5254 1443 5308 illius
1481 5251 1741 5320 temporis
1796 5250 2019 5321 signat:

437 5358 633 5410 ostium
660 5370 789 5409 vero
824 5356 877 5406 in
902 5352 1113 5422 porticu
1142 5349 1420 5413 doctores,
1473 5345 1564 5415 qui
1590 5345 1799 5400 caeteris
1844 5343 2020 5397 lucem

440 5447 583 5510 vita),
610 5445 938 5512 jannamque
966 5440 1199 5497 intrandi
1243 5440 1307 5493 ad
1354 5436 1640 5491 Dominum
1691 5433 2017 5505 pandebant,

438 5538 711 5607 exprimit.
745 5538 810 5590 Et
831 5539 965 5590 bene
990 5552 1147 5588 unum
1172 5536 1618 5600 ostium,proptcr
1647 5543 1935 5601 consonam
1963 5528 2016 5580 in

441 5630 691 5683 omnibus
723 5629 921 5683 sanctis
944 5626 1099 5680 ﬁdem
1131 5642 1191 5679 ac
1217 5624 1558 5679 dilectionem
1592 5623 1852 5676 veritatis.
1888 5622 2015 5687 Qua:

442 5720 677 5773 videlicet
713 5722 947 5788 porticus
991 5717 1141 5787 juxta
1171 5716 1507 5770 latitudinem
1542 5715 1725 5783 templi
1770 5715 1839 5768 20
1865 5716 2017 5769 cubi-

2058 4496 2107 4555 D

2133 1909 2295 1948 nuam
2326 1900 2477 1963 regat
2526 1908 2591 1946 ac
2641 1899 2875 1947 moveat.
2934 1891 3089 1947 Unde
3130 1891 3469 1961 proverbiale
3520 1900 3628 1957 cst,
3670 1892 3724 1945 in

2132 1985 2345 2039 cardine
2374 2000 2482 2037 rem
2516 2000 2646 2038 esse.
2698 1983 2913 2037 Limina
2953 1982 3219 2039 ostiorum
3269 1984 3415 2038 dicta
3450 1998 3537 2050 eo,
3582 1984 3725 2054 quod

2133 2083 2440 2129 transversa
2464 2083 2613 2140 sunt,
2638 2082 2697 2127 ut
2726 2073 2882 2129 limes
2914 2092 2927 2127 :
2976 2082 3031 2130 et
3063 2088 3161 2144 per
3190 2089 3273 2139 ea,
3318 2075 3457 2129 sicut
3485 2076 3540 2128 in
3572 2090 3724 2146 agro,

2131 2174 2223 2220 aut
2248 2166 2549 2221 introeatur
2569 2173 2663 2219 aut
2700 2162 2847 2219 foras
2865 2173 3041 2220 eatur.
3073 2164 3263 2220 Postes
3281 2173 3334 2219 et
3365 2172 3534 2229 antes,
3570 2166 3728 2235 quasi

2130 2265 2251 2327 post
2273 2264 2328 2312 et
2350 2266 2493 2312 ante.
2517 2256 2708 2323 Antes,
2736 2256 2863 2328 quia
2886 2265 3013 2313 ante
3044 2255 3267 2326 januam
3297 2266 3462 2321 stant,
3486 2258 3573 2312 vel
3596 2258 3726 2327 quia

2130 2358 2290 2406 antea
2329 2350 2397 2405 ad
2438 2364 2531 2405 eas
2586 2348 2913 2416 accedimus,
2940 2349 3257 2421 priusquam
3298 2349 3366 2403 ad
3393 2349 3611 2403 domum
3646 2350 3730 2403 in-

2131 2440 2470 2511 grediamur:
2495 2449 2679 2510 postes
2704 2456 2790 2506 eo,
2819 2440 2959 2509 quod
2979 2432 3101 2511 post
3121 2441 3321 2496 ostium
3351 2441 3728 2496 stentnCardo

2128 2540 2309 2603 potest
2332 2532 2639 2604 signiﬁcare
2666 2541 2828 2587 rectae
2851 2531 2973 2586 ﬁdei
2990 2532 3303 2587 ﬁrmitatem
3328 2551 3339 2585 :
3373 2532 3428 2587 in
3459 2532 3562 2587 hac
3580 2548 3727 2587 enim

2129 2624 2270 2681 ostia
2303 2632 2609 2690 vertuntur,
2640 2624 2767 2695 quia
2790 2632 2944 2678 extra
2972 2622 3212 2693 regulam
3240 2623 3363 2677 ﬁdei
3392 2624 3538 2679 nullo
3565 2624 3729 2680 modo

2128 2715 2334 2784 patitur
2361 2712 2663 2769 dilectionis
2706 2714 2840 2767 ordo
2868 2728 2926 2768 se
2973 2714 3237 2783 separari.
3268 2713 3403 2769 Item
3428 2715 3624 2786 Igitur
3673 2715 3728 2770 in

2130 2806 2269 2863 libro
2297 2806 2550 2877 Regum:
2586 2804 2941 2869 ,Et'cardines
2964 2807 3218 2861 ostiorum
3262 2807 3438 2878 templi
3482 2825 3548 2861 ea:
3593 2825 3730 2862 auro

2129 2906 2277 2952 erant
2324 2895 2447 2969 (111
2496 2895 2629 2966 Reg.
2659 2895 2778 2967 vn).
2811 2894 2867 2950 Si
2902 2896 3039 2951 ostia
3067 2896 3257 2954 domus
3292 2898 3566 2954 interioris
3594 2914 3729 2954 san-

2130 2989 2203 3044 cti
2230 2996 2543 3044 sanctorum
2590 2987 2831 3059 angelica
2860 2997 2988 3043 sunt
3038 2990 3364 3057 ministeria,
3417 3006 3539 3060 qua:
3568 2992 3731 3047 nobis

2129 3084 2198 3141 de
2216 3099 2445 3155 corpore
2468 3083 2703 3155 egressis
2730 3084 3011 3140 introitum
3034 3085 3159 3139 vita:
3184 3083 3419 3140 caelestis
3440 3093 3728 3140 reserant:

2130 3184 2186 3231 et
2224 3176 2363 3231 ostia
2412 3175 2597 3246 templi
2645 3175 2895 3231 doctores
2930 3183 3056 3230 sunt
3080 3175 3253 3231 sancti
3302 3190 3365 3231 ac
3390 3176 3729 3241 sacerdotes,

2132 3266 2222 3335 qui
2251 3265 2589 3329 instruendo,
2615 3264 2957 3335 baptizando,
2983 3264 3248 3320 Dominici
3270 3263 3512 3333 corporis
3532 3272 3587 3319 et
3607 3279 3711 3319 san

2132 3357 2313 3427 guinis
2339 3354 2599 3427 mysteria
2622 3355 3069 3411 communicando
3089 3355 3263 3425 prima
3287 3355 3441 3415 nobis
3467 3354 3732 3411 Ecclesia:

2131 3447 2416 3518 prtesentis
2443 3445 2629 3500 limina
2658 3446 2938 3515 pandunt:
2980 3445 3109 3514 quid
3158 3444 3408 3501 cardines
3441 3453 3728 3501 utrorum-

2133 3554 2237 3609 que
2261 3538 2545 3602 ostiorum,
2592 3535 2693 3590 nisi
2746 3550 2935 3591 sensus
2970 3544 3024 3590 et
3066 3536 3230 3591 corda
3257 3544 3383 3591 sunt
3410 3537 3729 3592 eormndem

2134 3628 2468 3698 angelorum,
2500 3626 2613 3680 sive
2634 3626 2912 3680 hominum
2938 3634 3270 3695 sanctorum,
3304 3627 3501 3697 quibus
3532 3628 3732 3683 immo-

2132 3719 2313 3775 biliter
2348 3716 2789 3786 contemplationi
2844 3732 2909 3771 ac
2959 3716 3234 3771 dilectioni
3284 3716 3364 3771 sui
3412 3715 3730 3774 Conditoris

2133 3811 2424 3873 adhaerent,
2459 3817 2518 3863 ut
2542 3823 2605 3863 eo
2634 3808 2989 3863 ministerium
3012 3809 3269 3863 divinitus
3297 3808 3398 3863 sibi
3419 3809 3729 3882 delegatum

2134 3912 2281 3958 recte
2323 3901 2645 3970 compleant.
2715 3899 2849 3955 ltem
2896 3900 2950 3953 in
3000 3899 3196 3953 malam
3242 3908 3451 3969 partem
3503 3904 3730 3971 ponitur

2134 3992 2318 4058 cardo,
2343 4000 2403 4045 ut
2432 3991 2486 4044 in
2514 3989 2826 4055 Salomone,
2863 3989 2955 4044 ubi
2997 3988 3164 4044 dicit:
3217 3987 3365 4044 Sicut
3389 3991 3580 4045 ostium
3611 4010 3730 4047 ver-

2134 4084 2262 4136 titur
2288 4083 2345 4136 in
2374 4081 2587 4135 cardine
2616 4097 2710 4135 suo
2731 4121 2745 4147 ,
2794 4080 2870 4133 ita
2899 4080 3043 4150 piger
3095 4080 3151 4133 in
3177 4078 3361 4135 lectulo
3410 4099 3504 4136 suo
3534 4080 3723 4154 (Prov.

2132 4171 2305 4245 xxvr).
2355 4171 2514 4243 Piger
2535 4186 2663 4242 ergo
2693 4172 2747 4224 in
2787 4170 2929 4226 lecto
2958 4170 3040 4225 sui
3087 4172 3331 4241 corporis
3359 4173 3498 4228 sicut
3521 4175 3726 4230 ostium

2134 4264 2365 4317 vertitur
2388 4262 2441 4315 in
2480 4262 2700 4316 cardine
2729 4279 2742 4313 :
2773 4254 2911 4331 quia
2927 4261 3087 4327 modo
3109 4260 3258 4314 exire
3279 4262 3346 4315 ad
3364 4265 3721 4332 operandum,

2134 4354 2293 4408 modo
2318 4352 2385 4407 ad
2424 4353 2870 4422 requiescendum
2902 4351 3078 4405 redire
3113 4352 3364 4420 proponit
3392 4370 3404 4404 :
3453 4361 3633 4409 tamen
3666 4356 3725 4410 in

2134 4442 2246 4497 suis
2270 4442 2452 4511 jacere
2498 4442 2856 4513 pravitatibus
2907 4456 3181 4511 nunquam
3226 4440 3456 4496 desistit.
3505 4442 3725 4501 Limina

2134 4534 2279 4588 cnim
2328 4535 2613 4599 ostiorum,
2668 4532 2943 4587 humilitas
2972 4542 3026 4587 et
3061 4533 3498 4589 mansuetudines
3543 4536 3723 4591 bono-

2134 4641 2254 4679 rum
2280 4633 2406 4679 sunt
2433 4640 2645 4679 morum
2669 4639 2689 4677 :'
2717 4626 2842 4693 quia
2893 4624 2947 4678 in
2978 4624 3108 4694 ipsis
3138 4624 3489 4693 perﬁciuntur
3516 4628 3723 4694 gradus

2136 4715 2413 4785 virtutum,
2466 4716 2646 4783 ibique
2674 4723 2823 4785 patet
2875 4716 3148 4784 ingressus
3174 4715 3325 4785 regni
3352 4714 3721 4771 cmicstisdi—

2134 4816 2287 4860 conte
2318 4807 2435 4876 ipso
2466 4807 2693 4861 Domino
2719 4822 2733 4859 :
2768 4805 2871 4871 Qui
2903 4823 2957 4859 se
2982 4805 3363 4875 humiliaverit,
3396 4806 3723 4861 exaltabitur

2133 4894 2343 4966 (Matth.
2392 4895 2568 4966 χχιιι).
2603 4897 2669 4950 Ει
2695 4896 2863 4951 alibi:
2914 4896 3065 4950 Beati
3110 4899 3278 4960 mites,
3325 4897 3575 4966 quoniam
3615 4901 3721 4969 ipsi

2131 4988 2464 5055 possidebunt
2508 4998 2699 5041 terram
2733 4986 2946 5059 (Matth.
2989 4985 3083 5058 v);
3122 4994 3177 5041 et
3204 4985 3489 5041 Psalmista
3515 5001 3530 5039 :
3558 4987 3720 5042 Han-

2130 5079 2284 5140 sueti,
2333 5080 2525 5147 inquit,
2553 5078 2888 5149 possidebunt
2922 5087 3137 5143 terram,
3162 5088 3209 5132 et
3231 5077 3629 5133 delectabantur
3659 5084 3719 5136 in

2129 5169 2462 5224 multitudine
2480 5172 2623 5239 pacis
2651 5169 2820 5241 (Psal.
2854 5170 3061 5243 xxxvr).

2717 5280 2942 5337 CAPUT
2981 5280 3167 5335 XXIII.

2529 5352 2605 5405 De
2634 5353 2915 5420 parietibus
2941 5353 3302 5420 wdiﬁciorum.

2194 5444 2623 5500 Fundamentum
2675 5443 2903 5508 dictum,
2934 5440 3078 5512 quod
3128 5440 3325 5495 fundus
3373 5441 3445 5496 sit
3488 5442 3715 5511 domus,

2127 5537 2265 5590 idem
2296 5544 2349 5589 ct
2375 5541 2692 5589 caemcntum
2717 5548 2747 5586 a
2777 5532 3030 5587 credendo
3056 5530 3289 5595 dictum,
3339 5532 3483 5601 quod
3515 5548 3715 5602 grosso

2125 5627 2295 5695 lapide
2328 5633 2529 5695 surgat.
2588 5623 3015 5678 Fundamentum
3045 5623 3189 5676 enim
3233 5621 3520 5693 allegorice
3543 5622 3714 5677 Chri-

2122 5724 2234 5771 stus
2291 5715 2645 5782 intelligitur,
2696 5713 2777 5768 vel
2838 5714 2968 5766 littus
3020 5710 3136 5778 ejus
3189 5711 3493 5776 catholica,
3542 5723 3717 5781 super
