3922 6332
413 409 520 468 305

1057 408 1122 464 Β.
1163 409 1417 465 RABANI
1455 408 1676 466 MAURI
1713 406 2030 464 ARCHIEP.
2071 406 2379 466 MOGUNT.
2423 407 2710 469 OPERU’M
2746 410 2928 467 PARS
2967 413 3028 467 ll.

3579 416 3690 473 40d

404 533 464 581 et
489 524 674 580 odoris
696 529 910 578 constat
933 536 1053 577 esse
1079 522 1365 592 praecipui.
1399 521 1554 588 Quod
1579 523 1660 578 eis
1704 529 1826 594 apte
1869 536 1997 575 cou-
2024 523 2076 584 Α
2104 530 2216 578 tum
2254 537 2422 592 genus
2449 531 2532 578 est
2561 538 2767 590 earum,
2794 540 2913 596 qua:
2935 534 3198 582 vocantur
3229 529 3443 596 Atticae,
3470 539 3692 600 quater-

400 615 579 679 ~enit,
610 615 702 685 qui
731 630 850 669 cum
876 613 1136 683 Apostolo
1166 615 1346 668 dicere
1370 623 1598 683 possunt
1631 633 1641 668 :
1681 611 1875 668 Christi
1905 612 1995 666 bo-

409 726 511 763 nus
534 708 665 762 odor
687 722 866 760 sumus
895 706 1002 760 Deo
1034 705 1120 776 (II
1144 705 1266 760 Cor.
1293 706 1388 776 ll);
1418 715 1472 762 et
1519 725 1531 758 :
1567 704 1765 760 Nostra
1789 722 1999 760 conver-

349 815 362 832 ο
409 799 544 854 satio
569 800 626 852 in
659 796 800 852 caelis
829 808 902 852 est
922 797 1088 868 (Phil.
1119 797 1224 868 ut).
1259 799 1484 852 Tectum
1513 799 1866 853 intentionem
1889 812 1999 852 cae-

405 887 560 942 lestis
587 888 916 959 operationis
943 889 1142 957 signat,
1171 889 1223 942 id
1253 895 1356 954 est,
1409 890 1576 942 vitam
1625 889 1998 957 contemplati—

405 996 528 1036 vam
554 982 606 1034 in
637 982 930 1052 Evangelio
966 1001 978 1036 :
1017 983 1084 1035 Et
1112 984 1202 1053 qui
1231 985 1283 1036 in
1310 993 1441 1038 tecto
1469 993 1566 1047 est,
1592 1001 1695 1037 non
1716 983 1995 1038 descendat

406 1075 606 1144 aliquid
634 1073 814 1128 tollere
859 1075 922 1128 de
959 1073 1112 1129 domo
1143 1093 1240 1128 sua
1269 1074 1484 1146 (Matth.
1520 1075 1694 1146 sxw).
1743 1075 1874 1128 Item
1921 1083 1998 1129 te-

404 1175 553 1222 ctum
604 1183 806 1237 corpus
840 1167 1094 1230 tiouiiuis,
1155 1175 1212 1218 ut
1251 1166 1306 1220 in
1347 1167 1640 1236 Evangelio
1674 1185 1684 1218 :
1746 1165 1900 1230 Quod
1939 1167 1994 1218 in

405 1275 534 1312 aure
570 1259 788 1324 auditis,
821 1259 1106 1327 pra’dicate
1135 1275 1292 1326 super
1323 1267 1510 1310 tectum
1545 1256 1758 1326 (Matth.
1787 1255 1864 1326 κ).
1891 1255 1994 1309 Te-

401 1356 552 1403 ctum
597 1348 843 1402 velamen
889 1348 1048 1418 legis,
1080 1358 1134 1403 et
1161 1349 1464 1403 obscuritas
1496 1357 1807 1402 sanctarum
1847 1349 1993 1402 Scri-

398 1448 685 1510 pturarum
713 1441 1051 1512 intelligitur.
1085 1442 1284 1496 Absida
1315 1455 1492 1510 grteco
1534 1454 1786 1494 sermone
1824 1441 1990 1494 latine

401 1532 813 1601 interpretatur,
852 1531 1030 1586 lucida
1055 1546 1072 1584 .'
1113 1549 1176 1586 eo
1223 1533 1366 1603 quod
1395 1533 1596 1586 lumine
1626 1543 1848 1602 accepto
1893 1548 1990 1602 per

401 1637 592 1678 arcum
622 1624 982 1693 resplendeat.
1024 1623 1130 1678 Sed
1161 1633 1343 1677 utrum
1373 1625 1618 1678 absidem
1649 1637 1716 1676 an
1747 1623 1987 1678 absidem

403 1710 586 1766 dicere
613 1713 893 1778 debemus,
922 1713 1072 1768 verbi
1115 1727 1282 1783 genus
1313 1713 1622 1782 ambiguum
1654 1714 1872 1783 quidam
1894 1713 1988 1768 do-

404 1809 618 1859 ctorum
648 1806 982 1860 existimant.
1017 1805 1256 1860 Testudo
1283 1815 1365 1861 est
1394 1821 1608 1862 camera
1637 1808 1822 1877 templi
1847 1806 1984 1862 obli-

2105 614 2190 667 nis
2223 613 2432 684 angulis
2457 623 2550 668 aut
2577 615 2826 684 amplius,
2855 617 3073 687 paribus
3103 617 3332 674 laterum
3369 621 3686 679 intervallis.

2103 707 2363 776 Capitolia
2405 708 2569 772 dicta,
2596 709 2739 775 quod
2777 710 2888 764 sint
2917 710 3291 767 columnarum
3314 715 3514 785 capita,
3550 717 3694 772 sicut

2103 813 2264 868 super
2291 799 2486 855 collum
2517 809 2699 869 caput.
2731 802 2988 874 Epistylia
3019 811 3166 870 sunt,
3191 819 3310 874 qua:
3343 823 3508 878 super
3545 811 3694 880 capi-

2099 890 2223 943 tella
2247 889 2618 944 columnarum
2643 901 2936 960 ponuntur,
2961 901 3388 966 etcstgrazcum,
3411 897 3586 964 idest,
3603 916 3694 954 su-

2097 981 2380 1049 permissa.
2415 979 2581 1036 Bases
2601 991 2780 1036 autem
2799 984 3025 1052 mystice
3061 995 3288 1055 possunt
3311 987 3538 1058 intelligi
3569 991 3694 1046 libri

2099 1071 2566 1126 Testamentorum
2600 1073 2923 1136 divinorum,
2985 1077 3180 1145 quibus
3227 1079 3476 1134 innititur
3515 1085 3694 1139 omnis

2096 1161 2340 1216 doctrina
2377 1171 2688 1218 sanctorum
2739 1164 3175 1233 praedicatorum.
3219 1169 3493 1226 Columnae
3545 1174 3694 1229 enim

2095 1261 2218 1304 sunt
2249 1251 2492 1322 Apostoli
2523 1261 2578 1306 et
2607 1253 2858 1309 doctores
2885 1254 3181 1326 Evangelii.
3231 1259 3340 1318 llos
3377 1263 3696 1333 praeﬁgura-

2093 1350 2289 1394 verunt
2331 1341 2435 1395 illa:
2461 1343 2578 1396 duae
2616 1343 2904 1408 columnae,
2943 1361 3080 1416 quas
3121 1347 3319 1417 legitur
3361 1351 3556 1409 fecisse
3601 1354 3696 1409 lli-

2093 1448 2212 1487 ram
2254 1433 2310 1487 in
2355 1434 2719 1490 aedificatione
2749 1437 2934 1506 templi
2981 1437 3397 1504 Domini,,sicut
3424 1446 3692 1515 scriptum

2091 1531 2174 1578 est
2199 1523 2254 1576 in
2281 1523 2420 1578 libro
2445 1523 2652 1594 Regum
2681 1534 2735 1578 et
2769 1527 3243 1598 Paralipomenon,
3293 1541 3354 1586 ut
3381 1544 3464 1589 est
3509 1535 3644 1588 illud
3676 1553 3690 1588 :

2092 1616 2374 1686 Complevit
2393 1615 2582 1670 Hiram
2607 1635 2756 1672 omne
2775 1637 2902 1689 opus
2921 1623 3054 1689 regis
3081 1623 3136 1675 in
3161 1619 3446 1690 domODei,
3469 1627 3567 1680 hoc
3592 1637 3692 1693 est,

2091 1703 2360 1760 columnas
2383 1706 2516 1760 duas
2538 1715 2584 1758 et
2611 1707 2846 1776 epistylia
2861 1717 2908 1761 et
2927 1711 3100 1779 capita
3121 1722 3168 1764 et
3182 1715 3334 1782 quasi
3350 1717 3594 1784 qua'dam
3615 1732 3697 1769 re-

2091 1797 2425 1866 tiaculaqua:
2471 1798 2642 1866 capita
2685 1808 2910 1868 tegerent
2965 1817 3123 1871 super
3166 1805 3406 1874 epistylia
3445 1805 3532 1874 (ll
3555 1803 3692 1860 Par.

399 1912 506 1966 qua
537 1913 549 1949 :
587 1911 710 1950 nam
755 1896 807 1950 in
847 1897 1064 1952 modum
1094 1897 1381 1951 testudinis
1409 1906 1624 1952 veteres
1659 1898 1982 1968 templorum
2013 1891 2058 1949 B
2087 1887 2184 1956 ιν).
2212 1887 2304 1940 “in
2326 1895 2449 1941 sunt
2474 1888 2758 1956 columna},
2781 1891 2846 1945 de
2867 1893 3062 1960 quibus
3081 1893 3280 1952 Paulus
3298 1899 3373 1952 ait
3397 1917 3409 1952 :
3431 1899 3690 1964 Iacobus,

398 1996 545 2043 tecta
571 1987 865 2056 faciebant,
899 2005 1019 2059 quae
1049 1989 1168 2043 ideo
1197 1989 1277 2044 sic
1307 1989 1500 2054 ﬁebat,
1541 1999 1600 2043 ut
1641 1991 1760 2045 εαξΙὶ
1799 1991 1990 2061 imagi-

397 2097 526 2136 nem
574 2082 872 2137 redderet:
919 2083 1062 2151 quod
1093 2089 1306 2136 constat
1346 2096 1465 2136 esse
1515 2097 1835 2136 convexum.
1883 2083 1988 2137 Alii

397 2176 726 2231 testudinem
760 2175 945 2230 volunt
972 2191 1092 2230 esse
1117 2176 1294 2229 locum
1324 2177 1380 2229 in
1420 2185 1574 2245 parte
1613 2175 1736 2228 atrii
1765 2176 1992 2228 adversa

397 2269 760 2325 venientibus.
799 2268 972 2324 Arcus
1007 2269 1161 2334 dicti,
1194 2269 1339 2338 quod
1366 2268 1476 2322 sint
1505 2277 1624 2322 arta
1647 2267 1991 2324 conclusione

401 2362 632 2424 curvati,
673 2361 772 2430 ipsi
819 2369 875 2414 et
917 2360 1172 2415 fornices.
1219 2360 1535 2414 Pavimcnta
1563 2361 1824 2430 originem
1851 2358 1991 2428 apud

401 2450 620 2507 Graecos
635 2451 836 2505 habent
849 2451 1128 2504 elaborata
1151 2457 1268 2504 arte
1289 2450 1531 2520 pictum,
1551 2450 1854 2504 lithoswota
1870 2465 1992 2518 par-

401 2543 544 2598 vulis
563 2543 764 2597 crustis
789 2557 854 2596 ac
885 2542 1120 2596 tessellis
1148 2543 1330 2597 tinctis
1351 2544 1406 2595 in
1427 2543 1608 2596 varios
1631 2543 1838 2595 colores
1865 2559 1875 2594 :
1901 2557 1992 2594 v0-

402 2639 522 2688 cata
546 2641 726 2686 autem
748 2631 1054 2702 pavimenta
1077 2647 1143 2686 eo
1185 2633 1328 2700 quod
1349 2641 1671 2702 paveantur,
1695 2631 1746 2685 id
1769 2639 1870 2694 est,
1895 2646 1993 2685 cae-

400 2723 617 2778 dantur.
646 2720 801 2776 Unde
827 2729 882 2776 et
909 2737 1096 2790 pavor,
1129 2721 1256 2790 quia
1284 2723 1446 2776 caedit
1472 2737 1586 2776 cor.
1623 2721 1882 2777 Ostracus
1910 2731 1992 2778 est

397 2813 768 2882 pavimentum
809 2821 1128 2880 testaceum,
1167 2829 1232 2868 eo
1262 2815 1406 2883 quod
1437 2813 1624 2868 fractis
1657 2815 1812 2870 testis
1845 2816 1992 2870 calce

402 2906 642 2960 admixto
664 2905 907 2960 feriatur.
925 2906 1142 2960 Testam
1162 2907 1307 2960 enim
1323 2905 1497 2961 Graeci
1512 2891 1766 2962 ostracon
1782 2909 1986 2962 dicunt.

399 2995 776 3052 Pavimentum
829 2997 1146 3066 intelligitur
1193 2997 1499 3052 ltumiliatio
1551 3007 1716 3067 atque
1770 2998 1990 3054 afflictio

399 3087 617 3153 animae,
668 3089 781 3142 sive
833 3089 885 3142 in
930 3097 1146 3144 terrena
1191 3088 1500 3154 declinatio,
1535 3096 1594 3142 ut
1635 3097 1719 3144 est
1766 3089 1894 3143 illud
1937 3090 1991 3143 in

399 3175 618 3232 Psalmo
637 3195 650 3231 :
667 3179 900 3233 Adha’sit
923 3181 1214 3250 pavimento
1243 3181 1420 3233 anima
1445 3196 1558 3233 mea
1576 3177 1748 3250 (Psal.
1772 3181 1986 3252 cxvm).

2092 1977 2291 2048 Cepltas
2320 1987 2367 2032 et
2396 1977 2648 2045 Joannes,
2673 1981 2763 2051 qui
2789 1982 3099 2038 videbantur
3126 1987 3384 2044 columna’
3407 2009 3536 2056 esse,
3562 1993 3694 2046 der-

2092 2075 2230 2120 teras
2267 2067 2522 2122 dederunt
2562 2069 2688 2124 mihi
2740 2079 2788 2122 et
2829 2071 3090 2130 Barnabw
3134 2079 3456 2140 societatem.
3501 2092 3558 2136 ut
3595 2101 3694 2139 nos

2091 2159 2148 2212 in
2196 2161 2458 2228 gentibus,
2503 2160 2582 2213 illi
2631 2170 2805 2216 autent
2861 2165 2916 2217 in
2970 2167 3366 2226 circumcisione
3393 2172 3538 2244 (Gal.
3601 2177 3690 2244 ιι).

2092 2251 2301 2317 Quibus
2347 2251 2529 2306 verbis
2580 2253 2736 2322 quasi
2791 2270 3062 2326 exponere
3111 2261 3324 2318 videtur
3367 2267 3694 2335 mysterium

2091 2340 2470 2396 columnarum
2517 2344 2903 2412 materialium,
2951 2354 3004 2404 et
3035 2349 3167 2420 quid
3209 2353 3460 2411 videlicet
3497 2357 3676 2427 ﬁgura

2091 2431 2290 2494 verint,
2337 2439 2390 2485 et
2413 2447 2582 2501 quare
2611 2435 2728 2489 dua:
2768 2435 2879 2490 sint
2907 2437 3084 2496 factas.
3137 2445 3423 2512 Apostolos
3451 2463 3696 2520 namque

2094 2531 2150 2576 et
2200 2521 2456 2578 doctores
2499 2533 2720 2580 sanctos
2762 2540 2992 2592 cunctos
3043 2533 3318 2601 spiritales
3353 2538 3689 2608 significant,

2095 2613 2264 2669 fortes
2295 2616 2548 2670 nimirum
2581 2618 2685 2672 fide
2723 2631 2884 2688 atque
2919 2638 3083 2692 opere
3133 2634 3186 2679 et
3225 2633 3690 2699 contemplatione

2096 2707 2164 2761 ad
2192 2723 2425 2775 superna
2455 2717 2685 2764 erectos.
2719 2711 2844 2764 Duae
2871 2721 2994 2768 sunt
3029 2723 3232 2782 autem,
3259 2727 3318 2772 ut
3345 2731 3400 2775 et
3421 2735 3614 2792 gentes
3635 2733 3692 2781 et

2092 2799 2564 2853 circumcisionem
2611 2801 2958 2870 praedicando
2992 2804 3048 2859 in
3098 2806 3400 2867 Ecclesium
3439 2815 3692 2872 introdu-

2093 2899 2218 2944 caut
2253 2907 2265 2941 :
2316 2890 2535 2944 stabant
2580 2891 2632 2944 in
2663 2893 2876 2961 porticu
2909 2903 3036 2950 ante
3073 2896 3216 2954 fores
3263 2904 3470 2973 templi,
3509 2917 3564 2961 et
3603 2908 3694 2962 iu-

2093 2995 2338 3050 gressum
2365 2980 2506 3034 illius
2532 2997 2630 3036 suo
2671 2983 2865 3038 decore
2901 2999 2964 3040 ae
3005 2987 3405 3055 pulchritudine
3432 3009 3500 3049 ex
3530 3005 3658 3051 utra

2095 3085 2200 3139 que
2225 3078 2379 3139 parte
2410 3072 2732 3128 mirabiliter
2761 3075 3048 3132 ornabant.
3088 3077 3302 3134 Ostium
3332 3093 3512 3138 autem
3555 3094 3697 3141 tem-

2095 3163 2170 3232 pli
2203 3163 2461 3218 Dominus
2507 3173 2588 3220 est
2621 3183 2634 3218 :
2667 3167 2792 3234 quia
2827 3174 2986 3221 uento
3027 3169 3176 3222 venit
3205 3171 3270 3224 ad
3295 3171 3532 3239 Patrem,
3583 3177 3693 3234 nisi

399 3269 781 3326 Pavimentum
803 3281 887 3326 est
923 3241 1026 3326 soli
1055 3273 1284 3344 alicujus
1311 3274 1366 3327 in
1392 3241 1666 3327 levitatem
1697 3241 1989 3327 maximam
2019 3241 2062 3304 C
2095 3270 2192 3323 Per
2237 3255 2412 3323 ipsum
2449 3256 2632 3326 (JOW-
2684 3255 2834 3326 31V);
2883 3266 2938 3312 θι
2981 3259 3124 3314 Sim“
3173 3261 3300 3316 alibi
3338 3265 3470 3320 die“
3501 3285 3514 3320 ³
3561 3267 3685 3340 Et!”

403 3363 704 3417 constructi
767 3362 1044 3430 soliditas,
1095 3380 1216 3434 quae
1273 3365 1467 3418 merito
1523 3373 1712 3419 nostro
1775 3365 1990 3434 corpori

401 3459 769 3522 comparatur,
799 3454 1058 3524 quoniam
1089 3463 1142 3508 et
1172 3454 1346 3522 ipsum
1371 3455 1535 3509 simili
1581 3455 1758 3510 nitore
1789 3455 1991 3525 leviga-

401 3549 513 3596 tur.
543 3541 849 3597 Adhaesisse
879 3557 938 3598 se
966 3557 1096 3615 ergo
1123 3545 1254 3599 dicit
1282 3544 1432 3614 carni
1463 3561 1574 3600 suae
1602 3564 1614 3601 :
1649 3547 1792 3616 quod
1831 3547 1988 3602 vitio-

397 3649 520 3690 sum
549 3651 668 3690 esse
694 3652 802 3691 non
851 3637 1072 3690 dubium
1114 3647 1216 3692 est.
1247 3635 1442 3693 Anima
1473 3639 1519 3694 si
1562 3639 1838 3695 adhmreat
1871 3655 1990 3694 cor—

399 3727 544 3796 pori,
573 3729 785 3784 delictis
815 3729 962 3784 favet
1009 3748 1020 3782 :
1057 3730 1100 3784 si
1129 3731 1404 3791 voluntate
1442 3733 1513 3788 sit
1541 3722 1732 3800 divisa,
1781 3733 1990 3788 virtuti-

399 3818 524 3874 bus.
559 3819 931 3875 Pavimeutum
958 3821 1236 3876 humilitas
1267 3823 1507 3878 fidelium
1543 3825 1846 3880 doctrinam
1873 3842 1990 3880 san-

400 3921 613 3968 ctorum
639 3913 910 3983 patienter
936 3914 1368 3982 suscipientium,
1398 3923 1460 3968 ut
1487 3915 1542 3969 in
1575 3915 1888 3970 Ezechiele:
1919 3917 1986 3971 Et

399 4013 522 4060 ante
535 4003 963 4074 gazOphylacium
977 4005 1326 4073 pavimentum
1341 4015 1565 4057 stratum
1580 4004 1752 4074 lapide
1767 4005 1981 4076 (Ezech.

402 4091 514 4162 XL).
543 4092 676 4146 Item
703 4091 898 4161 legitur
925 4092 980 4144 in
1007 4092 1144 4146 libro
1173 4091 1378 4164 Regum
1399 4093 1518 4165 (III
1547 4093 1674 4165 Reg.
1703 4099 1814 4166 vt),
1841 4098 1986 4167 quod

402 4181 654 4237 Salomon
686 4182 1054 4250 pavimentum
1083 4182 1279 4236 texerit
1305 4197 1440 4237 auro
1467 4183 1796 4239 intrinsecus
1819 4193 1874 4239 et
1895 4200 1988 4238 cx-

397 4273 694 4337 trinseeus,
749 4273 852 4327 hoc
891 4281 998 4336 est,
1053 4273 1106 4326 in
1149 4273 1368 4328 oraculo
1413 4282 1467 4328 et
1513 4277 1566 4328 in
1617 4276 1735 4344 ipso
1766 4276 1980 4346 templo.

401 4368 558 4420 Texit
601 4383 730 4438 ergo
777 4366 1030 4422 Salomon
1080 4369 1447 4438 pavimentum
1505 4371 1696 4426 domus
1729 4387 1864 4427 auro
1906 4373 1985 4426 in-

401 4457 674 4514 trinsecus
706 4465 760 4512 et
793 4459 1128 4514 extrinsecus
1163 4499 1174 4512 .
1217 4456 1344 4530 qnia
1371 4459 1487 4514 Rex
1517 4472 1701 4524 noster
1723 4463 1982 4532 pacificus

404 4556 460 4603 et
488 4547 706 4620 angelos
743 4557 904 4618 atque
932 4549 1142 4604 animas
1166 4549 1438 4619 justorum
1469 4551 1523 4605 iit
1564 4553 1715 4607 oculis
1745 4555 1984 4622 perfecte

2095 3363 2212 3400 sum
2262 3347 2452 3400 ostium
2501 3361 2518 3398 :
2570 3364 2660 3416 per
2706 3365 2788 3401 me
2827 3351 2872 3402 si
2911 3350 3026 3420 quis
3069 3352 3348 3420 introierit,
3391 3357 3693 3414 salvabitur

2095 3441 2277 3512 (Joan.
2327 3441 2404 3512 at).
2453 3441 2605 3508 Quod
2635 3442 2884 3496 videlicet
2914 3444 3114 3498 ostium
3143 3446 3408 3504 columnae
3439 3449 3508 3504 ab
3535 3459 3693 3506 utro-

2093 3548 2196 3602 que
2229 3534 2401 3587 latere
2428 3548 2613 3586 coram
2635 3533 2825 3601 posita:
2848 3534 3240 3602 circumstant,
3277 3553 3401 3592 cum
3445 3541 3690 3597 ministri

2093 3625 2360 3679 sermonis
2413 3623 2630 3692 utrique
2677 3625 2872 3693 populo
2923 3626 3208 3682 introitum
3257 3631 3406 3700 regni
3445 3631 3690 3692 caelestis

2093 3715 2404 3771 ostendunt.
2459 3714 2648 3784 Capita
2697 3716 2899 3770 etenim
2949 3716 3368 3784 columnarum,
3425 3722 3530 3776 hoc
3576 3733 3686 3790 est,

2091 3823 2340 3878 suprema
2381 3821 2508 3873 pars
2537 3821 2723 3860 earum
2753 3809 3050 3875 praecordia
3075 3819 3198 3864 sunt
3229 3811 3464 3866 fidelium
3497 3815 3684 3870 docto-

2090 3915 2234 3965 rum,
2266 3913 2498 3967 quorum
2550 3897 2658 3952 Deo
2697 3897 2907 3952 devotis
2941 3901 3366 3968 cogitationibus
3405 3903 3547 3958 sicut
3593 3922 3688 3961 ca—

2089 3991 2202 4060 pite
2249 3987 2516 4052 membra,
2563 3987 2638 4040 ita
2695 3987 2938 4056 ipsorum
2991 3990 3174 4044 omnia
3219 4001 3274 4046 et
3321 4009 3488 4062 opera
3547 3996 3690 4050 diri-

2091 4087 2293 4152 guntur
2317 4087 2373 4133 et
2402 4079 2585 4132 verba.
2618 4079 2734 4132 Duo
2759 4087 2942 4132 autem
2981 4081 3230 4150 capitella
3255 4123 3269 4148 ,
3317 4099 3440 4152 quae
3473 4085 3562 4140 his
3590 4103 3689 4142 ca-

2090 4173 2288 4242 pitibus
2324 4180 2480 4226 erant
2525 4173 2890 4242 superposita,
2945 4175 3050 4228 duo
3109 4185 3236 4230 sunt
3281 4187 3610 4234 testamenta
3671 4203 3682 4235 :

2089 4283 2318 4338 quorum
2347 4268 2700 4323 meditatione
2728 4277 2890 4337 atque
2915 4270 3260 4326 observantia
3283 4273 3532 4328 doctores
3559 4292 3688 4330 san-

2089 4361 2160 4415 cti
2211 4367 2324 4413 toto
2355 4359 2538 4413 animo
2582 4359 2886 4413 subduntur
2930 4369 2984 4413 et
3037 4375 3286 4431 corpore.
3339 4363 3492 4418 Unde
3543 4367 3688 4422 bene.

2089 4461 2378 4520 utrumque
2405 4450 2714 4520 capitolium
2749 4453 2988 4522 quinque.
3031 4454 3246 4506 cubitos
3287 4455 3526 4510 habebat.
3573 4459 3690 4511 alti-

2089 4542 2292 4597 tudinis
2345 4543 2530 4612 :quia
2584 4543 2840 4596 nimirum
2897 4545 3136 4613 quinque
3199 4545 3351 4600 libris
3412 4549 3688 4618 scriptura

414 4601 429 4603 -
560 4601 615 4620 u,
656 4601 699 4602 η
786 4601 834 4618 ,τ
883 4601 897 4603 ἡ
1570 4601 1714 4607 η---
1745 4601 1982 4622 rm-“

403 4655 468 4695 ac
494 4639 736 4710 plenarie
761 4639 902 4693 dono
931 4639 1230 4694 dilectionis
1259 4648 1585 4697 aeternorum
1612 4657 1641 4696 a
1674 4643 1982 4699 mortalium

2092 4633 2340 4689 Mosaicae
2369 4635 2504 4704 legis
2529 4634 2922 4697 comprehensa
2955 4643 3056 4688 est.
3090 4636 3340 4705 Quinque
3370 4641 3542 4693 etiam
3581 4657 3690 4696 sa:-

403 4729 613 4786 vilitate
663 4731 912 4787 secrevit.
953 4731 1326 4802 Compluvium
1383 4734 1605 4800 dictum,
1659 4736 1784 4806 quia
1834 4751 1988 4807 aquae

399 4829 603 4892 partes,
663 4837 785 4892 quae
834 4822 979 4876 circa
1034 4829 1187 4886 sunt,
1237 4838 1300 4877 eo
1343 4824 1688 4879 conveniunt.
1736 4825 1988 4882 Tessellae

402 4925 551 4984 sunt,
581 4933 612 4973 e
657 4917 850 4988 quibus
876 4916 1146 4970 domicilia
1199 4923 1534 4984 sternuntur,
1572 4934 1602 4972 a
1635 4920 1856 4974 tesseris
1885 4935 1986 4975 no-

411 5010 636 5072 minata,
663 5011 714 5062 id
741 5017 842 5073 est,
874 5009 1156 5078 quadratis
1197 5007 1394 5078 lapillis
1421 5025 1519 5078 per
1553 5010 1983 5067 diminutionem.

407 5103 577 5157 Bases
607 5101 818 5157 fulturae
841 5110 968 5156 sunt
989 5101 1384 5166 colmnnarum,
1415 5117 1536 5171 quae
1581 5120 1611 5158 a
1637 5104 1986 5186 fundamento

397 5201 756 5262 consurgunt,
783 5201 838 5248 et
889 5194 1238 5261 superposita:
1285 5193 1508 5248 fabricae
1552 5196 1822 5250 sustinent
1845 5212 1986 5266 pon-

401 5288 524 5342 dus.
551 5287 714 5341 Bases
739 5293 920 5340 autem
973 5298 1168 5338 nomen
1211 5293 1375 5354 petrae
1400 5293 1484 5340 est
1510 5285 1817 5342 fortissimae
1844 5289 1983 5359 Syro

401 5393 669 5434 sermone.
725 5376 1002 5433 Columna:
1043 5391 1140 5445 pro
1177 5375 1510 5446 longitudine
1559 5387 1613 5434 et
1655 5381 1984 5438 rotunditate

399 5479 634 5536 vocate,
673 5472 726 5524 in
767 5471 964 5540 quibus
995 5469 1158 5523 totius
1209 5465 1427 5524 fabricae
1475 5472 1682 5540 pondus
1731 5473 1976 5546 erigitur.

401 5562 638 5632 Antiqua
689 5561 828 5635 ratio
875 5561 1244 5614 columnarum
1275 5569 1390 5638 erat
1441 5559 1775 5628 altitudinis,
1823 5565 1980 5618 tertia

401 5670 529 5723 pars
571 5653 890 5709 latitudinis.
946 5649 1156 5705 Genera
1187 5651 1540 5706 rotundarum
1565 5661 1794 5722 quatuor
1817 5663 1940 5708 sunt
1965 5670 1978 5708 :

403 5747 634 5814 Doricae,
701 5745 921 5812 Ionicae,
973 5743 1304 5810 Tuscanicae,
1356 5745 1669 5810 Corinthia},
1727 5760 1982 5802 mensura

405 5837 774 5894 crassitudinis
813 5846 868 5894 et
893 5837 1192 5893 altitudinis
1235 5837 1376 5891 inter
1406 5853 1461 5891 se
1493 5837 1776 5892 distantes.
1821 5837 1983 5906 Quiu-

2088 4728 2195 4784 culi
2220 4736 2406 4783 aetates
2435 4735 2546 4782 tota
2575 4727 3158 4798 veterisjnstrumenti
3187 4733 3356 4786 series
3385 4733 3682 4803 complexa

2087 4829 2188 4875 est.
2218 4819 2426 4874 Novum
2454 4834 2583 4874 vero
2613 4827 2996 4874 testamentum
3029 4837 3134 4880 non
3165 4822 3270 4876 alia
3309 4825 3464 4884 nobis
3497 4825 3688 4896 aliqua

2087 4913 2362 4983 prmdicat,
2388 4927 2550 4981 quam
2573 4925 2691 4987 quas
2719 4911 2928 4982 Moyses
2953 4915 3296 4982 praedicanda
3317 4933 3412 4986 per
3433 4919 3536 4972 hoc
3557 4936 3688 4976 esse

2085 5003 2432 5074 praedixerat,
2475 5011 2527 5056 et
2571 5003 2866 5072 prophetae.
2899 5002 3117 5072 Species
3171 5023 3406 5079 namque
3451 5021 3684 5066 catena-

2096 5109 2212 5148 rum
2235 5102 2291 5147 et
2316 5091 2614 5148 similitudo
2641 5094 2774 5148 retis
2803 5093 2854 5146 in
2885 5095 3168 5162 eapiteliis,
3201 5099 3436 5152 varietas
3463 5109 3547 5153 est
3575 5103 3692 5156 vir-

2095 5193 2270 5239 tutum
2300 5183 2621 5254 spiritalium
2649 5185 2702 5240 in
2733 5185 2956 5252 sanctis,
2989 5187 3054 5242 de.
3089 5203 3194 5256 qua
3227 5190 3454 5244 Domino
3487 5201 3688 5246 canta-

2093 5287 2181 5333 tur
2208 5278 2258 5330 in
2287 5275 2499 5330 Psalmo
2525 5292 2540 5330 :
2567 5275 2743 5329 Astitit
2775 5278 2952 5348 regina
2993 5297 3025 5333 α
3059 5281 3258 5334 dextris
3283 5282 3386 5335 tuis
3411 5282 3466 5334 in
3491 5285 3684 5338 vestitu

2091 5370 2362 5432 deaurato,
2406 5367 2800 5423 circumamicta
2850 5373 3104 5427 varietate
3141 5375 3480 5430 diversorum
3537 5377 3682 5431 cha-

2089 5463 2365 5534 rismatum
2399 5457 2570 5531 (Psal.
2618 5462 2794 5533 xuv);
2839 5464 2923 5520 vel
2955 5475 3100 5521 certe
3138 5468 3414 5538 multipicx
3448 5481 3686 5526 contex-

2091 5555 2163 5610 tio
2193 5562 2508 5608 catenarum
2535 5561 2590 5608 et
2637 5555 2766 5611 retis
2796 5561 3055 5628 expansio
3101 5560 3429 5616 multifarias
3473 5562 3684 5620 electo-

2089 5665 2208 5702 rum
2243 5661 2504 5718 personas
2547 5647 2784 5702 insinuat
2816 5667 2828 5704 :
2859 5652 2951 5720 qui
2997 5668 3120 5706 cum
3149 5653 3328 5710 verbis
3357 5667 3684 5714 sanctorum

2089 5741 2501 5813 praedicatorum
2526 5737 2758 5796 fideliter
2788 5743 3142 5800 auscultando
3177 5755 3340 5818 atque
3366 5746 3684 5808 obediendo

2092 5837 2388 5901 adiutarent,
2421 5833 2575 5905 quasi
2617 5835 2985 5894 columnarum
3013 5839 3280 5914 capitibus
3313 5841 3684 5912 superposita:
