3922 6324
1186 383 1277 442 DE
1311 381 1664 443 UNIVERSO
1699 381 1880 440 LIBRI
1917 379 2086 439 XXII.
2124 410 2198 425 —
2229 381 2358 439 LIB.
2399 381 2537 439 XIV.

3397 381 3506 440 ιοθ

236 511 366 561 retes
390 508 441 557 et
468 499 736 557 catenata:
761 498 1085 558 miraculum
1128 513 1242 556 sua:
1275 499 1632 556 eonnexionis
1675 513 1807 554 cun-
1833 501 1882 564 Α
1912 507 2082 564 ctum,
2135 498 2392 568 quoniam
2435 499 2594 572 panis
2635 511 2704 553 ex
2749 512 2815 554 eo
2882 497 3060 555 factus
3102 496 3177 554 ibi
3226 497 3499 569 coquitur.

233 597 327 655 etis
347 593 752 664 aspectantibus
779 595 1042 664 praebent.

775 705 1005 763 CAPUT
1040 703 1229 760 XXIV.

771 797 851 853 De
890 800 1231 870 repositoriis.

295 911 569 968 Erarium
618 919 896 976 vocatum,
947 913 1074 982 quia
1117 913 1272 983 prius
1301 927 1376 967 aes
1414 912 1688 983 signatum
1734 911 1809 966 ibi

231 1003 633 1061 recondebatur.
664 1004 778 1058 Hoc
803 1002 950 1058 enim
978 1003 1107 1058 olim
1136 1004 1189 1056 in
1219 1017 1320 1056 usu
1348 1011 1487 1067 erat,
1534 1017 1667 1057 auro
1715 1017 1807 1056 ar-

229 1113 484 1172 gentoque
506 1100 744 1154 nondum
767 1099 998 1170 signato.
1023 1098 1102 1152 Ex
1123 1111 1354 1166 quorum
1378 1094 1609 1150 metallis
1627 1108 1813 1165 quam-

228 1195 305 1249 vis
339 1201 526 1263 postea
566 1191 708 1248 facta
739 1192 929 1247 fuisset
951 1190 1206 1261 pecunia,
1241 1201 1439 1242 nomen
1468 1195 1648 1241 tamen
1675 1202 1812 1241 aera-

228 1285 289 1340 rii
336 1283 636 1352 permansit
679 1283 748 1337 ab
775 1298 840 1337 eo
886 1282 1104 1337 metallo
1149 1281 1291 1334 unde
1329 1277 1557 1348 pecunia
1600 1277 1812 1331 initium

228 1375 463 1443 sumpsit.
485 1375 799 1429 Armarium
833 1373 982 1428 locus
1009 1383 1112 1438 est,
1147 1371 1238 1426 ubi
1263 1383 1711 1440 quarumcunque
1733 1382 1814 1420 ar-

232 1467 352 1520 tium
383 1467 748 1520 instrumenta
780 1475 1057 1537 ponuntur
1087 1481 1100 1517 :
1133 1463 1617 1517 armamentarium
1650 1475 1810 1526 vero,

228 1557 311 1612 ubi
337 1565 545 1610 tantum
573 1556 679 1612 tela
702 1571 999 1611 armorum.
1030 1554 1181 1610 Unde
1200 1553 1481 1609 Iuvenalis
1506 1568 1521 1606 :
1547 1553 1813 1622 Quidquid

229 1648 404 1702 habent
431 1648 657 1702 telorum
686 1649 1097 1702 armamentaria
1119 1646 1233 1700 σαειὶ
1256 1661 1274 1698 :
1299 1647 1442 1700 dicta
1467 1654 1648 1699 autem
1673 1655 1816 1698 utra-

228 1754 324 1808 que
339 1739 404 1792 ab
418 1740 609 1804 armis,
627 1739 678 1794 id
692 1749 793 1803 est,
811 1739 1047 1793 brachiis
1061 1739 1256 1807 quibus
1269 1746 1609 1793 exercentur.
1626 1738 1818 1792 Biblio-

233 1829 377 1883 theca
405 1837 491 1883 est
539 1829 710 1895 locus,
755 1833 846 1883 ubi
878 1840 1216 1898 reponuntur
1264 1829 1409 1882 libri.
1458 1828 1640 1883 Biblos
1669 1829 1816 1882 enim

229 1936 392 1995 graece
421 1922 583 1985 liber,
619 1922 775 1975 thece
806 1921 1192 1991 repositorium
1222 1921 1442 1976 dicitur.
1479 1919 1771 1974 Cellarium
1797 1960 1811 1985 ,

229 2013 446 2080 quodin
492 2026 560 2066 eo
608 2012 931 2082 colligantur
987 2013 1291 2083 ministeria
1347 2027 1682 2077 mensarum,
1733 2012 1818 2067 vel

229 2116 344 2171 qua
383 2103 697 2157 necessaria
747 2103 913 2157 victui
963 2112 1273 2174 supersunt.
1330 2103 1476 2158 inter
1507 2111 1820 2174 promptua-

228 2193 360 2249 rium
405 2205 590 2250 autem
637 2202 691 2248 et
719 2195 1000 2250 cellarium
1048 2197 1149 2250 hoc
1191 2197 1437 2260 interest,
1481 2196 1627 2264 quod
1654 2195 1819 2250 cella-

230 2285 360 2339 rium
410 2294 493 2340 est
549 2301 843 2354 paucorum
900 2286 1144 2350 dierum,
1198 2287 1632 2357 promptuarium
1691 2303 1820 2343 vero

233 2377 483 2445 temporis
514 2375 681 2447 longi.
717 2377 1157 2447 Promptuarium
1181 2377 1409 2442 dictum,
1444 2392 1508 2430 eo
1533 2377 1676 2447 quod
1697 2377 1820 2432 inde

230 2467 532 2520 necessaria
585 2467 748 2520 victui
782 2476 1130 2536 promuntur,
1179 2467 1283 2522 hoc
1315 2477 1418 2532 est,
1449 2467 1816 2538 proferuntur.

230 2556 604 2626 I’romptuaria
654 2558 944 2626 aliquando
974 2559 1027 2612 in
1061 2558 1256 2612 malam
1297 2567 1505 2628 partem
1544 2559 1819 2628 accipiun-

232 2656 336 2714 tur,
365 2657 421 2702 ut
451 2656 540 2703 est
571 2648 698 2702 illud
726 2666 738 2700 :
764 2646 1142 2718 Promptuaria
1173 2665 1354 2702 eorum
1376 2648 1550 2718 plena,
1578 2657 1822 2702 eructan-

230 2742 298 2794 tia
325 2757 388 2794 επ
431 2742 532 2794 hoc
561 2741 616 2794 in
652 2739 785 2792 illud
808 2737 980 2809 (Psal.
1013 2740 1224 2812 cxun).
1259 2740 1656 2810 Premptuaria,
1702 2757 1822 2811 qum

230 2832 439 2887 cellaria
468 2830 665 2900 vulgus
709 2830 962 2900 appellat,
1009 2832 1388 2887 haereticorum
1415 2833 1577 2887 corda
1612 2833 1821 2904 signifi-

231 2931 371 2987 cant,
403 2923 496 2977 ubi
527 2923 866 2976 diversarum
896 2937 1079 2977 rerum
1103 2925 1313 2993 species
1353 2924 1632 2994 cpulmque
1657 2926 1822 2995 depo-

233 3012 344 3066 sita:
368 3020 515 3067 sunt.
551 3012 653 3066 Ista
685 3020 946 3080 quantum
974 3014 1192 3082 copiose
1222 3014 1415 3069 farcita
1440 3025 1587 3081 sunt,
1613 3027 1821 3071 tantum

232 3105 467 3160 diversas
519 3107 888 3160 eructationes
951 3108 1203 3176 pessimte
1251 3110 1612 3165 exhalationis
1664 3113 1822 3166 emit-

235 3203 361 3249 tunt.
395 3195 551 3262 Quos
577 3198 623 3250 si
671 3199 994 3252 auctoritate
1022 3200 1336 3267 convincas,
1387 3203 1453 3256 ad
1499 3203 1822 3273 interpreta—

230 3286 430 3341 tionqu
480 3288 757 3357 nequitias
787 3288 1188 3344 transferuntur
1231 3310 1243 3344 :
1285 3308 1408 3345 cum
1456 3294 1581 3348 inde
1610 3301 1825 3366 quoque

232 3375 426 3431 fuerint
452 3377 686 3433 Domino
709 3379 931 3447 iuvante
958 3381 1218 3449 superati,
1251 3381 1318 3435 ad
1363 3384 1730 3452 sophistarum
1770 3403 1827 3444 se

232 3468 499 3522 versutias
526 3467 938 3539 calumniasque
958 3480 1306 3548 convertunt,
1330 3473 1471 3545 vagi,
1501 3475 1781 3533 instabiles
1809 3497 1820 3532 :

231 3558 352 3627 quia
381 3559 626 3613 radicem
661 3568 936 3629 nequeunt
964 3561 1169 3617 habere
1195 3564 1459 3619 veritatis.
1487 3565 1643 3624 Unde
1672 3586 1826 3640 aspe-

231 3649 304 3703 ris
331 3649 598 3704 odoribus
627 3660 941 3720 comparata
975 3662 1124 3719 sunt,
1156 3670 1276 3724 qua:
1304 3656 1633 3726 simplicium
1662 3663 1824 3717 corda

231 3741 396 3799 fetido
441 3760 700 3801 sermone
747 3745 1044 3817 decipiunt.
1076 3749 1356 3819 Apotheca
1380 3761 1563 3809 autem
1593 3755 1678 3810 vel
1702 3757 1828 3810 hor-

231 3849 319 3892 rea
345 3851 376 3890 a
401 3851 585 3907 ειτηεο
609 3839 773 3893 verbo
804 3839 1129 3908 repositoria
1177 3842 1262 3895 vel
1307 3845 1676 3900 reconditoria
1721 3848 1825 3902 dici

231 3937 484 3998 possunt,
520 3944 589 3983 eo
614 3929 758 3999 quod
813 3931 869 3984 in
912 3931 998 3985 bis
1038 3931 1287 3988 homines
1316 3931 1627 3990 elaboratas
1646 3938 1828 4009 fruges

233 4029 521 4090 reponunt.
544 4018 702 4076 Unde
713 4031 767 4077 et
787 4023 1077 4080 enteebam
1091 4038 1268 4094 graeeo
1290 4027 1507 4080 nomine
1533 4028 1826 4097 repositam

231 4112 308 4166 rei
342 4114 633 4183 copiosam
665 4115 1026 4170 substantiam
1057 4116 1413 4186 appellamus.

795 4230 1024 4286 CAPUT
1075 4231 1242 4288 XXV.

862 4323 941 4377 De
966 4325 1202 4393 officinis.

298 4437 677 4509 Ergasterium
734 4437 885 4492 locus
936 4446 1041 4501 est,
1103 4440 1192 4492 ubi
1245 4454 1382 4509 opus
1437 4437 1656 4510 aliquod
1705 4441 1765 4494 lit
1810 4459 1821 4494 :

229 4546 403 4602 grzeco
433 4531 642 4584 etenim
673 4544 923 4584 sermone
949 4545 1075 4600 erga
1103 4545 1298 4602 Opera,
1327 4530 1531 4584 sterion
1559 4532 1742 4596 statio,
1777 4531 1829 4586 id

229 4631 332 4687 est,
362 4621 607 4694 Operarii
637 4639 649 4673 :
689 4619 957 4691 ergastula
987 4635 1202 4690 quoque
1247 4630 1302 4674 et
1337 4621 1451 4689 ipsa
1482 4636 1511 4674 a
1536 4635 1713 4690 graeco
1738 4637 1828 4676 vo-

230 4714 426 4770 cabulo
463 4721 874 4782 nuncupantur,
917 4712 1008 4766 ubi
1049 4713 1378 4780 deputantur
1419 4713 1566 4765 noxii
1618 4712 1686 4767 ad
1733 4713 1830 4767 ali-

231 4805 372 4875 quod
401 4819 547 4876 opus
576 4803 904 4867 faciendum,
933 4811 992 4855 ut
1021 4803 1195 4856 solent
1221 4803 1550 4872 gladiatores
1577 4814 1631 4858 et
1661 4819 1827 4859 exsu-

232 4897 329 4960 les,
363 4897 460 4968 qui
494 4910 768 4951 marmora
821 4901 1026 4956 secant,
1057 4901 1110 4946 et
1142 4903 1319 4947 tamen
1359 4895 1697 4948 vinculorum
1741 4912 1833 4949 cu-

234 4986 425 5043 stodiis
454 4986 666 5057 alligati
690 4993 838 5040 sunt.
873 4983 1210 5038 Genetheum
1252 4983 1625 5055 [Gynaeceum]
1659 5002 1832 5054 graece

235 5081 436 5135 dictum
465 5095 557 5143 eo,
589 5095 697 5149 quo
718 5077 830 5132 dibi
849 5083 1145 5132 conventus
1162 5072 1488 5130 [etninarnm
1515 5077 1580 5130 ad
1602 5093 1736 5146 opus
1759 5077 1835 5130 la-

237 5172 398 5229 nificii
415 5170 786 5225 exercendum
803 5168 1106 5232 conveniat,
1126 5167 1318 5221 mulier
1331 5169 1474 5222 enim
1504 5184 1677 5238 graece
1699 5185 1835 5240 gyne

239 5271 611 5333 nuncupatur.
644 5258 966 5323 Pistrinum,
991 5258 1146 5328 quasi
1172 5257 1500 5327 pilistrinum
1533 5276 1544 5310 :
1579 5259 1705 5326 quia
1729 5259 1836 5328 pilo

241 5367 396 5412 antea
433 5352 739 5408 tundebant
762 5365 1012 5421 granum.
1055 5349 1210 5404 Unde
1239 5358 1292 5403 et
1320 5349 1459 5419 apud
1484 5356 1697 5404 veteres
1730 5365 1837 5403 non

243 5447 547 5510 molitores,
583 5443 677 5499 sed
706 5443 939 5512 pistores
984 5440 1110 5494 dicti
1144 5460 1156 5495 :
1185 5442 1339 5510 quasi
1369 5441 1616 5510 pinsores
1656 5455 1686 5493 a
1716 5441 1835 5509 pin-

243 5537 423 5592 sendis
453 5535 665 5606 granis.
719 5531 868 5587 Mela:
914 5531 1058 5585 enim
1092 5547 1220 5586 usus
1272 5531 1508 5586 nondum
1553 5539 1694 5594 erat,
1741 5531 1834 5586 sed

245 5646 472 5702 granum
516 5629 630 5700 pilo
673 5626 975 5699 pinsebant.
1021 5625 1174 5681 Unde
1218 5635 1272 5680 et
1309 5625 1564 5698 Virgilius
1608 5641 1622 5679 :
1677 5627 1834 5680 Nunc

247 5731 434 5779 torrete
481 5722 594 5794 igni
640 5722 848 5792 fruges,
895 5736 1030 5774 nunc
1074 5719 1298 5788 frangite
1349 5738 1498 5775 saxo.
1546 5719 1828 5788 Clibanus,

248 5815 303 5874 id
335 5826 436 5886 est,
484 5816 702 5882 furnus,
733 5829 830 5884 per
871 5811 1258 5869 derivationem
1306 5829 1337 5867 a
1378 5813 1522 5870 farre
1569 5813 1721 5870 aiunt
1753 5814 1833 5869 di-

1858 4580 1910 4639 D

1914 590 2173 647 Clibanus
2205 589 2286 662 (ut
2315 589 2571 662 diximus)
2615 591 2916 648 eombustlo
2943 591 3275 664 sempiterna
3306 590 3505 646 intelli-

1915 684 2100 757 gitur,
2152 690 2212 738 ut
2253 682 2308 737 in
2359 681 2650 754 Evangelio
2716 702 2730 737 :
2779 680 2838 740 Si
2900 685 3037 739 enim
3085 684 3305 756 fenum,
3360 685 3502 756 quod

1912 776 2067 831 hodie
2117 775 2173 828 in
2213 789 2342 844 agro
2402 782 2498 839 est,
2548 784 2597 827 et
2650 791 2770 828 cras
2820 774 2878 828 in
2918 773 3207 842 ,clibanum
3275 775 3505 830 mittitur

1914 867 2131 939 (Matth.
2165 865 2261 937 vr).
2287 864 2442 921 Unde
2470 863 2715 921 clibanus
2739 865 3019 922 tribulatio
3043 867 3166 922 vita:
3193 867 3500 938 prmsentis,

1913 969 1973 1014 ut
2004 960 2058 1013 in
2108 955 2384 1012 Jeremia:
2422 954 2585 1012 Pellio
2621 968 2824 1024 nostra,
2870 957 2976 1014 hoc
3021 968 3125 1024 est,
3155 973 3304 1023 caro,
3352 961 3502 1028 quasi

1916 1050 2172 1116 clibanus,
2201 1059 2384 1104 exusta
2409 1059 2483 1104 est
2511 1068 2542 1105 a
2571 1051 2707 1120 facie
2726 1060 3085 1122 tempestatum
3109 1053 3265 1122 famis
3282 1051 3498 1123 (Tltren.

1915 1143 1991 1213 v).
2024 1142 2278 1198 Clibanus
2308 1150 2392 1196 est
2424 1130 2729 1212 'coquendis
2755 1143 2986 1213 panibus
3013 1145 3146 1198 aenei
3169 1143 3372 1199 vasculi
3410 1144 3501 1198 de-

1917 1235 2078 1289 ducta
2111 1234 2435 1299 rotunditas,
2481 1249 2598 1302 quae
2643 1235 3028 1290 suburentibus
3074 1235 3308 1290 ﬂammis
3351 1234 3506 1289 ardet

1918 1327 2264 1382 intrinsecus.
2316 1327 2374 1380 In
2401 1342 2506 1396 qua
2555 1325 2902 1381 similitudine
2955 1328 3151 1382 merito
3192 1335 3506 1396 peccatores

1918 1424 2210 1490 ponuntur,
2257 1417 2348 1486 qui
2380 1419 2433 1472 in
2460 1416 2642 1472 futuro
2679 1417 2884 1487 judicio
2917 1427 2970 1472 et
2997 1432 3232 1474 mterore
3253 1417 3421 1473 animi
3451 1427 3506 1472 et

1918 1509 2121 1581 poenali
2136 1508 2538 1563 cxcrueiatione
2563 1509 2847 1578 torquendi
2865 1517 3008 1575 sunt,
3032 1509 3124 1578 qui
3140 1517 3328 1564 contra
3349 1523 3506 1578 regu-

1920 1602 2002 1657 las
2030 1601 2241 1655 Domini
2273 1599 2545 1655 obstinata
2576 1609 2758 1655 mente
2784 1602 3058 1656 vixerunt.
3087 1602 3162 1656 De
3186 1601 3383 1670 quibus
3420 1601 3505 1656 di-

1920 1691 2062 1746 citur
2092 1691 2146 1744 in
2175 1689 2381 1759 psalmo
2411 1708 2421 1743 :
2457 1689 2629 1744 Panes
2655 1707 2741 1744 eos
2768 1701 2822 1744 ut
2851 1691 3113 1746 clibanum
3141 1693 3274 1763 ignis
3301 1693 3353 1746 in
3379 1702 3510 1746 tem-

1921 1797 2046 1850 pore
2078 1778 2247 1834 vultus
2273 1782 2350 1832 tui
2377 1778 2553 1852 (I’sal.
2606 1780 2718 1852 xx).
2755 1781 2944 1836 Vultus
2979 1795 3108 1837 vero
3133 1781 3343 1836 Domini
3395 1781 3512 1837 dies

1843 1875 1892 1935 B
1920 1870 2234 1939 cstjudicii,
2264 1872 2478 1940 quando
2512 1871 2656 1926 filius
2679 1872 2912 1927 hominis
2937 1872 3207 1928 videbitur
3234 1872 3302 1928 ab
3331 1875 3509 1930 homi-

1920 1964 2099 2028 nibus,
2129 1964 2221 2018 sed
2249 1963 2347 2018 soli
2381 1979 2502 2018 cum
2535 1963 2668 2034 justi
2698 1965 2861 2018 etiam
2891 1965 3189 2021 divinitatis
3245 1983 3354 2021 sure
3380 1982 3511 2022 con-

1921 2052 2272 2123 templatione
2319 2055 2634 2129 respiciunt.
2687 2055 2949 2111 Torcuiar
2980 2057 3186 2112 dictum
3229 2073 3314 2120 eo,
3368 2058 3512 2128 quod

1921 2145 1996 2199 ibi
2031 2161 2145 2199 uva“:
2171 2145 2469 2212 calcentur,
2502 2157 2664 2217 atque
2683 2159 2887 2203 exortae
2914 2149 3306 2219 exprimantur.
3339 2147 3511 2202 Ferus

1923 2247 2005 2293 est
2032 2237 2184 2292 locus
2213 2238 2303 2293 ubi
2337 2253 2440 2292 uva
2471 2238 2735 2303 calcatur,
2769 2237 2968 2304 dictus,
3002 2240 3142 2306 quod
3187 2239 3259 2292 ibi
3306 2237 3511 2293 feratur

1922 2346 2046 2394 uva;
2078 2329 2162 2384 vel
2191 2339 2414 2400 propter
2443 2331 2583 2399 quod
2627 2331 2698 2384 ibi
2730 2331 2957 2400 pedibus
2985 2329 3250 2386 feriatur:
3280 2331 3421 2385 unde
3460 2339 3517 2386 et

1923 2423 2276 2479 calcatorium
2307 2425 2540 2478 dicitur:
2575 2423 2667 2478 sed
2715 2423 2813 2478 hoc
2851 2440 3044 2479 nomen
3090 2424 3258 2478 multa
3308 2423 3513 2493 signiﬁ-

1924 2523 2034 2569 cat.
2069 2515 2330 2569 Torcular
2354 2516 2524 2568 altare
2547 2515 2614 2568 ab
2637 2531 2722 2580 co,
2752 2515 2894 2584 quod
2925 2515 2997 2569 ibi
3026 2515 3326 2569 oblationes
3351 2525 3515 2586 atque

1924 2608 2133 2663 fructus
2163 2608 2536 2674 conferantur,
2567 2618 2626 2663 ut
2655 2609 2708 2662 in
2738 2608 2951 2662 cantico
2985 2607 3135 2662 lsaize
3181 2626 3194 2662 :
3238 2606 3302 2660 Et
3334 2617 3510 2661 torcu-

1923 2696 2008 2750 lar
2037 2699 2149 2768 fodi
2179 2700 2232 2753 in
2276 2717 2336 2752 ca
2374 2697 2508 2770 (Isa.
2542 2698 2619 2767 v).
2650 2697 2780 2752 Item
2826 2698 3085 2762 torcular,
3121 2697 3299 2751 futura
3347 2697 3518 2750 tribu-

1924 2792 2077 2858 latio,
2108 2802 2168 2847 ut
2208 2794 2262 2848 in
2296 2792 2619 2863 Apocalypsi
2669 2812 2681 2846 :
2734 2791 2802 2844 Et
2862 2793 2970 2862 ipse
3016 2791 3237 2845 calcavit
3279 2789 3515 2843 torcular

1924 2887 2031 2941 vini
2061 2888 2157 2940 ira’
2181 2887 2377 2955 furoris
2406 2886 2618 2940 Domini
2650 2885 2834 2955 (Apoc.
2869 2884 3004 2953 xix).
3036 2882 3222 2952 Itaque
3253 2880 3510 2945 torcular,

1926 2979 2067 3047 quod
2092 2976 2247 3045 juxta
2289 2975 2582 3045 Scriptura:
2631 2983 2832 3030 sanctae
2871 2973 3314 3029 consuetudinem
3355 2972 3519 3025 inter-

1927 3069 2053 3123 dum
2087 3084 2182 3137 pro
2228 3067 2432 3123 ultione
2460 3077 2620 3137 atque
2665 3065 2944 3136 suppliciis
2992 3065 3211 3135 ponitur
3260 3073 3513 3135 peccato-

1927 3177 2066 3226 rum,
2094 3162 2360 3214 intcrdum
2395 3161 2445 3214 in
2469 3158 2887 3230 congregatione
2911 3173 3169 3212 novorum
3204 3157 3514 3211 fructuum:

1927 3270 2026 3324 pro
2069 3252 2246 3323 poenis
2292 3253 2513 3322 ponitur
2559 3261 2722 3321 atque
2755 3251 3059 3316 tormentis,
3111 3250 3325 3319 quando
3367 3245 3517 3304 lere-

1929 3347 2068 3400 mias
2112 3345 2165 3399 in
2212 3343 2695 3398 lamentationilms
2741 3343 3003 3413 plangens
3042 3342 3379 3396 eversionem
3423 3341 3512 3394 Je-

1929 3436 2162 3493 rusalem
2207 3436 2443 3506 loquitur
2492 3453 2502 3486 :
2551 3433 2809 3487 Torcular
2840 3433 3058 3487 calcavit
3105 3432 3362 3486 Dominus
3413 3433 3516 3486 uir-

1927 3529 2034 3597 gini
2058 3527 2185 3594 ﬁlim
2210 3526 2369 3578 .lmla:
2398 3539 2414 3575 :
2446 3526 2562 3578 ideo
2586 3541 2678 3592 ego
2702 3523 2850 3592 ploro
2879 3521 3098 3593 (Tlircn.
3135 3522 3195 3590 I).
3231 3522 3288 3575 In
3315 3521 3512 3576 bonam

1926 3626 2135 3686 partem
2180 3616 2491 3670 scribuntur
2525 3613 2716 3684 psalmi
2745 3629 2838 3681 pro
2872 3611 3246 3675 torcularibus,
3290 3623 3517 3666 octavus

1929 3718 1983 3762 et
2005 3707 2368 3774 octogesimus
2393 3707 2583 3760 tertius
2617 3724 2628 3758 :
2661 3705 2862 3776 legitur
2901 3705 3045 3760 enim
3095 3704 3147 3757 in
3181 3703 3340 3756 titulo
3371 3712 3518 3758 octo-

1929 3803 2338 3878 gesimipsalmi
2385 3802 2458 3856 ita
2495 3817 2509 3855 :
2541 3800 2606 3855 In
2655 3801 2758 3871 ﬁne
2783 3817 2876 3872 pro
2921 3799 3272 3853 torcularibus
3316 3799 3514 3868 Asaph.

1933 3897 2115 3961 Quinti
2140 3894 2343 3947 sabbati
2365 3905 2448 3948 est
2470 3894 2657 3962 quinta
2689 3893 2803 3946 dies
2833 3908 2863 3946 a
2897 3891 3140 3957 sabbato,
3171 3906 3290 3961 qua:
3330 3907 3359 3945 a
3392 3905 3517 3961 gen-

1929 3989 2072 4041 tibus
2099 3985 2213 4040 dies
2235 3984 2403 4050 Iovis,
2432 3999 2461 4037 a
2489 3983 2645 4037 nobis
2671 3983 2858 4052 quinta
2892 3982 3026 4035 feria
3054 3991 3302 4046 vocatur,
3334 3983 3385 4035 in
3409 3995 3512 4051 qua

1931 4077 2067 4132 dixit
2098 4077 2240 4129 Deus
2266 4092 2278 4127 :
2317 4073 2620 4127 Producant
2650 4089 2799 4142 aqua:
2825 4071 3029 4141 reptilia
3052 4071 3353 4124 animarum
3380 4071 3518 4123 viva-

1934 4185 2074 4232 rum,
2105 4177 2149 4220 et
2172 4163 2406 4219 volatilia
2435 4164 2528 4218 sub
2553 4164 2882 4232 ﬁrmamento
2911 4161 3022 4216 cwli
3053 4176 3071 4213 :
3102 4162 3326 4232 mystice
3350 4161 3516 4231 signi-

1936 4259 2124 4321 ﬁcans,
2178 4256 2402 4310 diversa:
2430 4254 2645 4306 virtutis
2683 4253 2827 4306 viros
2873 4267 2937 4306 cx
2984 4252 3138 4322 aquis
3181 4251 3519 4320 baptismatis

1935 4365 2054 4405 esse
2084 4348 2406 4402 nasciturus.
2439 4344 2601 4399 Tituli
2625 4359 2753 4413 ergo
2797 4342 2956 4412 hujus
2999 4344 3227 4397 intentio
3257 4342 3380 4404 talis
3411 4351 3513 4405 est,

1937 4451 2013 4506 ut,
2057 4443 2108 4493 in
2135 4440 2312 4508 ﬁnem,
2353 4436 2597 4506 designet
2624 4435 2912 4490 Dominum
2946 4433 3263 4489 Christum:
3288 4451 3380 4504 pro
3412 4443 3518 4486 tor-

1936 4532 2223 4595 cularibus,
2267 4528 2551 4583 ecclesiam
2583 4525 3051 4596 perseeutionibus
3092 4524 3462 4584 examinatam
3501 4542 3515 4577 :

1940 4623 2137 4692 Asaph,
2160 4618 2636 4690 congregationem
2667 4632 2679 4670 :
2703 4617 2883 4686 quinta
2909 4614 3134 4679 sabbati,
3166 4614 3516 4684 baptismum.

1941 4715 2092 4769 Unde
2116 4713 2384 4780 colligitur
2408 4709 2668 4780 psalmum
2708 4709 2759 4761 in
2793 4706 3035 4762 Ecclesia
3088 4706 3298 4761 Domini
3328 4707 3393 4761 de
3443 4723 3524 4761 τες

1940 4817 2196 4880 generata
2240 4803 2656 4874 congregatione
2685 4814 2804 4855 esse
2845 4801 3174 4854 locuturum.
3222 4799 3336 4854 Hoc
3374 4800 3519 4853 enim

1940 4902 2118 4970 Asaph
2151 4899 2215 4951 ad
2245 4898 2528 4951 historiam
2552 4895 2771 4964 quidem
2797 4894 3072 4963 loquitur:
3103 4893 3195 4948 sed
3221 4891 3413 4946 melius
3436 4892 3520 4945 in—

1942 4989 2197 5059 telligitur
2217 4987 2568 5056 spiritualiter
2598 5002 2626 5039 a
2659 4985 2854 5055 populo
2883 4984 3212 5038 Christiano.
3243 4981 3420 5037 Lacus
3445 4983 3519 5036 in-

1941 5081 2151 5135 fernum
2181 5078 2472 5147 significat,
2510 5086 2562 5131 ut
2605 5079 2657 5132 in
2703 5077 2982 5147 psalterio.
3020 5074 3317 5131 Posucrunt
3351 5093 3426 5128 me
3467 5076 3519 5127 in

1939 5172 2055 5224 lacn
2087 5171 2345 5238 infcriori,
2385 5179 2436 5223 et
2468 5169 2593 5222 alibi
2628 5187 2640 5221 :
2675 5168 3014 5223 Dedurerunt
3039 5169 3092 5221 in
3123 5168 3296 5221 lacum
3341 5168 3520 5221 mortis

1938 5263 2092 5316 vitam
2125 5277 2289 5314 meam
2318 5257 2492 5332 (Psal.
2529 5259 2794 5331 Lxxxvn).

2513 5371 2739 5427 CAPUT
2781 5369 2966 5426 XXVI.

2477 5441 2554 5496 De
2594 5442 2988 5496 munitionibus.

2012 5535 2274 5589 Munitum
2312 5531 2396 5588 vel
2428 5534 2816 5588 munimentum
2843 5531 3078 5597 dictum,
3111 5533 3231 5600 quia
3260 5549 3417 5585 nmnu
3442 5542 3525 5586 cst

1939 5631 2158 5683 factum.
2191 5625 2398 5680 Cohors
2428 5624 2559 5696 [_Al.,
2585 5621 2730 5694 cors]
2753 5630 2940 5676 vocata
2962 5661 2976 5687 ,
3009 5623 3092 5677 vel
3115 5623 3255 5691 quod
3283 5630 3524 5676 coaretet

1937 5727 2128 5777 cuncta
2169 5734 2289 5788 qua:
2317 5717 2545 5771 interius
2561 5725 2707 5780 sunt,
2733 5715 2783 5768 id
2808 5724 2910 5779 est,
2933 5716 3244 5778 concludat;
3277 5715 3361 5768 vel
3384 5715 3523 5782 quod

1938 5819 2187 5868 coerceat
2223 5807 2435 5879 objecta
2474 5824 2572 5866 suo
2611 5815 2899 5864 extraneos
2941 5815 2994 5861 et
3037 5806 3184 5861 adire
3217 5805 3519 5874 prohibeat.
