3922 6364
407 372 506 427 ΜΠ

1085 367 1143 422 Β.
1188 362 1440 420 RABANI
1471 360 1696 422 'MAURI
1730 356 2048 420 ARCHIEP.
2089 359 2397 420 MOGUNT.
2439 364 2726 422 OPERUM
2764 365 2944 421 PARS
2981 367 3044 421 ll.

3561 365 3670 426 408

402 483 615 539 Vallum
644 489 763 547 est,
793 481 937 548 quod
976 479 1116 534 mole
1157 485 1316 532 terrae
1353 477 1604 549 erigitur,
1643 485 1704 532 ut
1745 476 1989 532 custodia
2013 477 2070 537 Α
2093 480 2410 537 innocenter
2437 483 2646 549 vivunt,
2698 485 2778 539 sic
2815 493 2869 538 et
2897 486 3065 540 caulae
3095 494 3338 540 sanctam
3373 485 3671 540 Ecclesiam

399 572 785 644 praetendatur.
817 569 1031 625 Dictum
1053 576 1234 623 autem
1257 583 1289 622 a
1314 553 1487 622 vallis.
1511 567 1648 622 Nam
1678 566 1802 622 valli
1825 565 1982 629 dicti,

400 667 544 736 quod
573 665 808 736 ﬁgantur
837 669 892 718 et
916 663 1204 720 vellantur.
1235 661 1526 717 Intervalla
1555 671 1683 717 sunt
1707 662 1880 733 spatia
1903 662 1989 715 in-

400 768 487 814 ter
514 756 692 827 capita
719 754 1005 820 vallorum,
1037 752 1094 808 id
1121 760 1227 818 est,
1260 753 1528 823 stipitum,
1556 753 1752 823 quibus
1786 750 1987 806 vallum

396 851 497 906 ﬁt:
529 849 673 905 unde
706 855 761 902 et
793 855 989 902 caetera
1023 860 1239 916 quoque
1286 845 1460 915 spatia
1488 845 1746 900 dicuntur
1770 859 1802 898 a
1833 844 1988 913 stipi-

398 942 544 998 tibus
586 940 811 996 scilicet.
861 938 1039 1010 Agger
1087 946 1172 993 est
1209 936 1499 1006 cujuslibet
1550 937 1630 992 rei
1677 936 1986 1002 acervatio,

395 1032 538 1086 unde
567 1029 725 1085 fossae
749 1034 843 1083 aut
870 1026 1038 1082 valles
1061 1033 1292 1098 possunt
1317 1025 1536 1096 repleri.
1563 1025 1744 1097 Agger
1766 1026 1987 1096 proprie

396 1122 593 1178 dicitur
624 1129 770 1177 terra
807 1129 1046 1191 aggesta,
1076 1134 1197 1188 quae
1222 1118 1364 1174 vallo
1397 1117 1545 1174 facto
1572 1118 1794 1189 propius
1826 1119 1986 1189 poni-

398 1223 491 1268 tur
521 1232 534 1266 :
569 1213 666 1268 sed
695 1212 918 1266 abusive
942 1217 999 1266 et
1028 1223 1212 1265 muros
1244 1217 1301 1264 et
1324 1210 1661 1264 munimenta
1691 1207 1873 1263 omnia
1895 1224 1989 1280 ag-

398 1321 580 1376 gerem
608 1306 856 1360 dicimus.
890 1302 1108 1358 Vallum
1135 1304 1282 1358 enim
1313 1303 1401 1359 vel
1430 1317 1591 1372 agger
1619 1302 1675 1356 in
1699 1302 1986 1372 scripturis

399 1395 896 1466 coangustationem
929 1395 1162 1474 hostium
1194 1394 1481 1465 signiﬁcat,
1524 1409 1631 1464 qua
1663 1395 1848 1449 hostes
1899 1408 1990 1448 co-

397 1495 614 1541 arctant
659 1501 753 1541 eos
781 1486 978 1554 quibus
1008 1499 1204 1540 nocere
1229 1484 1437 1540 volunt.
1471 1483 1625 1539 Unde
1660 1484 1729 1539 ad
1767 1483 1989 1540 Jerusa-

399 1579 506 1633 lem
545 1579 805 1634 Dominus
825 1579 881 1631 in
910 1577 1204 1647 Evangelio
1234 1577 1311 1630 ait
1340 1593 1354 1630 :
1401 1575 1619 1630 Veniant
1661 1576 1771 1630 dies
1797 1578 1852 1630 in
1892 1586 1940 1629 te
1969 1617 1984 1643 ,

394 1678 443 1722 et
467 1669 866 1723 circumdabant
889 1677 939 1722 te
961 1667 1164 1722 inimici
1184 1668 1261 1720 tui
1287 1666 1422 1721 vallo
1444 1708 1458 1733 ,
1489 1677 1537 1721 et
1570 1669 1989 1738 coangustabunt

396 1758 648 1829 undique,
675 1767 723 1813 et
749 1759 818 1812 ad
848 1768 1044 1812 terram
1069 1767 1394 1828 prosternant
1417 1767 1465 1811 te
1507 1765 1559 1811 et
1575 1757 1713 1824 ﬁlios
1738 1767 1854 1814 tuos
1898 1762 1987 1830 qui

394 1851 450 1904 in
477 1862 525 1904 te
551 1860 671 1905 sunt
696 1850 846 1922 (Luc.
872 1848 1018 1921 XIX);
1045 1852 1188 1920 quod
1210 1849 1480 1920 signiﬁcat
1501 1849 1695 1905 animae
1714 1851 1985 1918 humanae,

397 1959 518 2013 qua:
557 1943 696 1998 visio
725 1944 877 2012 pacis
922 1942 1110 1998 debuit
1155 1956 1297 2007 esse,
1355 1949 1577 2012 propter
1621 1950 1847 2011 peccata
1890 1957 1988 1996 sua

396 2034 722 2104 angustiam.
750 2034 852 2100 Qui
882 2047 1115 2102 namque
1159 2040 1284 2088 sunt
1311 2033 1562 2087 humana:
1593 2033 1790 2087 animae
1819 2032 1990 2102 majo-

393 2141 483 2182 res
514 2127 738 2192 inimici,
765 2141 927 2195 quam
951 2126 1171 2196 maligni
1197 2126 1454 2194 spiritus?
1478 2125 1570 2194 qui
1599 2125 1742 2180 hanc
1761 2139 1990 2195 corpore

394 2228 683 2277 exeuntem
708 2219 981 2283 obsident,
1025 2233 1190 2286 quam
1227 2217 1282 2272 in
1306 2216 1488 2272 carnis
1516 2214 1700 2272 amore
1727 2217 1987 2287 positam,

397 2311 721 2382 deceptoriis
741 2309 1193 2366 delectationibus
1211 2307 1416 2372 fovent,
1432 2308 1575 2361 hanc
1596 2307 1652 2360 in
1673 2307 1986 2362 societatem

394 2420 504 2460 suae
529 2403 894 2458 damnationis
919 2401 1196 2456 trahentes
1218 2407 1521 2464 coarctant,
1553 2399 1693 2453 utin
1725 2399 1843 2468 ipsa
1873 2397 1990 2468 jam

391 2496 736 2552 extremitate
767 2495 892 2549 vitae
921 2494 1282 2564 deprehensa,
1314 2509 1344 2547 a
1377 2493 1574 2562 quibus
1602 2491 1851 2548 hostibus
1875 2493 1987 2547 cir-

394 2587 670 2641 cumclusa
715 2586 808 2650 sit,
834 2585 1032 2650 videat,
1065 2595 1121 2640 et
1149 2592 1331 2639 tamen
1369 2583 1636 2638 evadendi
1669 2582 1878 2637 aditum
1907 2583 1990 2636 in-

391 2677 580 2731 venire
605 2692 711 2730 non
742 2677 947 2746 possit:
982 2675 1110 2746 quia
1138 2677 1353 2746 operari
1378 2674 1490 2744 jam
1520 2676 1663 2731 bona
1692 2691 1801 2731 non
1840 2674 1986 2743 licet,

391 2784 512 2838 quae
549 2783 672 2822 cum
708 2767 861 2822 licuit
893 2781 1051 2836 agere
1093 2767 1435 2838 contempsit.
1463 2750 1991 2836 Maceriaelsuntpa-

393 2861 558 2915 rietes
584 2859 753 2930 longi,
785 2860 982 2930 quibus
1020 2859 1191 2914 vinea:
1229 2859 1442 2929 aliaque
1464 2859 1810 2914 clauduntur.
1851 2857 1991 2914 Lon-

392 2968 518 3022 gum
561 2951 708 3004 enim
729 2950 904 3006 Graeci
945 2966 1167 3005 macron
1210 2951 1417 3006 dicunt.
1449 2949 1619 3020 Sepes
1647 2950 1990 3005 munimenta

393 3052 633 3096 satorum
663 3049 808 3107 sunt,
837 3041 961 3096 inde
989 3050 1043 3096 et
1090 3042 1388 3112 appellatae.
1437 3041 1669 3097 Maceria
1700 3041 1787 3097 vel
1833 3055 1991 3111 sepes

394 3135 622 3204 mystice
650 3134 965 3205 angelorum
993 3136 1294 3190 custodiam
1321 3135 1645 3206 signiﬁcant,
1697 3150 1804 3205 qua
1832 3134 1987 3206 plebs

395 3227 518 3292 Dei,
546 3241 668 3296 quae
692 3226 849 3281 vinea
879 3226 1089 3282 Domini
1121 3226 1362 3283 Sabaoth
1407 3241 1506 3297 per
1533 3228 1856 3298 prophetam
1885 3241 1985 3297 ap-

389 3317 593 3386 pellata
642 3325 769 3383 est,
820 3317 1334 3374 circumvallabatur
1388 3327 1551 3388 atque
1614 3318 1982 3373 muniebatur.

397 3407 553 3462 Unde
605 3408 658 3461 in
694 3407 830 3463 Isaia
861 3409 1122 3477 scriptum
1152 3417 1236 3464 est
1267 3427 1279 3462 :
1320 3407 1489 3462 Vinea
1515 3407 1658 3476 facta
1681 3417 1757 3462 est
1799 3407 1988 3462 dilecto

393 3500 452 3551 in
477 3515 640 3553 cornu
670 3499 781 3568 ﬁlio
813 3499 913 3554 olei
942 3499 1078 3571 (Isa.
1129 3500 1203 3572 v).
1233 3500 1301 3554 Et
1327 3507 1450 3569 post
1477 3499 1754 3569 paululum
1780 3517 1792 3552 :
1824 3498 1989 3568 Aufe-

395 3607 532 3654 ram,
550 3590 751 3658 inquit,
775 3607 945 3660 sepem
970 3591 1104 3661 ejus,
1120 3600 1169 3646 et
1186 3591 1283 3645 erit
1298 3591 1354 3644 in
1378 3589 1740 3659 direptionem.
1761 3588 1987 3643 Diruam

395 3682 680 3733 maceriam
707 3682 842 3746 eius,
869 3692 916 3736 et
961 3684 1056 3736 erit
1089 3683 1147 3736 in
1189 3683 1633 3737 conculcationem
1666 3679 1879 3753 (Ibid.).
1922 3679 1989 3734 Et

397 3772 453 3825 in
477 3771 768 3842 Evangelio
800 3773 913 3841 ipse
945 3773 1206 3828 Dominus
1239 3773 1375 3826 texit
1401 3772 1717 3842 parabolam
1759 3771 1944 3826 dicens
1971 3787 1984 3823 :

400 3861 571 3916 Homo
600 3863 815 3932 quidam
837 3873 949 3917 erat
967 3863 1372 3933 paterfamilias,
1398 3863 1488 3932 qui
1505 3858 1763 3931 plantavit
1782 3861 1986 3915 vineam

394 3962 441 4004 et
466 3969 636 4022 sepem
660 3951 1001 4006 circumdedit
1035 3953 1082 4006 ei
1118 3949 1331 4018 (Matth.
1366 3949 1504 4021 XXI).
1536 3949 1669 4004 Item
1697 3949 1753 4003 in
1779 3947 1987 4003 Psalte-

398 4045 479 4098 rio
509 4044 574 4098 de
611 4045 799 4099 eadem
841 4043 998 4099 vinea
1033 4045 1108 4098 ita
1147 4043 1343 4112 legitur
1389 4060 1402 4096 :
1446 4041 1767 4096 Destruxisti
1807 4057 1986 4095 omnes

397 4136 653 4187 macerias
695 4135 830 4204 ejus,
878 4133 1098 4203 posuisti
1147 4133 1461 4186 munitiones
1506 4131 1620 4199 ejus
1649 4131 1705 4182 in
1744 4129 1987 4199 formidi-

394 4244 510 4281 nem
537 4219 708 4297 (Psal.
737 4225 949 4296 LXXIX).
994 4225 1177 4294 Itaque
1213 4223 1451 4278 maceria
1480 4232 1580 4286 est,
1611 4237 1730 4291 quae
1774 4221 1890 4276 loca
1921 4223 1986 4276 ad

399 4319 635 4388 aliquam
694 4317 988 4371 utilitatem
1053 4322 1353 4385 praeparata
1430 4311 1759 4368 defensionis
1824 4326 1986 4366 causa

394 4409 715 4463 communit.
746 4407 872 4462 Haec
901 4423 1008 4462 non
1038 4404 1423 4460 commixtione
1449 4403 1530 4458 rei
1556 4401 1780 4455 alterius
1816 4399 1984 4455 aediﬁ-

395 4505 570 4561 catur,
609 4496 703 4551 sed
726 4496 780 4549 in
807 4496 1032 4566 parietis
1055 4495 1274 4550 modum
1301 4507 1558 4547 saxorum
1590 4499 1800 4545 tantum
1845 4491 1981 4545 adu-

397 4591 619 4642 natione
667 4587 1022 4651 construitur,
1073 4587 1142 4639 ad
1179 4584 1334 4653 cujus
1377 4581 1785 4637 similitudinem
1828 4581 1982 4650 ponit

397 4680 700 4750 simplicem
729 4677 879 4732 illam
915 4677 1281 4743 invictamque
1303 4671 1672 4727 defensionem
1714 4669 1980 4734 divinam,

393 4789 556 4844 quam
613 4786 835 4827 necesse
891 4770 993 4826 fuit
1044 4769 1305 4832 amoveri,
1351 4775 1410 4820 ut
1491 4778 1623 4835 gens
1674 4762 1982 4817 Iudaeorum

392 4864 659 4935 potuisset
705 4863 945 4917 hostium
993 4860 1301 4915 incursione
1340 4855 1564 4911 vastari.
1610 4853 1982 4908 Pulcherrime

397 4964 581 5008 autem
619 4953 824 5009 dictum
853 4958 976 5005 est:
1018 4948 1335 5004 Munitiones
1380 4947 1494 5016 ejus
1523 4946 1743 5015 posuisti
1774 4946 1828 4997 in
1867 4941 1980 5011 for-

397 5044 647 5098 midinem
694 5060 711 5097 :
769 5051 829 5096 ut
869 5040 1041 5110 culpis
1086 5036 1412 5093 facientibus
1461 5037 1638 5105 ipsum
1691 5033 1978 5089 Dominum

402 5133 778 5196 formidarent,
811 5130 965 5200 cujus
997 5131 1246 5185 solebant
1288 5127 1589 5182 munitione
1615 5126 1824 5179 vallari.
1870 5123 1979 5178 Ma-

395 5224 540 5278 ceria
569 5237 698 5292 ergo
729 5219 998 5291 signiﬁcat
1025 5233 1240 5274 crucem
1268 5217 1492 5282 Christi,
1530 5224 1587 5269 ut
1615 5215 1832 5286 quidam
1880 5229 1976 5270 vo-

396 5319 533 5382 lunt,
565 5323 625 5370 ut
651 5322 734 5370 est
760 5313 890 5368 illud
941 5310 1188 5367 Psalterii
1229 5323 1244 5363 :
1289 5309 1562 5378 Tanquam
1601 5307 1787 5376 parieti
1828 5304 1980 5359 incli-

398 5415 520 5458 nato
548 5414 594 5458 et
637 5404 881 5457 maceria:
926 5398 1166 5470 impulsa:
1194 5395 1365 5468 (Psal.
1412 5396 1542 5466 ut).
1574 5394 1754 5450 Caula:
1797 5393 1978 5447 muni-

399 5502 582 5547 menta
641 5494 822 5548 ovium
879 5491 965 5546 vel
1001 5491 1303 5560 sepimenta
1355 5485 1597 5542 ovillum.
1638 5484 1734 5539 Est
1800 5493 1979 5539 autem

404 5597 597 5638 nomen
670 5597 946 5652 graecum,
1007 5599 1034 5635 c
1094 5581 1356 5636 detracta.
1409 5576 1548 5631 Nam
1594 5573 1767 5630 Graeci
1833 5573 1983 5628 aulas

401 5683 599 5728 vocant
621 5672 937 5726 animalium
968 5669 1327 5740 receptacula.
1356 5663 1657 5735 Allegorice
1677 5674 1857 5718 autem
1883 5664 1985 5719 sic-

401 5772 456 5816 ut
487 5775 615 5818 oves
664 5763 948 5832 religiosos
995 5762 1264 5824 homines,
1308 5759 1399 5827 qui
1436 5754 1706 5811 mansueti
1755 5763 1881 5809 sunt
1929 5763 1984 5808 et

2090 574 2416 644 signiﬁcant,
2457 577 2549 631 ubi
2583 592 2713 634 oves
2749 577 2950 635 Christi
2990 580 3178 650 posita:
3203 587 3595 636 conservantur
3615 585 3674 635 et

2088 686 2120 726 a
2143 672 2331 728 bestiis
2353 671 2731 729 defenduntur.

2639 783 2866 841 CAPUT
2902 784 3115 842 XXVII.

2695 877 2776 933 De
2806 878 3063 934 tentoriis.

2161 990 2530 1048 Tabernacula
2581 993 2815 1048 tentoria
2863 1001 2989 1048 sunt
3037 992 3310 1058 militum,
3367 991 3565 1063 quibus
3619 989 3673 1045 in

2089 1082 2285 1139 itinere
2341 1083 2471 1139 solis
2522 1082 2778 1147 ardores,
2833 1090 3321 1152 tempestatemque
3377 1081 3672 1145 imbrium,

2090 1173 2413 1245 frigorisque
2459 1172 2687 1242 injurias
2729 1173 2922 1226 vitant.
2982 1172 3135 1228 Dicta
3192 1179 3372 1226 autem
3423 1171 3678 1225 tabema—

2089 1265 2250 1329 cula,
2296 1265 2438 1332 quod
2484 1263 2706 1319 cortinae
2755 1263 3002 1316 distenta:
3047 1261 3295 1325 funibus,
3341 1260 3539 1314 tabulis
3589 1259 3677 1313 in-

2092 1354 2476 1419 terstantibus,
2530 1352 2962 1422 appenderentur
2986 1392 3002 1418 ,
3056 1367 3176 1422 quae
3229 1350 3460 1405 tentoria
3513 1348 3681 1405 susti-

2091 1455 2303 1503 tierent.
2376 1445 2690 1501 Tentorium
2759 1453 3010 1500 vocatum
3085 1460 3151 1500 eo
3215 1446 3359 1514 quod
3427 1443 3682 1498 tendatur

2090 1538 2311 1594 funibus
2350 1545 2514 1607 atque
2555 1537 2773 1607 paxillis
2798 1578 2812 1603 ,
2860 1537 3000 1591 unde
3041 1543 3096 1591 et
3137 1535 3298 1592 hodie
3338 1534 3683 1606 prmtendere

2091 1631 2311 1685 dicitur.
2401 1629 2624 1701 Mystice
2705 1629 2996 1684 tentorium
3080 1629 3195 1684 sive
3265 1626 3677 1684 tabernaculum

2092 1729 2185 1776 aut
2245 1729 2570 1792 praesentem
2630 1722 2916 1776 ecclesiam
2981 1721 3291 1791 signiﬁcat,
3359 1722 3500 1778 sicut
3545 1718 3682 1775 illud

2016 1831 2064 1891 Β
2096 1813 2501 1870 tabernaculum
2543 1814 2836 1868 Mosaicum
2887 1814 2941 1866 in
2983 1815 3194 1870 deserto
3226 1815 3280 1869 in
3328 1813 3487 1882 hujus
3538 1827 3682 1883 prm-

2093 1907 2411 1978 ﬁguratione
2454 1906 2732 1962 conditum
2777 1917 2904 1962 est:
2954 1915 3046 1961 aut
3095 1908 3565 1978 congregationem
3615 1903 3683 1960 ﬁ-

2092 1995 2292 2052 delium
2341 2009 2410 2051 ex
2466 1995 2717 2066 gentibus
2745 2036 2759 2060 ,
2814 1996 2956 2050 sicut
3014 1995 3142 2050 illud
3193 2003 3276 2050 est
3329 1994 3679 2050 Psalmistae:

2094 2083 2268 2150 Quam
2297 2084 2548 2138 amabilia
2575 2094 2696 2138 sunt
2729 2083 3065 2139 tabernacula
3095 2094 3210 2151 tua,
3241 2084 3463 2139 Domine
3487 2082 3679 2155 (Psal.

2092 2176 2382 2246 Lxxxn'r);
2441 2177 2526 2231 vel
2579 2176 2946 2234 conditionem
2999 2177 3244 2246 corporis
3296 2177 3550 2241 humani,
3607 2176 3682 2232 de

2091 2283 2199 2338 quo
2253 2267 2384 2322 dicit
2430 2268 2767 2338 Apostolus:
2823 2269 3070 2335 Quandiu
3121 2287 3300 2325 sumus
3354 2272 3410 2325 in
3460 2272 3555 2325 hoc
3598 2280 3682 2325 ta-

2093 2357 2412 2425 bernaculo,
2471 2358 2858 2428 ingemiscimus
2919 2359 3162 2429 gravati,
3227 2360 3457 2415 nolentes
3519 2376 3683 2430 expo-

2092 2449 2248 2514 liari,
2299 2449 2390 2502 sed
2440 2450 2771 2519 supervestiri
2827 2448 2931 2520 (II
2971 2447 3091 2504 Cor.
3134 2450 3229 2522 v).
3281 2450 3415 2505 Item
3468 2449 3680 2521 cogita-

2091 2541 2295 2596 tionem
2340 2540 2537 2595 mentis
2578 2541 2847 2612 signiﬁcat
2894 2541 3336 2608 tabernaculum,
3381 2549 3444 2596 ut
3485 2549 3569 2597 est
3610 2541 3680 2596 il-

2091 2632 2183 2689 lud
2233 2632 2375 2687 beati
2421 2629 2563 2688 Job:
2616 2632 2765 2703 Ignis
2810 2634 3024 2688 devorat
3073 2630 3410 2687 tabernacula
3454 2632 3678 2698 eorum,

2091 2725 2183 2796 qui
2235 2740 2454 2778 munera
2510 2723 2726 2778 libenter
2777 2724 3041 2792 accipiunt
3096 2722 3260 2792 (Job.
3316 2721 3477 2794 xv);
3535 2721 3684 2779 sicut

2091 2814 2242 2869 enim
2295 2829 2494 2883 corpus
2552 2813 2607 2867 in
2676 2813 3065 2879 tabernaculo,
3121 2813 3201 2868 sic
3254 2828 3407 2868 mens
3465 2812 3683 2868 habitat

2091 2907 2148 2962 in
2209 2906 2579 2975 cogitatione:
2647 2905 2743 2961 sed
2807 2906 2944 2976 ignis
3006 2905 3352 2960 tabernacula
3406 2906 3674 2970 devorat,

2091 2997 2220 3053 dum
2273 3005 2438 3053 aestus
2489 2997 2730 3052 avaritia:
2782 2997 3136 3067 cogitationes
3191 2998 3456 3052 devastat.

2630 3105 2857 3163 CAPUT
2895 3106 3127 3162 XXVIII.

2685 3199 2764 3253 De
2811 3199 3082 3270 sepulcris.

2165 3312 2484 3383 Sepulcrum
2514 3329 2544 3367 a
2568 3313 2775 3384 sepulto
2798 3314 3020 3368 dictum.
3051 3313 3210 3370 Prius
3235 3320 3418 3368 autem
3438 3315 3680 3384 quisque

2093 3403 2147 3458 in
2193 3403 2352 3458 domo
2381 3419 2476 3458 sua
2505 3404 2869 3473 sepeliebatur
2901 3421 2912 3457 :
2941 3413 3129 3476 postea
3158 3403 3380 3459 vetitum
3423 3413 3508 3459 est
3543 3404 3679 3475 legi-

2090 3493 2192 3548 bus
2214 3533 2228 3558 ,
2253 3508 2323 3547 ne
2367 3492 2543 3549 fetore
2575 3493 2692 3562 ipso
2718 3509 2943 3564 corpora
2984 3493 3277 3548 viventium
3305 3499 3562 3549 contacta
3595 3493 3680 3547 in-

2092 3583 2400 3639 ﬁcerentur.
2433 3583 2834 3639 Monumentum
2870 3585 2990 3640 ideo
3030 3592 3394 3655 nuncupatur,
3428 3599 3496 3639 eo
3530 3583 3678 3655 quod

2091 3683 2326 3729 mentem
2365 3684 2584 3729 moneat
2613 3677 2680 3729 ad
2706 3675 2944 3731 defuncti
2978 3677 3315 3732 memoriam.
3355 3674 3492 3731 Cum
3529 3677 3678 3730 enim

2093 3781 2200 3820 non
2247 3766 2448 3820 videris
2488 3775 2896 3822 monumentum
2922 3808 2936 3833 ,
2986 3767 3114 3822 illud
3166 3776 3288 3833 est,
3336 3767 3482 3836 quod
3537 3766 3680 3822 scri-

2090 3865 2238 3925 ptum
2270 3863 2353 3910 est
2380 3874 2394 3909 :
2425 3856 2640 3910 Excidit
2685 3867 2935 3928 tanquam
2964 3865 3200 3912 mortuus
3241 3874 3274 3910 a
3331 3857 3505 3911 corde.
3538 3856 3678 3912 Cum

2091 3957 2270 4001 autem
2299 3947 2532 4012 videris,
2557 3955 2745 4004 monet
2773 3956 3012 4004 mentem
3042 3990 3055 4014 ,
3088 3941 3239 4007 et.ad
3268 3948 3589 4003 memoriam
3620 3955 3680 4004 te

2091 4036 2335 4102 reducit,
2368 4045 2429 4090 ut
2454 4046 2728 4092 mortuum
2757 4038 3081 4093 recorderis.
3112 4036 3462 4092 Monumenta
3492 4038 3678 4106 itaque

2090 4138 2144 4183 et
2173 4128 2449 4182 memoria:
2477 4143 2577 4198 pro
2608 4129 2806 4183 mentis
2848 4128 3214 4184 admonitione
3255 4128 3432 4182 dictae.
3469 4127 3680 4183 Tumu-

2091 4217 2173 4270 lus
2213 4218 2417 4281 dictus,
2450 4217 2606 4288 quasi
2657 4227 2868 4273 tumens
2912 4218 3089 4273 tellus.
3135 4217 3517 4288 Sarcophagus
3541 4231 3682 4287 grae-

2090 4322 2210 4361 cum
2244 4314 2358 4370 cst,
2396 4321 2462 4362 eo
2507 4306 2651 4375 quod
2698 4307 2772 4361 ibi
2812 4322 3039 4377 corpora
3083 4316 3513 4362 consumantur:
3547 4321 3680 4361 sarx

2088 4397 2233 4452 enim
2266 4411 2441 4466 graece
2468 4413 2596 4452 caro
2616 4439 2628 4463 ,
2659 4398 2893 4469 phagein
2940 4399 3226 4454 comedere
3254 4399 3473 4454 dicitur.
3529 4399 3680 4454 Mau-

2093 4488 2251 4542 solzea
2298 4498 2426 4543 sunt
2489 4489 2736 4559 sepulcra
2800 4490 2888 4543 vel
2955 4499 3304 4544 monumenta
3371 4502 3590 4559 regum,
3643 4504 3678 4544 a

2091 4579 2377 4634 Mausolaao
2439 4594 2566 4650 rege
2627 4579 3006 4651 JEgyptiorum
3067 4580 3229 4634 dicta.
3273 4579 3410 4633 Nam
3460 4595 3526 4634 eo
3577 4577 3674 4634 de-

2088 4671 2274 4726 functo
2333 4685 2470 4726 uxor
2525 4671 2643 4739 ejus
2692 4671 2843 4724 mirae
2891 4669 3281 4738 magnitudinis
3325 4676 3381 4722 et
3425 4668 3674 4738 pulchri-

2091 4764 2292 4818 tudinis
2336 4763 2604 4817 exstruxit
2657 4761 2995 4830 sepulcrum,
3048 4759 3353 4822 intantum,
3395 4767 3457 4812 ut
3499 4774 3679 4832 usque

2090 4853 2250 4908 hodie
2293 4854 2474 4908 omnia
2514 4861 2865 4908 monumenta
2907 4852 3141 4922 pretiosa
3185 4866 3253 4904 ex
3292 4851 3511 4906 nomine
3555 4851 3679 4919 ejus

2092 4943 2381 4998 mausolsca
2435 4952 2833 5013 nuncupentur.
2903 4943 3151 5014 Pyramis
3213 4951 3297 4997 est
3357 4957 3526 5013 genus
3581 4957 3674 4997 se-

2088 5034 2398 5103 pulcrorum
2465 5034 2788 5102 quadratum
2845 5041 2901 5088 et
2960 5033 3292 5104 fastigiatum
3347 5033 3488 5086 ultra
3556 5048 3678 5087 om-

2089 5139 2214 5178 nem
2270 5123 2712 5178 excelsitudinem
2742 5164 2756 5188 ,
2821 5138 2941 5191 quae
3002 5121 3120 5186 ﬁeri
3178 5137 3342 5175 manu
3413 5123 3584 5192 possit
3655 5139 3670 5177 :

2086 5218 2230 5273 unde
2280 5227 2334 5271 et
2387 5232 2697 5272 mensuram
2761 5216 3075 5270 umbrarum
3140 5230 3404 5287 egressae,
3462 5215 3673 5270 nullam

2089 5309 2287 5362 habere
2346 5306 2592 5361 umbram
2659 5305 2932 5360 dicuntur.
3001 5305 3117 5359 Tali
3183 5315 3365 5360 autem
3434 5304 3668 5360 aediﬁcio

2089 5407 2347 5466 surgunt,
2401 5405 2464 5453 ut
2509 5410 2540 5450 a
2594 5395 2703 5450 lato
2755 5396 3049 5465 incipiant,
3099 5405 3154 5450 et
3209 5396 3262 5449 in
3321 5405 3552 5466 angusto
3609 5395 3674 5448 ﬁ-

2088 5489 2348 5554 niantur,
2417 5489 2558 5542 sicut
2620 5487 2780 5557 ignis.
2845 5487 2954 5558 Pyr
3023 5488 3166 5542 enim
3240 5485 3439 5540 dicitur
3505 5487 3668 5555 ignis.

2088 5577 2196 5631 Has
2247 5576 2513 5647 Egyptus
2561 5576 2766 5630 habet:
2823 5575 2964 5644 apud
3009 5575 3243 5645 majores
3292 5573 3435 5626 enim
3480 5581 3674 5642 poten-

2087 5678 2170 5723 tes
2226 5676 2320 5721 aut
2372 5664 2471 5720 sub
2524 5666 2798 5721 montibus
2865 5674 2958 5720 aut
3025 5665 3079 5718 in
3137 5663 3387 5718 domibus
3441 5662 3671 5730 sepelie—

2089 5758 2303 5811 bantur.
2347 5753 2474 5808 Inde
2501 5761 2733 5808 tractum
2781 5761 2892 5820 est,
2943 5760 3002 5806 ut
3045 5765 3206 5820 super
3252 5751 3518 5805 cadavera
3573 5759 3675 5806 aut
