3922 6360
197 402 296 459 ιω

1163 402 1253 460 DE
1292 402 1641 462 UNIVEBSO
1678 402 1861 460 LIBRI
1898 403 2062 462 XXII.
2100 435 2172 446 —
2208 405 2337 463 LIB.
2378 405 2517 463 XIV.

3372 413 3478 468 M0

196 522 509 595 pyramides
561 520 796 589 ﬁerent,
846 528 942 576 aut
994 521 1242 591 ingentes
1299 519 1565 575 columnae
1614 518 1785 575 collo-
1812 518 2344 594 Aperegrinationis
2398 540 2507 579 suae
2562 524 2617 579 in
2675 525 2874 580 casulis
2930 526 3196 582 habitare.
3252 526 3322 583 Et
3375 543 3475 599 per

196 623 473 671 carentur.
534 612 761 683 Mystice
813 611 1123 682 sepulcrum
1178 608 1468 681 aliquando
1521 607 1791 664 occultam

197 703 500 776 nequitiam
548 703 663 758 sive
708 702 1087 757 haereticorum
1130 699 1569 771 praedicationem
1619 698 1793 769 signi-

198 795 343 852 ﬂeat.
385 791 543 849 Unde
579 791 868 847 PSalmista
898 790 1031 846 dicit
1059 808 1073 844 :
1119 787 1433 861 Sepulcrum
1462 796 1645 859 patens
1674 797 1793 859 gut-

198 893 287 939 tur
336 900 517 940 eorum
567 881 759 955 (Psal.
799 897 899 939 xm
923 881 964 954 ).
1021 879 1343 953 Sepulcrum
1390 879 1539 936 enim
1587 880 1791 936 mortui

198 983 385 1049 guttur
420 984 507 1032 est
538 974 884 1040 mentientis,
929 973 1023 1046 qui
1063 972 1397 1030 exitiabilem
1442 972 1546 1027 sibi
1590 972 1792 1027 vanita-

197 1070 307 1123 t‘em
354 1068 412 1122 in
453 1066 703 1122 faucibus
750 1065 1009 1131 revolvit,
1061 1079 1183 1136 quae
1230 1062 1433 1119 malum
1482 1063 1674 1117 mortis
1707 1062 1791 1118 in-

194 1156 351 1228 ﬂigit.
396 1156 542 1213 Bene
584 1164 767 1211 autem
810 1153 1046 1222 addidit,
1088 1163 1271 1227 patens
1302 1168 1321 1207 .'
1366 1153 1511 1224 quod
1556 1154 1604 1211 si
1645 1154 1786 1209 clau-

194 1270 316 1311 sum
346 1264 521 1322 esset,
553 1255 735 1310 minus
785 1254 996 1311 feteret.
1058 1254 1361 1326 Aliquando
1405 1255 1627 1312 fetidam
1660 1271 1789 1313 con-

192 1346 560 1401 versationem
601 1347 905 1417 pec‘catoris
924 1388 929 1397 ς
944 1354 1001 1402 et
1039 1346 1462 1425 avari‘hominis
1496 1346 1784 1418 signiﬁcat.

194 1433 351 1492 Unde
421 1436 567 1492 idem
638 1436 929 1493 Psalmista
984 1437 1103 1504 ait,
1153 1435 1407 1507 Sepulcra
1460 1453 1641 1491 eorum
1695 1437 1791 1491 ἀο-

190 1544 309 1582 mus
352 1544 536 1584 eorum
566 1531 622 1584 in
651 1540 907 1597 (sternam
940 1529 1127 1603 (Psal.
1161 1546 1327 1586 xum
1351 1530 1370 1603 )
1396 1547 1411 1595 ;
1464 1530 1592 1601 quia
1621 1530 1677 1584 in
1708 1529 1792 1585 in-

190 1622 350 1691 depta
392 1622 624 1677 avaritia
664 1632 721 1677 et
758 1622 974 1678 luxuria
1008 1622 1213 1694 eligunt
1250 1634 1622 1693 perseverare.
1653 1618 1788 1675 Item

189 1710 507 1782 sepulcrum
561 1712 834 1783 signiﬁcat
887 1713 1237 1785 hypocritas,
1291 1712 1384 1782 qui
1437 1710 1570 1767 foris
1621 1711 1789 1766 simu-

189 1801 362 1857 latam
401 1803 673 1874 justitiam
709 1804 1041 1872 ostendunt,
1072 1811 1130 1859 et
1157 1804 1305 1860 intus
1345 1803 1649 1875 pleni’sunt
1673 1818 1786 1857 ma-

184 1890 306 1947 litia
350 1872 415 1947 et.
452 1892 676 1961 dolore,
724 1894 792 1950 de
836 1894 1034 1964 quibus
1082 1872 1365 1949 Dominusw
1394 1894 1448 1948 in
1495 1893 1787 1966 Evangelio
1815 1872 1864 1932 Β

185 1980 356 2048 dicit,
394 1984 540 2055 quod
576 1984 783 2040 similes
815 1994 1001 2041 essent
1035 1985 1300 2056 sepulcris
1336 1984 1629 2051 dealbatis,
1668 2001 1789 2056 quae

184 2073 323 2129 foris
391 2084 659 2147 apparent
721 2077 1035 2132 hominibus
1102 2066 1405 2145 speciosa,.
1454 2078 1601 2132 intus
1664 2085 1790 2131 sunt

186 2163 351 2234 plena
379 2165 595 2221 ossibus
625 2175 963 2222 mortuorum
997 2164 1227 2238 (Matth.
1260 2166 1456 2240 χχιιι).
1485 2166 1789 2237 Aliquando

186 2264 373 2311 tamen
425 2255 735 2326 sepulcrum
780 2250 837 2311 in
880 2256 1083 2311 bonam
1129 2264 1341 2325 partem
1388 2255 1677 2326 accipitur,
1728 2263 1789 2310 ut

182 2354 271 2401 est
326 2346 419 2401 illa
475 2346 746 2401 sententia
802 2345 1026 2417 Eliphas
1080 2347 1150 2401 ad
1207 2346 1431 2401 beatum
1486 2344 1784 2401 Job:»ln-

180 2436 438 2507 gredieris
486 2439 543 2489 in
590 2435 917 2490 abundantia
962 2434 1259 2506 sepulcrum
1309 2434 1469 2507 (Job.
1502 2434 1595 2507 v).
1647 2434 1787 2502 Quid

182 2525 422 2596 sepulcri
473 2525 719 2588 nomine,
776 2524 882 2579 nisi
925 2524 1352 2595 contemplativa
1402 2526 1546 2590 vita,
1599 2524 1785 2595 signa-

187 2618 319 2672 tur?
366 2632 489 2687 quae
536 2630 637 2671 nos
682 2615 839 2686 quasi
889 2615 957 2670 ab
1004 2614 1109 2671 hoc
1152 2615 1355 2670 mundo
1406 2622 1655 2693 mortuos
1701 2628 1789 2669 se-

182 2708 414 2779 pelivit,
480 2707 609 2762 dum
671 2720 704 2760 a
762 2705 997 2761 terrenis
1059 2705 1347 2761 desideriis
1395 2713 1678 2775 susceptos
1710 2704 1787 2760 in

184 2798 394 2854 inlimis
440 2795 743 2853 abscondit.
796 2796 889 2851 Ait
935 2809 1067 2865 ergo
1110 2793 1478 2865 :Ingredieris
1520 2795 1577 2849 in
1620 2794 1787 2849 abun-

181 2889 371 2942 dantia
416 2886 732 2957 sepulcrum.
780 2885 876 2940 Vir
915 2885 1116 2955 quippe
1155 2882 1431 2953 perfectus
1476 2876 1786 2953 sepulcrum

183 2981 243 3035 in
295 2978 623 3034 abundantia
669 2976 1015 3048 ingreditur:
1052 2975 1179 3045 quia
1217 2974 1369 3044 prius
1422 2975 1612 3029 activae
1657 2975 1785 3030 vitae

183 3085 355 3140 opera
416 3074 744 3140 congregat,
803 3077 858 3121 et
916 3067 1260 3138 postmodum
1322 3067 1505 3123 carnis
1565 3082 1785 3123 sensum

184 3178 289 3235 per
338 3160 853 3230 contemplationem
902 3168 1177 3215 mortuum
1230 3160 1359 3215 huic
1407 3160 1609 3215 mundo
1658 3159 1782 3216 fun-

185 3231 337 3310 ditus
388 3250 646 3307 occultat.
716 3249 853 3305 Item
905 3251 1215 3321 sepulcrum
1273 3253 1539 3307 memoria
1592 3231 1859 3309 mortisC

183 3353 243 3400 et
286 3343 706 3399 resurrectionis
750 3341 967 3397 Domini
1012 3341 1352 3414 intelligitur,
1404 3352 1464 3397 ut
1509 3344 1563 3397 in
1604 3343 1785 3399 Isaia:

187 3433 258 3487 Et
282 3435 385 3487 erit
407 3432 703 3502 sepulcrum
724 3431 840 3502 ejus
863 3431 1149 3501 gloriosum
1177 3431 1314 3505 (Isa.
1341 3432 1440 3498 ιι).
1467 3431 1788 3502 Sepulcrum

184 3512 392 3591 corpus
445 3520 686 3592 peccatis
735 3519 1010 3575 subditum
1037 3560 1051 3586 ,
1102 3522 1218 3578 sive
1267 3522 1615 3578 simulatores
1661 3522 1785 3593 qui-

184 3628 296 3683 que
316 3653 331 3677 ,
359 3620 420 3665 ut
454 3612 510 3666 in
531 3611 821 3679 Evangelio
850 3625 864 3663 :
902 3609 992 3666 νω
1019 3611 1180 3677 vobis,
1214 3609 1474 3666 Pharisari
1503 3622 1550 3667 et
1578 3611 1783 3680 scribat,

182 3700 280 3771 qui
326 3698 520 3753 similes
565 3699 687 3753 estis
734 3697 988 3768 sepulcris
1016 3698 1275 3755 dealbatis
1309 3699 1547 3770 (Matth.
1582 3699 1783 3772 nm).

184 3791 394 3857 Fossa,
445 3791 721 3846 damnatio
764 3799 1147 3859 peccatorum,
1206 3802 1266 3845 ut
1314 3791 1380 3847 in
1422 3792 1678 3848 Psalmo:
1715 3789 1787 3847 Ut

185 3882 397 3952 mitiges
437 3897 555 3936 eum
581 3898 614 3934 a
642 3880 822 3936 diebus
863 3879 1020 3935 malis
1044 3920 1058 3947 ,
1100 3880 1265 3935 donec
1309 3880 1549 3950 fodiatur
1589 3881 1782 3953 (Psal.

185 3988 329 4029 xcm
352 3970 393 4042 ).
430 3971 599 4026 Fossa
634 3970 912 4025 damnatio
957 3969 1157 4026 diaboli
1198 3970 1283 4026 vel
1329 3971 1688 4037 Antichristi,
1725 3978 1785 4026 ut

186 4065 247 4120 in
302 4064 568 4133 propheta
598 4081 613 4117 :
643 4062 712 4116 Et
754 4062 1077 4132 indagabunt
1126 4061 1309 4127 Assur,
1357 4061 1410 4116 id
1460 4070 1571 4128 est,
1626 4063 1784 4116 Anti-

185 4157 495 4220 christum,
539 4156 598 4209 in
634 4154 777 4225 fossa
817 4153 1053 4208 Nebroth
1099 4151 1306 4226 (Zach.
1340 4170 1369 4207 ιι
1396 4153 1437 4223 ).
1475 4152 1656 4208 Fovea
1690 4153 1785 4208 do-

185 4250 279 4305 lus
331 4247 419 4303 vel
464 4247 689 4316 laqueus
737 4247 792 4301 in
841 4255 1104 4313 mortem,
1158 4256 1219 4301 ut
1268 4248 1321 4301 in
1373 4247 1621 4317 psalmo:
1672 4246 1784 4313 (La-

184 4355 316 4394 cum
363 4338 569 4409 aperuit
612 4345 661 4391 et
706 4337 887 4405 effodit
932 4353 1079 4403 eum,
1134 4346 1183 4391 et
1232 4337 1417 4391 incidit
1470 4337 1527 4390 in
1573 4336 1777 4405 foveam

185 4445 353 4503 quam
394 4429 517 4498 fecit
560 4426 751 4497 (Psal.
782 4426 923 4498 vn).
973 4426 1151 4482 Fovea
1195 4427 1449 4483 haeretica
1497 4427 1775 4497 deceptio,

183 4530 248 4576 ut
308 4520 364 4574 in
417 4517 749 4572 Salomone:
808 4515 985 4571 Fovea
1040 4517 1307 4587 profunda
1358 4526 1435 4572 est
1486 4520 1733 4573 meretrix
1761 4558 1775 4586 ,

178 4621 231 4664 et
282 4615 473 4679 puteus
519 4614 773 4676 angustus
821 4604 997 4660 aliena
1039 4622 1175 4660 uxor
1216 4603 1418 4677 (Prov.
1466 4606 1667 4680 nm).

758 4713 989 4771 CAPUT
1026 4715 1219 4770 XXIX.

671 4784 748 4839 De
792 4785 1034 4853 aediﬁciis
1081 4787 1311 4840 rusticis.
1682 4833 1686 4837 ,

253 4877 400 4933 Casa
448 4884 664 4948 agreste
704 4874 1109 4941 habitaculum,
1148 4876 1287 4945 palis
1324 4886 1488 4947 atque
1529 4877 1780 4949 virgultis

176 4968 656 5038 arundinibusque
686 4975 1029 5031 contextum,
1061 4966 1258 5041 quibus
1291 4967 1500 5035 possint
1529 4968 1776 5024 homines

177 5060 331 5115 tueri
359 5074 389 5112 a
420 5060 475 5113 vi
504 5058 722 5129 frigoris
750 5059 833 5114 vel
862 5058 1059 5114 caloris
1100 5057 1319 5127 injuria.
1350 5058 1643 5129 Tugurium
1684 5074 1775 5114 ca-

176 5152 306 5209 sula
353 5158 437 5207 est
479 5167 644 5221 quam
683 5151 890 5207 faciunt
934 5151 1037 5205 sibi
1082 5150 1333 5205 custodes
1377 5151 1656 5205 vinearum
1704 5152 1773 5205 ad

175 5241 423 5313 tegimen
475 5240 558 5296 sui
611 5240 767 5310 quasi
819 5241 1130 5311 tegurium:
1184 5240 1297 5293 sive
1344 5248 1564 5309 propter
1608 5241 1769 5295 ardo-

178 5351 302 5391 rem
357 5334 522 5399 solis,
574 5341 632 5388 et
680 5332 861 5387 radios
916 5330 1310 5387 declinandos:
1366 5332 1479 5386 sive
1536 5342 1595 5387 ut
1648 5333 1772 5389 inde

175 5426 267 5481 vel
332 5425 579 5480 homines
632 5422 719 5477 vel
780 5422 1074 5489 bestiolas,
1130 5438 1248 5492 qua
1302 5424 1544 5478 insidiari
1596 5424 1771 5479 solent

178 5520 333 5574 natis
364 5516 611 5588 frugibus
631 5558 647 5585 ,
683 5516 920 5588 abigant.
946 5515 1096 5571 Hanc
1135 5519 1321 5573 rustici
1352 5533 1649 5589 eapannatn
1676 5536 1773 5575 vo-

178 5616 317 5665 cant
358 5608 501 5677 quod
545 5622 712 5661 unum
762 5614 967 5661 tantum
1020 5608 1216 5676 capiat.
1268 5608 1408 5664 Casa
1456 5610 1568 5665 sive
1616 5619 1774 5683 tugu-

179 5702 331 5756 rium
365 5706 596 5769 possunt
625 5706 920 5770 egestatem
954 5700 1237 5769 pmsentis
1271 5700 1395 5755 vitae
1440 5701 1767 5771 signiﬁcare.

181 5788 348 5847 Unde
394 5787 591 5862 legitur
639 5789 819 5861 (Heb.
852 5790 983 5862 ιιι),
1032 5798 1213 5860 patres
1259 5801 1474 5848 nostros
1523 5794 1577 5847 in
1624 5802 1769 5850 terra

1896 613 2171 684 tugurium
2218 614 2326 667 vile
2371 614 2735 671 habitaculum
2779 618 2835 671 in
2884 616 3055 685 Isaia,
3109 628 3166 695 et
3213 621 3323 675 cito
3376 622 3475 677 de‘

1896 704 2115 760 ciduum
2161 706 2219 759 in
2266 706 2369 761 hoc
2411 707 2610 773 mundo
2661 708 3007 778 exprimitur,
3060 705 3126 765 ut
3163 718 3246 767 est
3303 710 3477 768 illud:

1896 796 2016 852 Erit
2076 796 2205 852 Sion
2265 798 2400 853 sicut
2452 800 2819 857 umbraculum
2880 803 2939 857 in
2999 803 3185 870 vinea,
3232 813 3283 859 et
3343 805 3480 859 sicut

1895 888 2165 959 tugurium
2207 887 2266 943 in
2314 891 2678 945 cucumerario
2725 890 2875 963 (Isa.
2908 892 2991 965 ι).

2467 999 2695 1057 CAPUT
2729 999 2898 1056 XXX.

2539 1070 2619 1125 De
2657 1072 2819 1143 agris.

1962 1160 2106 1233 Ager
2153 1159 2321 1216 latine
2371 1159 2699 1230 appellatur,
2752 1175 2818 1216 eo
2866 1161 3009 1231 quod
3060 1162 3116 1217 in
3167 1177 3234 1219 eo
3279 1162 3482 1233 aliquid

1892 1259 2103 1322 agatur.
2162 1250 2268 1306 Alii
2324 1266 2516 1321 agrum
2568 1266 2636 1307 ex
2686 1267 2865 1323 graeco
2922 1252 3199 1308 nominari
3252 1254 3483 1308 manife-

1894 1346 2031 1401 stius
2075 1346 2307 1402 credunt
2339 1363 2351 1400 :
2383 1345 2525 1403 unde
2575 1354 2629 1400 et
2669 1346 2797 1403 villa
2847 1362 3022 1418 graece
3070 1347 3365 1417 choragros
3403 1346 3484 1401 di-

1893 1435 2052 1492 citur.
2098 1435 2238 1491 Villa
2277 1451 2308 1490 a
2350 1435 2523 1504 vallo,
2572 1436 2625 1492 id
2664 1446 2782 1502 est,
2827 1452 3024 1509 aggere
3071 1445 3233 1493 terra:
3276 1450 3484 1491 nuncu-

1890 1537 2048 1599 pata,
2100 1528 2251 1599 quod
2292 1544 2391 1598 pro
2438 1529 2611 1584 limite
2654 1530 2909 1586 constitui
2960 1531 3117 1587 solet.
3170 1529 3482 1585 Possessio-

1891 1638 1990 1680 nes
2040 1630 2167 1679 sunt
2222 1623 2337 1694 agri
2390 1622 2499 1677 late
2551 1630 2832 1693 patentes,
2882 1604 3094 1693 publici.
3138 1623 3481 1695 privatique,

1892 1729 2028 1784 quos
2061 1713 2116 1768 in
2150 1712 2304 1768 initio
2348 1728 2457 1768 non
2501 1714 2939 1783 mancipatione,
2984 1714 3079 1769 sed
3123 1713 3376 1784 quisque,
3421 1718 3485 1767 ut

1890 1806 2099 1878 potuit,
2146 1806 2430 1876 occupavit
2459 1814 2622 1875 atque
2662 1804 2948 1875 possedit:
2993 1804 3136 1859 unde
3181 1813 3486 1869 etnuncu-

1891 1899 2024 1971 pati.
2077 1897 2300 1953 Fundus
2347 1896 2525 1951 dictus
2572 1896 2717 1965 quod
2758 1909 2824 1949 eo
2873 1893 3135 1950 fundatur
3179 1894 3266 1950 vel
3314 1893 3483 1950 stabi-

1890 1991 2053 2045 liatur
2092 1987 2500 2058 patrimonium.
2548 1985 2770 2040 Fundus
2815 1992 2995 2039 autem
3040 1985 3306 2039 urbanum
3352 1982 3483 2038 tedi-

1891 2083 2078 2139 ﬁcium
2134 2089 2189 2136 et
2243 2079 2508 2135 rusticum
2565 2077 2970 2149 intelligendum
3000 2072 3128 2131 est.
3174 2074 3480 2140 Prtedium,

1890 2172 2035 2242 quod
2079 2184 2146 2225 ex
2198 2168 2449 2224 omnibus
2492 2165 2877 2236 patrifamilias
2927 2165 3170 2219 maxime
3215 2163 3483 2234 prmvide-

1888 2271 2000 2330 tur,
2040 2262 2095 2317 id
2136 2270 2251 2327 est,
2298 2265 2554 2330 apparet,
2600 2258 2757 2329 quasi
2799 2256 3120 2328 praevidium
3144 2264 3163 2310 ‘:
3207 2254 3293 2311 vel
3335 2254 3481 2325 quod

1888 2355 2094 2426 antiqui
2135 2368 2299 2426 agros
2340 2368 2476 2424 quos
2515 2351 2661 2409 bello
2701 2358 2991 2421 ceperant,
3038 2357 3099 2403 ut
3145 2348 3339 2418 praeda:
3381 2361 3481 2403 no-

1886 2448 2065 2513 mine,
2112 2446 2404 2501 habebant.
2447 2443 2637 2500 Omnis
2669 2448 2851 2496 autem
2880 2455 3009 2511 ager
3053 2438 3148 2511 (ut
3172 2438 3346 2493 Varro
3387 2439 3484 2493 do-

1887 2534 2014 2605 cet)
2068 2532 2403 2603 quadrifarie
2454 2532 2753 2586 dividitur:
2816 2537 2911 2584 aut
2962 2543 3128 2583 arvus
3179 2535 3264 2582 est
3315 2541 3481 2598 ager,

1889 2626 1943 2681 id
1969 2634 2052 2681 cst
2072 2666 2087 2691 ,
2116 2623 2398 2680 sationalis
2422 2640 2437 2689 ;
2468 2630 2564 2677 aut
2589 2622 2834 2678 consitus
2858 2662 2873 2686 ,
2907 2621 2962 2675 id
2988 2628 3075 2675 est
3098 2660 3113 2684 ,
3142 2626 3301 2689 aptus
3329 2616 3485 2672 arbo-

1888 2715 2039 2772 ribus
2069 2733 2084 2783 ;
2118 2724 2211 2770 aut
2239 2716 2511 2786 pascualis
2535 2754 2549 2779 ,
2577 2714 2672 2785 qui
2699 2712 2885 2768 herbis
2912 2719 3125 2766 tantum
3147 2716 3203 2765 et
3231 2705 3483 2763 animali-

1885 2806 1988 2863 bus
2012 2814 2209 2873 vacat;
2236 2814 2329 2861 aut
2352 2804 2568 2869 ﬂoreus,
2597 2805 2652 2859 in
2676 2819 2785 2873 quo
2811 2811 2937 2859 sunt
2957 2803 3104 2859 horti
3130 2801 3323 2872 apibus
3355 2814 3485 2857 con-

1884 2907 2139 2969 gruentes
2203 2905 2258 2952 et
2316 2894 2558 2952 ﬁoribus.
2628 2895 2783 2964 Quod
2850 2896 3016 2952 etiam
3090 2893 3351 2965 Virgilius
3420 2892 3477 2947 in

1885 2998 2081 3059 quarto
2128 2988 2267 3043 libro
2318 2986 2709 3057 Georgicorum
2764 2996 2979 3042 secutus
3005 3046 3010 3049 _
3035 2993 3137 3041 est.
3197 2983 3329 3056 Agri
3390 2998 3485 3037 au-
3535 3022 3539 3029 .

1887 3085 2015 3132 tem
2050 3075 2271 3131 nomine
2323 3075 2622 3131 humanum
2677 3090 2887 3145 genus,
2950 3073 3206 3129 habitans
3266 3073 3323 3127 in
3378 3071 3485 3127 hoc

1886 3164 2122 3231 mundo,
2195 3164 2539 3234 exprimitur.
2615 3163 2769 3219 Unde
2834 3163 3035 3234 legitur
3100 3163 3156 3217 in
3223 3160 3482 3232 parabola

1889 3254 2200 3325 evangelica
2236 3274 2248 3308 :
2283 3255 2421 3329 Ager
2466 3263 2542 3309 est
2596 3254 2823 3309 mundus
2880 3253 3120 3325 (Matth.
3172 3270 3270 3309 xm
3301 3254 3320 3327 )
3346 3295 3360 3318 ,
3420 3253 3476 3308 in

1891 3360 2002 3416 quo
2055 3345 2354 3411 seminatur
2405 3352 2653 3401 sanctum
2701 3345 2927 3399 verbum
2978 3344 3123 3400 Dei:
3177 3345 3276 3412 sed
3321 3343 3479 3412 juxta

1890 3432 2251 3490 differentiam
2297 3443 2461 3491 terrae
2512 3433 2904 3490 fructiﬁcavit:
2957 3435 3086 3505 quia
3134 3435 3279 3492 bona
3328 3443 3479 3490 terra

1887 3524 2123 3581 fructum
2158 3526 2467 3597 centuplum
2496 3520 2765 3583 bonorum
2794 3542 3021 3597 operum
3051 3524 3300 3595 profert:
3334 3525 3477 3586 mala

1887 3623 2066 3669 autem
2116 3614 2327 3686 profert
2381 3616 2566 3685 spinas
2613 3623 2670 3672 et
2722 3616 2951 3671 tribulos
3000 3615 3257 3671 vitiorum
3280 3656 3296 3682 ,
3352 3632 3475 3686 qua:

1887 3704 2051 3759 etiam
2079 3713 2163 3760 est
2201 3704 2565 3761 maledictioni
2605 3708 2874 3777 proxima.
2917 3708 3050 3762 Item
3089 3722 3220 3777 ager
3258 3716 3343 3763 est
3370 3722 3467 3764 ec-

1888 3798 2089 3865 clesia,
2135 3807 2196 3853 ut
2239 3800 2293 3853 in
2343 3799 2583 3856 Genesi:
2632 3800 2799 3869 Ecce,
2846 3804 2922 3859 ait
2961 3802 3143 3869 Isaac,
3197 3804 3329 3857 odor
3376 3803 3480 3872 ﬁlii

1886 3890 1989 3943 mei
2034 3889 2170 3943 sicut
2215 3890 2347 3943 odor
2375 3891 2491 3960 agri
2518 3890 2688 3960 pleni,
2726 3894 2811 3946 cui
2843 3893 3101 3948 beneth
3133 3892 3277 3947 Deus
3309 3892 3472 3964 (Gen.

1884 3978 2097 4049 xxvu).
2148 3979 2215 4033 Et
2266 3980 2321 4033 in
2370 3980 2707 4051 Evangelia:
2755 3981 3015 4037 Emerunt
3058 4000 3123 4038 ea:
3169 3984 3244 4039 eis
3289 4000 3477 4055 agrum

1882 4067 2033 4138 ﬁguli
2076 4070 2134 4123 in
2172 4067 2496 4138 sepulturam
2540 4071 2935 4139 peregrinorum
2981 4069 3223 4142 (Matth.
3254 4087 3407 4125 xxvn
3432 4070 3474 4143 ).

1883 4158 2017 4212 Item
2072 4173 2198 4228 ager
2253 4164 2340 4214 est
2386 4159 2613 4230 p0pulus
2662 4158 2994 4215 Iudaeorum.
3045 4162 3122 4217 De
3178 4178 3286 4232 quo
3341 4177 3475 4230 agro

1886 4244 2137 4301 Salomon
2195 4248 2264 4301 ad
2316 4247 2586 4301 Abiathan
2641 4250 2983 4304 sacerdotem
3036 4251 3156 4305 ait:
3221 4249 3361 4305 Vade
3412 4253 3469 4306 in

1882 4354 2068 4408 agrum
2121 4347 2269 4391 tuum
2322 4338 2377 4392 in
2423 4338 2651 4394 Anathot
2706 4339 3103 4413 (113129.11).
3153 4341 3289 4397 Item
3342 4357 3475 4414 ager

1881 4424 2151 4496 significat
2190 4425 2533 4497 disciplinam
2574 4427 2852 4499 religionis
2892 4428 3249 4495 Christianae,
3288 4438 3351 4484 ut
3390 4439 3475 4499 est

1882 4514 2013 4571 illud
2060 4517 2115 4570 in
2167 4516 2504 4585 Evangelia:
2568 4516 2751 4573 Simile
2806 4528 2884 4574 est
2939 4536 3155 4590 regnum
3215 4521 3464 4585 calorum

1882 4609 2126 4662 thesauro
2172 4607 2476 4662 abscondito
2510 4610 2566 4662 in
2605 4626 2767 4680 agro,
2797 4628 2949 4681 quem
2988 4611 3080 4682 qui
3128 4613 3325 4667 invenit
3364 4614 3463 4667 ho:

1882 4715 1999 4765 mo,
2040 4699 2314 4754 abscondit
2356 4708 2405 4753 et
2439 4716 2549 4771 pra:
2589 4701 2783 4771 gaudio
2825 4703 2971 4757 illius
3016 4704 3157 4757 vadit
3198 4713 3245 4757 et
3287 4704 3465 4758 vendit

1883 4789 2059 4844 omnia
2083 4806 2198 4860 qua:
2228 4790 2402 4855 habet,
2434 4800 2482 4844 et
2512 4793 2635 4847 emit
2664 4808 2849 4862 agrum
2880 4793 3031 4848 illum
3054 4836 3068 4861 ,
3097 4804 3203 4849 etc.
3236 4793 3468 4866 (Matth.

1882 4896 1981 4935 xm
2005 4879 2047 4952 ).
2082 4880 2395 4939 Thesaurus
2426 4884 2529 4939 iste
2557 4884 2782 4941 caeleste
2810 4886 3140 4943 desiderium
3170 4888 3464 4959 signiﬁcat.

1882 4970 2024 5041 Ager
2067 4987 2236 5038 vero,
2289 4974 2344 5028 in
2385 4976 2832 5044 quo‘thcsaurus
2875 4978 3252 5044 absconditur,
3298 4979 3467 5035 disci-

1880 5061 2080 5131 plinam
2132 5063 2293 5117 studii
2336 5064 2614 5120 ccclestis:
2667 5067 2863 5135 homo,
2916 5070 3010 5139 qui
3060 5070 3206 5124 hunc
3253 5070 3468 5125 thesau-

1882 5166 2001 5204 rum
2050 5150 2287 5217 invenit,
2332 5153 2564 5209 humiles
2591 5163 2645 5210 et
2678 5157 2960 5229 religiosos
2999 5158 3293 5227 signiﬁcat.
3326 5159 3467 5226 Quia

1879 5244 2034 5298 valde
2072 5245 2339 5315 gaudent,
2372 5247 2495 5301 dum
2526 5248 2726 5303 bonum
2757 5250 3065 5319 percipiunt
3093 5250 3420 5317 desiderium
3445 5268 3459 5305 :

1878 5343 2007 5389 tunc
2050 5334 2294 5405 profecto
2338 5338 2714 5414 venditis,gid
2764 5348 2880 5405 est,
2928 5341 3254 5410 contemptis
3308 5338 3463 5394 volu-

1877 5426 2118 5499 ptatibus
2166 5430 2379 5493 carnis,
2431 5429 2751 5500 cunctisque
2800 5432 3034 5487 terrenis
3085 5430 3462 5486 delectationi-

1879 5517 2011 5583 bus,
2061 5518 2244 5572 omnia
2290 5520 2476 5575 mundi
2519 5534 2619 5590 per
2661 5519 2959 5589 disciplinae
2998 5508 3239 5577 caelestis
3284 5530 3464 5576 custo-

1877 5609 2021 5664 diam
2065 5610 2275 5664 calcant
2302 5652 2313 5664 .
2347 5610 2421 5664 nil
2448 5610 2578 5679 jam,
2622 5610 2764 5680 quod
2790 5612 2943 5666 carni
2972 5612 3267 5678 blanditur,
3294 5611 3456 5666 libet:

1877 5705 1989 5771 nil,
2018 5705 2162 5774 quod
2199 5705 2378 5759 carnis
2412 5705 2575 5758 vitam
2613 5704 2870 5769 trucidat,
2911 5706 3132 5775 spiritus
3172 5703 3455 5758 horrescit.

1879 5795 2004 5850 Sive
2056 5795 2259 5854 aliter:
2321 5796 2607 5852 thesaurus
2653 5797 2756 5853 iste
2804 5795 3049 5852 Christus
3100 5793 3453 5864 intelligitur:
