  <div class='ocr_page' id='page_1' title='image "/cluster/home/n/w/nwhite01/storage/ocr_20150623/111/uva.x000827067/213.png"; bbox 0 0 3922 6360; ppageno 0'>
   <div class='ocr_carea' id='block_1_1' title="bbox 435 405 535 464">
    <p class='ocr_par' dir='ltr' id='par_1_1' title="bbox 435 405 535 464">
     <span class='ocr_line' id='line_1_1' title="bbox 435 405 535 464; baseline -0.01 0"><span class='ocrx_word' id='word_1_1' title='bbox 435 405 535 464; x_wconf 74' lang='grc' dir='ltr'><strong>ιη</strong></span> 
     </span>
    </p>
   </div>
   <div class='ocr_carea' id='block_1_2' title="bbox 440 523 2124 599">
    <p class='ocr_par' dir='ltr' id='par_1_2' title="bbox 440 523 2124 599">
     <span class='ocr_line' id='line_1_2' title="bbox 440 523 2124 599; baseline -0.001 -19"><span class='ocrx_word' id='word_1_2' title='bbox 440 539 571 599; x_wconf 81' lang='lat' dir='ltr'><strong>ager</strong></span> <span class='ocrx_word' id='word_1_3' title='bbox 613 531 796 581; x_wconf 84' lang='lat' dir='ltr'><strong>autem</strong></span> <span class='ocrx_word' id='word_1_4' title='bbox 837 534 1027 580; x_wconf 85' lang='lat' dir='ltr'><strong>sancta</strong></span> <span class='ocrx_word' id='word_1_5' title='bbox 1067 523 1383 596; x_wconf 82' lang='lat' dir='ltr'><strong>Scriptura,</strong></span> <span class='ocrx_word' id='word_1_6' title='bbox 1418 526 1476 581; x_wconf 87' lang='lat' dir='ltr'><strong>in</strong></span> <span class='ocrx_word' id='word_1_7' title='bbox 1517 542 1626 597; x_wconf 88' lang='lat' dir='ltr'><strong>qua</strong></span> <span class='ocrx_word' id='word_1_8' title='bbox 1677 526 1914 598; x_wconf 87' lang='lat' dir='ltr'><strong>reposita</strong></span> <span class='ocrx_word' id='word_1_9' title='bbox 1957 531 2042 580; x_wconf 90' lang='lat' dir='ltr'><strong>est</strong></span> <span class='ocrx_word' id='word_1_10' title='bbox 2067 523 2124 589; x_wconf 76' lang='grc' dir='ltr'>Α</span> 
     </span>
    </p>
   </div>
   <div class='ocr_carea' id='block_1_3' title="bbox 443 616 2038 690">
    <p class='ocr_par' dir='ltr' id='par_1_3' title="bbox 443 616 2038 690">
     <span class='ocr_line' id='line_1_3' title="bbox 443 616 2038 690; baseline 0.003 -21"><span class='ocrx_word' id='word_1_11' title='bbox 443 617 638 673; x_wconf 89' lang='lat' dir='ltr'><strong>notitia</strong></span> <span class='ocrx_word' id='word_1_12' title='bbox 669 616 971 674; x_wconf 72' lang='lat' dir='ltr'><strong>Salvator-is</strong></span> <span class='ocrx_word' id='word_1_13' title='bbox 1011 619 1228 673; x_wconf 87' lang='lat' dir='ltr'><strong>nostri:</strong></span> <span class='ocrx_word' id='word_1_14' title='bbox 1273 620 1402 690; x_wconf 88' lang='lat' dir='ltr'><strong>quia</strong></span> <span class='ocrx_word' id='word_1_15' title='bbox 1442 621 1689 690; x_wconf 87' lang='lat' dir='ltr'><strong>quisquis</strong></span> <span class='ocrx_word' id='word_1_16' title='bbox 1733 636 1888 686; x_wconf 88' lang='lat' dir='ltr'><strong>eum,</strong></span> <span class='ocrx_word' id='word_1_17' title='bbox 1919 618 2038 688; x_wconf 77' lang='lat' dir='ltr'><strong>ejus</strong></span> 
     </span>
    </p>
   </div>
   <div class='ocr_carea' id='block_1_4' title="bbox 441 709 2036 782">
    <p class='ocr_par' dir='ltr' id='par_1_4' title="bbox 441 709 2036 782">
     <span class='ocr_line' id='line_1_4' title="bbox 441 709 2036 782; baseline 0.002 -19"><span class='ocrx_word' id='word_1_18' title='bbox 441 709 615 780; x_wconf 86' lang='lat' dir='ltr'><strong>gratia</strong></span> <span class='ocrx_word' id='word_1_19' title='bbox 645 709 956 776; x_wconf 88' lang='lat' dir='ltr'><strong>revelante,</strong></span> <span class='ocrx_word' id='word_1_20' title='bbox 1004 712 1352 782; x_wconf 82' lang='lat' dir='ltr'><strong>cognoverit,</strong></span> <span class='ocrx_word' id='word_1_21' title='bbox 1397 721 1614 782; x_wconf 81' lang='lat' dir='ltr'><strong>oportet</strong></span> <span class='ocrx_word' id='word_1_22' title='bbox 1657 712 1806 770; x_wconf 90' lang='lat' dir='ltr'><strong>illum</strong></span> <span class='ocrx_word' id='word_1_23' title='bbox 1853 711 2036 768; x_wconf 88' lang='lat' dir='ltr'><strong>omnia</strong></span> 
     </span>
    </p>
   </div>
   <div class='ocr_carea' id='block_1_5' title="bbox 443 800 2034 874">
    <p class='ocr_par' dir='ltr' id='par_1_5' title="bbox 443 800 2034 874">
     <span class='ocr_line' id='line_1_5' title="bbox 443 800 2034 874; baseline 0.002 -18"><span class='ocrx_word' id='word_1_24' title='bbox 443 800 841 856; x_wconf 80' lang='lat' dir='ltr'><strong>delectamenta</strong></span> <span class='ocrx_word' id='word_1_25' title='bbox 871 804 1056 858; x_wconf 82' lang='lat' dir='ltr'><strong>saeculi</strong></span> <span class='ocrx_word' id='word_1_26' title='bbox 1100 813 1490 870; x_wconf 72' lang='lat' dir='ltr'><strong>contemnam,</strong></span> <span class='ocrx_word' id='word_1_27' title='bbox 1527 814 1583 860; x_wconf 91' lang='lat' dir='ltr'><strong>et</strong></span> <span class='ocrx_word' id='word_1_28' title='bbox 1623 805 1692 861; x_wconf 90' lang='lat' dir='ltr'><strong>ad</strong></span> <span class='ocrx_word' id='word_1_29' title='bbox 1730 805 1849 874; x_wconf 86' lang='lat' dir='ltr'><strong>ejus</strong></span> <span class='ocrx_word' id='word_1_30' title='bbox 1887 805 2034 860; x_wconf 89' lang='lat' dir='ltr'><strong>noti-</strong></span> 
     </span>
    </p>
   </div>
   <div class='ocr_carea' id='block_1_6' title="bbox 441 892 2030 968">
    <p class='ocr_par' dir='ltr' id='par_1_6' title="bbox 441 892 2030 968">
     <span class='ocr_line' id='line_1_6' title="bbox 441 892 2030 968; baseline 0.004 -20"><span class='ocrx_word' id='word_1_31' title='bbox 441 893 576 948; x_wconf 85' lang='lat' dir='ltr'><strong>tiam</strong></span> <span class='ocrx_word' id='word_1_32' title='bbox 600 892 714 964; x_wconf 85' lang='lat' dir='ltr'><strong>jugi</strong></span> <span class='ocrx_word' id='word_1_33' title='bbox 759 896 1151 950; x_wconf 83' lang='lat' dir='ltr'><strong>exercitatione</strong></span> <span class='ocrx_word' id='word_1_34' title='bbox 1188 898 1460 953; x_wconf 87' lang='lat' dir='ltr'><strong>bonorum</strong></span> <span class='ocrx_word' id='word_1_35' title='bbox 1489 914 1714 968; x_wconf 89' lang='lat' dir='ltr'><strong>operum</strong></span> <span class='ocrx_word' id='word_1_36' title='bbox 1748 899 2030 954; x_wconf 85' lang='lat' dir='ltr'><strong>festinare.</strong></span> 
     </span>
    </p>
   </div>
   <div class='ocr_carea' id='block_1_7' title="bbox 443 983 2032 1059">
    <p class='ocr_par' dir='ltr' id='par_1_7' title="bbox 443 983 2032 1059">
     <span class='ocr_line' id='line_1_7' title="bbox 443 983 2032 1059; baseline 0.005 -21"><span class='ocrx_word' id='word_1_37' title='bbox 443 983 698 1041; x_wconf 84' lang='lat' dir='ltr'><strong>inventus</strong></span> <span class='ocrx_word' id='word_1_38' title='bbox 725 995 906 1041; x_wconf 89' lang='lat' dir='ltr'><strong>autem</strong></span> <span class='ocrx_word' id='word_1_39' title='bbox 924 989 1211 1045; x_wconf 88' lang='lat' dir='ltr'><strong>thesaurus</strong></span> <span class='ocrx_word' id='word_1_40' title='bbox 1243 991 1614 1059; x_wconf 80' lang='lat' dir='ltr'><strong>absconditur,</strong></span> <span class='ocrx_word' id='word_1_41' title='bbox 1651 1001 1708 1048; x_wconf 91' lang='lat' dir='ltr'><strong>ut</strong></span> <span class='ocrx_word' id='word_1_42' title='bbox 1739 1001 1986 1048; x_wconf 81' lang='lat' dir='ltr'><strong>servetur</strong></span> <span class='ocrx_word' id='word_1_43' title='bbox 2020 1011 2032 1046; x_wconf 90' lang='lat'><strong>:</strong></span> 
     </span>
    </p>
   </div>
   <div class='ocr_carea' id='block_1_8' title="bbox 441 1083 2038 1161">
    <p class='ocr_par' dir='ltr' id='par_1_8' title="bbox 441 1083 2038 1161">
     <span class='ocr_line' id='line_1_8' title="bbox 441 1083 2038 1161; baseline 0.004 -25"><span class='ocrx_word' id='word_1_44' title='bbox 441 1083 568 1152; x_wconf 83' lang='lat' dir='ltr'><strong>quia</strong></span> <span class='ocrx_word' id='word_1_45' title='bbox 609 1083 843 1138; x_wconf 90' lang='lat' dir='ltr'><strong>studium</strong></span> <span class='ocrx_word' id='word_1_46' title='bbox 867 1124 880 1149; x_wconf 94' lang='lat'><strong>,</strong></span> <span class='ocrx_word' id='word_1_47' title='bbox 923 1086 1078 1140; x_wconf 74' lang='lat' dir='ltr'><strong>bona:</strong></span> <span class='ocrx_word' id='word_1_48' title='bbox 1117 1087 1410 1161; x_wconf 78' lang='lat' dir='ltr'><strong>voluntatis</strong></span> <span class='ocrx_word' id='word_1_49' title='bbox 1448 1089 1500 1142; x_wconf 89' lang='lat' dir='ltr'><strong>in</strong></span> <span class='ocrx_word' id='word_1_50' title='bbox 1539 1103 1701 1158; x_wconf 89' lang='lat' dir='ltr'><strong>opere</strong></span> <span class='ocrx_word' id='word_1_51' title='bbox 1739 1087 1837 1142; x_wconf 91' lang='lat' dir='ltr'><strong>Dei</strong></span> <span class='ocrx_word' id='word_1_52' title='bbox 1877 1102 2038 1144; x_wconf 89' lang='lat' dir='ltr'><strong>nemo</strong></span> 
     </span>
    </p>
   </div>
   <div class='ocr_carea' id='block_1_9' title="bbox 442 1171 2036 1245">
    <p class='ocr_par' dir='ltr' id='par_1_9' title="bbox 442 1171 2036 1245">
     <span class='ocr_line' id='line_1_9' title="bbox 442 1171 2036 1245; baseline 0.008 -21"><span class='ocrx_word' id='word_1_53' title='bbox 442 1173 718 1228; x_wconf 86' lang='lat' dir='ltr'><strong>custodire</strong></span> <span class='ocrx_word' id='word_1_54' title='bbox 772 1171 998 1240; x_wconf 69' lang='lat' dir='ltr'><strong>sufﬁcit,</strong></span> <span class='ocrx_word' id='word_1_55' title='bbox 1055 1177 1148 1245; x_wconf 87' lang='lat' dir='ltr'><strong>qui</strong></span> <span class='ocrx_word' id='word_1_56' title='bbox 1199 1178 1267 1232; x_wconf 90' lang='lat' dir='ltr'><strong>ab</strong></span> <span class='ocrx_word' id='word_1_57' title='bbox 1318 1178 1570 1236; x_wconf 87' lang='lat' dir='ltr'><strong>humanis</strong></span> <span class='ocrx_word' id='word_1_58' title='bbox 1620 1178 1876 1235; x_wconf 82' lang='lat' dir='ltr'><strong>laudibus</strong></span> <span class='ocrx_word' id='word_1_59' title='bbox 1925 1197 2036 1236; x_wconf 88' lang='lat' dir='ltr'><strong>non</strong></span> 
     </span>
    </p>
   </div>
   <div class='ocr_carea' id='block_1_10' title="bbox 441 1261 2034 1342">
    <p class='ocr_par' dir='ltr' id='par_1_10' title="bbox 441 1261 2034 1342">
     <span class='ocr_line' id='line_1_10' title="bbox 441 1261 2034 1342; baseline 0.006 -25"><span class='ocrx_word' id='word_1_60' title='bbox 441 1261 746 1318; x_wconf 90' lang='lat' dir='ltr'><strong>abscondit.</strong></span> <span class='ocrx_word' id='word_1_61' title='bbox 801 1265 952 1320; x_wconf 77' lang='lat' dir='ltr'><strong>Rura</strong></span> <span class='ocrx_word' id='word_1_62' title='bbox 1001 1275 1216 1324; x_wconf 90' lang='lat' dir='ltr'><strong>veteres</strong></span> <span class='ocrx_word' id='word_1_63' title='bbox 1265 1269 1499 1326; x_wconf 88' lang='lat' dir='ltr'><strong>incultos</strong></span> <span class='ocrx_word' id='word_1_64' title='bbox 1545 1287 1702 1342; x_wconf 90' lang='lat' dir='ltr'><strong>agros</strong></span> <span class='ocrx_word' id='word_1_65' title='bbox 1749 1273 2034 1339; x_wconf 85' lang='lat' dir='ltr'><strong>dicebant,</strong></span> 
     </span>
    </p>
   </div>
   <div class='ocr_carea' id='block_1_11' title="bbox 442 1356 2040 1434">
    <p class='ocr_par' dir='ltr' id='par_1_11' title="bbox 442 1356 2040 1434">
     <span class='ocr_line' id='line_1_11' title="bbox 442 1356 2040 1434; baseline 0.005 -23"><span class='ocrx_word' id='word_1_66' title='bbox 442 1356 496 1412; x_wconf 87' lang='lat' dir='ltr'><strong>id</strong></span> <span class='ocrx_word' id='word_1_67' title='bbox 546 1365 664 1422; x_wconf 98' lang='grc' dir='ltr'>εει,</span> <span class='ocrx_word' id='word_1_68' title='bbox 721 1358 888 1413; x_wconf 83' lang='lat' dir='ltr'><strong>silvas</strong></span> <span class='ocrx_word' id='word_1_69' title='bbox 940 1368 997 1414; x_wconf 90' lang='lat' dir='ltr'><strong>et</strong></span> <span class='ocrx_word' id='word_1_70' title='bbox 1045 1375 1289 1430; x_wconf 88' lang='lat' dir='ltr'><strong>pascua:</strong></span> <span class='ocrx_word' id='word_1_71' title='bbox 1347 1379 1536 1434; x_wconf 84' lang='lat' dir='ltr'><strong>agrum</strong></span> <span class='ocrx_word' id='word_1_72' title='bbox 1585 1379 1750 1430; x_wconf 88' lang='lat' dir='ltr'><strong>vero,</strong></span> <span class='ocrx_word' id='word_1_73' title='bbox 1803 1364 1894 1434; x_wconf 92' lang='lat' dir='ltr'><strong>qui</strong></span> <span class='ocrx_word' id='word_1_74' title='bbox 1947 1379 2040 1419; x_wconf 93' lang='lat' dir='ltr'><strong>co-</strong></span> 
     </span>
    </p>
   </div>
   <div class='ocr_carea' id='block_1_12' title="bbox 442 1447 2042 1526">
    <p class='ocr_par' dir='ltr' id='par_1_12' title="bbox 442 1447 2042 1526">
     <span class='ocr_line' id='line_1_12' title="bbox 442 1447 2042 1526; baseline 0.007 -26"><span class='ocrx_word' id='word_1_75' title='bbox 442 1447 674 1502; x_wconf 90' lang='lat' dir='ltr'><strong>lebatur.</strong></span> <span class='ocrx_word' id='word_1_76' title='bbox 733 1448 870 1504; x_wconf 86' lang='lat' dir='ltr'><strong>Nam</strong></span> <span class='ocrx_word' id='word_1_77' title='bbox 927 1467 1020 1505; x_wconf 89' lang='lat' dir='ltr'><strong>rus</strong></span> <span class='ocrx_word' id='word_1_78' title='bbox 1071 1463 1184 1514; x_wconf 87' lang='lat' dir='ltr'><strong>est,</strong></span> <span class='ocrx_word' id='word_1_79' title='bbox 1243 1470 1351 1523; x_wconf 89' lang='lat' dir='ltr'><strong>quo</strong></span> <span class='ocrx_word' id='word_1_80' title='bbox 1405 1455 1544 1520; x_wconf 89' lang='lat' dir='ltr'><strong>mel,</strong></span> <span class='ocrx_word' id='word_1_81' title='bbox 1601 1471 1709 1524; x_wconf 93' lang='lat' dir='ltr'><strong>quo</strong></span> <span class='ocrx_word' id='word_1_82' title='bbox 1757 1455 1874 1523; x_wconf 90' lang='lat' dir='ltr'><strong>lac,</strong></span> <span class='ocrx_word' id='word_1_83' title='bbox 1932 1471 2042 1526; x_wconf 88' lang='lat' dir='ltr'><strong>quo</strong></span> 
     </span>
    </p>
   </div>
   <div class='ocr_carea' id='block_1_13' title="bbox 439 1539 2038 1610">
    <p class='ocr_par' dir='ltr' id='par_1_13' title="bbox 439 1539 2038 1610">
     <span class='ocr_line' id='line_1_13' title="bbox 439 1539 2038 1610; baseline 0.006 -20"><span class='ocrx_word' id='word_1_84' title='bbox 439 1553 609 1606; x_wconf 87' lang='lat' dir='ltr'><strong>pecus</strong></span> <span class='ocrx_word' id='word_1_85' title='bbox 651 1539 842 1592; x_wconf 87' lang='lat' dir='ltr'><strong>haberi</strong></span> <span class='ocrx_word' id='word_1_86' title='bbox 885 1549 1081 1610; x_wconf 84' lang='lat' dir='ltr'><strong>potest.</strong></span> <span class='ocrx_word' id='word_1_87' title='bbox 1121 1541 1276 1597; x_wconf 83' lang='lat' dir='ltr'><strong>Unde</strong></span> <span class='ocrx_word' id='word_1_88' title='bbox 1321 1553 1377 1598; x_wconf 88' lang='lat' dir='ltr'><strong>ct</strong></span> <span class='ocrx_word' id='word_1_89' title='bbox 1425 1545 1660 1598; x_wconf 87' lang='lat' dir='ltr'><strong>rusticus</strong></span> <span class='ocrx_word' id='word_1_90' title='bbox 1703 1545 2038 1601; x_wconf 82' lang='lat' dir='ltr'><strong>nominatur.</strong></span> 
     </span>
    </p>
   </div>
   <div class='ocr_carea' id='block_1_14' title="bbox 445 1633 2037 1707">
    <p class='ocr_par' dir='ltr' id='par_1_14' title="bbox 445 1633 2037 1707">
     <span class='ocr_line' id='line_1_14' title="bbox 445 1633 2037 1707; baseline 0.004 -21"><span class='ocrx_word' id='word_1_91' title='bbox 445 1633 582 1686; x_wconf 85' lang='lat' dir='ltr'><strong>Nam</strong></span> <span class='ocrx_word' id='word_1_92' title='bbox 652 1635 768 1689; x_wconf 72' lang='lat' dir='ltr'><strong>hare</strong></span> <span class='ocrx_word' id='word_1_93' title='bbox 831 1636 1160 1690; x_wconf 86' lang='lat' dir='ltr'><strong>rusticorum</strong></span> <span class='ocrx_word' id='word_1_94' title='bbox 1215 1638 1389 1707; x_wconf 89' lang='lat' dir='ltr'><strong>prima</strong></span> <span class='ocrx_word' id='word_1_95' title='bbox 1445 1647 1500 1692; x_wconf 84' lang='lat' dir='ltr'><strong>et</strong></span> <span class='ocrx_word' id='word_1_96' title='bbox 1552 1639 1728 1694; x_wconf 87' lang='lat' dir='ltr'><strong>otiosa</strong></span> <span class='ocrx_word' id='word_1_97' title='bbox 1787 1639 2037 1696; x_wconf 78' lang='lat' dir='ltr'><strong>felicitas.</strong></span> 
     </span>
    </p>
   </div>
   <div class='ocr_carea' id='block_1_15' title="bbox 448 1723 2004 1802">
    <p class='ocr_par' dir='ltr' id='par_1_15' title="bbox 448 1723 2004 1802">
     <span class='ocr_line' id='line_1_15' title="bbox 448 1723 2004 1802; baseline 0.006 -24"><span class='ocrx_word' id='word_1_98' title='bbox 448 1723 614 1794; x_wconf 82' lang='lat' dir='ltr'><strong>Sech</strong></span> <span class='ocrx_word' id='word_1_99' title='bbox 649 1740 781 1796; x_wconf 80' lang='lat' dir='ltr'><strong>ager</strong></span> <span class='ocrx_word' id='word_1_100' title='bbox 809 1735 920 1792; x_wconf 91' lang='lat' dir='ltr'><strong>est,</strong></span> <span class='ocrx_word' id='word_1_101' title='bbox 953 1728 1010 1782; x_wconf 90' lang='lat' dir='ltr'><strong>in</strong></span> <span class='ocrx_word' id='word_1_102' title='bbox 1042 1743 1152 1798; x_wconf 90' lang='lat' dir='ltr'><strong>quo</strong></span> <span class='ocrx_word' id='word_1_103' title='bbox 1181 1729 1401 1784; x_wconf 87' lang='lat' dir='ltr'><strong>seritur.</strong></span> <span class='ocrx_word' id='word_1_104' title='bbox 1441 1729 1594 1785; x_wconf 89' lang='lat' dir='ltr'><strong>Unde</strong></span> <span class='ocrx_word' id='word_1_105' title='bbox 1625 1737 1680 1785; x_wconf 91' lang='lat' dir='ltr'><strong>et</strong></span> <span class='ocrx_word' id='word_1_106' title='bbox 1709 1725 2004 1802; x_wconf 73' lang='lat' dir='ltr'><strong>Virgilius:</strong></span> 
     </span>
    </p>
   </div>
   <div class='ocr_carea' id='block_1_16' title="bbox 573 1861 1654 1928">
    <p class='ocr_par' dir='ltr' id='par_1_16' title="bbox 573 1861 1654 1928">
     <span class='ocr_line' id='line_1_16' title="bbox 573 1861 1654 1928; baseline 0.007 -20"><span class='ocrx_word' id='word_1_107' title='bbox 573 1861 660 1928; x_wconf 80' lang='lat' dir='ltr'><strong>Illa</strong></span> <span class='ocrx_word' id='word_1_108' title='bbox 678 1875 838 1928; x_wconf 78' lang='lat' dir='ltr'><strong>seges</strong></span> <span class='ocrx_word' id='word_1_109' title='bbox 859 1863 1059 1914; x_wconf 88' lang='lat' dir='ltr'><strong>demum</strong></span> <span class='ocrx_word' id='word_1_110' title='bbox 1080 1869 1207 1916; x_wconf 87' lang='lat' dir='ltr'><strong>votis</strong></span> <span class='ocrx_word' id='word_1_111' title='bbox 1225 1865 1496 1928; x_wconf 80' lang='lat' dir='ltr'><strong>reSpondet</strong></span> <span class='ocrx_word' id='word_1_112' title='bbox 1519 1867 1654 1918; x_wconf 84' lang='lat' dir='ltr'><strong>avari</strong></span> 
     </span>
    </p>
   </div>
   <div class='ocr_carea' id='block_1_17' title="bbox 569 1924 830 1984">
    <p class='ocr_par' dir='ltr' id='par_1_17' title="bbox 569 1924 830 1984">
     <span class='ocr_line' id='line_1_17' title="bbox 569 1924 830 1984; baseline 0 -10"><span class='ocrx_word' id='word_1_113' title='bbox 569 1924 830 1984; x_wconf 66' lang='lat' dir='ltr'><strong>Agricolas.</strong></span> 
     </span>
    </p>
   </div>
   <div class='ocr_carea' id='block_1_18' title="bbox 445 2046 2045 2130">
    <p class='ocr_par' dir='ltr' id='par_1_18' title="bbox 445 2046 2045 2130">
     <span class='ocr_line' id='line_1_18' title="bbox 445 2046 2045 2130; baseline 0.007 -27"><span class='ocrx_word' id='word_1_114' title='bbox 445 2046 820 2118; x_wconf 88' lang='lat' dir='ltr'><strong>Compascnus</strong></span> <span class='ocrx_word' id='word_1_115' title='bbox 865 2065 995 2122; x_wconf 86' lang='lat' dir='ltr'><strong>ager</strong></span> <span class='ocrx_word' id='word_1_116' title='bbox 1039 2052 1276 2118; x_wconf 70' lang='lat' dir='ltr'><strong>dictus,&quot;</strong></span> <span class='ocrx_word' id='word_1_117' title='bbox 1294 2053 1386 2123; x_wconf 89' lang='lat' dir='ltr'><strong>qui</strong></span> <span class='ocrx_word' id='word_1_118' title='bbox 1438 2069 1469 2108; x_wconf 89' lang='lat' dir='ltr'><strong>a</strong></span> <span class='ocrx_word' id='word_1_119' title='bbox 1511 2055 1840 2113; x_wconf 91' lang='lat' dir='ltr'><strong>divisoribus</strong></span> <span class='ocrx_word' id='word_1_120' title='bbox 1882 2074 2045 2130; x_wconf 85' lang='lat' dir='ltr'><strong>agro-</strong></span> 
     </span>
    </p>
   </div>
   <div class='ocr_carea' id='block_1_19' title="bbox 448 2141 2046 2212">
    <p class='ocr_par' dir='ltr' id='par_1_19' title="bbox 448 2141 2046 2212">
     <span class='ocr_line' id='line_1_19' title="bbox 448 2141 2046 2212; baseline 0.007 -19"><span class='ocrx_word' id='word_1_121' title='bbox 448 2153 572 2194; x_wconf 90' lang='lat' dir='ltr'><strong>rum</strong></span> <span class='ocrx_word' id='word_1_122' title='bbox 617 2141 840 2196; x_wconf 89' lang='lat' dir='ltr'><strong>relictus</strong></span> <span class='ocrx_word' id='word_1_123' title='bbox 888 2153 973 2196; x_wconf 89' lang='lat' dir='ltr'><strong>est</strong></span> <span class='ocrx_word' id='word_1_124' title='bbox 1012 2143 1080 2196; x_wconf 92' lang='lat' dir='ltr'><strong>ad</strong></span> <span class='ocrx_word' id='word_1_125' title='bbox 1124 2144 1457 2212; x_wconf 89' lang='lat' dir='ltr'><strong>pascendum</strong></span> <span class='ocrx_word' id='word_1_126' title='bbox 1505 2147 1867 2203; x_wconf 84' lang='lat' dir='ltr'><strong>communiter</strong></span> <span class='ocrx_word' id='word_1_127' title='bbox 1913 2149 2046 2204; x_wconf 87' lang='lat' dir='ltr'><strong>viei-</strong></span> 
     </span>
    </p>
   </div>
   <div class='ocr_carea' id='block_1_20' title="bbox 447 2231 2046 2308">
    <p class='ocr_par' dir='ltr' id='par_1_20' title="bbox 447 2231 2046 2308">
     <span class='ocr_line' id='line_1_20' title="bbox 447 2231 2046 2308; baseline 0.004 -21"><span class='ocrx_word' id='word_1_128' title='bbox 447 2231 555 2288; x_wconf 88' lang='lat' dir='ltr'><strong>nis.</strong></span> <span class='ocrx_word' id='word_1_129' title='bbox 587 2231 836 2288; x_wconf 83' lang='lat' dir='ltr'><strong>Alluvius</strong></span> <span class='ocrx_word' id='word_1_130' title='bbox 887 2247 1018 2305; x_wconf 88' lang='lat' dir='ltr'><strong>ager</strong></span> <span class='ocrx_word' id='word_1_131' title='bbox 1063 2235 1401 2302; x_wconf 83' lang='lat' dir='ltr'><strong>dictus~est,</strong></span> <span class='ocrx_word' id='word_1_132' title='bbox 1451 2238 1594 2307; x_wconf 91' lang='lat' dir='ltr'><strong>quod</strong></span> <span class='ocrx_word' id='word_1_133' title='bbox 1637 2239 1898 2308; x_wconf 85' lang='lat' dir='ltr'><strong>paulatim</strong></span> <span class='ocrx_word' id='word_1_134' title='bbox 1946 2239 2046 2294; x_wconf 83' lang='lat' dir='ltr'><strong>llu-</strong></span> 
     </span>
    </p>
   </div>
   <div class='ocr_carea' id='block_1_21' title="bbox 445 2323 2039 2398">
    <p class='ocr_par' dir='ltr' id='par_1_21' title="bbox 445 2323 2039 2398">
     <span class='ocr_line' id='line_1_21' title="bbox 445 2323 2039 2398; baseline 0.006 -22"><span class='ocrx_word' id='word_1_135' title='bbox 445 2323 569 2378; x_wconf 90' lang='lat' dir='ltr'><strong>vius</strong></span> <span class='ocrx_word' id='word_1_136' title='bbox 602 2323 654 2378; x_wconf 91' lang='lat' dir='ltr'><strong>in</strong></span> <span class='ocrx_word' id='word_1_137' title='bbox 687 2340 878 2396; x_wconf 82' lang='lat' dir='ltr'><strong>agrum</strong></span> <span class='ocrx_word' id='word_1_138' title='bbox 913 2326 1164 2380; x_wconf 87' lang='lat' dir='ltr'><strong>mittitur.</strong></span> <span class='ocrx_word' id='word_1_139' title='bbox 1201 2327 1494 2382; x_wconf 84' lang='lat' dir='ltr'><strong>Arciﬁnius</strong></span> <span class='ocrx_word' id='word_1_140' title='bbox 1540 2343 1671 2398; x_wconf 87' lang='lat' dir='ltr'><strong>ager</strong></span> <span class='ocrx_word' id='word_1_141' title='bbox 1715 2329 1893 2385; x_wconf 87' lang='lat' dir='ltr'><strong>dictus</strong></span> <span class='ocrx_word' id='word_1_142' title='bbox 1921 2339 2039 2397; x_wconf 89' lang='lat' dir='ltr'><strong>est,</strong></span> 
     </span>
    </p>
   </div>
   <div class='ocr_carea' id='block_1_22' title="bbox 443 2415 2044 2484">
    <p class='ocr_par' dir='ltr' id='par_1_22' title="bbox 443 2415 2044 2484">
     <span class='ocr_line' id='line_1_22' title="bbox 443 2415 2044 2484; baseline 0.007 -16"><span class='ocrx_word' id='word_1_143' title='bbox 443 2415 572 2484; x_wconf 83' lang='lat' dir='ltr'><strong>quia</strong></span> <span class='ocrx_word' id='word_1_144' title='bbox 604 2417 770 2471; x_wconf 85' lang='lat' dir='ltr'><strong>certis</strong></span> <span class='ocrx_word' id='word_1_145' title='bbox 801 2417 1069 2471; x_wconf 87' lang='lat' dir='ltr'><strong>linearum</strong></span> <span class='ocrx_word' id='word_1_146' title='bbox 1101 2419 1374 2473; x_wconf 88' lang='lat' dir='ltr'><strong>mensuris</strong></span> <span class='ocrx_word' id='word_1_147' title='bbox 1412 2435 1521 2474; x_wconf 91' lang='lat' dir='ltr'><strong>non</strong></span> <span class='ocrx_word' id='word_1_148' title='bbox 1564 2422 1913 2478; x_wconf 86' lang='lat' dir='ltr'><strong>continetur:</strong></span> <span class='ocrx_word' id='word_1_149' title='bbox 1949 2424 2044 2479; x_wconf 88' lang='lat' dir='ltr'><strong>sed</strong></span> 
     </span>
    </p>
   </div>
   <div class='ocr_carea' id='block_1_23' title="bbox 445 2503 2046 2580">
    <p class='ocr_par' dir='ltr' id='par_1_23' title="bbox 445 2503 2046 2580">
     <span class='ocr_line' id='line_1_23' title="bbox 445 2503 2046 2580; baseline 0.009 -24"><span class='ocrx_word' id='word_1_150' title='bbox 445 2511 703 2558; x_wconf 87' lang='lat' dir='ltr'><strong>arcentur</strong></span> <span class='ocrx_word' id='word_1_151' title='bbox 729 2503 864 2558; x_wconf 90' lang='lat' dir='ltr'><strong>ﬁnes</strong></span> <span class='ocrx_word' id='word_1_152' title='bbox 893 2504 1010 2574; x_wconf 80' lang='lat' dir='ltr'><strong>ejus</strong></span> <span class='ocrx_word' id='word_1_153' title='bbox 1039 2507 1255 2578; x_wconf 78' lang='lat' dir='ltr'><strong>objecta</strong></span> <span class='ocrx_word' id='word_1_154' title='bbox 1282 2507 1597 2576; x_wconf 83' lang='lat' dir='ltr'><strong>ﬂuminum,</strong></span> <span class='ocrx_word' id='word_1_155' title='bbox 1627 2515 1892 2568; x_wconf 82' lang='lat' dir='ltr'><strong>montium</strong></span> <span class='ocrx_word' id='word_1_156' title='bbox 1911 2556 1925 2580; x_wconf 91' lang='lat'><strong>,</strong></span> <span class='ocrx_word' id='word_1_157' title='bbox 1957 2531 2046 2570; x_wconf 92' lang='lat' dir='ltr'><strong>ar-</strong></span> 
     </span>
    </p>
   </div>
   <div class='ocr_carea' id='block_1_24' title="bbox 441 2594 2046 2677">
    <p class='ocr_par' dir='ltr' id='par_1_24' title="bbox 441 2594 2046 2677">
     <span class='ocr_line' id='line_1_24' title="bbox 441 2594 2046 2677; baseline 0.011 -29"><span class='ocrx_word' id='word_1_158' title='bbox 441 2594 658 2652; x_wconf 82' lang='lat' dir='ltr'><strong>borum.</strong></span> <span class='ocrx_word' id='word_1_159' title='bbox 686 2596 840 2652; x_wconf 86' lang='lat' dir='ltr'><strong>Unde</strong></span> <span class='ocrx_word' id='word_1_160' title='bbox 863 2608 918 2652; x_wconf 88' lang='lat' dir='ltr'><strong>et</strong></span> <span class='ocrx_word' id='word_1_161' title='bbox 947 2600 1000 2653; x_wconf 90' lang='lat' dir='ltr'><strong>in</strong></span> <span class='ocrx_word' id='word_1_162' title='bbox 1024 2601 1106 2653; x_wconf 82' lang='lat' dir='ltr'><strong>his</strong></span> <span class='ocrx_word' id='word_1_163' title='bbox 1137 2602 1284 2672; x_wconf 89' lang='lat' dir='ltr'><strong>agris</strong></span> <span class='ocrx_word' id='word_1_164' title='bbox 1303 2603 1382 2655; x_wconf 90' lang='lat' dir='ltr'><strong>nil</strong></span> <span class='ocrx_word' id='word_1_165' title='bbox 1405 2605 1671 2659; x_wconf 89' lang='lat' dir='ltr'><strong>subsitnm</strong></span> <span class='ocrx_word' id='word_1_166' title='bbox 1699 2605 1832 2677; x_wconf 85' lang='lat' dir='ltr'><strong>[Al.,</strong></span> <span class='ocrx_word' id='word_1_167' title='bbox 1857 2607 2046 2665; x_wconf 89' lang='lat' dir='ltr'><strong>subse-</strong></span> 
     </span>
    </p>
   </div>
   <div class='ocr_carea' id='block_1_25' title="bbox 443 2683 2044 2767">
    <p class='ocr_par' dir='ltr' id='par_1_25' title="bbox 443 2683 2044 2767">
     <span class='ocr_line' id='line_1_25' title="bbox 443 2683 2044 2767; baseline 0.011 -29"><span class='ocrx_word' id='word_1_168' title='bbox 443 2683 709 2757; x_wconf 90' lang='lat' dir='ltr'><strong>civorum]</strong></span> <span class='ocrx_word' id='word_1_169' title='bbox 737 2685 1050 2748; x_wconf 75' lang='lat' dir='ltr'><strong>intervenit.</strong></span> <span class='ocrx_word' id='word_1_170' title='bbox 1071 2689 1288 2746; x_wconf 83' lang='lat' dir='ltr'><strong>Navalis</strong></span> <span class='ocrx_word' id='word_1_171' title='bbox 1308 2708 1439 2762; x_wconf 88' lang='lat' dir='ltr'><strong>ager</strong></span> <span class='ocrx_word' id='word_1_172' title='bbox 1459 2703 1542 2748; x_wconf 88' lang='lat' dir='ltr'><strong>est</strong></span> <span class='ocrx_word' id='word_1_173' title='bbox 1563 2696 1795 2766; x_wconf 88' lang='lat' dir='ltr'><strong>primum</strong></span> <span class='ocrx_word' id='word_1_174' title='bbox 1815 2700 2044 2767; x_wconf 88' lang='lat' dir='ltr'><strong>proscis-</strong></span> 
     </span>
    </p>
   </div>
   <div class='ocr_carea' id='block_1_26' title="bbox 442 2778 2042 2850">
    <p class='ocr_par' dir='ltr' id='par_1_26' title="bbox 442 2778 2042 2850">
     <span class='ocr_line' id='line_1_26' title="bbox 442 2778 2042 2850; baseline 0.012 -20"><span class='ocrx_word' id='word_1_175' title='bbox 442 2792 554 2842; x_wconf 85' lang='lat' dir='ltr'><strong>sus,</strong></span> <span class='ocrx_word' id='word_1_176' title='bbox 581 2778 696 2832; x_wconf 88' lang='lat' dir='ltr'><strong>sive</strong></span> <span class='ocrx_word' id='word_1_177' title='bbox 717 2780 807 2848; x_wconf 90' lang='lat' dir='ltr'><strong>qui</strong></span> <span class='ocrx_word' id='word_1_178' title='bbox 837 2780 1060 2836; x_wconf 85' lang='lat' dir='ltr'><strong>alternis</strong></span> <span class='ocrx_word' id='word_1_179' title='bbox 1083 2785 1238 2839; x_wconf 88' lang='lat' dir='ltr'><strong>anuis</strong></span> <span class='ocrx_word' id='word_1_180' title='bbox 1259 2795 1418 2840; x_wconf 87' lang='lat' dir='ltr'><strong>vacat</strong></span> <span class='ocrx_word' id='word_1_181' title='bbox 1441 2789 1812 2844; x_wconf 84' lang='lat' dir='ltr'><strong>novandarum</strong></span> <span class='ocrx_word' id='word_1_182' title='bbox 1835 2791 1936 2845; x_wconf 88' lang='lat' dir='ltr'><strong>sibi</strong></span> <span class='ocrx_word' id='word_1_183' title='bbox 1959 2792 2042 2850; x_wconf 84' lang='lat' dir='ltr'><strong>vi-</strong></span> 
     </span>
    </p>
   </div>
   <div class='ocr_carea' id='block_1_27' title="bbox 439 2869 2043 2937">
    <p class='ocr_par' dir='ltr' id='par_1_27' title="bbox 439 2869 2043 2937">
     <span class='ocr_line' id='line_1_27' title="bbox 439 2869 2043 2937; baseline 0.009 -15"><span class='ocrx_word' id='word_1_184' title='bbox 439 2869 582 2923; x_wconf 79' lang='lat' dir='ltr'><strong>rium</strong></span> <span class='ocrx_word' id='word_1_185' title='bbox 604 2885 790 2924; x_wconf 87' lang='lat' dir='ltr'><strong>causa.</strong></span> <span class='ocrx_word' id='word_1_186' title='bbox 821 2869 1044 2926; x_wconf 88' lang='lat' dir='ltr'><strong>Novalia</strong></span> <span class='ocrx_word' id='word_1_187' title='bbox 1068 2875 1212 2928; x_wconf 86' lang='lat' dir='ltr'><strong>enim</strong></span> <span class='ocrx_word' id='word_1_188' title='bbox 1243 2877 1410 2930; x_wconf 86' lang='lat' dir='ltr'><strong>semel</strong></span> <span class='ocrx_word' id='word_1_189' title='bbox 1435 2892 1556 2932; x_wconf 90' lang='lat' dir='ltr'><strong>cum</strong></span> <span class='ocrx_word' id='word_1_190' title='bbox 1591 2877 1769 2934; x_wconf 79' lang='lat' dir='ltr'><strong>fructu</strong></span> <span class='ocrx_word' id='word_1_191' title='bbox 1801 2889 1961 2936; x_wconf 87' lang='lat' dir='ltr'><strong>erunt</strong></span> <span class='ocrx_word' id='word_1_192' title='bbox 1989 2890 2043 2937; x_wconf 90' lang='lat' dir='ltr'><strong>et</strong></span> 
     </span>
    </p>
   </div>
   <div class='ocr_carea' id='block_1_28' title="bbox 444 2962 2040 3040">
    <p class='ocr_par' dir='ltr' id='par_1_28' title="bbox 444 2962 2040 3040">
     <span class='ocr_line' id='line_1_28' title="bbox 444 2962 2040 3040; baseline 0.011 -25"><span class='ocrx_word' id='word_1_193' title='bbox 444 2962 613 3016; x_wconf 85' lang='lat' dir='ltr'><strong>semel</strong></span> <span class='ocrx_word' id='word_1_194' title='bbox 645 2979 836 3018; x_wconf 86' lang='lat' dir='ltr'><strong>vacua.</strong></span> <span class='ocrx_word' id='word_1_195' title='bbox 861 2962 1084 3018; x_wconf 79' lang='lat' dir='ltr'><strong>Novalia</strong></span> <span class='ocrx_word' id='word_1_196' title='bbox 1115 2977 1342 3035; x_wconf 91' lang='lat' dir='ltr'><strong>possunt</strong></span> <span class='ocrx_word' id='word_1_197' title='bbox 1363 2969 1672 3040; x_wconf 88' lang='lat' dir='ltr'><strong>signiﬁcare</strong></span> <span class='ocrx_word' id='word_1_198' title='bbox 1694 2973 1908 3030; x_wconf 87' lang='lat' dir='ltr'><strong>labores</strong></span> <span class='ocrx_word' id='word_1_199' title='bbox 1929 2975 2040 3032; x_wconf 88' lang='lat' dir='ltr'><strong>fru-</strong></span> 
     </span>
    </p>
   </div>
   <div class='ocr_carea' id='block_1_29' title="bbox 443 3057 2036 3137">
    <p class='ocr_par' dir='ltr' id='par_1_29' title="bbox 443 3057 2036 3137">
     <span class='ocr_line' id='line_1_29' title="bbox 443 3057 2036 3137; baseline 0.011 -31"><span class='ocrx_word' id='word_1_200' title='bbox 443 3063 664 3116; x_wconf 77' lang='lat' dir='ltr'><strong>ctuosos</strong></span> <span class='ocrx_word' id='word_1_201' title='bbox 685 3057 899 3112; x_wconf 83' lang='lat' dir='ltr'><strong>naviter</strong></span> <span class='ocrx_word' id='word_1_202' title='bbox 919 3059 1181 3130; x_wconf 91' lang='lat' dir='ltr'><strong>inceptos.</strong></span> <span class='ocrx_word' id='word_1_203' title='bbox 1201 3061 1353 3117; x_wconf 88' lang='lat' dir='ltr'><strong>Unde</strong></span> <span class='ocrx_word' id='word_1_204' title='bbox 1368 3071 1450 3117; x_wconf 88' lang='lat' dir='ltr'><strong>est</strong></span> <span class='ocrx_word' id='word_1_205' title='bbox 1469 3065 1597 3120; x_wconf 89' lang='lat' dir='ltr'><strong>illud</strong></span> <span class='ocrx_word' id='word_1_206' title='bbox 1619 3069 1996 3137; x_wconf 87' lang='lat' dir='ltr'><strong>propheticum</strong></span> <span class='ocrx_word' id='word_1_207' title='bbox 2025 3087 2036 3123; x_wconf 91' lang='lat'><strong>:</strong></span> 
     </span>
    </p>
   </div>
   <div class='ocr_carea' id='block_1_30' title="bbox 445 3147 2040 3228">
    <p class='ocr_par' dir='ltr' id='par_1_30' title="bbox 445 3147 2040 3228">
     <span class='ocr_line' id='line_1_30' title="bbox 445 3147 2040 3228; baseline 0.009 -26"><span class='ocrx_word' id='word_1_208' title='bbox 445 3147 702 3203; x_wconf 86' lang='lat' dir='ltr'><strong>Innovate</strong></span> <span class='ocrx_word' id='word_1_209' title='bbox 733 3151 872 3204; x_wconf 83' lang='lat' dir='ltr'><strong>vobis</strong></span> <span class='ocrx_word' id='word_1_210' title='bbox 907 3153 1115 3206; x_wconf 83' lang='lat' dir='ltr'><strong>novalia</strong></span> <span class='ocrx_word' id='word_1_211' title='bbox 1141 3153 1285 3225; x_wconf 87' lang='lat' dir='ltr'><strong>(Ose.</strong></span> <span class='ocrx_word' id='word_1_212' title='bbox 1313 3156 1390 3228; x_wconf 80' lang='lat' dir='ltr'><strong>x);</strong></span> <span class='ocrx_word' id='word_1_213' title='bbox 1420 3173 1483 3212; x_wconf 89' lang='lat' dir='ltr'><strong>ac</strong></span> <span class='ocrx_word' id='word_1_214' title='bbox 1515 3160 1560 3214; x_wconf 90' lang='lat' dir='ltr'><strong>si</strong></span> <span class='ocrx_word' id='word_1_215' title='bbox 1591 3161 1795 3216; x_wconf 85' lang='lat' dir='ltr'><strong>diceret</strong></span> <span class='ocrx_word' id='word_1_216' title='bbox 1821 3180 1832 3215; x_wconf 91' lang='lat'><strong>:</strong></span> <span class='ocrx_word' id='word_1_217' title='bbox 1866 3162 2040 3217; x_wconf 73' lang='lat' dir='ltr'><strong>Exer-</strong></span> 
     </span>
    </p>
   </div>
   <div class='ocr_carea' id='block_1_31' title="bbox 1085 399 2042 472">
    <p class='ocr_par' dir='ltr' id='par_1_31' title="bbox 1085 401 2042 463">
     <span class='ocr_line' id='line_1_31' title="bbox 1085 401 2042 463; baseline -0.002 -2"><span class='ocrx_word' id='word_1_218' title='bbox 1085 405 1144 462; x_wconf 90' lang='lat' dir='ltr'><strong>B.</strong></span> <span class='ocrx_word' id='word_1_219' title='bbox 1186 404 1444 463; x_wconf 82' lang='lat' dir='ltr'><strong>RABANI</strong></span> <span class='ocrx_word' id='word_1_220' title='bbox 1483 404 1707 461; x_wconf 82' lang='lat' dir='ltr'><strong>MAURI</strong></span> <span class='ocrx_word' id='word_1_221' title='bbox 1739 401 2042 461; x_wconf 80' lang='lat' dir='ltr'><strong>ARCHIEP</strong></span> 
     </span>
    </p>
   </div>
   <div class='ocr_carea' id='block_1_32' title="bbox 2152 399 3066 472">
    <p class='ocr_par' dir='ltr' id='par_1_32' title="bbox 2152 402 3066 472">
     <span class='ocr_line' id='line_1_32' title="bbox 2152 402 3066 472; baseline 0.015 -14"><span class='ocrx_word' id='word_1_222' title='bbox 2152 402 2417 466; x_wconf 69' lang='lat' dir='ltr'><strong>IOGUNT.</strong></span> <span class='ocrx_word' id='word_1_223' title='bbox 2453 409 2747 470; x_wconf 64' lang='lat' dir='ltr'><strong>‘OPERUM</strong></span> <span class='ocrx_word' id='word_1_224' title='bbox 2781 412 2962 472; x_wconf 83' lang='lat' dir='ltr'><strong>PARS</strong></span> <span class='ocrx_word' id='word_1_225' title='bbox 3000 415 3066 472; x_wconf 89' lang='grc'><strong>11.</strong></span> 
     </span>
    </p>
   </div>
   <div class='ocr_carea' id='block_1_33' title="bbox 2075 1889 2126 1950">
    <p class='ocr_par' dir='ltr' id='par_1_33' title="bbox 2075 1889 2126 1950">
     <span class='ocr_line' id='line_1_33' title="bbox 2075 1889 2126 1950; baseline 0 0"><span class='ocrx_word' id='word_1_226' title='bbox 2075 1889 2126 1950; x_wconf 89' lang='grc' dir='ltr'><strong>Β</strong></span> 
     </span>
    </p>
   </div>
   <div class='ocr_carea' id='block_1_34' title="bbox 3625 415 3744 482">
    <p class='ocr_par' dir='ltr' id='par_1_34' title="bbox 3625 415 3744 482">
     <span class='ocr_line' id='line_1_34' title="bbox 3625 415 3744 482; baseline -0.059 0"><span class='ocrx_word' id='word_1_227' title='bbox 3625 415 3744 482; x_wconf 68' lang='lat' dir='ltr'><strong>ﬂ!</strong></span> 
     </span>
    </p>
   </div>
   <div class='ocr_carea' id='block_1_35' title="bbox 2719 534 3182 593">
    <p class='ocr_par' dir='ltr' id='par_1_35' title="bbox 2719 534 3182 593">
     <span class='ocr_line' id='line_1_35' title="bbox 2719 534 3182 593; baseline 0.002 -1"><span class='ocrx_word' id='word_1_228' title='bbox 2719 534 2948 592; x_wconf 79' lang='lat' dir='ltr'><strong>CAPUT</strong></span> <span class='ocrx_word' id='word_1_229' title='bbox 2986 536 3182 593; x_wconf 79' lang='lat' dir='ltr'><strong>XXXI.</strong></span> 
     </span>
    </p>
   </div>
   <div class='ocr_carea' id='block_1_36' title="bbox 2610 624 3287 700">
    <p class='ocr_par' dir='ltr' id='par_1_36' title="bbox 2610 624 3287 700">
     <span class='ocr_line' id='line_1_36' title="bbox 2610 624 3287 700; baseline 0.009 -20"><span class='ocrx_word' id='word_1_230' title='bbox 2610 624 2688 681; x_wconf 84' lang='lat' dir='ltr'><strong>De</strong></span> <span class='ocrx_word' id='word_1_231' title='bbox 2723 630 2983 683; x_wconf 82' lang='lat' dir='ltr'><strong>mensuris</strong></span> <span class='ocrx_word' id='word_1_232' title='bbox 3018 646 3287 700; x_wconf 82' lang='lat' dir='ltr'><strong>agrorum.</strong></span> 
     </span>
    </p>
   </div>
   <div class='ocr_carea' id='block_1_37' title="bbox 2213 733 3739 814">
    <p class='ocr_par' dir='ltr' id='par_1_37' title="bbox 2213 733 3739 814">
     <span class='ocr_line' id='line_1_37' title="bbox 2213 733 3739 814; baseline 0.011 -25"><span class='ocrx_word' id='word_1_233' title='bbox 2213 733 2495 794; x_wconf 83' lang='lat' dir='ltr'><strong>Mensuras</strong></span> <span class='ocrx_word' id='word_1_234' title='bbox 2535 739 2752 796; x_wconf 82' lang='lat' dir='ltr'><strong>viarum</strong></span> <span class='ocrx_word' id='word_1_235' title='bbox 2796 757 2895 798; x_wconf 90' lang='lat' dir='ltr'><strong>nos</strong></span> <span class='ocrx_word' id='word_1_236' title='bbox 2942 743 3196 800; x_wconf 89' lang='lat' dir='ltr'><strong>milliaria</strong></span> <span class='ocrx_word' id='word_1_237' title='bbox 3227 744 3504 804; x_wconf 86' lang='lat' dir='ltr'><strong>dicimus:</strong></span> <span class='ocrx_word' id='word_1_238' title='bbox 3538 747 3739 814; x_wconf 62' lang='lat' dir='ltr'><strong>Graeci,</strong></span> 
     </span>
    </p>
   </div>
   <div class='ocr_carea' id='block_1_38' title="bbox 2142 829 3744 914">
    <p class='ocr_par' dir='ltr' id='par_1_38' title="bbox 2142 829 3744 914">
     <span class='ocr_line' id='line_1_38' title="bbox 2142 829 3744 914; baseline 0.009 -30"><span class='ocrx_word' id='word_1_239' title='bbox 2142 829 2349 894; x_wconf 86' lang='lat' dir='ltr'><strong>stadia;</strong></span> <span class='ocrx_word' id='word_1_240' title='bbox 2393 829 2555 898; x_wconf 89' lang='lat' dir='ltr'><strong>Galli,</strong></span> <span class='ocrx_word' id='word_1_241' title='bbox 2587 832 2810 902; x_wconf 89' lang='lat' dir='ltr'><strong>leucas;</strong></span> <span class='ocrx_word' id='word_1_242' title='bbox 2843 835 3070 910; x_wconf 62' lang='lat' dir='ltr'><strong>Egytii,</strong></span> <span class='ocrx_word' id='word_1_243' title='bbox 3103 839 3377 910; x_wconf 84' lang='lat' dir='ltr'><strong>schaenos;</strong></span> <span class='ocrx_word' id='word_1_244' title='bbox 3409 839 3612 908; x_wconf 82' lang='lat' dir='ltr'><strong>Persae,</strong></span> <span class='ocrx_word' id='word_1_245' title='bbox 3643 857 3744 914; x_wconf 84' lang='lat' dir='ltr'><strong>pa-</strong></span> 
     </span>
    </p>
   </div>
   <div class='ocr_carea' id='block_1_39' title="bbox 2139 922 3746 1002">
    <p class='ocr_par' dir='ltr' id='par_1_39' title="bbox 2139 922 3746 1002">
     <span class='ocr_line' id='line_1_39' title="bbox 2139 922 3746 1002; baseline 0.007 -27"><span class='ocrx_word' id='word_1_246' title='bbox 2139 936 2422 993; x_wconf 87' lang='lat' dir='ltr'><strong>rasangas.</strong></span> <span class='ocrx_word' id='word_1_247' title='bbox 2459 922 2597 978; x_wconf 88' lang='lat' dir='ltr'><strong>Sunt</strong></span> <span class='ocrx_word' id='word_1_248' title='bbox 2636 934 2821 982; x_wconf 88' lang='lat' dir='ltr'><strong>autem</strong></span> <span class='ocrx_word' id='word_1_249' title='bbox 2859 930 3080 998; x_wconf 86' lang='lat' dir='ltr'><strong>proprio</strong></span> <span class='ocrx_word' id='word_1_250' title='bbox 3109 945 3336 1002; x_wconf 73' lang='lat' dir='ltr'><strong>quaeque</strong></span> <span class='ocrx_word' id='word_1_251' title='bbox 3367 933 3586 1001; x_wconf 87' lang='lat' dir='ltr'><strong>spatio:</strong></span> <span class='ocrx_word' id='word_1_252' title='bbox 3622 932 3746 988; x_wconf 86' lang='lat' dir='ltr'><strong>mil-</strong></span> 
     </span>
    </p>
   </div>
   <div class='ocr_carea' id='block_1_40' title="bbox 2141 1013 3750 1102">
    <p class='ocr_par' dir='ltr' id='par_1_40' title="bbox 2141 1013 3750 1102">
     <span class='ocr_line' id='line_1_40' title="bbox 2141 1013 3750 1102; baseline 0.008 -35"><span class='ocrx_word' id='word_1_253' title='bbox 2141 1013 2360 1070; x_wconf 89' lang='lat' dir='ltr'><strong>liarium</strong></span> <span class='ocrx_word' id='word_1_254' title='bbox 2385 1014 2532 1070; x_wconf 89' lang='lat' dir='ltr'><strong>mille</strong></span> <span class='ocrx_word' id='word_1_255' title='bbox 2551 1019 2802 1085; x_wconf 88' lang='lat' dir='ltr'><strong>passibus</strong></span> <span class='ocrx_word' id='word_1_256' title='bbox 2829 1022 3175 1077; x_wconf 88' lang='lat' dir='ltr'><strong>terminatur.</strong></span> <span class='ocrx_word' id='word_1_257' title='bbox 3211 1023 3278 1078; x_wconf 89' lang='lat' dir='ltr'><strong>Et</strong></span> <span class='ocrx_word' id='word_1_258' title='bbox 3308 1024 3512 1102; x_wconf 76' lang='lat' dir='ltr'><strong>dictum</strong></span> <span class='ocrx_word' id='word_1_259' title='bbox 3546 1025 3750 1080; x_wconf 81' lang='lat' dir='ltr'><strong>millia-</strong></span> 
     </span>
    </p>
   </div>
   <div class='ocr_carea' id='block_1_41' title="bbox 2142 1105 3746 1188">
    <p class='ocr_par' dir='ltr' id='par_1_41' title="bbox 2142 1105 3746 1188">
     <span class='ocr_line' id='line_1_41' title="bbox 2142 1105 3746 1188; baseline 0.007 -28"><span class='ocrx_word' id='word_1_260' title='bbox 2142 1105 2306 1171; x_wconf 85' lang='lat' dir='ltr'><strong>rium,</strong></span> <span class='ocrx_word' id='word_1_261' title='bbox 2322 1108 2476 1176; x_wconf 87' lang='lat' dir='ltr'><strong>quasi</strong></span> <span class='ocrx_word' id='word_1_262' title='bbox 2493 1109 2811 1176; x_wconf 82' lang='lat' dir='ltr'><strong>milladium,</strong></span> <span class='ocrx_word' id='word_1_263' title='bbox 2835 1111 3042 1168; x_wconf 87' lang='lat' dir='ltr'><strong>habens</strong></span> <span class='ocrx_word' id='word_1_264' title='bbox 3067 1116 3265 1186; x_wconf 90' lang='lat' dir='ltr'><strong>pedum</strong></span> <span class='ocrx_word' id='word_1_265' title='bbox 3289 1117 3532 1188; x_wconf 89' lang='lat' dir='ltr'><strong>quinque</strong></span> <span class='ocrx_word' id='word_1_266' title='bbox 3545 1117 3746 1172; x_wconf 87' lang='lat' dir='ltr'><strong>millia.</strong></span> 
     </span>
    </p>
   </div>
   <div class='ocr_carea' id='block_1_42' title="bbox 2141 1197 3744 1282">
    <p class='ocr_par' dir='ltr' id='par_1_42' title="bbox 2141 1197 3744 1282">
     <span class='ocr_line' id='line_1_42' title="bbox 2141 1197 3744 1282; baseline 0.009 -30"><span class='ocrx_word' id='word_1_267' title='bbox 2141 1197 2318 1256; x_wconf 88' lang='lat' dir='ltr'><strong>Leuca</strong></span> <span class='ocrx_word' id='word_1_268' title='bbox 2369 1201 2558 1257; x_wconf 89' lang='lat' dir='ltr'><strong>ﬁnitur</strong></span> <span class='ocrx_word' id='word_1_269' title='bbox 2597 1207 2852 1274; x_wconf 90' lang='lat' dir='ltr'><strong>passibus</strong></span> <span class='ocrx_word' id='word_1_270' title='bbox 2889 1207 3037 1262; x_wconf 91' lang='lat' dir='ltr'><strong>mille</strong></span> <span class='ocrx_word' id='word_1_271' title='bbox 3075 1211 3406 1282; x_wconf 78' lang='lat' dir='ltr'><strong>quingentis.</strong></span> <span class='ocrx_word' id='word_1_272' title='bbox 3452 1209 3744 1277; x_wconf 82' lang='lat' dir='ltr'><strong>Stadium,</strong></span> 
     </span>
    </p>
   </div>
   <div class='ocr_carea' id='block_1_43' title="bbox 2141 1298 3748 1371">
    <p class='ocr_par' dir='ltr' id='par_1_43' title="bbox 2141 1298 3748 1371">
     <span class='ocr_line' id='line_1_43' title="bbox 2141 1298 3748 1371; baseline 0.004 -23"><span class='ocrx_word' id='word_1_273' title='bbox 2141 1303 2332 1349; x_wconf 87' lang='lat' dir='ltr'><strong>octava</strong></span> <span class='ocrx_word' id='word_1_274' title='bbox 2363 1311 2493 1365; x_wconf 90' lang='lat' dir='ltr'><strong>pars</strong></span> <span class='ocrx_word' id='word_1_275' title='bbox 2521 1298 2762 1352; x_wconf 86' lang='lat' dir='ltr'><strong>milliarii</strong></span> <span class='ocrx_word' id='word_1_276' title='bbox 2793 1307 2908 1366; x_wconf 89' lang='lat' dir='ltr'><strong>est,</strong></span> <span class='ocrx_word' id='word_1_277' title='bbox 2941 1311 3202 1356; x_wconf 84' lang='lat' dir='ltr'><strong>constans</strong></span> <span class='ocrx_word' id='word_1_278' title='bbox 3231 1303 3484 1371; x_wconf 88' lang='lat' dir='ltr'><strong>passibus</strong></span> <span class='ocrx_word' id='word_1_279' title='bbox 3525 1310 3748 1356; x_wconf 88' lang='lat' dir='ltr'><strong>centum</strong></span> 
     </span>
    </p>
   </div>
   <div class='ocr_carea' id='block_1_44' title="bbox 2141 1385 3746 1460">
    <p class='ocr_par' dir='ltr' id='par_1_44' title="bbox 2141 1385 3746 1460">
     <span class='ocr_line' id='line_1_44' title="bbox 2141 1385 3746 1460; baseline 0.004 -22"><span class='ocrx_word' id='word_1_280' title='bbox 2141 1385 2332 1458; x_wconf 81' lang='lat' dir='ltr'><strong>viginti</strong></span> <span class='ocrx_word' id='word_1_281' title='bbox 2363 1387 2624 1458; x_wconf 87' lang='lat' dir='ltr'><strong>quinque.</strong></span> <span class='ocrx_word' id='word_1_282' title='bbox 2651 1389 2765 1444; x_wconf 86' lang='lat' dir='ltr'><strong>Hoc</strong></span> <span class='ocrx_word' id='word_1_283' title='bbox 2791 1390 3026 1460; x_wconf 90' lang='lat' dir='ltr'><strong>primum</strong></span> <span class='ocrx_word' id='word_1_284' title='bbox 3057 1389 3342 1446; x_wconf 83' lang='lat' dir='ltr'><strong>Herculem</strong></span> <span class='ocrx_word' id='word_1_285' title='bbox 3373 1393 3632 1448; x_wconf 89' lang='lat' dir='ltr'><strong>statuisse</strong></span> <span class='ocrx_word' id='word_1_286' title='bbox 3659 1393 3746 1446; x_wconf 85' lang='lat' dir='ltr'><strong>di-</strong></span> 
     </span>
    </p>
   </div>
   <div class='ocr_carea' id='block_1_45' title="bbox 2144 1481 3749 1552">
    <p class='ocr_par' dir='ltr' id='par_1_45' title="bbox 2144 1481 3749 1552">
     <span class='ocr_line' id='line_1_45' title="bbox 2144 1481 3749 1552; baseline 0.002 -22"><span class='ocrx_word' id='word_1_287' title='bbox 2144 1485 2307 1544; x_wconf 89' lang='lat' dir='ltr'><strong>cunt,</strong></span> <span class='ocrx_word' id='word_1_288' title='bbox 2337 1491 2570 1547; x_wconf 89' lang='lat' dir='ltr'><strong>eumque</strong></span> <span class='ocrx_word' id='word_1_289' title='bbox 2599 1494 2665 1533; x_wconf 88' lang='lat' dir='ltr'><strong>eo</strong></span> <span class='ocrx_word' id='word_1_290' title='bbox 2697 1481 2872 1548; x_wconf 88' lang='lat' dir='ltr'><strong>spatio</strong></span> <span class='ocrx_word' id='word_1_291' title='bbox 2903 1481 3251 1546; x_wconf 88' lang='lat' dir='ltr'><strong>terminasse,</strong></span> <span class='ocrx_word' id='word_1_292' title='bbox 3293 1481 3436 1552; x_wconf 87' lang='lat' dir='ltr'><strong>quod</strong></span> <span class='ocrx_word' id='word_1_293' title='bbox 3483 1485 3600 1552; x_wconf 88' lang='lat' dir='ltr'><strong>ipse</strong></span> <span class='ocrx_word' id='word_1_294' title='bbox 3645 1483 3749 1536; x_wconf 88' lang='lat' dir='ltr'><strong>sub</strong></span> 
     </span>
    </p>
   </div>
   <div class='ocr_carea' id='block_1_46' title="bbox 2145 1571 3748 1647">
    <p class='ocr_par' dir='ltr' id='par_1_46' title="bbox 2145 1571 3748 1647">
     <span class='ocr_line' id='line_1_46' title="bbox 2145 1571 3748 1647; baseline 0.005 -25"><span class='ocrx_word' id='word_1_295' title='bbox 2145 1585 2253 1624; x_wconf 92' lang='lat' dir='ltr'><strong>uno</strong></span> <span class='ocrx_word' id='word_1_296' title='bbox 2297 1571 2490 1639; x_wconf 80' lang='lat' dir='ltr'><strong>spiritu</strong></span> <span class='ocrx_word' id='word_1_297' title='bbox 2532 1573 2890 1638; x_wconf 82' lang='lat' dir='ltr'><strong>confecisset,</strong></span> <span class='ocrx_word' id='word_1_298' title='bbox 2924 1589 2988 1630; x_wconf 88' lang='lat' dir='ltr'><strong>ac</strong></span> <span class='ocrx_word' id='word_1_299' title='bbox 3017 1576 3248 1644; x_wconf 86' lang='lat' dir='ltr'><strong>proinde</strong></span> <span class='ocrx_word' id='word_1_300' title='bbox 3287 1577 3524 1632; x_wconf 89' lang='lat' dir='ltr'><strong>stadium</strong></span> <span class='ocrx_word' id='word_1_301' title='bbox 3564 1576 3748 1647; x_wconf 90' lang='lat' dir='ltr'><strong>appel-</strong></span> 
     </span>
    </p>
   </div>
   <div class='ocr_carea' id='block_1_47' title="bbox 2144 1661 3748 1741">
    <p class='ocr_par' dir='ltr' id='par_1_47' title="bbox 2144 1661 3748 1741">
     <span class='ocr_line' id='line_1_47' title="bbox 2144 1661 3748 1741; baseline 0.004 -24"><span class='ocrx_word' id='word_1_302' title='bbox 2144 1661 2306 1730; x_wconf 89' lang='lat' dir='ltr'><strong>lasse,</strong></span> <span class='ocrx_word' id='word_1_303' title='bbox 2341 1664 2485 1734; x_wconf 91' lang='lat' dir='ltr'><strong>quod</strong></span> <span class='ocrx_word' id='word_1_304' title='bbox 2516 1665 2569 1720; x_wconf 93' lang='lat' dir='ltr'><strong>in</strong></span> <span class='ocrx_word' id='word_1_305' title='bbox 2616 1666 2779 1722; x_wconf 90' lang='lat' dir='ltr'><strong>ﬁnem</strong></span> <span class='ocrx_word' id='word_1_306' title='bbox 2825 1669 3190 1739; x_wconf 87' lang='lat' dir='ltr'><strong>respirasset,</strong></span> <span class='ocrx_word' id='word_1_307' title='bbox 3221 1670 3496 1741; x_wconf 87' lang='lat' dir='ltr'><strong>simulque</strong></span> <span class='ocrx_word' id='word_1_308' title='bbox 3533 1679 3592 1724; x_wconf 89' lang='lat' dir='ltr'><strong>et</strong></span> <span class='ocrx_word' id='word_1_309' title='bbox 3636 1677 3748 1724; x_wconf 88' lang='lat' dir='ltr'><strong>ste-</strong></span> 
     </span>
    </p>
   </div>
   <div class='ocr_carea' id='block_1_48' title="bbox 2147 1755 2322 1811">
    <p class='ocr_par' dir='ltr' id='par_1_48' title="bbox 2147 1755 2322 1811">
     <span class='ocr_line' id='line_1_48' title="bbox 2147 1755 2322 1811; baseline 0.011 -3"><span class='ocrx_word' id='word_1_310' title='bbox 2147 1755 2322 1811; x_wconf 91' lang='lat' dir='ltr'><strong>tisset.</strong></span> 
     </span>
    </p>
   </div>
   <div class='ocr_carea' id='block_1_49' title="bbox 2703 1849 3194 1908">
    <p class='ocr_par' dir='ltr' id='par_1_49' title="bbox 2703 1849 3194 1908">
     <span class='ocr_line' id='line_1_49' title="bbox 2703 1849 3194 1908; baseline 0.008 -4"><span class='ocrx_word' id='word_1_311' title='bbox 2703 1849 2934 1906; x_wconf 75' lang='lat' dir='ltr'><strong>CAPUT</strong></span> <span class='ocrx_word' id='word_1_312' title='bbox 2975 1850 3070 1905; x_wconf 75' lang='lat' dir='ltr'><strong>XX</strong></span> <span class='ocrx_word' id='word_1_313' title='bbox 3084 1851 3194 1908; x_wconf 77' lang='lat' dir='ltr'><strong>XII.</strong></span> 
     </span>
    </p>
   </div>
   <div class='ocr_carea' id='block_1_50' title="bbox 2744 1941 3152 1998">
    <p class='ocr_par' dir='ltr' id='par_1_50' title="bbox 2744 1941 3152 1998">
     <span class='ocr_line' id='line_1_50' title="bbox 2744 1941 3152 1998; baseline 0.007 -4"><span class='ocrx_word' id='word_1_314' title='bbox 2744 1941 2820 1996; x_wconf 84' lang='lat' dir='ltr'><strong>De</strong></span> <span class='ocrx_word' id='word_1_315' title='bbox 2859 1943 3152 1998; x_wconf 85' lang='lat' dir='ltr'><strong>itineribus.</strong></span> 
     </span>
    </p>
   </div>
   <div class='ocr_carea' id='block_1_51' title="bbox 2223 2030 3752 2104">
    <p class='ocr_par' dir='ltr' id='par_1_51' title="bbox 2223 2030 3752 2104">
     <span class='ocr_line' id='line_1_51' title="bbox 2223 2030 3752 2104; baseline 0.007 -19"><span class='ocrx_word' id='word_1_316' title='bbox 2223 2030 2324 2086; x_wconf 77' lang='lat' dir='ltr'><strong>Via</strong></span> <span class='ocrx_word' id='word_1_317' title='bbox 2354 2037 2468 2099; x_wconf 91' lang='lat' dir='ltr'><strong>est,</strong></span> <span class='ocrx_word' id='word_1_318' title='bbox 2501 2047 2608 2103; x_wconf 89' lang='lat' dir='ltr'><strong>qua</strong></span> <span class='ocrx_word' id='word_1_319' title='bbox 2637 2043 2822 2104; x_wconf 83' lang='lat' dir='ltr'><strong>potest</strong></span> <span class='ocrx_word' id='word_1_320' title='bbox 2853 2035 2934 2092; x_wconf 89' lang='lat' dir='ltr'><strong>ire</strong></span> <span class='ocrx_word' id='word_1_321' title='bbox 2962 2036 3271 2092; x_wconf 78' lang='lat' dir='ltr'><strong>vehiculum</strong></span> <span class='ocrx_word' id='word_1_322' title='bbox 3299 2051 3314 2093; x_wconf 84' lang='lat'><strong>:</strong></span> <span class='ocrx_word' id='word_1_323' title='bbox 3343 2043 3400 2093; x_wconf 83' lang='lat' dir='ltr'><strong>et</strong></span> <span class='ocrx_word' id='word_1_324' title='bbox 3423 2037 3516 2093; x_wconf 86' lang='lat' dir='ltr'><strong>via</strong></span> <span class='ocrx_word' id='word_1_325' title='bbox 3545 2039 3691 2094; x_wconf 84' lang='lat' dir='ltr'><strong>dicta</strong></span> <span class='ocrx_word' id='word_1_326' title='bbox 3719 2052 3752 2096; x_wconf 83' lang='lat' dir='ltr'><strong>a</strong></span> 
     </span>
    </p>
   </div>
   <div class='ocr_carea' id='block_1_52' title="bbox 2151 2123 3754 2203">
    <p class='ocr_par' dir='ltr' id='par_1_52' title="bbox 2151 2123 3754 2203">
     <span class='ocr_line' id='line_1_52' title="bbox 2151 2123 3754 2203; baseline 0.007 -26"><span class='ocrx_word' id='word_1_327' title='bbox 2151 2123 2524 2180; x_wconf 83' lang='lat' dir='ltr'><strong>vehiculorum</strong></span> <span class='ocrx_word' id='word_1_328' title='bbox 2559 2127 2802 2182; x_wconf 73' lang='lat' dir='ltr'><strong>incursu.</strong></span> <span class='ocrx_word' id='word_1_329' title='bbox 2837 2127 2974 2182; x_wconf 85' lang='lat' dir='ltr'><strong>Nam</strong></span> <span class='ocrx_word' id='word_1_330' title='bbox 3004 2129 3139 2184; x_wconf 91' lang='lat' dir='ltr'><strong>duos</strong></span> <span class='ocrx_word' id='word_1_331' title='bbox 3167 2139 3321 2186; x_wconf 88' lang='lat' dir='ltr'><strong>actus</strong></span> <span class='ocrx_word' id='word_1_332' title='bbox 3351 2131 3498 2202; x_wconf 86' lang='lat' dir='ltr'><strong>capit</strong></span> <span class='ocrx_word' id='word_1_333' title='bbox 3524 2141 3754 2203; x_wconf 87' lang='lat' dir='ltr'><strong>propter</strong></span> 
     </span>
    </p>
   </div>
   <div class='ocr_carea' id='block_1_53' title="bbox 2153 2217 3754 2278">
    <p class='ocr_par' dir='ltr' id='par_1_53' title="bbox 2153 2217 3754 2278">
     <span class='ocr_line' id='line_1_53' title="bbox 2153 2217 3754 2278; baseline 0.004 -7"><span class='ocrx_word' id='word_1_334' title='bbox 2153 2217 2398 2272; x_wconf 85' lang='lat' dir='ltr'><strong>euntium</strong></span> <span class='ocrx_word' id='word_1_335' title='bbox 2431 2225 2485 2271; x_wconf 89' lang='lat' dir='ltr'><strong>et</strong></span> <span class='ocrx_word' id='word_1_336' title='bbox 2511 2219 2844 2272; x_wconf 84' lang='lat' dir='ltr'><strong>venientium</strong></span> <span class='ocrx_word' id='word_1_337' title='bbox 2873 2219 3246 2274; x_wconf 80' lang='lat' dir='ltr'><strong>vehiculorum</strong></span> <span class='ocrx_word' id='word_1_338' title='bbox 3283 2223 3586 2276; x_wconf 89' lang='lat' dir='ltr'><strong>incursum.</strong></span> <span class='ocrx_word' id='word_1_339' title='bbox 3623 2222 3754 2278; x_wconf 89' lang='lat' dir='ltr'><strong>0m-</strong></span> 
     </span>
    </p>
   </div>
   <div class='ocr_carea' id='block_1_54' title="bbox 2148 2306 3748 2382">
    <p class='ocr_par' dir='ltr' id='par_1_54' title="bbox 2148 2306 3748 2382">
     <span class='ocr_line' id='line_1_54' title="bbox 2148 2306 3748 2382; baseline 0.006 -21"><span class='ocrx_word' id='word_1_340' title='bbox 2148 2306 2233 2362; x_wconf 89' lang='lat' dir='ltr'><strong>nis</strong></span> <span class='ocrx_word' id='word_1_341' title='bbox 2263 2315 2445 2362; x_wconf 89' lang='lat' dir='ltr'><strong>autem</strong></span> <span class='ocrx_word' id='word_1_342' title='bbox 2475 2308 2562 2361; x_wconf 90' lang='lat' dir='ltr'><strong>via</strong></span> <span class='ocrx_word' id='word_1_343' title='bbox 2591 2317 2684 2362; x_wconf 90' lang='lat' dir='ltr'><strong>aut</strong></span> <span class='ocrx_word' id='word_1_344' title='bbox 2713 2310 2951 2379; x_wconf 89' lang='lat' dir='ltr'><strong>publica,</strong></span> <span class='ocrx_word' id='word_1_345' title='bbox 2985 2321 3078 2365; x_wconf 87' lang='lat' dir='ltr'><strong>aut</strong></span> <span class='ocrx_word' id='word_1_346' title='bbox 3109 2312 3345 2382; x_wconf 88' lang='lat' dir='ltr'><strong>privata.</strong></span> <span class='ocrx_word' id='word_1_347' title='bbox 3379 2313 3604 2369; x_wconf 85' lang='lat' dir='ltr'><strong>Publica</strong></span> <span class='ocrx_word' id='word_1_348' title='bbox 3635 2327 3748 2380; x_wconf 87' lang='lat' dir='ltr'><strong>est,</strong></span> 
     </span>
    </p>
   </div>
   <div class='ocr_carea' id='block_1_55' title="bbox 2147 2400 3752 2477">
    <p class='ocr_par' dir='ltr' id='par_1_55' title="bbox 2147 2400 3752 2477">
     <span class='ocr_line' id='line_1_55' title="bbox 2147 2400 3752 2477; baseline 0.005 -23"><span class='ocrx_word' id='word_1_349' title='bbox 2147 2415 2268 2469; x_wconf 79' lang='lat' dir='ltr'><strong>quae</strong></span> <span class='ocrx_word' id='word_1_350' title='bbox 2301 2401 2352 2454; x_wconf 91' lang='lat' dir='ltr'><strong>in</strong></span> <span class='ocrx_word' id='word_1_351' title='bbox 2383 2400 2498 2454; x_wconf 92' lang='lat' dir='ltr'><strong>solo</strong></span> <span class='ocrx_word' id='word_1_352' title='bbox 2525 2400 2740 2471; x_wconf 90' lang='lat' dir='ltr'><strong>publico</strong></span> <span class='ocrx_word' id='word_1_353' title='bbox 2767 2411 2884 2468; x_wconf 90' lang='lat' dir='ltr'><strong>est,</strong></span> <span class='ocrx_word' id='word_1_354' title='bbox 2937 2419 3042 2472; x_wconf 88' lang='lat' dir='ltr'><strong>qua</strong></span> <span class='ocrx_word' id='word_1_355' title='bbox 3075 2404 3181 2460; x_wconf 87' lang='lat' dir='ltr'><strong>iter</strong></span> <span class='ocrx_word' id='word_1_356' title='bbox 3219 2409 3385 2461; x_wconf 81' lang='lat' dir='ltr'><strong>actus</strong></span> <span class='ocrx_word' id='word_1_357' title='bbox 3423 2407 3628 2476; x_wconf 89' lang='lat' dir='ltr'><strong>populo</strong></span> <span class='ocrx_word' id='word_1_358' title='bbox 3657 2423 3752 2477; x_wconf 87' lang='lat' dir='ltr'><strong>pa-</strong></span> 
     </span>
    </p>
   </div>
   <div class='ocr_carea' id='block_1_56' title="bbox 2147 2492 3752 2568">
    <p class='ocr_par' dir='ltr' id='par_1_56' title="bbox 2147 2492 3752 2568">
     <span class='ocr_line' id='line_1_56' title="bbox 2147 2492 3752 2568; baseline 0.005 -20"><span class='ocrx_word' id='word_1_359' title='bbox 2147 2501 2242 2548; x_wconf 87' lang='lat' dir='ltr'><strong>tet.</strong></span> <span class='ocrx_word' id='word_1_360' title='bbox 2277 2492 2404 2548; x_wconf 81' lang='lat' dir='ltr'><strong>llaec</strong></span> <span class='ocrx_word' id='word_1_361' title='bbox 2427 2501 2519 2548; x_wconf 91' lang='lat' dir='ltr'><strong>aut</strong></span> <span class='ocrx_word' id='word_1_362' title='bbox 2542 2495 2610 2548; x_wconf 91' lang='lat' dir='ltr'><strong>ad</strong></span> <span class='ocrx_word' id='word_1_363' title='bbox 2639 2512 2786 2550; x_wconf 88' lang='lat' dir='ltr'><strong>mare</strong></span> <span class='ocrx_word' id='word_1_364' title='bbox 2812 2498 2988 2551; x_wconf 86' lang='lat' dir='ltr'><strong>antad</strong></span> <span class='ocrx_word' id='word_1_365' title='bbox 3016 2498 3212 2567; x_wconf 89' lang='lat' dir='ltr'><strong>oppida</strong></span> <span class='ocrx_word' id='word_1_366' title='bbox 3238 2501 3494 2568; x_wconf 85' lang='lat' dir='ltr'><strong>pertinet.</strong></span> <span class='ocrx_word' id='word_1_367' title='bbox 3529 2499 3752 2556; x_wconf 84' lang='lat' dir='ltr'><strong>Privata</strong></span> 
     </span>
    </p>
   </div>
   <div class='ocr_carea' id='block_1_57' title="bbox 2147 2584 3752 2655">
    <p class='ocr_par' dir='ltr' id='par_1_57' title="bbox 2147 2584 3752 2655">
     <span class='ocr_line' id='line_1_57' title="bbox 2147 2584 3752 2655; baseline 0.004 -18"><span class='ocrx_word' id='word_1_368' title='bbox 2147 2589 2260 2646; x_wconf 88' lang='lat' dir='ltr'><strong>est,</strong></span> <span class='ocrx_word' id='word_1_369' title='bbox 2292 2597 2412 2651; x_wconf 67' lang='lat' dir='ltr'><strong>qum</strong></span> <span class='ocrx_word' id='word_1_370' title='bbox 2453 2584 2634 2638; x_wconf 90' lang='lat' dir='ltr'><strong>vicino</strong></span> <span class='ocrx_word' id='word_1_371' title='bbox 2665 2586 2959 2655; x_wconf 80' lang='lat' dir='ltr'><strong>municipio</strong></span> <span class='ocrx_word' id='word_1_372' title='bbox 2992 2587 3117 2640; x_wconf 88' lang='lat' dir='ltr'><strong>data</strong></span> <span class='ocrx_word' id='word_1_373' title='bbox 3146 2597 3248 2641; x_wconf 85' lang='lat' dir='ltr'><strong>est.</strong></span> <span class='ocrx_word' id='word_1_374' title='bbox 3285 2588 3384 2642; x_wconf 80' lang='lat' dir='ltr'><strong>Via</strong></span> <span class='ocrx_word' id='word_1_375' title='bbox 3416 2589 3564 2643; x_wconf 90' lang='lat' dir='ltr'><strong>enim</strong></span> <span class='ocrx_word' id='word_1_376' title='bbox 3611 2591 3752 2644; x_wconf 89' lang='lat' dir='ltr'><strong>mul-</strong></span> 
     </span>
    </p>
   </div>
   <div class='ocr_carea' id='block_1_58' title="bbox 2147 2672 3748 2750">
    <p class='ocr_par' dir='ltr' id='par_1_58' title="bbox 2147 2672 3748 2750">
     <span class='ocr_line' id='line_1_58' title="bbox 2147 2672 3748 2750; baseline 0.007 -24"><span class='ocrx_word' id='word_1_377' title='bbox 2147 2672 2390 2741; x_wconf 87' lang='lat' dir='ltr'><strong>tiplicem</strong></span> <span class='ocrx_word' id='word_1_378' title='bbox 2433 2675 2892 2743; x_wconf 86' lang='lat' dir='ltr'><strong>signiﬁcationem</strong></span> <span class='ocrx_word' id='word_1_379' title='bbox 2939 2677 3144 2732; x_wconf 88' lang='lat' dir='ltr'><strong>habet:</strong></span> <span class='ocrx_word' id='word_1_380' title='bbox 3191 2679 3246 2733; x_wconf 91' lang='lat' dir='ltr'><strong>in</strong></span> <span class='ocrx_word' id='word_1_381' title='bbox 3289 2680 3486 2734; x_wconf 86' lang='lat' dir='ltr'><strong>bonam</strong></span> <span class='ocrx_word' id='word_1_382' title='bbox 3531 2691 3748 2750; x_wconf 87' lang='lat' dir='ltr'><strong>partem</strong></span> 
     </span>
    </p>
   </div>
   <div class='ocr_carea' id='block_1_59' title="bbox 2148 2765 3746 2846">
    <p class='ocr_par' dir='ltr' id='par_1_59' title="bbox 2148 2765 3746 2846">
     <span class='ocr_line' id='line_1_59' title="bbox 2148 2765 3746 2846; baseline 0.006 -28"><span class='ocrx_word' id='word_1_383' title='bbox 2148 2765 2438 2834; x_wconf 84' lang='lat' dir='ltr'><strong>aliquando</strong></span> <span class='ocrx_word' id='word_1_384' title='bbox 2471 2767 2777 2837; x_wconf 86' lang='lat' dir='ltr'><strong>accipitur:</strong></span> <span class='ocrx_word' id='word_1_385' title='bbox 2813 2769 3105 2839; x_wconf 88' lang='lat' dir='ltr'><strong>aliquando</strong></span> <span class='ocrx_word' id='word_1_386' title='bbox 3135 2785 3266 2846; x_wconf 82' lang='lat' dir='ltr'><strong>vero</strong></span> <span class='ocrx_word' id='word_1_387' title='bbox 3296 2771 3350 2824; x_wconf 88' lang='lat' dir='ltr'><strong>in</strong></span> <span class='ocrx_word' id='word_1_388' title='bbox 3381 2773 3746 2827; x_wconf 86' lang='lat' dir='ltr'><strong>contrariam.</strong></span> 
     </span>
    </p>
   </div>
   <div class='ocr_carea' id='block_1_60' title="bbox 2145 2857 3748 2936">
    <p class='ocr_par' dir='ltr' id='par_1_60' title="bbox 2145 2857 3748 2936">
     <span class='ocr_line' id='line_1_60' title="bbox 2145 2857 3748 2936; baseline 0.004 -24"><span class='ocrx_word' id='word_1_389' title='bbox 2145 2857 2242 2912; x_wconf 79' lang='lat' dir='ltr'><strong>Via</strong></span> <span class='ocrx_word' id='word_1_390' title='bbox 2275 2859 2424 2912; x_wconf 88' lang='lat' dir='ltr'><strong>enim</strong></span> <span class='ocrx_word' id='word_1_391' title='bbox 2455 2858 2634 2928; x_wconf 89' lang='lat' dir='ltr'><strong>ipsum</strong></span> <span class='ocrx_word' id='word_1_392' title='bbox 2665 2859 2954 2914; x_wconf 89' lang='lat' dir='ltr'><strong>Dominum</strong></span> <span class='ocrx_word' id='word_1_393' title='bbox 2989 2860 3268 2916; x_wconf 89' lang='lat' dir='ltr'><strong>Christum</strong></span> <span class='ocrx_word' id='word_1_394' title='bbox 3301 2863 3616 2933; x_wconf 87' lang='lat' dir='ltr'><strong>signiﬁcat,</strong></span> <span class='ocrx_word' id='word_1_395' title='bbox 3655 2865 3748 2936; x_wconf 85' lang='lat' dir='ltr'><strong>qui</strong></span> 
     </span>
    </p>
   </div>
   <div class='ocr_carea' id='block_1_61' title="bbox 2145 2948 3746 3021">
    <p class='ocr_par' dir='ltr' id='par_1_61' title="bbox 2145 2948 3746 3021">
     <span class='ocr_line' id='line_1_61' title="bbox 2145 2948 3746 3021; baseline 0.004 -19"><span class='ocrx_word' id='word_1_396' title='bbox 2145 2948 2221 3002; x_wconf 87' lang='lat' dir='ltr'><strong>ait</strong></span> <span class='ocrx_word' id='word_1_397' title='bbox 2251 2949 2304 3002; x_wconf 89' lang='lat' dir='ltr'><strong>in</strong></span> <span class='ocrx_word' id='word_1_398' title='bbox 2335 2949 2601 3020; x_wconf 84' lang='lat' dir='ltr'><strong>Evanglio</strong></span> <span class='ocrx_word' id='word_1_399' title='bbox 2627 2968 2640 3004; x_wconf 88' lang='lat'><strong>:</strong></span> <span class='ocrx_word' id='word_1_400' title='bbox 2677 2950 2790 3021; x_wconf 81' lang='lat' dir='ltr'><strong>Ego</strong></span> <span class='ocrx_word' id='word_1_401' title='bbox 2819 2968 2937 3004; x_wconf 87' lang='lat' dir='ltr'><strong>sum</strong></span> <span class='ocrx_word' id='word_1_402' title='bbox 2971 2952 3054 3006; x_wconf 81' lang='lat' dir='ltr'><strong>via</strong></span> <span class='ocrx_word' id='word_1_403' title='bbox 3075 2993 3090 3018; x_wconf 95' lang='lat'><strong>,</strong></span> <span class='ocrx_word' id='word_1_404' title='bbox 3124 2953 3313 3006; x_wconf 73' lang='lat' dir='ltr'><strong>caritas</strong></span> <span class='ocrx_word' id='word_1_405' title='bbox 3343 2963 3390 3008; x_wconf 83' lang='lat' dir='ltr'><strong>et</strong></span> <span class='ocrx_word' id='word_1_406' title='bbox 3421 2956 3528 3008; x_wconf 80' lang='lat' dir='ltr'><strong>rita</strong></span> <span class='ocrx_word' id='word_1_407' title='bbox 3559 2953 3746 3018; x_wconf 82' lang='lat' dir='ltr'><strong>(Joan.</strong></span> 
     </span>
    </p>
   </div>
   <div class='ocr_carea' id='block_1_62' title="bbox 2143 3039 3746 3116">
    <p class='ocr_par' dir='ltr' id='par_1_62' title="bbox 2143 3039 3746 3116">
     <span class='ocr_line' id='line_1_62' title="bbox 2143 3039 3746 3116; baseline 0.006 -24"><span class='ocrx_word' id='word_1_408' title='bbox 2143 3039 2276 3110; x_wconf 80' lang='lat' dir='ltr'><strong>xw)</strong></span> <span class='ocrx_word' id='word_1_409' title='bbox 2305 3055 2317 3103; x_wconf 92' lang='lat'><strong>;</strong></span> <span class='ocrx_word' id='word_1_410' title='bbox 2350 3047 2404 3093; x_wconf 90' lang='lat' dir='ltr'><strong>et</strong></span> <span class='ocrx_word' id='word_1_411' title='bbox 2448 3054 2546 3110; x_wconf 89' lang='lat' dir='ltr'><strong>per</strong></span> <span class='ocrx_word' id='word_1_412' title='bbox 2589 3041 2764 3110; x_wconf 90' lang='lat' dir='ltr'><strong>ipsum</strong></span> <span class='ocrx_word' id='word_1_413' title='bbox 2803 3041 2870 3095; x_wconf 89' lang='lat' dir='ltr'><strong>ad</strong></span> <span class='ocrx_word' id='word_1_414' title='bbox 2913 3050 3174 3097; x_wconf 79' lang='lat' dir='ltr'><strong>:eternam</strong></span> <span class='ocrx_word' id='word_1_415' title='bbox 3217 3043 3384 3097; x_wconf 90' lang='lat' dir='ltr'><strong>vitam</strong></span> <span class='ocrx_word' id='word_1_416' title='bbox 3425 3047 3746 3116; x_wconf 79' lang='lat' dir='ltr'><strong>pergimus:</strong></span> 
     </span>
    </p>
   </div>
   <div class='ocr_carea' id='block_1_63' title="bbox 2144 3129 3751 3208">
    <p class='ocr_par' dir='ltr' id='par_1_63' title="bbox 2144 3129 3751 3208">
     <span class='ocr_line' id='line_1_63' title="bbox 2144 3129 3751 3208; baseline 0.006 -24"><span class='ocrx_word' id='word_1_417' title='bbox 2144 3138 2197 3184; x_wconf 89' lang='lat' dir='ltr'><strong>et</strong></span> <span class='ocrx_word' id='word_1_418' title='bbox 2239 3129 2357 3200; x_wconf 90' lang='lat' dir='ltr'><strong>ipso</strong></span> <span class='ocrx_word' id='word_1_419' title='bbox 2403 3130 2676 3186; x_wconf 87' lang='lat' dir='ltr'><strong>tribuente</strong></span> <span class='ocrx_word' id='word_1_420' title='bbox 2717 3148 2902 3188; x_wconf 89' lang='lat' dir='ltr'><strong>veram</strong></span> <span class='ocrx_word' id='word_1_421' title='bbox 2943 3134 3342 3191; x_wconf 89' lang='lat' dir='ltr'><strong>beatitudinem</strong></span> <span class='ocrx_word' id='word_1_422' title='bbox 3387 3138 3751 3208; x_wconf 84' lang='lat' dir='ltr'><strong>accipiemus.</strong></span> 
     </span>
    </p>
   </div>
   <div class='ocr_carea' id='block_1_64' title="bbox 441 3221 3752 3324">
    <p class='ocr_par' dir='ltr' id='par_1_64' title="bbox 441 3221 3752 3324">
     <span class='ocr_line' id='line_1_64' title="bbox 441 3221 3752 3324; baseline 0.009 -32"><span class='ocrx_word' id='word_1_423' title='bbox 441 3247 561 3293; x_wconf 88' lang='lat' dir='ltr'><strong>cete</strong></span> <span class='ocrx_word' id='word_1_424' title='bbox 607 3243 966 3312; x_wconf 87' lang='lat' dir='ltr'><strong>vosmetipsos</strong></span> <span class='ocrx_word' id='word_1_425' title='bbox 1027 3243 1080 3297; x_wconf 90' lang='lat' dir='ltr'><strong>in</strong></span> <span class='ocrx_word' id='word_1_426' title='bbox 1148 3221 1360 3302; x_wconf 26' lang='lat' dir='ltr'><strong>studiis.</strong></span> <span class='ocrx_word' id='word_1_427' title='bbox 1383 3249 1635 3316; x_wconf 90' lang='lat' dir='ltr'><strong>utilibus,</strong></span> <span class='ocrx_word' id='word_1_428' title='bbox 1684 3267 1752 3308; x_wconf 89' lang='lat' dir='ltr'><strong>ne</strong></span> <span class='ocrx_word' id='word_1_429' title='bbox 1785 3255 2043 3324; x_wconf 83' lang='lat' dir='ltr'><strong>segnities</strong></span> <span class='ocrx_word' id='word_1_430' title='bbox 2071 3251 2118 3312; x_wconf 88' lang='lat' dir='ltr'><strong><em>C</em></strong></span> <span class='ocrx_word' id='word_1_431' title='bbox 2146 3221 2452 3324; x_wconf 43' lang='lat' dir='ltr'><strong>Aliquando</strong></span> <span class='ocrx_word' id='word_1_432' title='bbox 2477 3239 2612 3324; x_wconf 1' lang='lat' dir='ltr'><strong>qvam</strong></span> <span class='ocrx_word' id='word_1_433' title='bbox 2641 3225 2742 3280; x_wconf 59' lang='lat' dir='ltr'><strong>me</strong></span> <span class='ocrx_word' id='word_1_434' title='bbox 2774 3227 2992 3324; x_wconf 44' lang='lat' dir='ltr'><strong>[Pomm</strong></span> <span class='ocrx_word' id='word_1_435' title='bbox 3023 3237 3294 3324; x_wconf 41' lang='lat' dir='ltr'><strong>pmcfgpl’a</strong></span> <span class='ocrx_word' id='word_1_436' title='bbox 3329 3229 3542 3297; x_wconf 54' lang='lat' dir='ltr'><strong>diﬁm’</strong></span> <span class='ocrx_word' id='word_1_437' title='bbox 3575 3241 3630 3286; x_wconf 47' lang='lat' dir='ltr'><strong>et</strong></span> <span class='ocrx_word' id='word_1_438' title='bbox 3665 3249 3752 3288; x_wconf 56' lang='lat' dir='ltr'><strong>re-</strong></span> 
     </span>
    </p>
   </div>
   <div class='ocr_carea' id='block_1_65' title="bbox 443 3331 2036 3412">
    <p class='ocr_par' dir='ltr' id='par_1_65' title="bbox 443 3331 2036 3412">
     <span class='ocr_line' id='line_1_65' title="bbox 443 3331 2036 3412; baseline 0.009 -28"><span class='ocrx_word' id='word_1_439' title='bbox 443 3346 540 3385; x_wconf 92' lang='lat' dir='ltr'><strong>vos</strong></span> <span class='ocrx_word' id='word_1_440' title='bbox 599 3331 813 3387; x_wconf 89' lang='lat' dir='ltr'><strong>steriles</strong></span> <span class='ocrx_word' id='word_1_441' title='bbox 861 3333 1070 3389; x_wconf 89' lang='lat' dir='ltr'><strong>reddat.</strong></span> <span class='ocrx_word' id='word_1_442' title='bbox 1119 3335 1258 3392; x_wconf 88' lang='lat' dir='ltr'><strong>Hinc</strong></span> <span class='ocrx_word' id='word_1_443' title='bbox 1308 3345 1363 3392; x_wconf 90' lang='lat' dir='ltr'><strong>ct</strong></span> <span class='ocrx_word' id='word_1_444' title='bbox 1413 3340 1538 3395; x_wconf 68' lang='lat' dir='ltr'><strong>alibi</strong></span> <span class='ocrx_word' id='word_1_445' title='bbox 1593 3343 1860 3412; x_wconf 89' lang='lat' dir='ltr'><strong>scriptum</strong></span> <span class='ocrx_word' id='word_1_446' title='bbox 1905 3355 2036 3400; x_wconf 89' lang='lat' dir='ltr'><strong>est:</strong></span> 
     </span>
    </p>
   </div>
   <div class='ocr_carea' id='block_1_66' title="bbox 447 3419 2044 3506">
    <p class='ocr_par' dir='ltr' id='par_1_66' title="bbox 447 3419 2044 3506">
     <span class='ocr_line' id='line_1_66' title="bbox 447 3419 2044 3506; baseline 0.011 -32"><span class='ocrx_word' id='word_1_447' title='bbox 447 3419 608 3476; x_wconf 82' lang='lat' dir='ltr'><strong>Multi</strong></span> <span class='ocrx_word' id='word_1_448' title='bbox 657 3423 758 3476; x_wconf 89' lang='lat' dir='ltr'><strong>cibi</strong></span> <span class='ocrx_word' id='word_1_449' title='bbox 803 3425 858 3478; x_wconf 86' lang='lat' dir='ltr'><strong>in</strong></span> <span class='ocrx_word' id='word_1_450' title='bbox 907 3425 1177 3496; x_wconf 83' lang='lat' dir='ltr'><strong>novalibus</strong></span> <span class='ocrx_word' id='word_1_451' title='bbox 1225 3439 1438 3498; x_wconf 83' lang='lat' dir='ltr'><strong>patrum</strong></span> <span class='ocrx_word' id='word_1_452' title='bbox 1486 3429 1685 3502; x_wconf 84' lang='lat' dir='ltr'><strong>(Prov.</strong></span> <span class='ocrx_word' id='word_1_453' title='bbox 1721 3435 1902 3506; x_wconf 82' lang='lat' dir='ltr'><strong>XIII),</strong></span> <span class='ocrx_word' id='word_1_454' title='bbox 1943 3437 2044 3491; x_wconf 88' lang='lat' dir='ltr'><strong>hoc</strong></span> 
     </span>
    </p>
   </div>
   <div class='ocr_carea' id='block_1_67' title="bbox 443 3513 2043 3581">
    <p class='ocr_par' dir='ltr' id='par_1_67' title="bbox 443 3513 2043 3581">
     <span class='ocr_line' id='line_1_67' title="bbox 443 3513 2043 3581; baseline 0.01 -16"><span class='ocrx_word' id='word_1_455' title='bbox 443 3521 557 3572; x_wconf 84' lang='lat' dir='ltr'><strong>est.</strong></span> <span class='ocrx_word' id='word_1_456' title='bbox 586 3513 928 3570; x_wconf 89' lang='lat' dir='ltr'><strong>abundantes</strong></span> <span class='ocrx_word' id='word_1_457' title='bbox 947 3515 1152 3570; x_wconf 69' lang='lat' dir='ltr'><strong>deliciw</strong></span> <span class='ocrx_word' id='word_1_458' title='bbox 1181 3517 1442 3576; x_wconf 87' lang='lat' dir='ltr'><strong>virtutum</strong></span> <span class='ocrx_word' id='word_1_459' title='bbox 1467 3529 1593 3576; x_wconf 90' lang='lat' dir='ltr'><strong>sunt</strong></span> <span class='ocrx_word' id='word_1_460' title='bbox 1615 3521 1668 3576; x_wconf 89' lang='lat' dir='ltr'><strong>in</strong></span> <span class='ocrx_word' id='word_1_461' title='bbox 1697 3523 1961 3580; x_wconf 87' lang='lat' dir='ltr'><strong>doctrinis</strong></span> <span class='ocrx_word' id='word_1_462' title='bbox 1989 3535 2043 3581; x_wconf 88' lang='lat' dir='ltr'><strong>et</strong></span> 
     </span>
    </p>
   </div>
   <div class='ocr_carea' id='block_1_68' title="bbox 449 3605 2043 3675">
    <p class='ocr_par' dir='ltr' id='par_1_68' title="bbox 449 3605 2043 3675">
     <span class='ocr_line' id='line_1_68' title="bbox 449 3605 2043 3675; baseline 0.011 -18"><span class='ocrx_word' id='word_1_463' title='bbox 449 3605 712 3675; x_wconf 78' lang='lat' dir='ltr'><strong>exemplis</strong></span> <span class='ocrx_word' id='word_1_464' title='bbox 755 3616 1068 3662; x_wconf 86' lang='lat' dir='ltr'><strong>sanctorum</strong></span> <span class='ocrx_word' id='word_1_465' title='bbox 1103 3609 1407 3666; x_wconf 89' lang='lat' dir='ltr'><strong>doctorum.</strong></span> <span class='ocrx_word' id='word_1_466' title='bbox 1459 3613 1600 3670; x_wconf 86' lang='lat' dir='ltr'><strong>Area</strong></span> <span class='ocrx_word' id='word_1_467' title='bbox 1649 3616 1846 3672; x_wconf 89' lang='lat' dir='ltr'><strong>dicitur</strong></span> <span class='ocrx_word' id='word_1_468' title='bbox 1890 3619 2043 3674; x_wconf 87' lang='lat' dir='ltr'><strong>tabu-</strong></span> 
     </span>
    </p>
   </div>
   <div class='ocr_carea' id='block_1_69' title="bbox 449 3693 2044 3781">
    <p class='ocr_par' dir='ltr' id='par_1_69' title="bbox 449 3693 2044 3781">
     <span class='ocr_line' id='line_1_69' title="bbox 449 3693 2044 3781; baseline 0.013 -34"><span class='ocrx_word' id='word_1_469' title='bbox 449 3693 624 3748; x_wconf 91' lang='lat' dir='ltr'><strong>larum</strong></span> <span class='ocrx_word' id='word_1_470' title='bbox 667 3697 966 3766; x_wconf 83' lang='lat' dir='ltr'><strong>:cqnalitas.</strong></span> <span class='ocrx_word' id='word_1_471' title='bbox 1009 3699 1164 3754; x_wconf 90' lang='lat' dir='ltr'><strong>Dicta</strong></span> <span class='ocrx_word' id='word_1_472' title='bbox 1195 3711 1377 3758; x_wconf 89' lang='lat' dir='ltr'><strong>autem</strong></span> <span class='ocrx_word' id='word_1_473' title='bbox 1409 3719 1534 3760; x_wconf 89' lang='lat' dir='ltr'><strong>area</strong></span> <span class='ocrx_word' id='word_1_474' title='bbox 1565 3723 1593 3760; x_wconf 94' lang='lat' dir='ltr'><strong>a</strong></span> <span class='ocrx_word' id='word_1_475' title='bbox 1623 3707 1850 3778; x_wconf 88' lang='lat' dir='ltr'><strong>planitie</strong></span> <span class='ocrx_word' id='word_1_476' title='bbox 1881 3721 2044 3781; x_wconf 88' lang='lat' dir='ltr'><strong>atque</strong></span> 
     </span>
    </p>
   </div>
   <div class='ocr_carea' id='block_1_70' title="bbox 450 3787 2040 3869">
    <p class='ocr_par' dir='ltr' id='par_1_70' title="bbox 450 3787 2040 3869">
     <span class='ocr_line' id='line_1_70' title="bbox 450 3787 2040 3869; baseline 0.011 -29"><span class='ocrx_word' id='word_1_477' title='bbox 450 3787 763 3856; x_wconf 77' lang='lat' dir='ltr'><strong>:eqnalitate</strong></span> <span class='ocrx_word' id='word_1_478' title='bbox 789 3805 802 3842; x_wconf 91' lang='lat'><strong>:</strong></span> <span class='ocrx_word' id='word_1_479' title='bbox 830 3791 971 3844; x_wconf 89' lang='lat' dir='ltr'><strong>unde</strong></span> <span class='ocrx_word' id='word_1_480' title='bbox 1012 3799 1066 3844; x_wconf 91' lang='lat' dir='ltr'><strong>et</strong></span> <span class='ocrx_word' id='word_1_481' title='bbox 1095 3807 1210 3845; x_wconf 90' lang='lat' dir='ltr'><strong>ara.</strong></span> <span class='ocrx_word' id='word_1_482' title='bbox 1237 3794 1340 3848; x_wconf 81' lang='lat' dir='ltr'><strong>Alii</strong></span> <span class='ocrx_word' id='word_1_483' title='bbox 1363 3811 1548 3852; x_wconf 89' lang='lat' dir='ltr'><strong>aream</strong></span> <span class='ocrx_word' id='word_1_484' title='bbox 1569 3809 1814 3854; x_wconf 88' lang='lat' dir='ltr'><strong>vocatam</strong></span> <span class='ocrx_word' id='word_1_485' title='bbox 1836 3802 2040 3869; x_wconf 87' lang='lat' dir='ltr'><strong>dicunt,</strong></span> 
     </span>
    </p>
   </div>
   <div class='ocr_carea' id='block_1_71' title="bbox 448 3879 2046 3962">
    <p class='ocr_par' dir='ltr' id='par_1_71' title="bbox 448 3879 2046 3962">
     <span class='ocr_line' id='line_1_71' title="bbox 448 3879 2046 3962; baseline 0.012 -33"><span class='ocrx_word' id='word_1_486' title='bbox 448 3879 592 3946; x_wconf 89' lang='lat' dir='ltr'><strong>quod</strong></span> <span class='ocrx_word' id='word_1_487' title='bbox 613 3893 714 3948; x_wconf 88' lang='lat' dir='ltr'><strong>pro</strong></span> <span class='ocrx_word' id='word_1_488' title='bbox 736 3879 1057 3936; x_wconf 87' lang='lat' dir='ltr'><strong>triturandis</strong></span> <span class='ocrx_word' id='word_1_489' title='bbox 1079 3881 1325 3952; x_wconf 75' lang='lat' dir='ltr'><strong>frugibus</strong></span> <span class='ocrx_word' id='word_1_490' title='bbox 1350 3902 1458 3941; x_wconf 71' lang='lat' dir='ltr'><strong>mra</strong></span> <span class='ocrx_word' id='word_1_491' title='bbox 1484 3889 1680 3943; x_wconf 90' lang='lat' dir='ltr'><strong>dantur</strong></span> <span class='ocrx_word' id='word_1_492' title='bbox 1706 3889 1836 3962; x_wconf 85' lang='lat' dir='ltr'><strong>[Al.,</strong></span> <span class='ocrx_word' id='word_1_493' title='bbox 1855 3894 2046 3948; x_wconf 85' lang='lat' dir='ltr'><strong>erada—</strong></span> 
     </span>
    </p>
   </div>
   <div class='ocr_carea' id='block_1_72' title="bbox 447 3969 2046 4050">
    <p class='ocr_par' dir='ltr' id='par_1_72' title="bbox 447 3969 2046 4050">
     <span class='ocr_line' id='line_1_72' title="bbox 447 3969 2046 4050; baseline 0.011 -26"><span class='ocrx_word' id='word_1_494' title='bbox 447 3969 582 4041; x_wconf 76' lang='lat' dir='ltr'><strong>tur],</strong></span> <span class='ocrx_word' id='word_1_495' title='bbox 616 3971 770 4040; x_wconf 88' lang='lat' dir='ltr'><strong>quasi</strong></span> <span class='ocrx_word' id='word_1_496' title='bbox 791 3987 934 4026; x_wconf 70' lang='lat' dir='ltr'><strong>aerea</strong></span> <span class='ocrx_word' id='word_1_497' title='bbox 959 3991 975 4039; x_wconf 90' lang='lat'><strong>;</strong></span> <span class='ocrx_word' id='word_1_498' title='bbox 1000 3973 1084 4028; x_wconf 90' lang='lat' dir='ltr'><strong>vel</strong></span> <span class='ocrx_word' id='word_1_499' title='bbox 1106 3975 1249 4044; x_wconf 89' lang='lat' dir='ltr'><strong>quod</strong></span> <span class='ocrx_word' id='word_1_500' title='bbox 1273 3992 1382 4031; x_wconf 90' lang='lat' dir='ltr'><strong>non</strong></span> <span class='ocrx_word' id='word_1_501' title='bbox 1409 3980 1732 4035; x_wconf 87' lang='lat' dir='ltr'><strong>triturentur</strong></span> <span class='ocrx_word' id='word_1_502' title='bbox 1751 3983 1804 4036; x_wconf 94' lang='lat' dir='ltr'><strong>in</strong></span> <span class='ocrx_word' id='word_1_503' title='bbox 1827 3999 1910 4050; x_wconf 89' lang='lat' dir='ltr'><strong>ea,</strong></span> <span class='ocrx_word' id='word_1_504' title='bbox 1941 3987 2046 4041; x_wconf 88' lang='lat' dir='ltr'><strong>nisi</strong></span> 
     </span>
    </p>
   </div>
   <div class='ocr_carea' id='block_1_73' title="bbox 451 4061 2044 4141">
    <p class='ocr_par' dir='ltr' id='par_1_73' title="bbox 451 4061 2044 4141">
     <span class='ocr_line' id='line_1_73' title="bbox 451 4061 2044 4141; baseline 0.013 -28"><span class='ocrx_word' id='word_1_505' title='bbox 451 4061 622 4115; x_wconf 89' lang='lat' dir='ltr'><strong>arida.</strong></span> <span class='ocrx_word' id='word_1_506' title='bbox 651 4061 794 4116; x_wconf 83' lang='lat' dir='ltr'><strong>Area</strong></span> <span class='ocrx_word' id='word_1_507' title='bbox 821 4066 1048 4135; x_wconf 91' lang='lat' dir='ltr'><strong>mystice</strong></span> <span class='ocrx_word' id='word_1_508' title='bbox 1071 4067 1362 4123; x_wconf 88' lang='lat' dir='ltr'><strong>ecclesiam</strong></span> <span class='ocrx_word' id='word_1_509' title='bbox 1390 4071 1676 4141; x_wconf 85' lang='lat' dir='ltr'><strong>signiﬁcat.</strong></span> <span class='ocrx_word' id='word_1_510' title='bbox 1711 4073 1862 4130; x_wconf 90' lang='lat' dir='ltr'><strong>Unde</strong></span> <span class='ocrx_word' id='word_1_511' title='bbox 1884 4075 2044 4132; x_wconf 79' lang='lat' dir='ltr'><strong>Joan-</strong></span> 
     </span>
    </p>
   </div>
   <div class='ocr_carea' id='block_1_74' title="bbox 451 4153 2047 4232">
    <p class='ocr_par' dir='ltr' id='par_1_74' title="bbox 451 4153 2047 4232">
     <span class='ocr_line' id='line_1_74' title="bbox 451 4153 2047 4232; baseline 0.01 -27"><span class='ocrx_word' id='word_1_512' title='bbox 451 4168 548 4207; x_wconf 89' lang='lat' dir='ltr'><strong>nes</strong></span> <span class='ocrx_word' id='word_1_513' title='bbox 599 4153 839 4224; x_wconf 86' lang='lat' dir='ltr'><strong>Baptista</strong></span> <span class='ocrx_word' id='word_1_514' title='bbox 889 4156 1082 4226; x_wconf 86' lang='lat' dir='ltr'><strong>legitur</strong></span> <span class='ocrx_word' id='word_1_515' title='bbox 1131 4157 1332 4214; x_wconf 73' lang='lat' dir='ltr'><strong>dixisse.</strong></span> <span class='ocrx_word' id='word_1_516' title='bbox 1377 4161 1430 4214; x_wconf 89' lang='lat' dir='ltr'><strong>in</strong></span> <span class='ocrx_word' id='word_1_517' title='bbox 1475 4161 1766 4232; x_wconf 85' lang='lat' dir='ltr'><strong>Evangelio</strong></span> <span class='ocrx_word' id='word_1_518' title='bbox 1795 4166 1860 4218; x_wconf 90' lang='lat' dir='ltr'><strong>de</strong></span> <span class='ocrx_word' id='word_1_519' title='bbox 1889 4165 2047 4221; x_wconf 88' lang='lat' dir='ltr'><strong>Chri-</strong></span> 
     </span>
    </p>
   </div>
   <div class='ocr_carea' id='block_1_75' title="bbox 453 4243 2046 4326">
    <p class='ocr_par' dir='ltr' id='par_1_75' title="bbox 453 4243 2046 4326">
     <span class='ocr_line' id='line_1_75' title="bbox 453 4243 2046 4326; baseline 0.009 -28"><span class='ocrx_word' id='word_1_520' title='bbox 453 4252 577 4298; x_wconf 90' lang='lat' dir='ltr'><strong>sto:</strong></span> <span class='ocrx_word' id='word_1_521' title='bbox 615 4243 783 4314; x_wconf 79' lang='lat' dir='ltr'><strong>Cujus</strong></span> <span class='ocrx_word' id='word_1_522' title='bbox 834 4245 1181 4302; x_wconf 77' lang='lat' dir='ltr'><strong>eentilabrum</strong></span> <span class='ocrx_word' id='word_1_523' title='bbox 1231 4251 1286 4304; x_wconf 88' lang='lat' dir='ltr'><strong>in</strong></span> <span class='ocrx_word' id='word_1_524' title='bbox 1323 4269 1482 4306; x_wconf 88' lang='lat' dir='ltr'><strong>manu</strong></span> <span class='ocrx_word' id='word_1_525' title='bbox 1523 4254 1668 4322; x_wconf 80' lang='lat' dir='ltr'><strong>ejus,</strong></span> <span class='ocrx_word' id='word_1_526' title='bbox 1713 4265 1760 4308; x_wconf 88' lang='lat' dir='ltr'><strong>et</strong></span> <span class='ocrx_word' id='word_1_527' title='bbox 1803 4273 2046 4326; x_wconf 82' lang='lat' dir='ltr'><strong>permun-</strong></span> 
     </span>
    </p>
   </div>
   <div class='ocr_carea' id='block_1_76' title="bbox 448 4335 2050 4416">
    <p class='ocr_par' dir='ltr' id='par_1_76' title="bbox 448 4335 2050 4416">
     <span class='ocr_line' id='line_1_76' title="bbox 448 4335 2050 4416; baseline 0.011 -27"><span class='ocrx_word' id='word_1_528' title='bbox 448 4335 594 4389; x_wconf 81' lang='lat' dir='ltr'><strong>dabit</strong></span> <span class='ocrx_word' id='word_1_529' title='bbox 625 4352 801 4389; x_wconf 84' lang='lat' dir='ltr'><strong>aream</strong></span> <span class='ocrx_word' id='word_1_530' title='bbox 828 4352 978 4390; x_wconf 84' lang='lat' dir='ltr'><strong>suam</strong></span> <span class='ocrx_word' id='word_1_531' title='bbox 1009 4338 1236 4408; x_wconf 80' lang='lat' dir='ltr'><strong>(Matth.</strong></span> <span class='ocrx_word' id='word_1_532' title='bbox 1270 4359 1332 4396; x_wconf 86' lang='lat' dir='ltr'><strong>nt</strong></span> <span class='ocrx_word' id='word_1_533' title='bbox 1356 4342 1395 4412; x_wconf 93' lang='lat'><strong>).</strong></span> <span class='ocrx_word' id='word_1_534' title='bbox 1429 4343 1534 4398; x_wconf 84' lang='lat' dir='ltr'><strong>Per</strong></span> <span class='ocrx_word' id='word_1_535' title='bbox 1561 4347 1921 4404; x_wconf 86' lang='lat' dir='ltr'><strong>ventilabrum</strong></span> <span class='ocrx_word' id='word_1_536' title='bbox 1941 4391 1954 4416; x_wconf 95' lang='lat'><strong>,</strong></span> <span class='ocrx_word' id='word_1_537' title='bbox 1996 4351 2050 4406; x_wconf 90' lang='lat' dir='ltr'><strong>id</strong></span> 
     </span>
    </p>
   </div>
   <div class='ocr_carea' id='block_1_77' title="bbox 449 4427 2049 4509">
    <p class='ocr_par' dir='ltr' id='par_1_77' title="bbox 449 4427 2049 4509">
     <span class='ocr_line' id='line_1_77' title="bbox 449 4427 2049 4509; baseline 0.013 -29"><span class='ocrx_word' id='word_1_538' title='bbox 449 4437 536 4481; x_wconf 85' lang='lat' dir='ltr'><strong>est</strong></span> <span class='ocrx_word' id='word_1_539' title='bbox 575 4427 772 4498; x_wconf 87' lang='lat' dir='ltr'><strong>palam,</strong></span> <span class='ocrx_word' id='word_1_540' title='bbox 801 4429 1059 4486; x_wconf 88' lang='lat' dir='ltr'><strong>discretio</strong></span> <span class='ocrx_word' id='word_1_541' title='bbox 1075 4433 1210 4504; x_wconf 81' lang='lat' dir='ltr'><strong>justi</strong></span> <span class='ocrx_word' id='word_1_542' title='bbox 1243 4437 1548 4492; x_wconf 80' lang='lat' dir='ltr'><strong>examinis:</strong></span> <span class='ocrx_word' id='word_1_543' title='bbox 1579 4455 1674 4509; x_wconf 91' lang='lat' dir='ltr'><strong>per</strong></span> <span class='ocrx_word' id='word_1_544' title='bbox 1703 4457 1886 4497; x_wconf 88' lang='lat' dir='ltr'><strong>aream</strong></span> <span class='ocrx_word' id='word_1_545' title='bbox 1917 4459 2049 4502; x_wconf 85' lang='lat' dir='ltr'><strong>vero</strong></span> 
     </span>
    </p>
   </div>
   <div class='ocr_carea' id='block_1_78' title="bbox 451 4521 2044 4602">
    <p class='ocr_par' dir='ltr' id='par_1_78' title="bbox 451 4521 2044 4602">
     <span class='ocr_line' id='line_1_78' title="bbox 451 4521 2044 4602; baseline 0.012 -30"><span class='ocrx_word' id='word_1_546' title='bbox 451 4535 693 4590; x_wconf 74' lang='lat' dir='ltr'><strong>praesens</strong></span> <span class='ocrx_word' id='word_1_547' title='bbox 738 4521 972 4576; x_wconf 87' lang='lat' dir='ltr'><strong>ecclesia</strong></span> <span class='ocrx_word' id='word_1_548' title='bbox 1018 4525 1354 4593; x_wconf 86' lang='lat' dir='ltr'><strong>designatur,</strong></span> <span class='ocrx_word' id='word_1_549' title='bbox 1405 4529 1457 4582; x_wconf 87' lang='lat' dir='ltr'><strong>in</strong></span> <span class='ocrx_word' id='word_1_550' title='bbox 1501 4545 1605 4598; x_wconf 87' lang='lat' dir='ltr'><strong>qua</strong></span> <span class='ocrx_word' id='word_1_551' title='bbox 1639 4534 1828 4600; x_wconf 86' lang='lat' dir='ltr'><strong>procul</strong></span> <span class='ocrx_word' id='word_1_552' title='bbox 1862 4535 2044 4602; x_wconf 88' lang='lat' dir='ltr'><strong>dubio,</strong></span> 
     </span>
    </p>
   </div>
   <div class='ocr_carea' id='block_1_79' title="bbox 2149 3314 3752 3389">
    <p class='ocr_par' dir='ltr' id='par_1_79' title="bbox 2149 3314 3752 3389">
     <span class='ocr_line' id='line_1_79' title="bbox 2149 3314 3752 3389; baseline 0.007 -21"><span class='ocrx_word' id='word_1_553' title='bbox 2149 3314 2288 3384; x_wconf 64' lang='lat' dir='ltr'><strong>gulae</strong></span> <span class='ocrx_word' id='word_1_554' title='bbox 2335 3323 2646 3370; x_wconf 86' lang='lat' dir='ltr'><strong>sanctarum</strong></span> <span class='ocrx_word' id='word_1_555' title='bbox 2693 3318 3092 3388; x_wconf 87' lang='lat' dir='ltr'><strong>scripturarum</strong></span> <span class='ocrx_word' id='word_1_556' title='bbox 3139 3320 3500 3389; x_wconf 80' lang='lat' dir='ltr'><strong>designantur</strong></span> <span class='ocrx_word' id='word_1_557' title='bbox 3527 3364 3542 3388; x_wconf 92' lang='lat'><strong>,</strong></span> <span class='ocrx_word' id='word_1_558' title='bbox 3599 3325 3752 3380; x_wconf 85' lang='lat' dir='ltr'><strong>unde</strong></span> 
     </span>
    </p>
   </div>
   <div class='ocr_carea' id='block_1_80' title="bbox 2147 3405 3752 3469">
    <p class='ocr_par' dir='ltr' id='par_1_80' title="bbox 2147 3405 3752 3469">
     <span class='ocr_line' id='line_1_80' title="bbox 2147 3405 3752 3469; baseline 0.006 -10"><span class='ocrx_word' id='word_1_559' title='bbox 2147 3405 2435 3462; x_wconf 87' lang='lat' dir='ltr'><strong>Psalmista</strong></span> <span class='ocrx_word' id='word_1_560' title='bbox 2481 3407 2604 3462; x_wconf 89' lang='lat' dir='ltr'><strong>ait:</strong></span> <span class='ocrx_word' id='word_1_561' title='bbox 2645 3406 2800 3462; x_wconf 86' lang='lat' dir='ltr'><strong>Viam</strong></span> <span class='ocrx_word' id='word_1_562' title='bbox 2841 3411 3218 3468; x_wconf 83' lang='lat' dir='ltr'><strong>mandatorum</strong></span> <span class='ocrx_word' id='word_1_563' title='bbox 3265 3422 3480 3467; x_wconf 87' lang='lat' dir='ltr'><strong>tuorum</strong></span> <span class='ocrx_word' id='word_1_564' title='bbox 3529 3417 3752 3469; x_wconf 84' lang='lat' dir='ltr'><strong>cucurri</strong></span> 
     </span>
    </p>
   </div>
   <div class='ocr_carea' id='block_1_81' title="bbox 2147 3495 3750 3571">
    <p class='ocr_par' dir='ltr' id='par_1_81' title="bbox 2147 3495 3750 3571">
     <span class='ocr_line' id='line_1_81' title="bbox 2147 3495 3750 3571; baseline 0.007 -22"><span class='ocrx_word' id='word_1_565' title='bbox 2147 3495 2332 3566; x_wconf 87' lang='lat' dir='ltr'><strong>(Psal.</strong></span> <span class='ocrx_word' id='word_1_566' title='bbox 2364 3499 2585 3565; x_wconf 77' lang='lat' dir='ltr'><strong>cxvut).</strong></span> <span class='ocrx_word' id='word_1_567' title='bbox 2617 3499 2682 3554; x_wconf 88' lang='lat' dir='ltr'><strong>Et</strong></span> <span class='ocrx_word' id='word_1_568' title='bbox 2713 3501 2881 3556; x_wconf 88' lang='lat' dir='ltr'><strong>item:</strong></span> <span class='ocrx_word' id='word_1_569' title='bbox 2919 3499 3040 3556; x_wconf 82' lang='lat' dir='ltr'><strong>Vias</strong></span> <span class='ocrx_word' id='word_1_570' title='bbox 3070 3511 3206 3566; x_wconf 84' lang='lat' dir='ltr'><strong>tuas,</strong></span> <span class='ocrx_word' id='word_1_571' title='bbox 3244 3503 3491 3571; x_wconf 81' lang='lat' dir='ltr'><strong>Domine,</strong></span> <span class='ocrx_word' id='word_1_572' title='bbox 3521 3505 3750 3561; x_wconf 70' lang='lat' dir='ltr'><strong>densan-</strong></span> 
     </span>
    </p>
   </div>
   <div class='ocr_carea' id='block_1_82' title="bbox 2144 3593 3750 3672">
    <p class='ocr_par' dir='ltr' id='par_1_82' title="bbox 2144 3593 3750 3672">
     <span class='ocr_line' id='line_1_82' title="bbox 2144 3593 3750 3672; baseline 0.004 -26"><span class='ocrx_word' id='word_1_573' title='bbox 2144 3601 2255 3646; x_wconf 83' lang='lat' dir='ltr'><strong>stra</strong></span> <span class='ocrx_word' id='word_1_574' title='bbox 2303 3593 2465 3657; x_wconf 86' lang='lat' dir='ltr'><strong>mihi,</strong></span> <span class='ocrx_word' id='word_1_575' title='bbox 2509 3603 2557 3646; x_wconf 87' lang='lat' dir='ltr'><strong>et</strong></span> <span class='ocrx_word' id='word_1_576' title='bbox 2597 3595 2809 3648; x_wconf 83' lang='lat' dir='ltr'><strong>semitas</strong></span> <span class='ocrx_word' id='word_1_577' title='bbox 2857 3605 2976 3648; x_wconf 88' lang='lat' dir='ltr'><strong>tuas</strong></span> <span class='ocrx_word' id='word_1_578' title='bbox 3015 3595 3143 3648; x_wconf 81' lang='lat' dir='ltr'><strong>doce</strong></span> <span class='ocrx_word' id='word_1_579' title='bbox 3189 3611 3270 3649; x_wconf 83' lang='lat' dir='ltr'><strong>me</strong></span> <span class='ocrx_word' id='word_1_580' title='bbox 3325 3595 3518 3666; x_wconf 84' lang='lat' dir='ltr'><strong>(Psal.</strong></span> <span class='ocrx_word' id='word_1_581' title='bbox 3551 3598 3750 3672; x_wconf 67' lang='lat' dir='ltr'><strong>xxxv).</strong></span> 
     </span>
    </p>
   </div>
   <div class='ocr_carea' id='block_1_83' title="bbox 2145 3685 3756 3758">
    <p class='ocr_par' dir='ltr' id='par_1_83' title="bbox 2145 3685 3756 3758">
     <span class='ocr_line' id='line_1_83' title="bbox 2145 3685 3756 3758; baseline 0.005 -20"><span class='ocrx_word' id='word_1_582' title='bbox 2145 3685 2450 3755; x_wconf 80' lang='lat' dir='ltr'><strong>Aliquando</strong></span> <span class='ocrx_word' id='word_1_583' title='bbox 2505 3685 2617 3741; x_wconf 86' lang='lat' dir='ltr'><strong>vita</strong></span> <span class='ocrx_word' id='word_1_584' title='bbox 2672 3687 2906 3742; x_wconf 91' lang='lat' dir='ltr'><strong>hominis</strong></span> <span class='ocrx_word' id='word_1_585' title='bbox 2955 3688 3007 3742; x_wconf 89' lang='lat' dir='ltr'><strong>in</strong></span> <span class='ocrx_word' id='word_1_586' title='bbox 3061 3703 3126 3746; x_wconf 91' lang='lat' dir='ltr'><strong>co</strong></span> <span class='ocrx_word' id='word_1_587' title='bbox 3175 3688 3536 3758; x_wconf 84' lang='lat' dir='ltr'><strong>signiﬁcatur.</strong></span> <span class='ocrx_word' id='word_1_588' title='bbox 3595 3689 3756 3748; x_wconf 83' lang='lat' dir='ltr'><strong>Unde</strong></span> 
     </span>
    </p>
   </div>
   <div class='ocr_carea' id='block_1_84' title="bbox 2146 3773 3756 3847">
    <p class='ocr_par' dir='ltr' id='par_1_84' title="bbox 2146 3773 3756 3847">
     <span class='ocr_line' id='line_1_84' title="bbox 2146 3773 3756 3847; baseline 0.003 -16"><span class='ocrx_word' id='word_1_589' title='bbox 2146 3773 2418 3847; x_wconf 86' lang='lat' dir='ltr'><strong>Propheta</strong></span> <span class='ocrx_word' id='word_1_590' title='bbox 2450 3778 2564 3831; x_wconf 86' lang='lat' dir='ltr'><strong>ait:</strong></span> <span class='ocrx_word' id='word_1_591' title='bbox 2601 3775 2726 3832; x_wconf 83' lang='lat' dir='ltr'><strong>Vias</strong></span> <span class='ocrx_word' id='word_1_592' title='bbox 2752 3796 2896 3833; x_wconf 82' lang='lat' dir='ltr'><strong>meas</strong></span> <span class='ocrx_word' id='word_1_593' title='bbox 2939 3781 3240 3845; x_wconf 70' lang='lat' dir='ltr'><strong>enuntiari,</strong></span> <span class='ocrx_word' id='word_1_594' title='bbox 3283 3791 3332 3835; x_wconf 88' lang='lat' dir='ltr'><strong>et</strong></span> <span class='ocrx_word' id='word_1_595' title='bbox 3373 3782 3640 3836; x_wconf 70' lang='lat' dir='ltr'><strong>exaudiui</strong></span> <span class='ocrx_word' id='word_1_596' title='bbox 3671 3798 3756 3836; x_wconf 81' lang='lat' dir='ltr'><strong>me</strong></span> 
     </span>
    </p>
   </div>
   <div class='ocr_carea' id='block_1_85' title="bbox 2149 3864 3756 3942">
    <p class='ocr_par' dir='ltr' id='par_1_85' title="bbox 2149 3864 3756 3942">
     <span class='ocr_line' id='line_1_85' title="bbox 2149 3864 3756 3942; baseline 0.006 -24"><span class='ocrx_word' id='word_1_597' title='bbox 2149 3865 2168 3938; x_wconf 92' lang='lat'><strong>(</strong></span> <span class='ocrx_word' id='word_1_598' title='bbox 2197 3864 2345 3920; x_wconf 81' lang='lat' dir='ltr'><strong>Psal.</strong></span> <span class='ocrx_word' id='word_1_599' title='bbox 2381 3881 2550 3920; x_wconf 78' lang='lat' dir='ltr'><strong>cxvm</strong></span> <span class='ocrx_word' id='word_1_600' title='bbox 2571 3866 2613 3935; x_wconf 91' lang='lat'><strong>).</strong></span> <span class='ocrx_word' id='word_1_601' title='bbox 2657 3867 2714 3922; x_wconf 90' lang='lat' dir='ltr'><strong>ln</strong></span> <span class='ocrx_word' id='word_1_602' title='bbox 2761 3870 3092 3924; x_wconf 88' lang='lat' dir='ltr'><strong>contrariam</strong></span> <span class='ocrx_word' id='word_1_603' title='bbox 3135 3885 3265 3926; x_wconf 90' lang='lat' dir='ltr'><strong>vero</strong></span> <span class='ocrx_word' id='word_1_604' title='bbox 3297 3881 3510 3942; x_wconf 89' lang='lat' dir='ltr'><strong>partem</strong></span> <span class='ocrx_word' id='word_1_605' title='bbox 3543 3873 3646 3928; x_wconf 73' lang='lat' dir='ltr'><strong>via:</strong></span> <span class='ocrx_word' id='word_1_606' title='bbox 3679 3875 3756 3928; x_wconf 88' lang='lat' dir='ltr'><strong>si-</strong></span> 
     </span>
    </p>
   </div>
   <div class='ocr_carea' id='block_1_86' title="bbox 2149 3959 3756 4034">
    <p class='ocr_par' dir='ltr' id='par_1_86' title="bbox 2149 3959 3756 4034">
     <span class='ocr_line' id='line_1_86' title="bbox 2149 3959 3756 4034; baseline 0.006 -22"><span class='ocrx_word' id='word_1_607' title='bbox 2149 3959 2424 4030; x_wconf 86' lang='lat' dir='ltr'><strong>gniﬁcatio</strong></span> <span class='ocrx_word' id='word_1_608' title='bbox 2487 3961 2744 4026; x_wconf 87' lang='lat' dir='ltr'><strong>trahitur,</strong></span> <span class='ocrx_word' id='word_1_609' title='bbox 2805 3964 3024 4032; x_wconf 89' lang='lat' dir='ltr'><strong>quando</strong></span> <span class='ocrx_word' id='word_1_610' title='bbox 3083 3971 3306 4034; x_wconf 90' lang='lat' dir='ltr'><strong>propter</strong></span> <span class='ocrx_word' id='word_1_611' title='bbox 3353 3965 3500 4020; x_wconf 88' lang='lat' dir='ltr'><strong>viam</strong></span> <span class='ocrx_word' id='word_1_612' title='bbox 3551 3967 3756 4022; x_wconf 86' lang='lat' dir='ltr'><strong>mentis</strong></span> 
     </span>
    </p>
   </div>
   <div class='ocr_carea' id='block_1_87' title="bbox 2149 4051 3754 4127">
    <p class='ocr_par' dir='ltr' id='par_1_87' title="bbox 2149 4051 3754 4127">
     <span class='ocr_line' id='line_1_87' title="bbox 2149 4051 3754 4127; baseline 0.004 -20"><span class='ocrx_word' id='word_1_613' title='bbox 2149 4051 2350 4122; x_wconf 68' lang='lat' dir='ltr'><strong>iniqua:</strong></span> <span class='ocrx_word' id='word_1_614' title='bbox 2381 4054 2448 4108; x_wconf 91' lang='lat' dir='ltr'><strong>ad</strong></span> <span class='ocrx_word' id='word_1_615' title='bbox 2474 4054 2745 4109; x_wconf 88' lang='lat' dir='ltr'><strong>actionem</strong></span> <span class='ocrx_word' id='word_1_616' title='bbox 2773 4055 3038 4112; x_wconf 91' lang='lat' dir='ltr'><strong>malorum</strong></span> <span class='ocrx_word' id='word_1_617' title='bbox 3064 4073 3288 4127; x_wconf 88' lang='lat' dir='ltr'><strong>operum</strong></span> <span class='ocrx_word' id='word_1_618' title='bbox 3318 4059 3754 4126; x_wconf 85' lang='lat' dir='ltr'><strong>demonstratur,</strong></span> 
     </span>
    </p>
   </div>
   <div class='ocr_carea' id='block_1_88' title="bbox 2149 4143 3755 4220">
    <p class='ocr_par' dir='ltr' id='par_1_88' title="bbox 2149 4143 3755 4220">
     <span class='ocr_line' id='line_1_88' title="bbox 2149 4143 3755 4220; baseline 0.005 -24"><span class='ocrx_word' id='word_1_619' title='bbox 2149 4152 2210 4198; x_wconf 89' lang='lat' dir='ltr'><strong>ut</strong></span> <span class='ocrx_word' id='word_1_620' title='bbox 2246 4153 2330 4200; x_wconf 90' lang='lat' dir='ltr'><strong>est</strong></span> <span class='ocrx_word' id='word_1_621' title='bbox 2365 4143 2495 4200; x_wconf 90' lang='lat' dir='ltr'><strong>illud</strong></span> <span class='ocrx_word' id='word_1_622' title='bbox 2527 4147 2904 4215; x_wconf 87' lang='lat' dir='ltr'><strong>propheticum</strong></span> <span class='ocrx_word' id='word_1_623' title='bbox 2934 4165 2946 4201; x_wconf 92' lang='lat'><strong>:</strong></span> <span class='ocrx_word' id='word_1_624' title='bbox 2986 4147 3140 4202; x_wconf 81' lang='lat' dir='ltr'><strong>Viam</strong></span> <span class='ocrx_word' id='word_1_625' title='bbox 3163 4189 3175 4211; x_wconf 85' lang='lat'><strong>,</strong></span> <span class='ocrx_word' id='word_1_626' title='bbox 3209 4149 3418 4218; x_wconf 89' lang='lat' dir='ltr'><strong>inquit,</strong></span> <span class='ocrx_word' id='word_1_627' title='bbox 3453 4149 3755 4220; x_wconf 80' lang='lat' dir='ltr'><strong>iniquitatis</strong></span> 
     </span>
    </p>
   </div>
   <div class='ocr_carea' id='block_1_89' title="bbox 2153 4235 3754 4320">
    <p class='ocr_par' dir='ltr' id='par_1_89' title="bbox 2153 4235 3754 4320">
     <span class='ocr_line' id='line_1_89' title="bbox 2153 4235 3754 4320; baseline 0.006 -33"><span class='ocrx_word' id='word_1_628' title='bbox 2153 4252 2329 4288; x_wconf 77' lang='lat' dir='ltr'><strong>amove</strong></span> <span class='ocrx_word' id='word_1_629' title='bbox 2361 4253 2390 4288; x_wconf 91' lang='lat' dir='ltr'><strong>a</strong></span> <span class='ocrx_word' id='word_1_630' title='bbox 2421 4253 2501 4288; x_wconf 87' lang='lat' dir='ltr'><strong>me</strong></span> <span class='ocrx_word' id='word_1_631' title='bbox 2531 4235 2706 4307; x_wconf 85' lang='lat' dir='ltr'><strong>(Ibid.</strong></span> <span class='ocrx_word' id='word_1_632' title='bbox 2727 4237 2766 4308; x_wconf 91' lang='lat'><strong>).</strong></span> <span class='ocrx_word' id='word_1_633' title='bbox 2799 4239 2866 4292; x_wconf 87' lang='lat' dir='ltr'><strong>Et</strong></span> <span class='ocrx_word' id='word_1_634' title='bbox 2899 4239 2952 4294; x_wconf 89' lang='lat' dir='ltr'><strong>in</strong></span> <span class='ocrx_word' id='word_1_635' title='bbox 2985 4240 3124 4298; x_wconf 87' lang='lat' dir='ltr'><strong>libro</strong></span> <span class='ocrx_word' id='word_1_636' title='bbox 3155 4239 3450 4310; x_wconf 77' lang='lat' dir='ltr'><strong>Sapientia:</strong></span> <span class='ocrx_word' id='word_1_637' title='bbox 3481 4241 3754 4320; x_wconf 75' lang='lat' dir='ltr'><strong>scriptum</strong></span> 
     </span>
    </p>
   </div>
   <div class='ocr_carea' id='block_1_90' title="bbox 2153 4325 3752 4400">
    <p class='ocr_par' dir='ltr' id='par_1_90' title="bbox 2153 4325 3752 4400">
     <span class='ocr_line' id='line_1_90' title="bbox 2153 4325 3752 4400; baseline 0.005 -22"><span class='ocrx_word' id='word_1_638' title='bbox 2153 4326 2382 4398; x_wconf 80' lang='lat' dir='ltr'><strong>legimus</strong></span> <span class='ocrx_word' id='word_1_639' title='bbox 2409 4345 2421 4379; x_wconf 94' lang='lat'><strong>:</strong></span> <span class='ocrx_word' id='word_1_640' title='bbox 2457 4325 2596 4382; x_wconf 82' lang='lat' dir='ltr'><strong>Sunt</strong></span> <span class='ocrx_word' id='word_1_641' title='bbox 2622 4328 2715 4382; x_wconf 74' lang='lat' dir='ltr'><strong>via:</strong></span> <span class='ocrx_word' id='word_1_642' title='bbox 2740 4346 2856 4399; x_wconf 79' lang='lat' dir='ltr'><strong>quw</strong></span> <span class='ocrx_word' id='word_1_643' title='bbox 2881 4341 3134 4400; x_wconf 86' lang='lat' dir='ltr'><strong>putantur</strong></span> <span class='ocrx_word' id='word_1_644' title='bbox 3149 4332 3212 4385; x_wconf 89' lang='lat' dir='ltr'><strong>ab</strong></span> <span class='ocrx_word' id='word_1_645' title='bbox 3240 4333 3542 4386; x_wconf 87' lang='lat' dir='ltr'><strong>hominibus</strong></span> <span class='ocrx_word' id='word_1_646' title='bbox 3569 4343 3752 4398; x_wconf 73' lang='lat' dir='ltr'><strong>rectm,</strong></span> 
     </span>
    </p>
   </div>
   <div class='ocr_carea' id='block_1_91' title="bbox 2153 4419 3752 4496">
    <p class='ocr_par' dir='ltr' id='par_1_91' title="bbox 2153 4419 3752 4496">
     <span class='ocr_line' id='line_1_91' title="bbox 2153 4419 3752 4496; baseline 0.005 -26"><span class='ocrx_word' id='word_1_647' title='bbox 2153 4433 2376 4489; x_wconf 83' lang='lat' dir='ltr'><strong>quorum</strong></span> <span class='ocrx_word' id='word_1_648' title='bbox 2400 4419 2680 4473; x_wconf 86' lang='lat' dir='ltr'><strong>novissima</strong></span> <span class='ocrx_word' id='word_1_649' title='bbox 2704 4420 2901 4474; x_wconf 86' lang='lat' dir='ltr'><strong>ducunt</strong></span> <span class='ocrx_word' id='word_1_650' title='bbox 2923 4421 2992 4475; x_wconf 88' lang='lat' dir='ltr'><strong>ad</strong></span> <span class='ocrx_word' id='word_1_651' title='bbox 3013 4421 3278 4490; x_wconf 80' lang='lat' dir='ltr'><strong>infernum</strong></span> <span class='ocrx_word' id='word_1_652' title='bbox 3305 4421 3584 4492; x_wconf 81' lang='lat' dir='ltr'><strong>(Proverb.</strong></span> <span class='ocrx_word' id='word_1_653' title='bbox 3611 4423 3752 4496; x_wconf 75' lang='lat' dir='ltr'><strong>xvi).</strong></span> 
     </span>
    </p>
   </div>
   <div class='ocr_carea' id='block_1_92' title="bbox 2155 4507 3756 4580">
    <p class='ocr_par' dir='ltr' id='par_1_92' title="bbox 2155 4507 3756 4580">
     <span class='ocr_line' id='line_1_92' title="bbox 2155 4507 3756 4580; baseline 0.002 -15"><span class='ocrx_word' id='word_1_654' title='bbox 2155 4507 2310 4565; x_wconf 89' lang='lat' dir='ltr'><strong>Unde</strong></span> <span class='ocrx_word' id='word_1_655' title='bbox 2323 4507 2522 4564; x_wconf 91' lang='lat' dir='ltr'><strong>dicitur</strong></span> <span class='ocrx_word' id='word_1_656' title='bbox 2540 4529 2550 4562; x_wconf 92' lang='lat'><strong>:</strong></span> <span class='ocrx_word' id='word_1_657' title='bbox 2583 4507 2678 4564; x_wconf 75' lang='lat' dir='ltr'><strong>Via</strong></span> <span class='ocrx_word' id='word_1_658' title='bbox 2701 4512 2953 4580; x_wconf 85' lang='lat' dir='ltr'><strong>spatiosa,</strong></span> <span class='ocrx_word' id='word_1_659' title='bbox 2972 4513 3074 4566; x_wconf 88' lang='lat' dir='ltr'><strong>hoc</strong></span> <span class='ocrx_word' id='word_1_660' title='bbox 3095 4519 3181 4568; x_wconf 89' lang='lat' dir='ltr'><strong>est</strong></span> <span class='ocrx_word' id='word_1_661' title='bbox 3201 4513 3458 4568; x_wconf 88' lang='lat' dir='ltr'><strong>vitiorum</strong></span> <span class='ocrx_word' id='word_1_662' title='bbox 3477 4511 3756 4569; x_wconf 80' lang='lat' dir='ltr'><strong>illecebris</strong></span> 
     </span>
    </p>
   </div>
   <div class='ocr_carea' id='block_1_93' title="bbox 452 4599 3754 4697">
    <p class='ocr_par' dir='ltr' id='par_1_93' title="bbox 452 4599 3754 4697">
     <span class='ocr_line' id='line_1_93' title="bbox 452 4599 3754 4697; baseline 0.009 -36"><span class='ocrx_word' id='word_1_663' title='bbox 452 4609 596 4677; x_wconf 86' lang='lat' dir='ltr'><strong>quod</strong></span> <span class='ocrx_word' id='word_1_664' title='bbox 647 4609 872 4680; x_wconf 82' lang='lat' dir='ltr'><strong>lugubre</strong></span> <span class='ocrx_word' id='word_1_665' title='bbox 923 4613 1059 4666; x_wconf 85' lang='lat' dir='ltr'><strong>satis</strong></span> <span class='ocrx_word' id='word_1_666' title='bbox 1107 4623 1214 4678; x_wconf 85' lang='lat' dir='ltr'><strong>est,</strong></span> <span class='ocrx_word' id='word_1_667' title='bbox 1265 4614 1424 4670; x_wconf 81' lang='lat' dir='ltr'><strong>Multi</strong></span> <span class='ocrx_word' id='word_1_668' title='bbox 1469 4629 1590 4673; x_wconf 84' lang='lat' dir='ltr'><strong>sunt</strong></span> <span class='ocrx_word' id='word_1_669' title='bbox 1639 4599 1839 4689; x_wconf 65' lang='lat' dir='ltr'><strong>uocati,</strong></span> <span class='ocrx_word' id='word_1_670' title='bbox 1887 4599 2043 4695; x_wconf 82' lang='lat' dir='ltr'><strong>pauci</strong></span> <span class='ocrx_word' id='word_1_671' title='bbox 2070 4636 2125 4697; x_wconf 86' lang='grc' dir='ltr'>Ῑ)</span> <span class='ocrx_word' id='word_1_672' title='bbox 2156 4599 2378 4697; x_wconf 39' lang='lat' dir='ltr'><strong>dilatata</strong></span> <span class='ocrx_word' id='word_1_673' title='bbox 2400 4641 2414 4665; x_wconf 82' lang='lat'><strong>’</strong></span> <span class='ocrx_word' id='word_1_674' title='bbox 2447 4609 2508 4654; x_wconf 51' lang='lat' dir='ltr'><strong>ut</strong></span> <span class='ocrx_word' id='word_1_675' title='bbox 2533 4609 2618 4697; x_wconf 43' lang='grc' dir='ltr'><strong>ρει</strong></span> <span class='ocrx_word' id='word_1_676' title='bbox 2649 4601 2780 4697; x_wconf 44' lang='lat' dir='ltr'><strong>ml“?</strong></span> <span class='ocrx_word' id='word_1_677' title='bbox 2811 4601 2863 4656; x_wconf 68' lang='lat' dir='ltr'><strong>in</strong></span> <span class='ocrx_word' id='word_1_678' title='bbox 2895 4602 3402 4697; x_wconf 38' lang='grc' dir='ltr'><strong>ΕΫΨἚθιίο-ᾖιατα</strong></span> <span class='ocrx_word' id='word_1_679' title='bbox 3431 4615 3481 4660; x_wconf 49' lang='lat' dir='ltr'><em>et</em></span> <span class='ocrx_word' id='word_1_680' title='bbox 3513 4607 3754 4675; x_wconf 51' lang='lat' dir='ltr'><strong>spatio”</strong></span> 
     </span>
    </p>
   </div>
   <div class='ocr_carea' id='block_1_94' title="bbox 451 4700 2043 4782">
    <p class='ocr_par' dir='ltr' id='par_1_94' title="bbox 451 4700 2043 4782">
     <span class='ocr_line' id='line_1_94' title="bbox 451 4700 2043 4782; baseline 0.009 -28"><span class='ocrx_word' id='word_1_681' title='bbox 451 4717 569 4754; x_wconf 73' lang='lat' dir='ltr'><strong>vero</strong></span> <span class='ocrx_word' id='word_1_682' title='bbox 596 4700 742 4754; x_wconf 71' lang='lat' dir='ltr'><strong>electi</strong></span> <span class='ocrx_word' id='word_1_683' title='bbox 775 4701 1008 4772; x_wconf 80' lang='lat' dir='ltr'><strong>(Matth.</strong></span> <span class='ocrx_word' id='word_1_684' title='bbox 1041 4719 1156 4758; x_wconf 75' lang='lat' dir='ltr'><strong>xxu</strong></span> <span class='ocrx_word' id='word_1_685' title='bbox 1181 4703 1200 4776; x_wconf 93' lang='lat'><strong>)</strong></span> <span class='ocrx_word' id='word_1_686' title='bbox 1227 4723 1240 4770; x_wconf 91' lang='lat'><strong>;</strong></span> <span class='ocrx_word' id='word_1_687' title='bbox 1274 4722 1444 4775; x_wconf 86' lang='lat' dir='ltr'><strong>pauca</strong></span> <span class='ocrx_word' id='word_1_688' title='bbox 1475 4725 1644 4779; x_wconf 88' lang='lat' dir='ltr'><strong>grana</strong></span> <span class='ocrx_word' id='word_1_689' title='bbox 1680 4714 1928 4782; x_wconf 89' lang='lat' dir='ltr'><strong>supernis</strong></span> <span class='ocrx_word' id='word_1_690' title='bbox 1959 4731 2043 4770; x_wconf 86' lang='lat' dir='ltr'><strong>re-</strong></span> 
     </span>
    </p>
   </div>
   <div class='ocr_carea' id='block_1_95' title="bbox 453 4795 2040 4876">
    <p class='ocr_par' dir='ltr' id='par_1_95' title="bbox 453 4795 2040 4876">
     <span class='ocr_line' id='line_1_95' title="bbox 453 4795 2040 4876; baseline 0.011 -30"><span class='ocrx_word' id='word_1_691' title='bbox 453 4795 702 4862; x_wconf 84' lang='lat' dir='ltr'><strong>cipienda</strong></span> <span class='ocrx_word' id='word_1_692' title='bbox 744 4797 1149 4864; x_wconf 88' lang='lat' dir='ltr'><strong>mansionibus,</strong></span> <span class='ocrx_word' id='word_1_693' title='bbox 1187 4800 1240 4853; x_wconf 90' lang='lat' dir='ltr'><strong>in</strong></span> <span class='ocrx_word' id='word_1_694' title='bbox 1273 4805 1679 4871; x_wconf 84' lang='lat' dir='ltr'><strong>comparatione</strong></span> <span class='ocrx_word' id='word_1_695' title='bbox 1711 4807 2004 4864; x_wconf 90' lang='lat' dir='ltr'><strong>multorum</strong></span> <span class='ocrx_word' id='word_1_696' title='bbox 2027 4851 2040 4876; x_wconf 90' lang='lat'><strong>,</strong></span> 
     </span>
    </p>
   </div>
   <div class='ocr_carea' id='block_1_96' title="bbox 455 4883 2044 4967">
    <p class='ocr_par' dir='ltr' id='par_1_96' title="bbox 455 4883 2044 4967">
     <span class='ocr_line' id='line_1_96' title="bbox 455 4883 2044 4967; baseline 0.01 -29"><span class='ocrx_word' id='word_1_697' title='bbox 455 4900 575 4954; x_wconf 71' lang='lat' dir='ltr'><strong>qua:</strong></span> <span class='ocrx_word' id='word_1_698' title='bbox 633 4883 864 4940; x_wconf 81' lang='lat' dir='ltr'><strong>ﬂammis</strong></span> <span class='ocrx_word' id='word_1_699' title='bbox 922 4896 1048 4942; x_wconf 89' lang='lat' dir='ltr'><strong>sunt</strong></span> <span class='ocrx_word' id='word_1_700' title='bbox 1107 4892 1466 4959; x_wconf 87' lang='lat' dir='ltr'><strong>mancipanda</strong></span> <span class='ocrx_word' id='word_1_701' title='bbox 1522 4897 1819 4966; x_wconf 87' lang='lat' dir='ltr'><strong>perpetuis.</strong></span> <span class='ocrx_word' id='word_1_702' title='bbox 1881 4898 2044 4967; x_wconf 86' lang='lat' dir='ltr'><strong>Cujus</strong></span> 
     </span>
    </p>
   </div>
   <div class='ocr_carea' id='block_1_97' title="bbox 456 4979 2046 5058">
    <p class='ocr_par' dir='ltr' id='par_1_97' title="bbox 456 4979 2046 5058">
     <span class='ocr_line' id='line_1_97' title="bbox 456 4979 2046 5058; baseline 0.01 -30"><span class='ocrx_word' id='word_1_703' title='bbox 456 4992 595 5030; x_wconf 74' lang='lat' dir='ltr'><strong>area:</strong></span> <span class='ocrx_word' id='word_1_704' title='bbox 639 4979 892 5048; x_wconf 83' lang='lat' dir='ltr'><strong>purgatio</strong></span> <span class='ocrx_word' id='word_1_705' title='bbox 929 4987 984 5034; x_wconf 89' lang='lat' dir='ltr'><strong>et</strong></span> <span class='ocrx_word' id='word_1_706' title='bbox 1021 4996 1166 5034; x_wconf 90' lang='lat' dir='ltr'><strong>nunc</strong></span> <span class='ocrx_word' id='word_1_707' title='bbox 1209 4983 1412 5036; x_wconf 80' lang='lat' dir='ltr'><strong>viritim</strong></span> <span class='ocrx_word' id='word_1_708' title='bbox 1463 4986 1692 5054; x_wconf 86' lang='lat' dir='ltr'><strong>geritur,</strong></span> <span class='ocrx_word' id='word_1_709' title='bbox 1737 5003 1860 5042; x_wconf 89' lang='lat' dir='ltr'><strong>cum</strong></span> <span class='ocrx_word' id='word_1_710' title='bbox 1897 4990 2046 5058; x_wconf 89' lang='lat' dir='ltr'><strong>quis-</strong></span> 
     </span>
    </p>
   </div>
   <div class='ocr_carea' id='block_1_98' title="bbox 456 5069 2044 5143">
    <p class='ocr_par' dir='ltr' id='par_1_98' title="bbox 456 5069 2044 5143">
     <span class='ocr_line' id='line_1_98' title="bbox 456 5069 2044 5143; baseline 0.01 -23"><span class='ocrx_word' id='word_1_711' title='bbox 456 5085 560 5136; x_wconf 87' lang='lat' dir='ltr'><strong>que</strong></span> <span class='ocrx_word' id='word_1_712' title='bbox 592 5083 881 5138; x_wconf 73' lang='lat' dir='ltr'><strong>pervorsus</strong></span> <span class='ocrx_word' id='word_1_713' title='bbox 913 5069 996 5124; x_wconf 89' lang='lat' dir='ltr'><strong>vel</strong></span> <span class='ocrx_word' id='word_1_714' title='bbox 1029 5072 1098 5124; x_wconf 91' lang='lat' dir='ltr'><strong>ob</strong></span> <span class='ocrx_word' id='word_1_715' title='bbox 1129 5072 1416 5128; x_wconf 80' lang='lat' dir='ltr'><strong>manifesta</strong></span> <span class='ocrx_word' id='word_1_716' title='bbox 1445 5085 1668 5143; x_wconf 84' lang='lat' dir='ltr'><strong>peccata</strong></span> <span class='ocrx_word' id='word_1_717' title='bbox 1701 5078 1768 5131; x_wconf 88' lang='lat' dir='ltr'><strong>de</strong></span> <span class='ocrx_word' id='word_1_718' title='bbox 1812 5079 2044 5136; x_wconf 87' lang='lat' dir='ltr'><strong>ecclesia</strong></span> 
     </span>
    </p>
   </div>
   <div class='ocr_carea' id='block_1_99' title="bbox 457 5161 2049 5233">
    <p class='ocr_par' dir='ltr' id='par_1_99' title="bbox 457 5161 2049 5233">
     <span class='ocr_line' id='line_1_99' title="bbox 457 5161 2049 5233; baseline 0.008 -18"><span class='ocrx_word' id='word_1_719' title='bbox 457 5163 720 5230; x_wconf 80' lang='lat' dir='ltr'><strong>rejicitur,</strong></span> <span class='ocrx_word' id='word_1_720' title='bbox 753 5161 836 5214; x_wconf 90' lang='lat' dir='ltr'><strong>vel</strong></span> <span class='ocrx_word' id='word_1_721' title='bbox 865 5163 934 5216; x_wconf 90' lang='lat' dir='ltr'><strong>ob</strong></span> <span class='ocrx_word' id='word_1_722' title='bbox 963 5165 1170 5217; x_wconf 88' lang='lat' dir='ltr'><strong>occulta</strong></span> <span class='ocrx_word' id='word_1_723' title='bbox 1211 5175 1332 5233; x_wconf 84' lang='lat' dir='ltr'><strong>post</strong></span> <span class='ocrx_word' id='word_1_724' title='bbox 1374 5177 1605 5223; x_wconf 88' lang='lat' dir='ltr'><strong>mortem</strong></span> <span class='ocrx_word' id='word_1_725' title='bbox 1646 5171 1826 5225; x_wconf 87' lang='lat' dir='ltr'><strong>divina</strong></span> <span class='ocrx_word' id='word_1_726' title='bbox 1866 5173 2049 5228; x_wconf 87' lang='lat' dir='ltr'><strong>distri-</strong></span> 
     </span>
    </p>
   </div>
   <div class='ocr_carea' id='block_1_100' title="bbox 459 5251 2048 5332">
    <p class='ocr_par' dir='ltr' id='par_1_100' title="bbox 459 5251 2048 5332">
     <span class='ocr_line' id='line_1_100' title="bbox 459 5251 2048 5332; baseline 0.006 -24"><span class='ocrx_word' id='word_1_727' title='bbox 459 5255 638 5308; x_wconf 74' lang='lat' dir='ltr'><strong>ctione</strong></span> <span class='ocrx_word' id='word_1_728' title='bbox 683 5251 1010 5307; x_wconf 87' lang='lat' dir='ltr'><strong>damnatur:</strong></span> <span class='ocrx_word' id='word_1_729' title='bbox 1053 5263 1106 5308; x_wconf 89' lang='lat' dir='ltr'><strong>et</strong></span> <span class='ocrx_word' id='word_1_730' title='bbox 1147 5257 1525 5313; x_wconf 87' lang='lat' dir='ltr'><strong>universaliter</strong></span> <span class='ocrx_word' id='word_1_731' title='bbox 1561 5261 1611 5312; x_wconf 91' lang='lat' dir='ltr'><strong>in</strong></span> <span class='ocrx_word' id='word_1_732' title='bbox 1657 5261 1762 5315; x_wconf 88' lang='lat' dir='ltr'><strong>ﬁne</strong></span> <span class='ocrx_word' id='word_1_733' title='bbox 1803 5265 2048 5332; x_wconf 83' lang='lat' dir='ltr'><strong>perlicie-</strong></span> 
     </span>
    </p>
   </div>
   <div class='ocr_carea' id='block_1_101' title="bbox 463 5345 2066 5421">
    <p class='ocr_par' dir='ltr' id='par_1_101' title="bbox 463 5345 2066 5421">
     <span class='ocr_line' id='line_1_101' title="bbox 463 5345 2066 5421; baseline 0.007 -23"><span class='ocrx_word' id='word_1_734' title='bbox 463 5354 568 5406; x_wconf 86' lang='lat' dir='ltr'><strong>lur,</strong></span> <span class='ocrx_word' id='word_1_735' title='bbox 603 5345 820 5414; x_wconf 86' lang='lat' dir='ltr'><strong>quando</strong></span> <span class='ocrx_word' id='word_1_736' title='bbox 863 5346 1024 5398; x_wconf 83' lang='lat' dir='ltr'><strong>mittet</strong></span> <span class='ocrx_word' id='word_1_737' title='bbox 1069 5346 1213 5414; x_wconf 80' lang='lat' dir='ltr'><strong>ﬁlius</strong></span> <span class='ocrx_word' id='word_1_738' title='bbox 1261 5348 1486 5402; x_wconf 83' lang='lat' dir='ltr'><strong>hominis</strong></span> <span class='ocrx_word' id='word_1_739' title='bbox 1535 5353 1746 5421; x_wconf 81' lang='lat' dir='ltr'><strong>angelos</strong></span> <span class='ocrx_word' id='word_1_740' title='bbox 1795 5371 1955 5420; x_wconf 80' lang='lat' dir='ltr'><strong>suos,</strong></span> <span class='ocrx_word' id='word_1_741' title='bbox 2001 5367 2066 5410; x_wconf 71' lang='lat' dir='ltr'><strong>et‘</strong></span> 
     </span>
    </p>
   </div>
   <div class='ocr_carea' id='block_1_102' title="bbox 461 5437 2046 5520">
    <p class='ocr_par' dir='ltr' id='par_1_102' title="bbox 461 5437 2046 5520">
     <span class='ocr_line' id='line_1_102' title="bbox 461 5437 2046 5520; baseline 0.009 -30"><span class='ocrx_word' id='word_1_742' title='bbox 461 5439 701 5507; x_wconf 65' lang='lat' dir='ltr'><strong>(alligent</strong></span> <span class='ocrx_word' id='word_1_743' title='bbox 732 5440 796 5491; x_wconf 86' lang='lat' dir='ltr'><strong>de</strong></span> <span class='ocrx_word' id='word_1_744' title='bbox 825 5455 979 5510; x_wconf 83' lang='lat' dir='ltr'><strong>regno</strong></span> <span class='ocrx_word' id='word_1_745' title='bbox 1008 5437 1121 5508; x_wconf 80' lang='lat' dir='ltr'><strong>ejus</strong></span> <span class='ocrx_word' id='word_1_746' title='bbox 1149 5441 1322 5494; x_wconf 87' lang='lat' dir='ltr'><strong>omnia</strong></span> <span class='ocrx_word' id='word_1_747' title='bbox 1349 5443 1602 5497; x_wconf 80' lang='lat' dir='ltr'><strong>scandala</strong></span> <span class='ocrx_word' id='word_1_748' title='bbox 1635 5445 1862 5516; x_wconf 76' lang='lat' dir='ltr'><strong>(Matth.</strong></span> <span class='ocrx_word' id='word_1_749' title='bbox 1891 5465 1987 5503; x_wconf 81' lang='lat' dir='ltr'><strong>xm</strong></span> <span class='ocrx_word' id='word_1_750' title='bbox 2007 5449 2046 5520; x_wconf 96' lang='lat'><strong>).</strong></span> 
     </span>
    </p>
   </div>
   <div class='ocr_carea' id='block_1_103' title="bbox 464 5527 2052 5606">
    <p class='ocr_par' dir='ltr' id='par_1_103' title="bbox 464 5527 2052 5606">
     <span class='ocr_line' id='line_1_103' title="bbox 464 5527 2052 5606; baseline 0.01 -28"><span class='ocrx_word' id='word_1_751' title='bbox 464 5527 834 5582; x_wconf 63' lang='lat' dir='ltr'><strong>Yentilabrnm</strong></span> <span class='ocrx_word' id='word_1_752' title='bbox 879 5528 1059 5598; x_wconf 80' lang='lat' dir='ltr'><strong>itaque</strong></span> <span class='ocrx_word' id='word_1_753' title='bbox 1101 5528 1360 5584; x_wconf 88' lang='lat' dir='ltr'><strong>Dominus</strong></span> <span class='ocrx_word' id='word_1_754' title='bbox 1402 5531 1456 5583; x_wconf 89' lang='lat' dir='ltr'><strong>in</strong></span> <span class='ocrx_word' id='word_1_755' title='bbox 1501 5549 1696 5598; x_wconf 88' lang='lat' dir='ltr'><strong>manu,</strong></span> <span class='ocrx_word' id='word_1_756' title='bbox 1742 5535 1792 5590; x_wconf 88' lang='lat' dir='ltr'><strong>id</strong></span> <span class='ocrx_word' id='word_1_757' title='bbox 1822 5547 1938 5602; x_wconf 89' lang='lat' dir='ltr'><strong>est,</strong></span> <span class='ocrx_word' id='word_1_758' title='bbox 1964 5537 2052 5606; x_wconf 62' lang='grc' dir='ltr'>,ἰηι-</span> 
     </span>
    </p>
   </div>
   <div class='ocr_carea' id='block_1_104' title="bbox 463 5619 2052 5696">
    <p class='ocr_par' dir='ltr' id='par_1_104' title="bbox 463 5619 2052 5696">
     <span class='ocr_line' id='line_1_104' title="bbox 463 5619 2052 5696; baseline 0.01 -28"><span class='ocrx_word' id='word_1_759' title='bbox 463 5620 589 5673; x_wconf 68' lang='lat' dir='ltr'><strong>dit-ii</strong></span> <span class='ocrx_word' id='word_1_760' title='bbox 649 5619 943 5674; x_wconf 80' lang='lat' dir='ltr'><strong>discrimen</strong></span> <span class='ocrx_word' id='word_1_761' title='bbox 1005 5621 1165 5676; x_wconf 87' lang='lat' dir='ltr'><strong>habet</strong></span> <span class='ocrx_word' id='word_1_762' title='bbox 1225 5621 1279 5674; x_wconf 89' lang='lat' dir='ltr'><strong>in</strong></span> <span class='ocrx_word' id='word_1_763' title='bbox 1337 5631 1656 5692; x_wconf 84' lang='lat' dir='ltr'><strong>potestate:</strong></span> <span class='ocrx_word' id='word_1_764' title='bbox 1707 5629 1831 5696; x_wconf 88' lang='lat' dir='ltr'><strong>quia</strong></span> <span class='ocrx_word' id='word_1_765' title='bbox 1889 5629 2052 5685; x_wconf 82' lang='lat' dir='ltr'><strong>Pater</strong></span> 
     </span>
    </p>
   </div>
   <div class='ocr_carea' id='block_1_105' title="bbox 465 5709 2048 5784">
    <p class='ocr_par' dir='ltr' id='par_1_105' title="bbox 465 5709 2048 5784">
     <span class='ocr_line' id='line_1_105' title="bbox 465 5709 2048 5784; baseline 0.01 -23"><span class='ocrx_word' id='word_1_766' title='bbox 465 5728 564 5762; x_wconf 85' lang='lat' dir='ltr'><strong>non</strong></span> <span class='ocrx_word' id='word_1_767' title='bbox 606 5709 812 5778; x_wconf 80' lang='lat' dir='ltr'><strong>judtcat</strong></span> <span class='ocrx_word' id='word_1_768' title='bbox 862 5727 1208 5782; x_wconf 81' lang='lat' dir='ltr'><strong>quemquam,</strong></span> <span class='ocrx_word' id='word_1_769' title='bbox 1256 5713 1346 5768; x_wconf 85' lang='lat' dir='ltr'><strong>sed</strong></span> <span class='ocrx_word' id='word_1_770' title='bbox 1385 5714 1656 5784; x_wconf 84' lang='lat' dir='ltr'><strong>judicium</strong></span> <span class='ocrx_word' id='word_1_771' title='bbox 1707 5735 1854 5775; x_wconf 84' lang='lat' dir='ltr'><strong>omne</strong></span> <span class='ocrx_word' id='word_1_772' title='bbox 1907 5721 2048 5776; x_wconf 83' lang='lat' dir='ltr'><strong>dedit</strong></span> 
     </span>
    </p>
   </div>
   <div class='ocr_carea' id='block_1_106' title="bbox 464 5801 968 5879">
    <p class='ocr_par' dir='ltr' id='par_1_106' title="bbox 464 5801 968 5879">
     <span class='ocr_line' id='line_1_106' title="bbox 464 5801 968 5879; baseline 0.014 -23"><span class='ocrx_word' id='word_1_773' title='bbox 464 5801 606 5859; x_wconf 69' lang='lat' dir='ltr'><strong>Filio</strong></span> <span class='ocrx_word' id='word_1_774' title='bbox 641 5807 658 5876; x_wconf 90' lang='lat'><strong>(</strong></span> <span class='ocrx_word' id='word_1_775' title='bbox 683 5804 840 5859; x_wconf 85' lang='lat' dir='ltr'><strong>Joun.</strong></span> <span class='ocrx_word' id='word_1_776' title='bbox 879 5821 907 5858; x_wconf 87' lang='lat' dir='ltr'><strong>v</strong></span> 
     </span>
    </p>
   </div>
   <div class='ocr_carea' id='block_1_107' title="bbox 2150 4693 3754 4768">
    <p class='ocr_par' dir='ltr' id='par_1_107' title="bbox 2150 4693 3754 4768">
     <span class='ocr_line' id='line_1_107' title="bbox 2150 4693 3754 4768; baseline 0.004 -23"><span class='ocrx_word' id='word_1_777' title='bbox 2150 4693 2234 4745; x_wconf 80' lang='lat' dir='ltr'><strong>via</strong></span> <span class='ocrx_word' id='word_1_778' title='bbox 2257 4703 2330 4745; x_wconf 84' lang='lat' dir='ltr'><strong>est</strong></span> <span class='ocrx_word' id='word_1_779' title='bbox 2355 4733 2368 4756; x_wconf 93' lang='lat'><strong>,</strong></span> <span class='ocrx_word' id='word_1_780' title='bbox 2395 4709 2510 4760; x_wconf 71' lang='lat' dir='ltr'><strong>qua:</strong></span> <span class='ocrx_word' id='word_1_781' title='bbox 2539 4693 2682 4745; x_wconf 82' lang='lat' dir='ltr'><strong>ducit</strong></span> <span class='ocrx_word' id='word_1_782' title='bbox 2710 4694 2780 4745; x_wconf 88' lang='lat' dir='ltr'><strong>ad</strong></span> <span class='ocrx_word' id='word_1_783' title='bbox 2807 4695 3150 4763; x_wconf 80' lang='lat' dir='ltr'><strong>perditionem</strong></span> <span class='ocrx_word' id='word_1_784' title='bbox 3178 4693 3393 4766; x_wconf 80' lang='lat' dir='ltr'><strong>(Matth.</strong></span> <span class='ocrx_word' id='word_1_785' title='bbox 3422 4697 3546 4768; x_wconf 85' lang='lat' dir='ltr'><strong>vn).</strong></span> <span class='ocrx_word' id='word_1_786' title='bbox 3583 4697 3754 4752; x_wconf 76' lang='lat' dir='ltr'><strong>Arcta</strong></span> 
     </span>
    </p>
   </div>
   <div class='ocr_carea' id='block_1_108' title="bbox 2153 4783 3752 4858">
    <p class='ocr_par' dir='ltr' id='par_1_108' title="bbox 2153 4783 3752 4858">
     <span class='ocr_line' id='line_1_108' title="bbox 2153 4783 3752 4858; baseline 0.004 -21"><span class='ocrx_word' id='word_1_787' title='bbox 2153 4790 2334 4837; x_wconf 89' lang='lat' dir='ltr'><strong>autem</strong></span> <span class='ocrx_word' id='word_1_788' title='bbox 2363 4783 2450 4837; x_wconf 86' lang='lat' dir='ltr'><strong>via</strong></span> <span class='ocrx_word' id='word_1_789' title='bbox 2495 4792 2578 4838; x_wconf 91' lang='lat' dir='ltr'><strong>est</strong></span> <span class='ocrx_word' id='word_1_790' title='bbox 2622 4783 2868 4840; x_wconf 88' lang='lat' dir='ltr'><strong>districta</strong></span> <span class='ocrx_word' id='word_1_791' title='bbox 2907 4785 2992 4839; x_wconf 87' lang='lat' dir='ltr'><strong>vel</strong></span> <span class='ocrx_word' id='word_1_792' title='bbox 3037 4785 3482 4841; x_wconf 87' lang='lat' dir='ltr'><strong>tribulationibus</strong></span> <span class='ocrx_word' id='word_1_793' title='bbox 3523 4805 3752 4858; x_wconf 81' lang='lat' dir='ltr'><strong>pressa,</strong></span> 
     </span>
    </p>
   </div>
   <div class='ocr_carea' id='block_1_109' title="bbox 2153 4877 3754 4954">
    <p class='ocr_par' dir='ltr' id='par_1_109' title="bbox 2153 4877 3754 4954">
     <span class='ocr_line' id='line_1_109' title="bbox 2153 4877 3754 4954; baseline 0.006 -22"><span class='ocrx_word' id='word_1_794' title='bbox 2153 4877 2220 4932; x_wconf 88' lang='lat' dir='ltr'><strong>de</strong></span> <span class='ocrx_word' id='word_1_795' title='bbox 2259 4893 2362 4947; x_wconf 91' lang='lat' dir='ltr'><strong>qua</strong></span> <span class='ocrx_word' id='word_1_796' title='bbox 2405 4879 2668 4949; x_wconf 88' lang='lat' dir='ltr'><strong>scriptum</strong></span> <span class='ocrx_word' id='word_1_797' title='bbox 2711 4879 2952 4934; x_wconf 81' lang='lat' dir='ltr'><strong>dicitur:</strong></span> <span class='ocrx_word' id='word_1_798' title='bbox 2989 4881 3162 4946; x_wconf 85' lang='lat' dir='ltr'><strong>Quam</strong></span> <span class='ocrx_word' id='word_1_799' title='bbox 3217 4893 3444 4954; x_wconf 84' lang='lat' dir='ltr'><strong>angusta</strong></span> <span class='ocrx_word' id='word_1_800' title='bbox 3497 4895 3653 4953; x_wconf 79' lang='lat' dir='ltr'><strong>porta</strong></span> <span class='ocrx_word' id='word_1_801' title='bbox 3705 4897 3754 4942; x_wconf 80' lang='lat' dir='ltr'><strong>ct</strong></span> 
     </span>
    </p>
   </div>
   <div class='ocr_carea' id='block_1_110' title="bbox 2153 4971 3758 5046">
    <p class='ocr_par' dir='ltr' id='par_1_110' title="bbox 2153 4971 3758 5046">
     <span class='ocr_line' id='line_1_110' title="bbox 2153 4971 3758 5046; baseline 0.003 -21"><span class='ocrx_word' id='word_1_802' title='bbox 2153 4979 2302 5026; x_wconf 85' lang='lat' dir='ltr'><strong>arcta</strong></span> <span class='ocrx_word' id='word_1_803' title='bbox 2331 4972 2412 5026; x_wconf 79' lang='lat' dir='ltr'><strong>uia</strong></span> <span class='ocrx_word' id='word_1_804' title='bbox 2433 5013 2448 5037; x_wconf 93' lang='lat'><strong>,</strong></span> <span class='ocrx_word' id='word_1_805' title='bbox 2481 4989 2598 5042; x_wconf 79' lang='lat' dir='ltr'><strong>qua:</strong></span> <span class='ocrx_word' id='word_1_806' title='bbox 2627 4971 2770 5026; x_wconf 86' lang='lat' dir='ltr'><strong>ducit</strong></span> <span class='ocrx_word' id='word_1_807' title='bbox 2801 4973 2869 5026; x_wconf 87' lang='lat' dir='ltr'><strong>ad</strong></span> <span class='ocrx_word' id='word_1_808' title='bbox 2905 4974 3058 5027; x_wconf 82' lang='lat' dir='ltr'><strong>vitam</strong></span> <span class='ocrx_word' id='word_1_809' title='bbox 3082 4974 3101 5027; x_wconf 70' lang='grc' dir='ltr'>,ν</span> <span class='ocrx_word' id='word_1_810' title='bbox 3135 4973 3320 5046; x_wconf 85' lang='lat' dir='ltr'><strong>(Ibid.</strong></span> <span class='ocrx_word' id='word_1_811' title='bbox 3346 4973 3366 5042; x_wconf 93' lang='lat'><strong>)</strong></span> <span class='ocrx_word' id='word_1_812' title='bbox 3402 4973 3620 5030; x_wconf 86' lang='lat' dir='ltr'><strong>Directa</strong></span> <span class='ocrx_word' id='word_1_813' title='bbox 3655 4991 3758 5030; x_wconf 81' lang='lat' dir='ltr'><strong>au-</strong></span> 
     </span>
    </p>
   </div>
   <div class='ocr_carea' id='block_1_111' title="bbox 2157 5063 3757 5134">
    <p class='ocr_par' dir='ltr' id='par_1_111' title="bbox 2157 5063 3757 5134">
     <span class='ocr_line' id='line_1_111' title="bbox 2157 5063 3757 5134; baseline 0.003 -18"><span class='ocrx_word' id='word_1_814' title='bbox 2157 5071 2264 5117; x_wconf 89' lang='lat' dir='ltr'><strong>tem</strong></span> <span class='ocrx_word' id='word_1_815' title='bbox 2297 5063 2382 5118; x_wconf 89' lang='lat' dir='ltr'><strong>via</strong></span> <span class='ocrx_word' id='word_1_816' title='bbox 2413 5071 2495 5117; x_wconf 87' lang='lat' dir='ltr'><strong>est</strong></span> <span class='ocrx_word' id='word_1_817' title='bbox 2525 5063 2646 5128; x_wconf 88' lang='lat' dir='ltr'><strong>illa,</strong></span> <span class='ocrx_word' id='word_1_818' title='bbox 2683 5079 2803 5132; x_wconf 70' lang='lat' dir='ltr'><strong>qure</strong></span> <span class='ocrx_word' id='word_1_819' title='bbox 2835 5065 3118 5134; x_wconf 70' lang='lat' dir='ltr'><strong>prtcceptis</strong></span> <span class='ocrx_word' id='word_1_820' title='bbox 3153 5067 3248 5119; x_wconf 89' lang='lat' dir='ltr'><strong>Dei</strong></span> <span class='ocrx_word' id='word_1_821' title='bbox 3289 5074 3373 5120; x_wconf 88' lang='lat' dir='ltr'><strong>est</strong></span> <span class='ocrx_word' id='word_1_822' title='bbox 3417 5077 3656 5131; x_wconf 88' lang='lat' dir='ltr'><strong>ornata,</strong></span> <span class='ocrx_word' id='word_1_823' title='bbox 3697 5075 3757 5120; x_wconf 88' lang='lat' dir='ltr'><strong>ut</strong></span> 
     </span>
    </p>
   </div>
   <div class='ocr_carea' id='block_1_112' title="bbox 2156 5155 3756 5232">
    <p class='ocr_par' dir='ltr' id='par_1_112' title="bbox 2156 5155 3756 5232">
     <span class='ocr_line' id='line_1_112' title="bbox 2156 5155 3756 5232; baseline 0.004 -22"><span class='ocrx_word' id='word_1_824' title='bbox 2156 5155 2210 5210; x_wconf 89' lang='lat' dir='ltr'><strong>in</strong></span> <span class='ocrx_word' id='word_1_825' title='bbox 2251 5156 2388 5210; x_wconf 82' lang='lat' dir='ltr'><strong>Isaia</strong></span> <span class='ocrx_word' id='word_1_826' title='bbox 2436 5173 2448 5210; x_wconf 92' lang='lat'><strong>:</strong></span> <span class='ocrx_word' id='word_1_827' title='bbox 2495 5155 2686 5211; x_wconf 82' lang='lat' dir='ltr'><strong>Rectus</strong></span> <span class='ocrx_word' id='word_1_828' title='bbox 2732 5157 2890 5227; x_wconf 83' lang='lat' dir='ltr'><strong>facite</strong></span> <span class='ocrx_word' id='word_1_829' title='bbox 2913 5199 2926 5224; x_wconf 96' lang='lat'><strong>,</strong></span> <span class='ocrx_word' id='word_1_830' title='bbox 2973 5160 3181 5229; x_wconf 89' lang='lat' dir='ltr'><strong>inquit,</strong></span> <span class='ocrx_word' id='word_1_831' title='bbox 3216 5161 3426 5216; x_wconf 80' lang='lat' dir='ltr'><strong>semitas</strong></span> <span class='ocrx_word' id='word_1_832' title='bbox 3459 5161 3558 5216; x_wconf 81' lang='lat' dir='ltr'><strong>Dei</strong></span> <span class='ocrx_word' id='word_1_833' title='bbox 3591 5161 3756 5232; x_wconf 80' lang='lat' dir='ltr'><strong>(Isa.</strong></span> 
     </span>
    </p>
   </div>
   <div class='ocr_carea' id='block_1_113' title="bbox 2157 5248 3756 5323">
    <p class='ocr_par' dir='ltr' id='par_1_113' title="bbox 2157 5248 3756 5323">
     <span class='ocr_line' id='line_1_113' title="bbox 2157 5248 3756 5323; baseline 0.005 -21"><span class='ocrx_word' id='word_1_834' title='bbox 2157 5248 2288 5320; x_wconf 76' lang='lat' dir='ltr'><strong>XL).</strong></span> <span class='ocrx_word' id='word_1_835' title='bbox 2341 5248 2509 5303; x_wconf 88' lang='lat' dir='ltr'><strong>Prava</strong></span> <span class='ocrx_word' id='word_1_836' title='bbox 2561 5257 2743 5306; x_wconf 89' lang='lat' dir='ltr'><strong>autem</strong></span> <span class='ocrx_word' id='word_1_837' title='bbox 2783 5268 2814 5306; x_wconf 92' lang='lat' dir='ltr'><strong>a</strong></span> <span class='ocrx_word' id='word_1_838' title='bbox 2860 5251 2956 5306; x_wconf 88' lang='lat' dir='ltr'><strong>Dei</strong></span> <span class='ocrx_word' id='word_1_839' title='bbox 3007 5254 3299 5323; x_wconf 71' lang='lat' dir='ltr'><strong>prteceptis</strong></span> <span class='ocrx_word' id='word_1_840' title='bbox 3346 5254 3534 5318; x_wconf 87' lang='lat' dir='ltr'><strong>devia,</strong></span> <span class='ocrx_word' id='word_1_841' title='bbox 3585 5263 3644 5308; x_wconf 88' lang='lat' dir='ltr'><strong>ut</strong></span> <span class='ocrx_word' id='word_1_842' title='bbox 3701 5257 3756 5310; x_wconf 92' lang='lat' dir='ltr'><strong>in</strong></span> 
     </span>
    </p>
   </div>
   <div class='ocr_carea' id='block_1_114' title="bbox 2159 5337 3759 5414">
    <p class='ocr_par' dir='ltr' id='par_1_114' title="bbox 2159 5337 3759 5414">
     <span class='ocr_line' id='line_1_114' title="bbox 2159 5337 3759 5414; baseline 0.005 -22"><span class='ocrx_word' id='word_1_843' title='bbox 2159 5337 2348 5393; x_wconf 88' lang='lat' dir='ltr'><strong>eodem</strong></span> <span class='ocrx_word' id='word_1_844' title='bbox 2387 5339 2696 5410; x_wconf 88' lang='lat' dir='ltr'><strong>Propheta:</strong></span> <span class='ocrx_word' id='word_1_845' title='bbox 2749 5341 2922 5396; x_wconf 83' lang='lat' dir='ltr'><strong>Erunt</strong></span> <span class='ocrx_word' id='word_1_846' title='bbox 2973 5353 3150 5398; x_wconf 89' lang='lat' dir='ltr'><strong>autem</strong></span> <span class='ocrx_word' id='word_1_847' title='bbox 3197 5361 3357 5414; x_wconf 81' lang='lat' dir='ltr'><strong>prava</strong></span> <span class='ocrx_word' id='word_1_848' title='bbox 3407 5345 3464 5398; x_wconf 87' lang='lat' dir='ltr'><strong>in</strong></span> <span class='ocrx_word' id='word_1_849' title='bbox 3513 5345 3759 5412; x_wconf 82' lang='lat' dir='ltr'><strong>directa,</strong></span> 
     </span>
    </p>
   </div>
   <div class='ocr_carea' id='block_1_115' title="bbox 2162 5431 3762 5506">
    <p class='ocr_par' dir='ltr' id='par_1_115' title="bbox 2162 5431 3762 5506">
     <span class='ocr_line' id='line_1_115' title="bbox 2162 5431 3762 5506; baseline 0.005 -21"><span class='ocrx_word' id='word_1_850' title='bbox 2162 5447 2346 5502; x_wconf 86' lang='lat' dir='ltr'><strong>aspera</strong></span> <span class='ocrx_word' id='word_1_851' title='bbox 2376 5431 2569 5486; x_wconf 81' lang='lat' dir='ltr'><strong>invias</strong></span> <span class='ocrx_word' id='word_1_852' title='bbox 2599 5431 2787 5502; x_wconf 84' lang='lat' dir='ltr'><strong>planas</strong></span> <span class='ocrx_word' id='word_1_853' title='bbox 2822 5433 3004 5506; x_wconf 87' lang='lat' dir='ltr'><strong>(Ibid.</strong></span> <span class='ocrx_word' id='word_1_854' title='bbox 3029 5435 3074 5506; x_wconf 89' lang='lat'><strong>).</strong></span> <span class='ocrx_word' id='word_1_855' title='bbox 3120 5435 3288 5492; x_wconf 88' lang='lat' dir='ltr'><strong>Plana</strong></span> <span class='ocrx_word' id='word_1_856' title='bbox 3329 5435 3474 5488; x_wconf 84' lang='lat' dir='ltr'><strong>enim</strong></span> <span class='ocrx_word' id='word_1_857' title='bbox 3522 5435 3614 5492; x_wconf 86' lang='lat' dir='ltr'><strong>illa</strong></span> <span class='ocrx_word' id='word_1_858' title='bbox 3669 5445 3762 5493; x_wconf 82' lang='lat' dir='ltr'><strong>est.</strong></span> 
     </span>
    </p>
   </div>
   <div class='ocr_carea' id='block_1_116' title="bbox 2162 5522 3756 5596">
    <p class='ocr_par' dir='ltr' id='par_1_116' title="bbox 2162 5522 3756 5596">
     <span class='ocr_line' id='line_1_116' title="bbox 2162 5522 3756 5596; baseline 0.003 -20"><span class='ocrx_word' id='word_1_859' title='bbox 2162 5523 2270 5586; x_wconf 86' lang='lat' dir='ltr'><strong>via,</strong></span> <span class='ocrx_word' id='word_1_860' title='bbox 2301 5535 2420 5590; x_wconf 73' lang='lat' dir='ltr'><strong>qua:</strong></span> <span class='ocrx_word' id='word_1_861' title='bbox 2450 5522 2756 5578; x_wconf 90' lang='lat' dir='ltr'><strong>obedientia</strong></span> <span class='ocrx_word' id='word_1_862' title='bbox 2784 5533 3178 5594; x_wconf 72' lang='lat' dir='ltr'><strong>praeceptorum</strong></span> <span class='ocrx_word' id='word_1_863' title='bbox 3207 5525 3300 5579; x_wconf 91' lang='lat' dir='ltr'><strong>Dei</strong></span> <span class='ocrx_word' id='word_1_864' title='bbox 3333 5533 3414 5579; x_wconf 87' lang='lat' dir='ltr'><strong>est</strong></span> <span class='ocrx_word' id='word_1_865' title='bbox 3442 5535 3756 5596; x_wconf 55' lang='lat' dir='ltr'><strong>exaequata.</strong></span> 
     </span>
    </p>
   </div>
   <div class='ocr_carea' id='block_1_117' title="bbox 2160 5610 3756 5685">
    <p class='ocr_par' dir='ltr' id='par_1_117' title="bbox 2160 5610 3756 5685">
     <span class='ocr_line' id='line_1_117' title="bbox 2160 5610 3756 5685; baseline 0.002 -20"><span class='ocrx_word' id='word_1_866' title='bbox 2160 5610 2294 5665; x_wconf 86' lang='lat' dir='ltr'><strong>Nam</strong></span> <span class='ocrx_word' id='word_1_867' title='bbox 2321 5611 2448 5664; x_wconf 88' lang='lat' dir='ltr'><strong>alibi</strong></span> <span class='ocrx_word' id='word_1_868' title='bbox 2480 5611 2676 5682; x_wconf 87' lang='lat' dir='ltr'><strong>legitur</strong></span> <span class='ocrx_word' id='word_1_869' title='bbox 2703 5631 2714 5666; x_wconf 93' lang='lat'><strong>:</strong></span> <span class='ocrx_word' id='word_1_870' title='bbox 2757 5613 2878 5668; x_wconf 82' lang='lat' dir='ltr'><strong>Vias</strong></span> <span class='ocrx_word' id='word_1_871' title='bbox 2911 5632 3028 5685; x_wconf 72' lang='lat' dir='ltr'><strong>qua:</strong></span> <span class='ocrx_word' id='word_1_872' title='bbox 3055 5633 3086 5668; x_wconf 91' lang='lat' dir='ltr'><strong>a</strong></span> <span class='ocrx_word' id='word_1_873' title='bbox 3115 5614 3334 5679; x_wconf 76' lang='lat' dir='ltr'><strong>dextris,</strong></span> <span class='ocrx_word' id='word_1_874' title='bbox 3379 5613 3520 5668; x_wconf 81' lang='lat' dir='ltr'><strong>novit</strong></span> <span class='ocrx_word' id='word_1_875' title='bbox 3563 5613 3756 5668; x_wconf 84' lang='lat' dir='ltr'><strong>Domi-</strong></span> 
     </span>
    </p>
   </div>
   <div class='ocr_carea' id='block_1_118' title="bbox 2163 5703 3756 5776">
    <p class='ocr_par' dir='ltr' id='par_1_118' title="bbox 2163 5703 3756 5776">
     <span class='ocr_line' id='line_1_118' title="bbox 2163 5703 3756 5776; baseline 0 -18"><span class='ocrx_word' id='word_1_876' title='bbox 2163 5719 2302 5759; x_wconf 85' lang='lat' dir='ltr'><strong>nus:</strong></span> <span class='ocrx_word' id='word_1_877' title='bbox 2357 5719 2472 5773; x_wconf 70' lang='lat' dir='ltr'><strong>qua:</strong></span> <span class='ocrx_word' id='word_1_878' title='bbox 2523 5721 2554 5758; x_wconf 88' lang='lat' dir='ltr'><strong>a</strong></span> <span class='ocrx_word' id='word_1_879' title='bbox 2603 5705 2859 5770; x_wconf 79' lang='lat' dir='ltr'><strong>sinistris,</strong></span> <span class='ocrx_word' id='word_1_880' title='bbox 2916 5715 3038 5760; x_wconf 88' lang='lat' dir='ltr'><strong>sunt</strong></span> <span class='ocrx_word' id='word_1_881' title='bbox 3079 5723 3334 5776; x_wconf 77' lang='lat' dir='ltr'><strong>perversa:</strong></span> <span class='ocrx_word' id='word_1_882' title='bbox 3383 5703 3584 5774; x_wconf 79' lang='lat' dir='ltr'><strong>(Prov.</strong></span> <span class='ocrx_word' id='word_1_883' title='bbox 3631 5720 3690 5758; x_wconf 81' lang='lat' dir='ltr'><strong>tv</strong></span> <span class='ocrx_word' id='word_1_884' title='bbox 3713 5706 3756 5776; x_wconf 91' lang='lat'><strong>).</strong></span> 
     </span>
    </p>
   </div>
   <div class='ocr_carea' id='block_1_119' title="bbox 2163 5779 3756 5869">
    <p class='ocr_par' dir='ltr' id='par_1_119' title="bbox 2163 5779 3756 5869">
     <span class='ocr_line' id='line_1_119' title="bbox 2163 5779 3756 5869; baseline 0.001 -17"><span class='ocrx_word' id='word_1_885' title='bbox 2163 5798 2344 5853; x_wconf 84' lang='lat' dir='ltr'><strong>Strata</strong></span> <span class='ocrx_word' id='word_1_886' title='bbox 2374 5779 2514 5854; x_wconf 86' lang='lat' dir='ltr'><strong>dicta</strong></span> <span class='ocrx_word' id='word_1_887' title='bbox 2535 5839 2549 5860; x_wconf 90' lang='lat'><strong>,</strong></span> <span class='ocrx_word' id='word_1_888' title='bbox 2581 5799 2736 5868; x_wconf 88' lang='lat' dir='ltr'><strong>quasi</strong></span> <span class='ocrx_word' id='word_1_889' title='bbox 2768 5797 2911 5869; x_wconf 86' lang='lat' dir='ltr'><strong>vulgi</strong></span> <span class='ocrx_word' id='word_1_890' title='bbox 2953 5798 3182 5868; x_wconf 85' lang='lat' dir='ltr'><strong>pedibus</strong></span> <span class='ocrx_word' id='word_1_891' title='bbox 3226 5797 3374 5853; x_wconf 89' lang='lat' dir='ltr'><strong>trita.</strong></span> <span class='ocrx_word' id='word_1_892' title='bbox 3417 5795 3756 5854; x_wconf 83' lang='lat' dir='ltr'><strong>Lucretius:</strong></span> 
     </span>
    </p>
   </div>
   <div class='ocr_carea' id='block_1_120' title="bbox 2161 5889 3758 5964">
    <p class='ocr_par' dir='ltr' id='par_1_120' title="bbox 2161 5889 3758 5964">
     <span class='ocr_line' id='line_1_120' title="bbox 2161 5889 3758 5964; baseline -0.001 -18"><span class='ocrx_word' id='word_1_893' title='bbox 2161 5890 2444 5964; x_wconf 81' lang='lat' dir='ltr'><strong>Strataque</strong></span> <span class='ocrx_word' id='word_1_894' title='bbox 2487 5891 2604 5964; x_wconf 87' lang='lat' dir='ltr'><strong>jam</strong></span> <span class='ocrx_word' id='word_1_895' title='bbox 2655 5889 2796 5964; x_wconf 77' lang='lat' dir='ltr'><strong>vulgi</strong></span> <span class='ocrx_word' id='word_1_896' title='bbox 2842 5890 3059 5962; x_wconf 81' lang='lat' dir='ltr'><strong>pedibus</strong></span> <span class='ocrx_word' id='word_1_897' title='bbox 3114 5891 3304 5946; x_wconf 81' lang='lat' dir='ltr'><strong>detrita</strong></span> <span class='ocrx_word' id='word_1_898' title='bbox 3351 5890 3580 5945; x_wconf 81' lang='lat' dir='ltr'><strong>viarum.</strong></span> <span class='ocrx_word' id='word_1_899' title='bbox 3629 5889 3758 5958; x_wconf 74' lang='lat' dir='ltr'><strong>Ipsa</strong></span> 
     </span>
    </p>
   </div>
  </div>
