3922 6322
181 409 280 469 613

1136 402 1225 459 DE
1265 398 1616 456 UNIVERSO
1648 397 1830 455 LIBRI
1865 395 2031 454 XXII.
2071 426 2144 440 —
2178 398 2306 456 LIB.
2349 399 2442 456 ΧΥ

3338 406 3445 467 ιιι

184 529 338 580 estet
359 519 682 589 dilapidata,
718 517 770 574 id
793 525 876 574 est
903 515 1172 586 lapidibus
1213 522 1406 570 strata.
1446 516 1616 571 Primi
1651 534 1750 572 au-
1778 519 1834 582 Α
1858 517 2000 572 inter
2037 524 2254 573 montes
2296 527 2586 589 angustum
2626 527 2682 574 et
2729 519 2952 586 tritum,
2996 537 3026 576 a
3069 523 3206 579 callo
3245 527 3444 595 pedum

187 625 286 669 tein
321 611 467 667 Pleni
509 610 763 664 dicuntur
790 609 1058 678 lapidibus
1087 607 1203 662 vias
1240 608 1528 673 stravisse,
1567 616 1754 677 postea

185 702 402 762 Romani
442 717 540 756 eas
571 717 668 771 per
705 715 922 755 omnem
969 714 1105 769 pene
1142 700 1330 754 orbem
1373 700 1758 768 disposuerunt

183 807 391 870 propter
422 795 806 850 rectitudinem
840 794 1096 848 itinerum
1118 834 1133 860 ,
1163 809 1230 849 ne
1259 793 1410 862 plebs
1437 803 1584 849 esset
1613 796 1756 850 otio-

180 909 253 947 sa.
285 891 461 962 Agger
496 899 581 945 est
623 889 799 942 media
846 895 1031 940 stratae
1070 887 1370 941 eminentia
1416 888 1760 957 coaggeratis

180 982 662 1052 lapidibusstrata,
697 981 764 1033 ab
794 994 1021 1050 aggere,
1051 979 1103 1031 id
1135 987 1252 1044 est,
1283 995 1311 1032 a
1342 982 1758 1035 coacervatione

183 1074 344 1136 dicta,
377 1088 544 1142 quam
584 1071 832 1126 historici
879 1073 1022 1126 viam
1074 1072 1369 1126 militarem
1413 1072 1622 1137 dicunt,
1654 1082 1755 1126 ut:

292 1185 456 1244 Qualis
478 1199 612 1248 saepe
635 1189 722 1236 viae
745 1185 1016 1249 deprensus
1040 1189 1091 1236 in
1118 1200 1308 1250 aggere
1331 1200 1565 1249 serpens.

177 1271 275 1335 lter
298 1279 378 1333 vel
406 1280 517 1334 itus
542 1289 626 1336 est
660 1281 765 1343 via,
789 1297 893 1350 qua
933 1280 999 1333 iri
1041 1281 1109 1335 ab
1151 1279 1372 1334 homine
1410 1295 1758 1349 quaquaver-

178 1388 286 1426 sum
328 1380 530 1442 potest.
575 1372 684 1426 Iter
731 1382 912 1426 autem
959 1379 1013 1426 et
1059 1373 1225 1427 itiner
1269 1373 1542 1427 diversam
1586 1372 1758 1440 signi-

180 1464 476 1518 ficationem
536 1465 756 1518 habent.
813 1463 920 1518 lter
979 1464 1123 1518 enim
1174 1473 1256 1519 est
1312 1464 1464 1519 locus
1527 1464 1759 1519 transitu

176 1554 370 1619 facilis,
420 1555 566 1607 unde
623 1564 678 1610 et
741 1555 1074 1625 appellamus
1143 1556 1298 1609 itum.
1351 1555 1518 1609 Itiner
1579 1563 1759 1608 autem

178 1646 277 1699 itus
317 1654 400 1698 est
447 1645 625 1715 longa:
673 1647 811 1710 γίω,
857 1655 911 1700 et
957 1646 1072 1716 ipse
1115 1646 1269 1700 labor
1311 1647 1655 1711 ambulandi,
1701 1654 1760 1699 ut

176 1754 274 1807 quo
312 1737 444 1789 velis
506 1739 810 1806 pervenias.
848 1737 1053 1792 Semita
1112 1738 1324 1792 itineris
1369 1738 1681 1797 dimidium,
1730 1752 1759 1789 a

176 1827 299 1881 scmi
341 1828 420 1880 itu
465 1828 693 1881 dictum.
743 1827 948 1882 Semita
981 1836 1160 1882 autem
1191 1827 1471 1882 hominum
1502 1836 1606 1882 est.
1639 1825 1761 1880 Cal-

174 1919 235 1974 lis
277 1919 518 1975 ferarum
567 1929 623 1974 et
673 1922 962 1992 pecudum.
1005 1921 1168 1976 Callis
1211 1930 1293 1977 est
1337 1923 1442 1976 iter
1487 1921 1756 1991 pecudum
1788 1915 1836 1974 B

1858 617 2145 675 vocatum,
2199 609 2314 664 sive
2364 610 2499 664 callo
2551 611 2818 682 pecudum
2871 613 3244 682 perduratum.
3305 618 3446 674 Tra-

1861 704 2019 760 mites
2067 709 2194 757 sunt
2241 709 2552 756 transversa
2599 703 2653 758 in
2703 704 2852 774 agris
2891 703 3090 759 itinera
3136 706 3256 761 sive
3300 716 3446 762 recta

1859 796 1946 849 via
1977 813 1990 849 :
2017 795 2150 849 dicti
2178 834 2192 861 ,
2223 795 2365 864 quod
2396 797 2790 850 transmittant.
2822 798 3063 853 Divortia
3107 806 3234 852 sunt
3279 797 3451 855 ﬂexus

1861 889 2106 953 viarum,
2136 886 2240 941 hoc
2270 895 2388 951 est,
2432 887 2534 941 via:
2577 887 2630 942 in
2674 889 2893 943 diversa
2938 889 3247 944 tendentes.
3297 889 3451 944 Nunc

1863 979 2186 1036 diverticula
2219 979 2494 1043 sunt,hoc
2549 985 2633 1033 est
2685 979 2912 1034 diversae
2975 996 3039 1034 ac
3088 980 3277 1034 divisae
3328 980 3451 1045 viae,

1862 1075 1979 1130 sive
2020 1074 2229 1128 semita:
2273 1082 2615 1135 transversm,
2642 1087 2762 1142 qua:
2787 1080 2912 1126 sunt
2941 1087 2971 1124 a
3002 1072 3176 1127 latere
3205 1072 3324 1126 viae.
3360 1071 3450 1124 Bi-

1874 1167 2045 1231 vium,
2075 1166 2204 1236 quia
2247 1163 2441 1232 duplex
2485 1173 2570 1218 est
2611 1163 2718 1217 via.
2764 1161 3045 1232 Compita,
3099 1164 3229 1232 quia
3269 1163 3453 1231 plures

1863 1258 1919 1320 in
1969 1274 2031 1313 ea
2083 1265 2414 1328 competunt—
2453 1257 2586 1320 viae,
2638 1256 2794 1325 quasi
2857 1255 3062 1318 trivia,
3130 1255 3450 1323 quadrivia).

1864 1349 1979 1404 lloe
2032 1365 2248 1420 quoque
2305 1346 2703 1403 observandum
2757 1355 2838 1401 est
2894 1348 2947 1400 in
3005 1346 3139 1401 locis
3192 1344 3451 1416 singulis,

1864 1444 1955 1496 ubi
1999 1444 2100 1497 ista
2145 1444 2363 1496 nomina
2407 1443 2620 1495 viarum
2660 1447 2787 1495 sunt
2829 1440 3113 1498 denotata,
3152 1446 3212 1490 ut
3251 1452 3280 1490 a
3319 1452 3457 1504 pra:-

1865 1534 2187 1589 cedentibus
2235 1533 2321 1587 vel
2367 1534 2829 1601 consequentibus
2881 1529 3124 1598 ejusdem
3175 1527 3457 1596 scripturae

1863 1629 2001 1683 locis
2037 1643 2225 1682 earum
2263 1626 2590 1696 significatio
2637 1626 2992 1695 intelligatur.
3035 1622 3174 1689 Quia
3216 1621 3296 1676 sic
3331 1633 3457 1674 con-

1866 1739 2034 1792 gruus
2084 1737 2278 1777 sensus
2318 1720 2476 1774 facile
2525 1720 2577 1772 in
2633 1719 2712 1771 eis
2759 1717 3118 1786 dignoscitur,
3155 1725 3339 1769 utrum
3390 1709 3458 1765 ad

1865 1814 2063 1868 bonam
2103 1812 2187 1868 vel
2229 1811 2430 1866 malam
2468 1819 2678 1880 partem
2729 1808 3068 1878 pertineant.

183 2031 3458 2062 Μ

1099 2151 1404 2229 LIBER
1457 2148 1932 2243 QUINTUS
1996 2147 2484 2226 DECIMUS.

695 2414 917 2473 CAPUT
959 2414 1246 2472 PRIMUM.

743 2507 821 2561 De
845 2506 1182 2577 philosOpliis.

240 2599 553 2667 Philosophi
584 2613 756 2667 graeca
789 2599 1147 2668 appellatione
1176 2606 1462 2664 vocantur,
1494 2599 1586 2668 qui
1627 2598 1755 2652 lati—

174 2710 238 2749 ne
298 2702 576 2747 amatores
643 2691 916 2761 sapientim
977 2692 1422 2763 interpretantur.
1468 2693 1564 2747 Est
1611 2694 1754 2747 enim

173 2785 552 2854 Philosophus,
593 2785 683 2853 qui
733 2785 1039 2838 divinarum
1071 2793 1123 2838 et
1174 2787 1535 2838 humanarum
1577 2801 1759 2840 rerum

175 2876 450 2930 scientiam
477 2876 658 2929 habet.
685 2873 910 2929 Omnem
928 2877 1062 2929 bene
1085 2876 1290 2929 vivendi
1308 2877 1577 2930 tramitem
1597 2886 1759 2931 tenet.

175 2968 373 3022 Nomen
410 2968 862 3036 philosophorum
908 2969 1138 3036 primum
1177 2986 1204 3023 a
1239 2967 1543 3038 Pythagora
1593 2968 1764 3024 fertur

174 3073 436 3117 exortum.
472 3061 610 3115 Nam
642 3064 766 3116 dum
811 3072 966 3117 antea
998 3063 1160 3132 graeci
1204 3071 1418 3117 veteres
1459 3062 1760 3132 Sophistas,

1868 2432 1994 2471 nem
2039 2415 2288 2470 veritatis
2325 2413 2533 2469 inducit
2585 2413 2885 2469 hominem.
2937 2409 3153 2468 Justitia
3208 2409 3462 2467 dilectio-

1868 2520 1992 2561 nem
2031 2505 2124 2563 Dci
2148 2513 2202 2558 et
2225 2505 2455 2575 proximi
2481 2513 2679 2559 servat.
2713 2503 2994 2557 Fortitudo
3021 2503 3188 2558 vineit
3212 2505 3458 2568 adversa,

1868 2607 2208 2668 mortemque
2245 2599 2562 2654 contemnit.
2613 2597 2993 2667 Temperantia
3049 2599 3274 2652 vitiosas
3311 2598 3463 2652 volu-

1865 2701 2043 2762 ptates
2079 2691 2346 2762 reprimit,
2378 2701 2432 2745 et
2455 2692 2634 2746 omnia
2671 2692 3006 2744 moderatur.
3041 2690 3238 2760 Logica
3280 2701 3460 2746 autem

1869 2783 2128 2838 dividitur
2156 2784 2210 2837 in
2234 2784 2366 2836 duas
2390 2785 2621 2853 species,
2651 2785 2752 2837 hoc
2769 2782 3217 2838 cstDialecticam
3244 2793 3299 2837 et
3322 2783 3462 2837 Rbe-

1869 2876 2119 2930 toricam.
2170 2875 2460 2930 Dialectica
2494 2884 2577 2929 est
2603 2876 2897 2944 disputatio
2928 2883 3106 2938 acuta,
3137 2889 3325 2928 verum
3355 2874 3463 2931 dis-

1869 2971 2120 3039 tinguens
2165 2984 2195 3022 a
2237 2968 2394 3022 falso.
2444 2968 2737 3023 Rhetorica
2781 2976 2860 3022 est
2899 2965 3182 3037 disciplina
3230 2967 3296 3020 ad
3337 2981 3462 3037 pcr-

1870 3060 2204 3115 suadendum
2232 3075 2460 3130 qumque
2503 3061 2714 3114 idonea.
2752 3059 2920 3113 Divisi
2967 3067 3092 3115 sunt
3129 3068 3308 3113 autem
3361 3059 3462 3130 ipsi

176 3156 224 3210 id
252 3167 354 3221 t‘sl,
383 3158 683 3225 sapientes,
716 3165 804 3209 aut
846 3156 1095 3209 doctores
1121 3154 1403 3224 sapientia:
1439 3157 1764 3224 semetipsos
1791 3171 1835 3234 ρ
1868 3153 2172 3224 philos0phi
2210 3154 2261 3207 in
2316 3153 2614 3208 bmresibus
2645 3153 2780 3218 suis,
2827 3153 3089 3208 habentes
3119 3153 3337 3223 quidam
3369 3171 3463 3209 no-

168 3246 457 3315 jactantins
487 3249 856 3310 ιιοηιίητπρηῐ,
895 3248 996 3300 iste
1036 3248 1417 3316 interrogatus,
1464 3247 1594 3316 quid
1633 3260 1761 3314 pro-

178 3341 429 3405 fiteretur,
500 3341 805 3394 verecundo
865 3341 1080 3394 nomine
1128 3338 1532 3409 philosophum,
1578 3337 1762 3401 idest,

177 3443 470 3488 amatorem
523 3433 802 3502 sapientia:
853 3447 909 3485 se
967 3447 1087 3486 esse
1143 3432 1464 3500 respondit:
1505 3431 1762 3499 quoniam

176 3527 475 3595 sapientein
514 3525 761 3593 profiteri
796 3525 1302 3594 arrogantissimum
1345 3523 1650 3578 videbatur.
1686 3523 1764 3576 Ita

176 3619 423 3689 deinceps
465 3619 700 3686 posteris
752 3617 973 3686 placuit,
1015 3624 1069 3668 ut
1117 3615 1455 3684 quantalibet
1501 3617 1566 3669 de
1604 3615 1766 3669 rebus

176 3713 236 3767 ad
290 3711 619 3782 sapientiam
671 3709 1066 3779 pertinentibus
1112 3707 1356 3761 doctrina
1405 3706 1633 3774 quisque
1680 3705 1765 3759 vel

176 3804 270 3857 sibi
295 3807 376 3856 vel
400 3804 524 3857 aliis
547 3801 818 3856 videretur
838 3800 1123 3863 excellere,
1150 3815 1256 3851 non
1281 3797 1382 3850 nisi
1413 3796 1766 3868 philosophus

172 3905 479 3952 vacaretur.
499 3893 665 3947 Iidem
688 3887 1182 3962 autem'pbilosophi
1206 3889 1399 3960 triplici
1416 3903 1613 3956 genere
1630 3889 1766 3942 divi-

179 3993 388 4045 dtmtur.
419 3991 556 4044 Nam
581 3997 674 4041 aut
702 3990 906 4058 physici
931 3994 1076 4048 sunt,
1111 3995 1202 4039 aut
1233 3984 1420 4049 ethici,
1450 3992 1543 4037 aut
1578 3983 1761 4052 logici.

175 4084 384 4156 Physiei
410 4084 563 4142 dicti,
591 4083 715 4152 quia
735 4083 800 4134 de
817 4081 1282 4138 naturistractant
1310 4097 1320 4130 :
1346 4087 1538 4132 natura
1567 4077 1764 4147 quippe

177 4196 343 4252 gnere
376 4178 568 4250 physis
603 4185 847 4231 vocatur.
890 4175 1084 4237 Ethici,
1118 4174 1241 4242 quia
1280 4173 1346 4227 de
1379 4171 1619 4225 moribus
1653 4179 1763 4223 tra-

175 4283 338 4327 ctant.
405 4270 520 4323 Mos
578 4269 719 4321 enim
769 4269 910 4335 apud
971 4267 1188 4320 Grmcos
1225 4266 1383 4320 ethos
1441 4262 1761 4333 appellatur.

176 4361 353 4432 Logici
397 4372 604 4423 autem,
654 4360 777 4430 quia
809 4361 862 4413 in
909 4359 1121 4413 naturis
1162 4367 1215 4411 et
1248 4359 1300 4412 in
1331 4358 1572 4412 moribus
1605 4356 1766 4409 ratio-

173 4474 292 4512 nem
330 4456 637 4525 adjungnnt
663 4473 672 4506 :
709 4454 850 4506 ratio
879 4451 1024 4507 enim
1055 4467 1228 4521 graece
1257 4451 1408 4520 logos
1434 4452 1651 4504 dicitur.
1678 4449 1766 4502 Di-

1867 3248 2010 3301 mina
2055 3263 2123 3302 ex
2151 3249 2464 3302 auctoribus
2491 3265 2502 3299 :
2543 3258 2600 3302 ut
2629 3247 2917 3310 Platonici,
2953 3247 3228 3316 Epicurei,
3255 3247 3462 3318 Pytha-

1867 3338 2083 3408 gorici:
2130 3338 2220 3392 alii
2256 3355 2284 3391 a
2333 3339 2466 3392 locis
2515 3339 3018 3393 comenticulorum
3061 3349 3116 3392 et
3163 3341 3461 3394 stationum

1867 3445 2112 3494 suarum,
2132 3439 2191 3483 ut
2211 3429 2578 3498 Peripatetici,
2615 3430 2806 3497 Stoici,
2829 3430 3161 3486 Academici.
3196 3431 3460 3486 Platonici

1867 3538 1896 3576 a
1928 3523 2168 3578 Platone.
2195 3523 2259 3580 Ili
2277 3527 2582 3580 animarum
2595 3537 2897 3583 creatorem
2924 3544 3045 3604 esse
3061 3530 3253 3593 Deum,
3271 3543 3466 3597 corpo-

1867 3631 1987 3669 rum
2020 3617 2240 3687 angelos
2267 3628 2549 3671 asserunt:
2575 3635 2674 3687 per
2712 3620 2909 3674 multos
2936 3636 3200 3674 annorum
3230 3619 3464 3675 circulos

1867 3709 1922 3762 in
1952 3709 2163 3763 diversa
2191 3725 2419 3779 corpora
2440 3711 2616 3764 redire
2644 3711 2854 3765 animas
2885 3711 3267 3765 dicunLStoici
3295 3727 3324 3766 a
3345 3711 3462 3767 loco

1869 3801 2019 3856 dicti.
2051 3801 2301 3858 Porticus
2327 3805 2471 3858 enim
2497 3805 2598 3858 fuit
2620 3805 2874 3867 Athenis,
2897 3821 3059 3872 quam
3091 3821 3265 3875 graece
3295 3807 3462 3860 Stoan

1868 3897 2233 3967 appellabant,
2250 3899 2300 3952 in
2318 3913 2421 3966 qua
2449 3900 2591 3966 picta
2606 3907 2763 3952 erant
2786 3908 2937 3967 gesta
2954 3899 3283 3966 sapientum,
3300 3909 3463 3968 atque

1865 3993 2106 4047 virorum
2147 3991 2366 4046 fortium
2401 3993 2661 4046 historiae.
2689 3992 2744 4046 In
2782 3995 2922 4046 hanc
2958 3992 3225 4060 porticum
3270 4007 3466 4046 conve-

1867 4085 2081 4138 nientes
2107 4083 2382 4152 sapientes
2412 4083 2956 4151 philosophabamur,
2989 4099 3056 4136 ex
3086 4098 3188 4150 qua
3227 4091 3281 4136 et
3309 4083 3464 4138 stoici

1868 4177 1996 4230 dicti
2027 4185 2153 4229 Slllli
2185 4191 2396 4244 :graece
2421 4177 2565 4228 enim
2622 4177 2865 4243 porticus
2911 4184 3026 4230 stoa
3059 4176 3275 4229 dicitur.
3311 4175 3460 4230 Ilanc

1868 4278 2073 4322 sectam
2105 4269 2280 4337 primo
2308 4267 2453 4320 Zeno
2492 4268 2742 4321 instituit.
2783 4268 2844 4320 Ili
2869 4275 3084 4336 negant,
3117 4268 3234 4322 sine
3263 4268 3462 4324 virtute

1867 4360 2009 4414 eiliei-
2042 4374 2370 4429 quemquam
2402 4359 2638 4412 beatum.
2666 4358 2838 4412 Omne
2867 4368 3154 4427 peccaturo
3197 4358 3466 4414 uniforme

1867 4463 2277 4516 esseasserunt,
2301 4452 2542 4506 dicentes
2560 4469 2572 4503 :
2592 4451 2671 4505 sic
2693 4450 2780 4504 ille
2795 4465 2996 4504 nocens
3021 4451 3142 4514 erit,
3171 4451 3261 4521 qui
3281 4452 3467 4521 paleas

173 4551 372 4604 viditur
401 4557 585 4602 autem
632 4547 857 4616 Physica
911 4547 964 4599 in
1007 4552 1213 4614 septem
1266 4552 1473 4612 partes,
1527 4545 1630 4597 hoc
1659 4551 1761 4609 est,
1792 4538 1844 4600 D
1871 4545 2154 4608 iuraverit,
2197 4559 2361 4613 quam
2389 4543 2479 4612 qui
2512 4558 2706 4596 aurqu
2741 4543 2870 4611 :qui
2909 4557 3150 4613 mergum
3181 4545 3464 4608 occiderit,

171 4644 612 4708 Arithmeticam,
654 4641 1079 4705 Astronomiam,
1107 4639 1496 4708 Astrologiam,
1546 4638 1764 4693 Mecha-

174 4736 336 4797 niam,
387 4735 732 4797 Medicinam,
779 4733 1145 4788 Gcometriam
1205 4741 1260 4789 et
1310 4733 1596 4787 Musicani.
1644 4733 1766 4786 Ari-

173 4830 434 4885 thmetira
482 4838 566 4882 est
597 4842 945 4882 numerorum
989 4826 1238 4882 scientia.
1284 4827 1638 4880 .Astrouomia
1688 4836 1769 4880 est

192 4936 255 4976 ex
287 4932 588 4983 astrorum,
622 4936 726 4988 qua
749 4920 1002 4973 oriuntur
1022 4927 1077 4971 et
1105 4919 1360 4972 occidunt
1384 4926 1548 4971 astra.
1582 4917 1768 4972 Astro-

173 5011 310 5083 logia
333 5023 420 5068 est
452 5021 722 5065 astrorum
758 5012 898 5064 ratio
925 5019 980 5065 et
1011 5017 1203 5064 natura
1235 5018 1288 5062 et
1326 5017 1584 5079 potestas,
1613 5009 1767 5063 coeli~

175 5121 275 5176 que
305 5105 672 5160 conversatio.
717 5103 996 5158 Mechania
1031 5110 1113 5155 est
1154 5099 1347 5170 peritia
1387 5100 1604 5171 fabrica:
1635 5102 1770 5154 artis

177 5198 228 5253 in
270 5198 504 5252 metallis
550 5207 604 5250 et
644 5198 694 5252 in
729 5196 888 5263 lignis
935 5202 988 5250 et
1039 5195 1322 5264 lapidibus.
1376 5194 1640 5248 Medicina
1688 5203 1772 5248 est

179 5292 402 5345 scientia
442 5289 809 5352 curationum,
837 5289 902 5341 ad
933 5295 1419 5357 temperamentum
1445 5297 1499 5340 ct
1539 5286 1770 5340 salutem

177 5382 420 5450 corporis
471 5380 709 5432 inventa.
758 5378 1068 5432 Geometria
1119 5387 1200 5432 est
1233 5377 1517 5446 disciplina
1553 5394 1770 5432 mensu-

178 5476 328 5528 raudi
372 5475 547 5543 spatia
601 5473 863 5536 locortnn,
907 5483 959 5526 et
1005 5471 1404 5542 magnitudines
1459 5487 1767 5540 corporum.

179 5564 376 5623 Musica
411 5577 493 5620 est
547 5567 741 5620 divisio
771 5581 1049 5628 sonorum,
1083 5572 1136 5617 et
1166 5579 1356 5618 vocum
1405 5563 1660 5625 varietas,
1692 5570 1773 5616 est

179 5661 476 5716 modulatio
515 5661 764 5715 canendi.
810 5660 995 5712 lithica
1029 5666 1209 5711 autem
1256 5657 1516 5710 dividitur
1561 5658 1611 5710 in
1641 5671 1774 5724 qua-

182 5761 301 5810 tuor
331 5765 538 5825 partes,
572 5755 673 5807 hoc
701 5762 804 5817 est,
846 5753 896 5804 in
929 5752 1296 5820 prudentiam,
1338 5750 1626 5819 justitiam,
1659 5747 1771 5800 for-

183 5851 472 5909 titudinem
510 5858 567 5903 et
620 5847 1051 5921 temperantiam.
1085 5846 1382 5903 Prudentia
1441 5846 1495 5902 in
1533 5843 1760 5917 agnitio-

1869 4635 2138 4708 quam‘qul
2153 4649 2371 4703 equum.
2392 4633 2502 4687 Non
2517 4635 2660 4686 enim
2679 4634 2879 4686 animal
2897 4635 3125 4698 crimen,
3141 4635 3232 4688 sed
3251 4635 3466 4688 animus

1869 4728 2022 4783 facit.
2055 4729 2116 4782 lli
2145 4729 2305 4783 etiam
2345 4729 2583 4781 animam
2620 4743 2742 4782 cum
2779 4742 3007 4797 corpore
3039 4729 3220 4798 perire
3257 4729 3464 4791 dicunt,

1871 4821 2103 4874 animam
2147 4835 2359 4888 quoque
2402 4820 2661 4874 virtutem
2697 4821 3064 4874 continentem
3109 4831 3164 4874 et
3203 4829 3462 4874 aeternam

1870 4929 1993 4969 esse
2045 4921 2286 4983 negant:
2328 4911 2587 4966 afl'ectant
2629 4912 2854 4980 gloriam
2893 4921 3174 4975 a’alernam,
3223 4927 3345 4964 cum
3387 4909 3466 4964 fa-

1873 5016 2054 5062 tentur
2085 5022 2143 5062 se
2180 5021 2284 5061 non
2320 5021 2442 5061 esse
2480 5016 2734 5060 trientes.
2775 5006 3085 5059 Academici
3131 5004 3381 5072 appellati
3432 5020 3463 5059 a

1872 5102 1997 5156 villa
2040 5101 2279 5156 Platonis
2310 5101 2584 5155 academia
2603 5102 2963 5164 Athenarum,
3011 5101 3098 5154 ubi
3141 5101 3281 5154 idem
3312 5099 3464 5154 Plato

1875 5195 2120 5250 docebat.
2142 5196 2206 5250 Ili
2227 5197 2408 5249 omnia
2429 5196 2634 5250 incerta
2662 5197 2954 5264 opinantur
2980 5196 3106 5249 :sed
3130 5195 3269 5248 sicut
3293 5195 3466 5248 faten-

1875 5287 2000 5341 dum
2017 5287 2096 5341 eis!
2129 5287 2293 5341 multa
2319 5288 2523 5341 incerta
2539 5297 2594 5342 et
2615 5288 2824 5343 occulta
2847 5303 2990 5351 esse,
3009 5302 3129 5357 quae
3147 5287 3311 5341 voluit
3327 5287 3466 5341 Deus

1877 5382 2284 5453 intelligentiam
2315 5382 2550 5437 hominis
2574 5383 2837 5437 excedere
2876 5401 2888 5436 :
2920 5385 2999 5437 sic
3031 5392 3208 5436 tamen
3233 5380 3464 5450 plurima

1877 5491 1997 5530 esse
2010 5490 2127 5544 qua:
2141 5475 2349 5544 possint
2367 5484 2421 5530 et
2436 5492 2628 5531 sensus
2644 5477 2968 5546 penetrabili
2989 5476 3196 5528 ratione
3217 5489 3466 5544 compre-

1877 5570 2134 5623 hendere.
2163 5568 2315 5623 Ilanc
2345 5579 2549 5623 sectam
2583 5569 2951 5632 Archesilaus,
2986 5568 3316 5638 Cyrenaicus
3347 5569 3468 5634 phi-

1879 5661 2135 5730 .osopbus
2163 5662 2383 5730 reperit,
2415 5661 2566 5727 cujus
2598 5670 2836 5714 sectator
2866 5660 2962 5714 fuit
2996 5659 3347 5718 Democritus.
3377 5659 3469 5726 qui

1880 5752 2033 5815 dixit,
2072 5759 2326 5820 tanquam
2378 5753 2428 5806 in
2481 5761 2643 5821 puteo
2667 5752 2796 5815 alto,
2849 5753 2921 5804 ita
2976 5758 3035 5804 ut
3066 5748 3260 5804 fundus
3292 5749 3470 5803 nullus

1879 5845 1970 5914 sit,
2019 5843 2094 5900 ita
2137 5844 2192 5899 in
2240 5843 2657 5914 occultojaccre
2709 5846 3015 5901 veriaitem.
3049 5841 3394 5916 Peripatetici
3439 5857 3471 5901 α
