3922 6356
458 396 564 452 M5

1101 392 1161 445 Β.
1201 386 1453 445 RABANI
1494 388 1713 445 MAURI
1751 385 2072 444 ARCHIEP.
2114 385 2425 443 MOGUNT.
2466 384 2750 442 OPERUM
2786 386 2967 441 PARS
3002 386 3067 441 ll.

3625 387 3735 443 416

459 505 894 561 deambulatione
938 504 1087 569 dicti,
1145 519 1211 559 eo
1259 504 1405 575 quod
1457 488 1799 569 Aristoteles,
1855 512 2046 559 auctor
2071 505 2125 565 Α
2150 508 2205 554 et
2243 499 2335 553 ubi
2372 500 2599 553 materia
2648 514 2771 554 cum
2824 498 2936 553 Deo
2992 506 3235 567 aequatur
3286 500 3517 554 Zenonis
3566 498 3733 577 disci-

457 612 671 663 eorum,
708 595 1060 653 deambulans
1101 596 1417 666 disputaret.
1441 595 1506 650 Hi
1544 595 1730 651 dicunt
1754 594 2047 665 quamdam

457 690 781 759 particulam
814 687 1009 742 anima:
1033 702 1153 743 esse
1190 694 1475 753 teternam,
1504 687 1571 742 de
1610 687 1821 757 reliquo
1849 701 2045 757 magna

457 796 526 837 ex
551 789 703 852 parte
739 780 1024 837 mortalem
1063 794 1203 836 esse.
1235 780 1425 851 Cynici
1460 782 1529 836 ab
1563 780 1903 835 immunditia
1944 780 2048 836 im-

454 870 728 941 pudentiae
748 870 1044 940 nuncupati
1075 889 1089 925 :
1109 877 1298 926 contra
1314 871 1609 925 humanam
1624 871 1770 925 enim
1786 885 2048 927 verecun-

457 961 603 1015 diam
642 962 697 1015 in
742 961 1029 1032 propatulo
1068 961 1217 1017 coire
1248 976 1375 1017 cum
1407 960 1752 1033 coniugibus,
1813 962 1894 1018 eis
1928 978 2048 1019 mos

459 1058 577 1105 erat
602 1060 921 1107 :censentes
944 1050 1152 1106 licitum
1190 1059 1245 1107 et
1266 1051 1553 1106 honestum
1579 1066 1701 1107 esse
1726 1053 1907 1123 palam
1920 1068 2045 1109 cum

463 1154 633 1195 uxore
653 1140 1013 1196 concumbere
1044 1156 1059 1194 :
1100 1140 1226 1209 quia
1255 1139 1789 1212 conjugiumjustum
1811 1149 1915 1207 est,
1947 1157 2048 1212 pu-

474 1232 487 1256 '
503 1233 605 1288 lice
630 1233 686 1287 id
719 1233 1077 1303 praadicantes
1097 1234 1365 1303 agendum
1388 1247 1528 1299 esse,
1558 1241 1620 1287 ut
1643 1248 1808 1288 canes
1837 1233 1893 1286 in
1912 1232 2046 1289 vicis

492 1325 543 1379 el
562 1323 775 1394 plateis.
808 1322 963 1378 Unde
999 1331 1056 1378 et
1080 1338 1111 1376 a
1141 1324 1366 1378 canibus
1399 1338 1634 1394 quorum
1660 1324 1825 1377 vitam
1867 1322 2046 1377 imita-

468 1423 696 1481 )antur,
745 1415 913 1470 etiam
972 1413 1294 1470 vocabulum
1349 1430 1656 1485 nomenque
1720 1422 2041 1471 traxerunt:

453 1506 708 1576 Epicurei
738 1506 870 1562 dicti
893 1506 961 1560 ab
986 1506 1222 1576 Epicuro
1250 1507 1484 1575 quodam
1511 1505 1855 1577 philosopho,
1889 1520 2044 1560 ama-

453 1605 573 1652 tore
595 1599 850 1654 vanitatis
879 1614 986 1654 non
1016 1599 1319 1669 sapientiae,
1351 1613 1514 1669 quem
1551 1598 1713 1652 etiam
1739 1596 2045 1667 philosophi

452 1704 679 1760 porcum
729 1690 1187 1746 nominaverunt:
1222 1689 1350 1759 quia
1382 1704 1440 1744 se
1467 1689 1717 1743 volutans
1753 1688 1809 1741 in
1862 1703 2041 1754 como,

453 1780 729 1835 carnalem
767 1780 1100 1849 voluptatem
1130 1779 1376 1849 corporis
1406 1792 1678 1835 summum
1721 1776 1931 1838 bonum,
1958 1793 2047 1833 as-

2144 589 2291 661 plina
2328 597 2430 645 est.
2483 589 2551 643 Et
2592 589 2684 644 ubi
2732 588 2863 659 quid
2903 589 2969 644 de
3008 587 3167 659 igneo
3203 587 3313 642 Deo
3359 588 3580 658 legitur,
3628 586 3737 643 lle-

2146 678 2367 734 raclitus
2400 676 2709 733 intervenit.
2746 676 2950 731 Eadem
2998 677 3227 732 materia
3258 678 3400 746 apud
3444 677 3736 734 haereticos

2146 779 2200 827 et
2255 770 2602 842 philosophos
2674 770 2969 838 volutatur,
3036 771 3202 827 iidem
3249 778 3577 827 retractatos
3630 771 3736 826 im-

2145 861 2450 932 plicantur:
2480 862 2577 917 sed
2604 860 2820 931 scriptis
2842 859 2862 933 [
2888 859 3115 933 spretis]
3140 860 3418 916 erroribus
3446 860 3734 932 gentilium

2147 960 2307 1022 atque
2349 951 2749 1016 haereticorum,
2795 966 2917 1020 quae
2962 950 3034 1006 sit
3077 966 3209 1007 vera
3253 948 3595 1022 philosophia
3641 964 3734 1007 se-

2146 1045 2381 1100 cundum
2438 1043 2828 1098 catholicorum
2890 1052 3109 1113 patrum
3174 1058 3392 1099 sensum
3441 1042 3735 1099 dicendum

2145 1134 2302 1190 nobis
2346 1142 2449 1189 est.
2499 1133 2846 1204 Philosophia
2892 1149 3023 1206 ergo
3052 1145 3138 1189 est
3176 1142 3383 1189 naturae
3429 1134 3733 1203 inquisitio,

2146 1240 2328 1281 rerum
2377 1225 2735 1280 humanarum
2774 1224 3189 1295 divinarumque
3245 1226 3500 1296 cognitio,
3560 1239 3737 1294 quan-

2146 1326 2262 1371 tum
2306 1316 2512 1371 homini
2556 1315 2816 1386 possibile
2860 1325 2944 1371 est
2972 1315 3183 1369 rimari.
3235 1314 3332 1370 Est
3361 1329 3579 1385 quoque
3615 1313 3740 1386 phi-

2145 1407 2386 1476 losophia
2414 1406 2670 1487 honestas
2702 1405 2860 1471 vitae,
2908 1404 3147 1461 studium
3172 1404 3309 1459 bene
3339 1404 3591 1469 vivendi,
3624 1416 3736 1458 me-

2145 1495 2336 1551 ditatio
2374 1496 2596 1561 mortis,
2630 1502 2972 1565 contemptus
3010 1495 3193 1550 saculi
3224 1495 3369 1565 quod
3402 1495 3577 1566 magis
3606 1510 3738 1549 con-

2145 1587 2295 1642 venit
2336 1587 2671 1652 christianis,
2703 1587 2797 1656 qui
2829 1586 3019 1642 saeculi
3055 1586 3349 1642 ambitione
3393 1586 3624 1651 calcata,
3658 1587 3737 1641 di-

2147 1676 2473 1747 sciplinabili
2502 1675 2857 1751 similitudine
2904 1675 3099 1730 futura:
3132 1677 3321 1746 patria:
3357 1676 3562 1730 vivunt.
3624 1674 3736 1730 Ma-

2149 1768 2286 1822 teria
2307 1782 2435 1837 ergo
2476 1766 2832 1837 philosophiae
2878 1775 3093 1823 constat
3128 1783 3197 1823 ex
3246 1768 3477 1823 scientia
3530 1775 3587 1821 et
3616 1766 3736 1837 opi-

452 1871 640 1925 seruit.
688 1870 791 1938 Qui
833 1871 1000 1927 etiam
1052 1871 1232 1939 dixit,
1282 1869 1431 1925 nulla
1476 1870 1655 1924 divina
1707 1870 2043 1939 providentia

2148 1859 2329 1913 nione.
2361 1859 2598 1913 Scientia
2644 1865 2746 1923 est,
2780 1873 2905 1913 cum
2957 1872 3046 1915 res
3090 1859 3271 1929 aliqua
3318 1869 3470 1913 certa
3522 1858 3736 1915 ratione

452 1960 781 2016 instructum
826 1976 950 2017 esse
996 1970 1092 2016 aut
1138 1962 1254 2032 regi
1299 1961 1608 2016 mundum:
1643 1962 1739 2017 sed
1779 1961 2045 2032 originem

450 2066 637 2106 rerum
683 2052 904 2119 atomis,
951 2053 1131 2121 idest
1162 2051 1549 2107 insecabilibus
1598 2066 1663 2106 ac
1696 2051 1884 2107 solidis
1923 2066 2045 2107 cor-

450 2144 676 2214 poribus
704 2144 1021 2214 assignavit,
1054 2159 1287 2212 quorum
1326 2142 1567 2196 fortuitis
1596 2141 2044 2196 concursionibus

450 2235 706 2290 universa
752 2242 1052 2289 nascantur
1095 2241 1151 2288 et
1193 2241 1321 2287 nata
1369 2233 1498 2287 sint.
1538 2231 1808 2287 Asserunt
1836 2238 2041 2297 autem,

453 2325 626 2380 Deum
655 2324 789 2379 nihil
817 2338 1001 2395 agere,
1033 2323 1219 2379 omnia
1256 2329 1513 2378 constare
1538 2322 1884 2391 corporibus,
1920 2321 2043 2376 ani-

450 2432 595 2474 mam
634 2416 770 2472 nihil
797 2417 945 2472 aliud
992 2430 1115 2472 esse
1153 2431 1320 2487 quam
1346 2430 1564 2486 corpus.
1592 2414 1750 2472 Unde
1775 2422 1831 2471 et
1860 2414 1997 2471 dixit
2026 2431 2041 2468 :

451 2507 577 2563 Non
629 2525 739 2573 ero,
795 2518 1133 2578 posteaquam
1200 2487 1441 2562 mortuus
1504 2507 1674 2577 fuero.
1738 2506 2044 2579 Gymnoso-

447 2602 642 2671 phistae
699 2600 829 2655 nudi
872 2614 971 2669 per
1021 2614 1223 2669 opacas
1279 2599 1446 2653 Indiae
1485 2599 1808 2654 solitudines
1860 2598 2062 2669 perhi-v

446 2691 646 2746 bentur
670 2686 1069 2761 philos0ph‘ari,
1102 2689 1426 2743 adhibentes
1473 2696 1685 2743 tantum
1720 2688 2044 2757 genitalibus

447 2782 709 2853 tegmina.
731 2780 1083 2853 Gymnasium
1103 2782 1249 2836 enim
1271 2795 1339 2836 ex
1361 2795 1425 2835 eo
1446 2780 1652 2836 dictum
1672 2787 1777 2845 est,
1794 2779 1935 2849 quod
1948 2778 2041 2847 ju-

448 2888 613 2929 venes
635 2874 766 2929 nudi
790 2882 1115 2929 exercentur
1134 2873 1189 2927 in
1212 2887 1425 2943 campo,
1446 2872 1538 2928 ubi
1559 2873 1808 2941 pudenda
1834 2879 2043 2927 tantum

448 2965 719 3033 operiunt.
741 2964 809 3019 Hi
834 2972 892 3019 et
931 2980 964 3019 a
994 2953 1308 3035 generando
1358 2978 1419 3018 se
1445 2963 1728 3018 cohibent.
1777 2961 2041 3032 Theologi

449 3064 633 3110 autem
660 3055 825 3110 iidem
853 3064 999 3120 sunt,
1028 3054 1192 3126 quiet
1210 3054 1423 3125 physici
1457 3073 1469 3107 :
1503 3052 1633 3109 dicti
1663 3062 1846 3107 autem
1867 3051 2042 3107 Theo-

449 3146 577 3217 logi,
610 3146 868 3216 quoniam
914 3146 968 3200 in
1014 3146 1301 3215 scripturis
1339 3146 1453 3200 suis
1498 3146 1565 3199 de
1604 3145 1715 3200 Deo
1762 3146 2037 3203 dixerunt.

2142 1948 2442 2018 percipitur
2468 1967 2482 2004 :
2511 1954 2573 2004 ut
2602 1948 2821 2016 eclipsis
2849 1948 3001 2014 solis,
3026 1947 3233 2003 lunaris
3282 1949 3524 2018 corporis
3553 1946 3737 2015 objec-

2148 2054 2233 2099 tus
2259 2050 2343 2100 est
2371 2058 2385 2097 :
2418 2044 2506 2098 vel
2536 2043 2592 2097 in
2615 2042 2900 2113 scripturis
2920 2043 3163 2098 historiae
3191 2051 3392 2108 textus,
3422 2043 3513 2112 qui
3547 2056 3733 2097 rerum

2144 2144 2418 2206 gestarum
2434 2134 2691 2204 exprimit
2706 2134 3012 2200 veritatem,
3036 2134 3153 2189 sine
3172 2133 3395 2189 moralis
3413 2133 3537 2187 vita
3560 2131 3736 2188 fidelis

2144 2225 2432 2282 institutio.
2482 2223 2734 2293 Opinatio
2768 2231 2871 2289 est,
2921 2238 3045 2277 cum
3078 2223 3287 2277 incerta
3343 2237 3431 2277 res
3476 2222 3650 2288 latet,
3678 2227 3735 2277 et

2144 2315 2289 2370 nulla
2334 2315 2491 2369 ﬁrma
2535 2314 2749 2368 ratione
2796 2311 3010 2368 deliniri
3053 2320 3249 2382 potest,
3307 2314 3366 2366 ut
3414 2312 3735 2381 magnitudo

2144 2408 2286 2473 caeli,
2324 2407 2408 2461 vel
2442 2405 2783 2476 profunditas
2831 2413 3016 2471 terrae,
3043 2406 3158 2461 sive
3189 2405 3355 2460 etiam
3405 2405 3735 2463 invisibilem

2144 2516 2326 2557 rerum
2353 2508 2407 2555 et
2434 2497 3065 2569 incomprehensibilium
3102 2498 3415 2567 disputatio.
3461 2498 3737 2554 Dividitur

2144 2608 2274 2665 ergo
2294 2591 2632 2663 philosophia
2673 2591 2729 2645 in
2758 2599 2875 2645 tres
2924 2597 3132 2660 partes,
3172 2590 3278 2644 hoc
3310 2597 3413 2656 est,
3462 2588 3516 2642 in
3540 2586 3736 2659 Physi-

2144 2698 2285 2746 cam,
2316 2682 2564 2737 Ethicam
2615 2690 2669 2735 et
2698 2680 2975 2751 Logicam,
3029 2680 3169 2734 sicut
3212 2678 3460 2748 superius
3491 2677 3734 2733 ostendi-

2143 2789 2282 2829 mus.
2326 2774 2385 2827 ln
2413 2773 2643 2845 Physica
2679 2771 2844 2843 igitur
2872 2786 3035 2826 causa
3067 2770 3367 2840 quaerendi,
3425 2769 3481 2824 in
3536 2768 3733 2825 Ethica

2142 2867 2275 2923 ordo
2294 2864 2531 2929 vivendi,
2582 2865 2635 2919 in
2665 2863 2862 2933 Logica
2911 2862 3050 2918 ratio
3079 2860 3415 2931 intelligendi
3447 2868 3728 2916 versatur.

2142 2956 2201 3011 ln
2256 2955 2451 3027 quibus
2502 2953 2754 3009 videlicet
2805 2953 3094 3024 generibus
3135 2951 3309 3007 tribus
3357 2949 3729 3020 Philosophia

2143 3049 2322 3104 divina
2374 3046 2586 3118 eloquia
2633 3046 2955 3100 consistunt.
2992 3044 3126 3099 Nam
3156 3052 3249 3099 aut
3287 3044 3354 3098 de
3392 3052 3586 3098 natura
3612 3042 3735 3099 dis-

2141 3146 2333 3210 putare
2362 3138 2558 3205 solent,
2599 3148 2658 3193 ut
2700 3138 2755 3192 in
2802 3136 3023 3203 Genesi,
3052 3145 3108 3191 et
3135 3136 3191 3191 in
3220 3135 3548 3191 Ecclesiaste
3582 3154 3596 3189 :
3636 3145 3736 3193 aut

449 3211 693 3304 Quoru—m
728 3237 882 3292 varia
908 3211 1143 3293 constat-
1162 3237 1346 3307 opinio
1394 3236 1523 3306 quid
1548 3236 1691 3292 Deus
1734 3243 1877 3291 esset
1909 3235 2036 3291 dum
2066 3211 2111 3275 (ἶ
2144 3230 2209 3285 de
2237 3230 2480 3285 moribus
2508 3238 2567 3284 ut
2598 3229 2650 3282 in
2689 3228 3000 3284 Proverbiis
3026 3236 3081 3282 et
3124 3228 3177 3282 in
3209 3227 3459 3282 omnibus
3494 3227 3735 3296 sparsim

448 3336 776 3398 quaererent.
809 3326 1040 3394 Quidam
1078 3342 1345 3397 corporeo
1390 3342 1553 3382 sensu
1606 3328 1751 3383 hunc
1779 3326 2039 3382 mundum

450 3417 717 3473 visibilem
740 3432 804 3472 ex
835 3402 1070 3489 quatuor
1096 3418 1380 3474 elementis
1408 3417 1581 3473 Deum
1609 3432 1731 3473 esse
1760 3419 2037 3486 dixerunt,

452 3517 514 3564 ut
534 3509 825 3580 Dionysius
854 3510 1058 3566 stoicus
1088 3527 1102 3564 :
1132 3511 1224 3565 alii
1248 3525 1379 3566 vero
1424 3510 1741 3581 spiritaliter
1762 3510 2042 3566 intellexe-

452 3608 581 3655 runt
594 3608 833 3656 mentem
856 3616 977 3656 esse
1001 3601 1194 3667 Deum,
1224 3609 1283 3655 ut
1306 3601 1505 3657 Thales
1528 3601 1785 3657 Milesius.
1808 3600 2041 3669 Quidam

453 3699 635 3747 autem
679 3692 919 3747 animum
969 3693 1025 3747 in
1068 3693 1321 3748 omnibus
1366 3703 1760 3747 commeantem
1810 3700 1865 3747 et
1900 3694 2008 3749 luci

453 3783 606 3847 dum,
642 3790 702 3836 ut
753 3782 1089 3853 Pythagoras
1121 3801 1133 3837 :
1166 3783 1388 3853 quidam
1436 3783 1607 3837 Deum
1636 3782 1754 3837 sine
1802 3792 2043 3854 tempore

452 3875 975 3941 incommutabilem,
1026 3883 1088 3929 ut
1121 3874 1278 3930 Plato
1312 3893 1325 3929 :
1361 3876 1582 3944 quidam
1634 3884 1871 3931 mentem
1900 3875 2043 3931 solu-

452 3977 584 4033 tam,
612 3978 673 4023 ut
708 3966 901 4024 Cicero
940 3985 952 4022 :
998 3966 1218 4038 quidam
1253 3974 1308 4023 et
1330 3968 1580 4039 spiritum
1618 3976 1673 4022 et
1700 3976 1958 4034 mentem,
1983 3976 2044 4023 ut

453 4059 623 4114 Maro.
652 4058 934 4113 Inventum
958 4059 1101 4113 enim
1117 4056 1456 4114 solummodo
1479 4056 1670 4123 Deum,
1688 4072 1795 4113 non
1818 4064 1878 4112 ut
1900 4058 2044 4112 inve-

454 4161 674 4217 nerunt,
713 4159 1081 4221 exposuerunt
1114 4168 1126 4204 :
1163 4148 1507 4204 Evanuerunt
1539 4150 1595 4202 in
1644 4148 2043 4218 cogitationibus

456 4246 567 4300 suis
594 4262 607 4298 :
632 4243 859 4297 dicentes
881 4258 991 4297 sese
1018 4242 1300 4311 sapientes,
1324 4249 1371 4294 et
1393 4239 1541 4293 stulti
1563 4238 1693 4307 facti
1725 4250 1845 4292 sunt
1864 4236 2040 4311 (Rom.

457 4335 519 4408 l).
550 4333 817 4388 Platonici
839 4333 1057 4402 quidem
1087 4331 1259 4387 Deum
1286 4338 1595 4387 curatorem
1624 4337 1680 4384 et
1699 4329 1963 4385 arbitrum
1989 4338 2046 4384 et

457 4427 697 4498 judicem
715 4433 995 4490 asserunt;
1018 4423 1270 4493 Epicurei
1289 4423 1521 4479 otiosum
1538 4431 1592 4476 et
1607 4420 2042 4476 inexercitatum.

462 4518 718 4573 Mundum
763 4524 944 4571 autem
986 4514 1250 4570 Platonici
1295 4512 1563 4568 alIirmant
1610 4512 2040 4581 incorporalem:

459 4608 616 4665 stoici
674 4606 1031 4676 corporalem.
1066 4605 1330 4673 Epicurus
1376 4619 1441 4658 ex
1470 4603 1683 4665 atomis,
1710 4602 2044 4672 Pythagoras

460 4716 526 4756 ex
557 4694 1146 4763 numeris,Heraclitus
1174 4710 1239 4749 ex
1271 4695 1413 4763 igne.
1434 4693 1584 4749 Unde
1605 4693 1847 4747 etVarro
1869 4694 2045 4765 ignem

461 4792 645 4848 mundi
676 4791 918 4845 animum
941 4788 1091 4853 dicit,
1133 4787 1361 4857 proinde
1387 4785 1530 4857 quod
1558 4786 1611 4840 in
1634 4786 1835 4841 mundo
1864 4787 2046 4841 omnia

460 4882 750 4955 gubernet,
786 4881 927 4937 sicut
955 4879 1170 4934 animus
1215 4878 1269 4933 in
1312 4877 1487 4943 nobis,
1533 4891 1695 4946 quam
1730 4876 2044 4942 vanissime,

462 4972 554 5042 qui
580 4986 703 5026 cum
742 4980 823 5025 est
853 4970 908 5023 in
938 4968 1117 5033 nobis,
1148 4966 1339 5036 inquit,
1378 4966 1476 5037 ipsi
1500 4980 1687 5021 sumus
1720 4983 1731 5019 :
1764 4981 1887 5020 cum
1910 4966 2043 5031 exit,

465 5061 778 5117 cmorimur.
816 5058 957 5129 Ergo
982 5066 1036 5113 et
1058 5057 1198 5127 ignis
1236 5072 1357 5111 cum
1392 5057 1458 5111 de
1489 5058 1691 5111 mundo
1714 5070 1812 5124 per
1832 5054 2046 5126 fulgura

462 5149 844 5226 proﬁciscitur,
866 5148 1097 5202 mundus
1112 5148 1395 5202 emoritur.
1415 5146 1478 5201 Hi
1500 5146 1941 5217 philosophorum
1961 5162 2048 5200 er-

465 5257 617 5298 rores
634 5241 804 5294 etiam
827 5238 968 5308 apud
981 5237 1281 5293 Ecelesiam
1305 5238 1631 5292 induxerunt
1651 5235 1902 5292 haereses.
1919 5237 2047 5293 Inde

463 5351 629 5391 eones
677 5343 733 5389 et
760 5332 949 5388 formae
988 5332 1171 5385 nescio
1200 5344 1319 5399 quae
1345 5350 1354 5381 :
1387 5330 1513 5384 inde
1542 5328 1682 5399 apud
1714 5328 1901 5382 Arium
1926 5328 2049 5383 Tri-

464 5428 608 5481 nitas
629 5424 898 5490 Numinis,
924 5430 979 5478 et
1004 5424 1146 5492 apud
1164 5420 1505 5476 Valentinum
1526 5419 1835 5475 Platonicus
1860 5419 2039 5473 furor:

464 5516 587 5571 inde
635 5514 920 5571 Marcionis
973 5513 1115 5568 Deus
1165 5511 1355 5566 melior
1400 5512 1467 5565 de
1506 5509 1941 5578 tranquillitate:
1976 5506 2044 5561 ab

464 5607 650 5663 stoicis
698 5604 843 5659 enim
872 5610 1111 5658 venerat.
1149 5601 1215 5655 Et
1242 5608 1301 5655 ut
1323 5603 1501 5655 anima
1539 5599 1761 5671 interire
1789 5598 1999 5653 dicatur
2025 5636 2041 5662 ,

464 5698 731 5767 Epicurus
762 5696 1030 5759 observat,
1075 5702 1131 5749 et
1155 5702 1215 5747 ut
1256 5692 1437 5749 carnis
1475 5691 1747 5747 restitutio
1794 5698 2040 5762 negetur,

466 5792 531 5846 de
564 5804 699 5843 vana
749 5789 991 5846 omnium
1051 5787 1492 5858 philosophorum
1538 5785 1725 5841 schola
1768 5786 2037 5841 sumitur:

2068 4563 2123 4625 D

2141 3321 2334 3376 libris:
2374 3328 2466 3375 aut
2506 3320 2573 3377 de
2620 3320 2817 3390 logica,
2860 3335 2959 3388 pro
3004 3334 3111 3390 qua
3162 3318 3333 3375 nostri
3377 3316 3734 3390 Theologiam

2142 3413 2244 3468 sibi
2279 3413 2567 3469 vendicant
2588 3454 2603 3479 ,
2631 3422 2691 3467 ut
2712 3414 2767 3468 in
2794 3412 3018 3469 Cantico
3059 3414 3416 3481 canticorum,
3449 3420 3503 3469 et
3539 3420 3736 3470 sancto

2142 3506 2451 3579 Evangelia.
2491 3508 2818 3579 Theologica
2860 3524 3078 3579 quoque
3113 3519 3218 3575 est,
3266 3526 3387 3581 quae
3424 3512 3733 3581 inspectiva

2143 3599 2362 3665 dicitur,
2391 3614 2497 3668 qua
2549 3600 2882 3670 supergressi
2910 3600 3169 3665 visibilia,
3195 3602 3262 3657 de
3307 3602 3502 3657 divinis
3531 3611 3589 3657 et
3616 3617 3735 3659 cm-

2144 3689 2368 3745 lestibus
2410 3689 2613 3757 aliquid
2662 3697 2843 3745 mente
2884 3681 3558 3762 solumcontemplamur.
3590 3691 3734 3750 Nam

2145 3794 2358 3849 quoque
2386 3779 2440 3833 in
2478 3779 2577 3833 has
2602 3780 2732 3834 duas
2766 3789 2950 3849 partes
2981 3780 3328 3851 Philosophia
3366 3797 3494 3836 vera
3537 3782 3736 3839 dividi-

2144 3877 2253 3936 tur,
2284 3870 2336 3923 id
2360 3878 2463 3937 est,
2515 3869 2870 3939 inspectivam
2898 3880 2955 3926 et
2991 3870 3277 3927 actualem.
3326 3871 3569 3927 Actualis
3620 3884 3730 3943 est,

2145 3975 2264 4030 qua:
2285 3961 2339 4015 in
2378 3961 2787 4030 operationibus
2812 3963 2940 4019 huic
2985 3964 3109 4019 vita
3147 3964 3365 4019 mortali
3405 3967 3735 4024 necessariis

2145 4051 2412 4106 consistit.
2460 4052 2569 4106 Per
2594 4053 2736 4108 hanc
2784 4053 2979 4125 legitur
3023 4070 3138 4110 mos
3187 4057 3422 4122 vivendi,
3468 4058 3736 4117 honestus

2148 4142 2435 4211 appetitus,
2490 4151 2545 4196 et
2595 4143 2845 4198 instituta
2894 4145 2964 4200 ad
2986 4132 3218 4200 virtutes
3253 4133 3736 4204 tendentia‘exer-

2147 4240 2339 4287 centur
2367 4246 2381 4285 :
2413 4247 2510 4302 per
2552 4233 2697 4287 illam
2745 4251 2875 4290 vero
2906 4233 3049 4291 Deus
3104 4249 3336 4303 amatur,
3398 4254 3493 4309 spe
3522 4248 3579 4294 et
3624 4240 3736 4297 ﬁde

2147 4326 2363 4382 colitur.
2414 4325 2568 4382 Unde
2613 4341 2833 4383 necesse
2882 4336 2988 4393 est,
3046 4337 3105 4383 ut
3157 4330 3463 4400 quicunque
3510 4332 3737 4401 sapiens

2148 4433 2271 4475 esse
2304 4418 2593 4483 desiderat,
2644 4427 2699 4475 et
2748 4420 2817 4475 ad
2857 4420 3189 4491 agnitionem
3231 4435 3376 4476 verae
3426 4422 3734 4491 sapientia,

2148 4522 2314 4583 atque
2335 4513 2404 4567 ad
2451 4514 2967 4584 contemplationem
3012 4515 3183 4585 ipsius
3238 4516 3485 4571 veritatis
3537 4532 3737 4586 perve-

2148 4604 2267 4659 nire
2293 4603 2541 4667 voluerit,
2591 4620 2776 4661 sacras
2803 4605 3114 4676 Scripturas
3143 4607 3438 4662 secundum
3488 4607 3737 4678 regulam

2145 4697 2424 4752 catholicae
2469 4697 2592 4753 ﬁdei
2630 4698 2833 4753 intente
2871 4698 3033 4769 legat,
3086 4706 3141 4752 et
3193 4699 3488 4753 secundum
3533 4714 3736 4754 earum

2146 4789 2394 4843 instituta
2416 4788 2469 4842 in
2490 4791 2662 4844 sacris
2684 4788 2973 4844 virtutibus
2984 4788 3121 4843 bene
3135 4788 3364 4844 vivendo
3379 4778 3737 4859 semetipsum

2147 4895 2406 4936 exercere
2453 4882 2689 4946 studeat,
2740 4882 3109 4951 mundumque
3146 4896 3243 4936 cor
3277 4879 3346 4934 ab
3388 4880 3539 4935 omni
3590 4880 3741 4937 malo

2150 4971 2415 5026 desiderio
2445 4981 2499 5027 et
2534 4972 2721 5027 mundi
2754 4972 3046 5041 cupiditate
3076 4972 3279 5026 habere
3306 4978 3482 5026 certet
3510 4988 3521 5024 :
3546 4972 3743 5040 sicque

2154 5062 2223 5117 ad
2250 5048 2613 5117 desideratum
2657 5061 2880 5126 bonum,
2922 5061 3034 5117 Deo
3072 5060 3370 5131 opitulante
3396 5102 3411 5127 ,
3447 5062 3743 5131 pervenire

2151 5152 2377 5208 valebit:
2406 5152 2510 5207 hoc
2539 5152 2682 5207 enim
2715 5150 2999 5206 Psalmista
3033 5150 3188 5205 nobis
3212 5150 3472 5215 ostendit,
3501 5151 3697 5206 dicens
3723 5170 3738 5207 :

2152 5243 2301 5297 Beati
2340 5243 2665 5297 immaculati
2704 5244 2758 5295 in
2790 5242 2874 5295 uia
2919 5242 3009 5313 qui
3045 5240 3315 5296 ambulant
3348 5241 3417 5311 in
3458 5240 3568 5311 lege
3613 5241 3741 5297 Dei.

2151 5333 2324 5399 Beati,
2347 5335 2434 5405 qui
2479 5343 2784 5388 scrutantur
2811 5333 3108 5387 testimonia
3139 5332 3273 5401 ejus,
3323 5332 3379 5385 in
3420 5341 3531 5385 toto
3580 5331 3744 5388 corde

2152 5427 2431 5495 exquirunt
2477 5441 2593 5477 eum
2646 5421 2817 5495 (Psal.
2849 5423 3057 5494 cxvm).
3098 5422 3197 5477 Hic
3250 5432 3306 5477 et
3358 5422 3473 5491 ipsa
3520 5419 3745 5479 Veritas

2151 5514 2228 5568 ait
2255 5533 2267 5567 :
2294 5513 2443 5567 Beati
2465 5511 2658 5566 mundo
2685 5511 2859 5577 corde,
2888 5512 3135 5583 quoniam
3158 5511 3259 5579 ipsi
3290 5509 3458 5562 Deum
3484 5510 3744 5563 videbunt

2151 5603 2364 5677 (Matth.
2391 5602 2465 5673 v).
2512 5600 2696 5670 Itaque
2720 5601 2897 5669 primo
2943 5599 3222 5655 sciendum
3250 5606 3355 5662 est,
3404 5598 3550 5667 quod
3590 5612 3747 5667 qua:-

2150 5694 2273 5748 dam
2299 5707 2386 5747 res
2426 5700 2535 5744 tam
2568 5690 2728 5745 clarae
2760 5698 2816 5745 et
2838 5689 3047 5744 nobiles
3089 5697 3215 5743 sunt
3256 5696 3318 5743 ut
3364 5702 3472 5743 non
3510 5697 3746 5759 propter

2150 5782 2295 5839 aliud
2344 5779 2763 5836 emolumentum
2812 5777 3127 5846 expetendae
3181 5777 3309 5843 sint,
3366 5774 3460 5833 sed
3510 5783 3746 5844 propter
