3922 6362
178 346 274 402 ΗἹ
1120 342 1210 397 DE
1247 339 1600 399 UNIVERSO
1642 338 1821 396 LIBRI
1857 338 2024 394 XXII.
2064 368 2135 378 —
2168 337 2296 393 LIB.
2334 337 2442 397 XV.

179 477 319 516 suam
356 459 695 515 solummodo
732 458 1046 529 dignitatem
1075 458 1319 512 amanda:
1351 466 1477 512 sunt
1513 464 1570 511 et
1590 469 1745 511 exse-
1770 458 1823 518 Α
1846 454 2020 510 destia
2053 466 2167 518 ess,
2191 469 2288 522 per
2334 469 2497 523 quam
2538 462 2702 509 totius
2729 454 2855 509 vitae
2902 455 3095 510 modus
3119 470 3215 511 seu
3256 457 3421 513 animi

179 554 389 626 quenda:
418 570 429 604 :
456 552 630 607 virtus
651 553 901 608 videlicet
925 550 1151 606 scientia
1174 551 1443 615 veritatis,
1468 564 1619 603 amor
1646 549 1741 604 bo-

180 661 287 699 nus.
317 640 423 697 Has
448 644 666 713 quidem
694 659 782 698 res
808 642 921 697 veri
944 641 1243 711 philosophi
1284 632 1666 695 intellexerunt
1686 639 1741 693 in

180 742 359 790 natura
398 735 655 800 humana,
682 743 737 789 et
779 748 992 788 summo
1051 732 1227 788 studio
1270 731 1506 786 coluere.
1574 730 1743 801 Igitur

176 826 337 880 virtus
363 833 443 879 est
489 824 659 879 animi
684 824 922 890 habitus,
951 831 1158 877 naturae
1202 821 1387 886 decus,
1430 822 1552 875 vitae
1579 820 1739 885 ratio,

180 930 373 969 morum
405 895 658 970 nobilitas
688 933 700 967 :
728 928 847 983 quae
872 913 1036 968 habet
1060 918 1245 982 partes
1290 918 1537 980 quatuor.
1564 910 1616 964 id
1634 918 1736 974 est,
1762 958 1765 959 ν

177 1006 522 1075 prudentiam,
556 1004 845 1074 justitiam,
883 1002 1275 1065 fortitudinem,
1310 1000 1735 1071 temperantiam.

177 1096 299 1151 Nam
342 1097 627 1167 prudentia
670 1104 753 1151 est
798 1111 981 1152 rerum
1020 1105 1077 1148 et
1110 1101 1433 1147 naturarum
1490 1090 1734 1146 scientia.

176 1188 290 1245 Haec
326 1198 508 1261 partes
540 1196 649 1244 tres
696 1189 879 1253 habet,
916 1188 1020 1243 hoc
1051 1194 1134 1242 est
1158 1204 1172 1240 :
1198 1184 1543 1245 memoriam,
1586 1183 1739 1239 intel-

176 1279 458 1350 ligentiam,
475 1277 891 1347 providentiam.
919 1275 1199 1339 Memoria,
1218 1288 1317 1345 per
1337 1287 1500 1341 quam
1529 1271 1739 1325 animus

176 1368 371 1439 repetit
432 1384 555 1439 quae
624 1368 904 1423 fuerunt:
950 1365 1347 1435 intelligentia,
1418 1377 1517 1434 per
1579 1376 1741 1431 quam

174 1478 229 1516 ea
268 1462 527 1533 perspicit
562 1477 682 1529 quae
724 1468 887 1514 sunt:
916 1456 1280 1528 providentia,
1324 1470 1423 1525 per
1466 1470 1627 1525 quam
1660 1452 1740 1507 fu-

176 1564 339 1607 turum
376 1552 580 1621 aliquid
635 1551 978 1621 providetur,
1020 1557 1309 1618 antequam
1363 1546 1476 1601 ﬁat.
1510 1544 1741 1600 Justitiae

174 1645 375 1713 quidem
401 1641 645 1697 deﬁnitio
679 1641 803 1696 talis
829 1646 911 1694 est
941 1658 953 1693 :
986 1637 1201 1693 Iustitia
1248 1645 1335 1692 est
1378 1636 1597 1691 habitus
1620 1634 1739 1690 ani-

176 1750 259 1798 Illi,
300 1735 591 1803 unicuique
616 1733 695 1787 rei
719 1732 993 1801 pr0priam
1038 1730 1280 1785 tribuens
1307 1728 1641 1798 dignitatem.
1680 1725 1739 1780 In

1842 561 1938 602 seu
1967 547 2023 601 in
2053 546 2299 615 corporis
2327 547 2560 603 motibus
2589 549 2789 619 ubique
2814 549 3027 604 honesti
3062 565 3194 605 cura
3238 566 3422 607 serva-

1842 642 1949 689 tur.
1980 634 2135 690 Unde
2162 636 2335 690 honor
2372 643 2455 691 est
2478 637 2707 693 eximius
2728 654 2914 694 coram
2944 639 3251 696 hominibus
3305 643 3419 698 haec

1842 725 2097 792 servanti,
2125 732 2180 780 et
2207 724 2323 781 laus
2342 726 2482 795 apud
2511 727 2696 782 Deum.
2723 727 2827 783 Sed
2848 728 3132 784 dolendum
3160 737 3263 795 est,
3296 746 3419 786 cum

1843 815 1918 870 illi
1953 816 2258 887 philosophi
2284 818 2381 872 has
2409 818 2634 873 virtutes
2667 818 2736 874 ob
2765 820 2976 875 illarum
3009 829 3214 876 tantum
3252 823 3421 878 virtu-

1845 913 1955 960 tum
1998 906 2319 978 dignitatem
2360 910 2423 963 ad
2457 908 2671 964 laudem
2701 910 2822 965 vitae
2867 921 3250 979 servaverunt,
3273 912 3419 983 quod

1843 1008 1942 1049 nos
1962 992 2258 1049 Christiani
2283 995 2351 1049 ab
2375 994 2457 1050 his
2492 996 2546 1050 in
2569 997 2752 1052 multis
2790 998 2944 1053 devio
2968 1015 3153 1056 errore
3178 1001 3417 1056 declina-

1841 1098 1991 1139 mus:
2006 1085 2222 1154 quando
2244 1085 2357 1140 haec
2383 1101 2525 1141 nunc
2549 1086 2603 1141 in
2625 1086 2730 1141 ﬁde
2752 1094 2804 1141 et
2833 1087 3095 1143 charitate
3119 1090 3415 1145 observan-

1846 1169 1989 1227 tibus
2008 1180 2224 1229 teternaa
2249 1173 2430 1246 gloria:
2456 1175 2524 1229 ab
2559 1179 2671 1246 ipsa
2726 1178 2985 1244 veritate,
3021 1177 3238 1234 Christo
3267 1177 3413 1246 Jesu,

1842 1264 2065 1333 praemia
2090 1265 2427 1335 pollicentur.
2456 1264 2593 1320 Sunt
2640 1281 2767 1337 ergo
2818 1268 2934 1323 haec
2958 1269 3280 1325 excellentes
3306 1271 3419 1325 vir-

1845 1360 1989 1408 tutes
2014 1354 2066 1407 in
2104 1363 2310 1420 nostra,
2337 1356 2439 1411 hoc
2486 1364 2586 1420 est,
2610 1357 2907 1412 christiana
2936 1357 3191 1426 religione
3227 1359 3420 1413 intelli-

1845 1442 2029 1512 gendae
2070 1452 2231 1512 atque
2281 1445 2626 1500 observanda:
2675 1464 2687 1498 :
2750 1454 2809 1499 ut
2862 1447 3125 1516 sapientia
3175 1449 3264 1513 sit,
3314 1464 3420 1518 qua

1844 1533 1988 1588 Deus
2018 1534 2312 1588 secundum
2336 1534 2611 1589 modulum
2640 1536 2889 1591 humanae
2918 1539 3122 1593 mentis
3159 1538 3424 1609 intelliga-

1844 1633 1932 1681 tur
1960 1636 2014 1681 et
2055 1627 2311 1683 timeatur
2334 1635 2390 1682 et
2418 1627 2657 1682 futurum
2703 1626 2819 1696 ejus
2852 1631 3102 1683 credatur
3134 1629 3417 1697 judicium.

1843 1715 2084 1781 Iustitia,
2102 1724 2161 1771 ut
2182 1717 2420 1773 charitas
2434 1718 2550 1783 Dei,
2577 1717 2800 1789 ejusque
2829 1719 3207 1775 mandatorum
3235 1720 3421 1774 obser-

176 1824 266 1879 hac
278 1825 573 1879 divinitatis
593 1824 788 1889 cultus,
806 1823 859 1877 in
873 1822 975 1876 hac
987 1818 1489 1888 bumanitatisjura,
1505 1828 1560 1875 et
1581 1817 1738 1888 aequi-

1848 1808 1993 1864 vatio
2033 1808 2261 1865 ﬁrmiter
2283 1818 2547 1865 teneatur.
2581 1808 2892 1877 Fortitudo,
2928 1825 3032 1880 qua
3063 1810 3233 1865 hostis
3282 1810 3423 1864 anti-

177 1927 246 1971 tas
295 1916 454 1970 totius
492 1916 621 1969 vitae
648 1923 1020 1968 conservatur.
1051 1911 1179 1966 Haec
1207 1910 1405 1980 partim
1436 1924 1501 1963 ex
1530 1911 1740 1963 naturae

170 2006 299 2075 jure,
325 2004 523 2074 partim
549 2018 619 2057 ex
631 2000 1036 2057 consuetudinis
1056 2014 1157 2054 usu
1178 2005 1392 2054 constat
1416 2016 1428 2050 :
1458 1998 1583 2067 quia
1611 2010 1740 2066 par-

178 2105 249 2151 tes
268 2096 408 2151 illius
435 2095 707 2165 quoddam
737 2102 944 2149 naturae
962 2091 1051 2161 jus
1080 2091 1289 2155 inserit,
1322 2098 1381 2144 ut
1402 2088 1735 2160 religionem,

173 2188 438 2259 pietatem,
487 2186 739 2256 gratiam,
789 2182 1233 2247 vindicationem,
1284 2179 1735 2243 observationem,

172 2278 440 2333 veritatem
475 2290 745 2346 :quarum
787 2273 1031 2330 deﬁnitio
1057 2274 1182 2328 talis
1219 2286 1340 2327 esse
1376 2270 1601 2345 poterit.
1629 2269 1738 2323 Re-

172 2370 287 2441 ligio
322 2378 431 2435 est,
489 2384 614 2438 qua:
642 2366 936 2437 superioris
966 2353 1261 2433 cujusdam
1292 2362 1370 2417 rei
1419 2376 1582 2431 quam
1611 2358 1739 2414 divi-

172 2476 288 2515 nam
319 2468 535 2524 vocant,
574 2473 759 2514 curam
796 2456 1281 2523 caeremoniamque
1323 2451 1499 2507 affert.
1536 2449 1738 2513 Pietas,

172 2568 258 2624 per
284 2567 443 2623 quam
486 2549 751 2620 sanguine
791 2546 1115 2616 conjunctis,
1138 2544 1436 2616 patriaeque
1464 2538 1742 2597 benevolis

172 2645 390 2701 ofﬁcium
417 2654 472 2700 et
516 2643 746 2715 diligens
784 2641 1039 2696 tribuitur
1067 2640 1264 2696 cultus.
1307 2637 1514 2702 Gratia,
1543 2637 1597 2690 in
1634 2649 1739 2705 qua

174 2736 517 2791 amicitiarum
572 2741 626 2790 et
662 2731 961 2789 ofﬁciorum
991 2732 1222 2787 alterius
1263 2729 1528 2784 memoria
1555 2735 1609 2782 et
1652 2742 1739 2782 re-

173 2824 475 2879 munerandi
536 2823 784 2879 voluntas
844 2821 1169 2877 continetur.
1229 2817 1533 2873 Vindicatio
1564 2856 1579 2881 ,
1641 2829 1739 2884 per

172 2931 322 2989 quam
336 2917 425 2987 jus
452 2924 550 2970 aut
580 2912 776 2983 injuria
806 2920 861 2968 et
886 2912 1107 2979 omnino
1146 2925 1325 2975 omne,
1370 2909 1513 2979 quod
1536 2905 1738 2962 oﬁ'utu-

173 3022 281 3061 rum
303 3014 403 3071 est,
426 3003 768 3061 defendendo
796 3010 891 3057 aut
907 3002 1217 3057 ulciscendo
1240 2998 1606 3070 propulsatur.
1635 2996 1743 3053 0b-

172 3098 429 3154 servantia
458 3111 559 3167 per
584 3109 746 3167 quam
782 3092 1050 3158 homines,
1083 3090 1260 3160 aliqua
1301 3089 1565 3161 dignitate
1589 3095 1742 3143 ante-

1842 1913 1981 1967 quus
2020 1899 2289 1962 vincatur,
2325 1908 2376 1954 et
2410 1901 2632 1954 adversa
2660 1902 2847 1955 mundi
2889 1902 3206 1955 tolerentur.
3263 1901 3421 1956 Tem-

1841 1986 2106 2056 perantia,
2128 2002 2247 2057 quaa
2263 1986 2539 2042 libidinem
2560 1986 2815 2054 refrenet,
2839 1988 3119 2044 avaritiam
3141 1989 3417 2059 reprimat,

1840 2089 2031 2130 omnes
2083 2076 2248 2129 animi
2297 2075 2529 2145 impetus
2577 2077 2729 2131 sedet
2769 2091 2833 2131 ac
2877 2084 3186 2147 temperet:
3224 2077 3423 2147 illeque

1839 2166 1963 2221 ﬁnis
1995 2166 2049 2221 in
2075 2166 2325 2221 omnibus
2353 2167 2439 2221 his
2466 2168 2758 2223 virtutibus
2786 2169 3115 2233 attendatur,
3141 2177 3202 2222 ut
3231 2168 3419 2238 diliga-

1841 2263 1928 2309 tur
1953 2255 2095 2311 Deus
2122 2266 2177 2310 et
2206 2256 2504 2325 proximus.
2533 2255 2671 2323 Quid
2701 2257 2845 2312 enim
2886 2254 3097 2313 facilius
3124 2265 3209 2312 est
3234 2271 3419 2312 amare

1840 2346 2046 2415 species
2068 2345 2341 2415 pulchras,
2368 2346 2550 2401 dulces
2573 2362 2814 2416 sapores,
2846 2362 3008 2403 sonos
3035 2362 3248 2413 suaves,
3284 2348 3417 2402 odo-

1842 2448 1929 2487 res
1958 2432 2296 2511 fragrantes,
2328 2442 2504 2489 tactus
2522 2436 2786 2504 jucundos
2804 2475 2819 2501 ,
2848 2436 3082 2491 honores
3109 2446 3165 2491 et
3188 2436 3417 2492 felicita-

1840 2530 1925 2579 tes
1978 2524 2191 2588 saeculi,
2229 2539 2378 2594 quae,
2402 2525 2551 2581 velut
2594 2525 2826 2581 volatilis
2874 2527 3098 2593 umbra,
3125 2528 3418 2594 recedunt,

1840 2623 1935 2669 aut
1953 2614 2123 2670 Deum
2142 2630 2347 2682 amare,
2369 2616 2461 2685 qui
2494 2624 2575 2671 est
2595 2626 2793 2671 aeterna
2815 2616 3158 2685 pulchritudo
3174 2659 3188 2684 ,
3217 2628 3416 2676 aeterna

1841 2704 2094 2771 dulcedo,
2117 2713 2316 2760 aeterna
2344 2705 2583 2759 suavitas
2598 2745 2612 2771 ,
2636 2713 2838 2761 aeterna
2864 2706 3157 2777 fragrantia
3175 2748 3189 2774 ,
3213 2718 3417 2764 aeterna

1833 2795 2179 2865 jucunditas,
2215 2804 2507 2866 perpetuus
2535 2797 2738 2862 honor,
2782 2796 3095 2852 indeﬁciens
3136 2797 3364 2855 felicitas
3400 2818 3413 2853 :

1839 2878 2075 2942 maxime
2095 2902 2218 2942 cum
2247 2886 2440 2942 divinae
2476 2885 2835 2960 [Scriptura]
2869 2887 2946 2941 nil
2965 2887 3112 2942 aliud
3137 2888 3415 2944 nobiscum

1840 2987 2023 3048 agant,
2055 2978 2180 3044 nisi,
2204 2985 2265 3033 ut
2292 2977 2572 3049 diligamus
2593 2978 2763 3033 Deum
2786 2985 2843 3033 et
2866 2978 3149 3032 Dominum
3173 2987 3415 3034 nostrum

1840 3083 1908 3124 ex
1944 3076 2056 3125 toto
2082 3070 2271 3135 corde,
2304 3078 2359 3125 et
2389 3084 2455 3124 ex
2488 3078 2597 3128 tota
2644 3069 2849 3134 anima,
2875 3076 2930 3121 et
2959 3082 3027 3122 ex
3056 3075 3167 3122 tota
3212 3077 3413 3133 mente,

173 3151 427 3253 cedentes,
460 3151 623 3241 cultu
661 3184 897 3253 quodam
942 3191 997 3237 et
1026 3151 1233 3238 honore
1282 3151 1590 3250 dighantur.
1626 3179 1735 3233 Ve-

1841 3171 1896 3218 et
1921 3164 2225 3234 proximum
2271 3170 2539 3227 nostrum,
2565 3170 2817 3231 tanquam
2863 3160 3241 3231 nosmetipsos.
3281 3159 3415 3214 Nam

173 3278 313 3344 ritas,
332 3291 429 3349 per
452 3292 620 3347 quam
649 3290 716 3331 ea
766 3289 888 3344 quae
909 3280 1053 3338 sunt,
1086 3279 1181 3327 aut
1205 3279 1332 3325 ante
1369 3273 1613 3337 fuerunt,
1641 3278 1736 3326 aut

173 3366 341 3421 futura
393 3374 522 3421 sunt
569 3364 841 3421 dicuntur.
888 3362 969 3417 Ex
996 3360 1404 3417 consuetudinis
1449 3370 1579 3431 ergo
1633 3375 1734 3415 usu

167 3458 363 3530 iustitia
392 3458 721 3514 observatur
751 3470 765 3509 :
789 3456 865 3510 ita
889 3462 949 3509 ut
976 3469 1044 3509 ex
1072 3461 1231 3525 pacto
1256 3452 1374 3521 pari
1388 3450 1735 3522 judicatoque

174 3560 222 3606 et
241 3550 443 3619 exJege
469 3547 863 3605 consideretur.
883 3544 1108 3600 Pactum
1128 3557 1342 3613 quoque
1371 3552 1473 3604 cst,
1502 3540 1739 3610 quodin-

173 3650 248 3695 ter
265 3640 391 3695 alios
402 3639 617 3710 aliquos
640 3637 891 3693 convenit
907 3635 1110 3705 pariter
1127 3676 1141 3701 ,
1166 3648 1274 3688 non
1298 3647 1506 3687 omnes.
1536 3630 1739 3699 IEqua-

172 3732 268 3788 bile
286 3731 590 3802 iudicatum
625 3735 709 3782 est
744 3726 888 3797 quod
919 3723 1146 3792 alicujus
1176 3723 1359 3793 magni
1388 3721 1493 3776 viri
1527 3729 1621 3775 aut
1647 3719 1739 3773 ali-

174 3837 388 3893 quorum
442 3818 733 3875 sententiis
784 3816 1139 3871 constitutum
1178 3821 1281 3868 est.
1322 3813 1431 3867 Lex
1467 3821 1552 3866 est
1589 3810 1737 3865 omni

173 3912 353 3983 populo
383 3910 650 3980 scriptum
692 3909 799 3978 jus,
829 3906 959 3975 quid
991 3919 1183 3959 cavere
1202 3902 1288 3958 vel
1312 3902 1443 3973 quid
1476 3902 1733 3956 observa-

175 4020 228 4059 re
248 4006 450 4060 debeat.
480 4001 668 4057 Tertia
700 4015 830 4055 vero
858 3998 1068 4068 species
1085 3996 1301 4052 virtutis
1330 4001 1415 4050 est
1443 3994 1733 4058 fortitudo,

173 4111 281 4165 qua:
317 4097 390 4150 ita
421 4093 685 4150 deﬁnitur
710 4108 723 4145 :
749 4089 1032 4153 Fortitudo
1060 4097 1144 4144 est
1167 4101 1362 4157 magno
1388 4085 1567 4139 animo
1592 4082 1739 4152 peri—

173 4187 402 4241 culorum
424 4193 483 4239 et
526 4183 772 4238 laborum
796 4180 1071 4251 perpessio
1109 4196 1122 4231 :
1165 4178 1324 4247 cujus
1353 4184 1536 4245 partes
1583 4179 1735 4228 sunt:

174 4275 562 4350 magniﬁcentia
595 4315 611 4339 ,
654 4271 872 4328 ﬁdentia
906 4312 920 4335 ,
962 4267 1223 4339 patientia
1256 4306 1271 4330 ,
1312 4261 1735 4335 perseverantia.

175 4366 566 4436 Magniﬁcentia
600 4371 683 4416 est
728 4375 909 4415 rerum
952 4370 1269 4427 magnarum
1296 4360 1352 4408 et
1399 4351 1736 4408 excelsarum

173 4474 284 4513 cum
309 4458 475 4512 animi
523 4453 703 4524 ampla
732 4452 961 4522 quadam
991 4457 1045 4505 et
1068 4446 1342 4518 splendida
1372 4445 1736 4515 propositione

173 4548 395 4617 cognitio
419 4555 587 4615 atque
610 4540 1028 4597 administratio.
1052 4536 1294 4591 Fidentia
1322 4545 1407 4589 est
1422 4573 1437 4599 ,
1458 4547 1555 4602 per
1574 4546 1736 4602 quam

175 4641 369 4709 magnis
396 4646 452 4693 et
480 4635 733 4692 honestis
775 4634 827 4687 in
859 4633 1021 4687 rebus
1062 4628 1289 4683 multum
1331 4626 1543 4680 animus
1572 4624 1626 4678 in
1679 4636 1736 4677 se

175 4731 369 4785 ﬁducia:
396 4738 549 4784 certa
573 4741 695 4781 cum
720 4738 815 4793 spe
835 4721 1134 4777 collocavit.
1161 4718 1424 4773 Patientia
1445 4723 1544 4781 est,
1576 4715 1739 4767 hone-

174 4820 322 4874 statis
346 4827 439 4873 aut
470 4814 721 4871 utilitatis
742 4826 923 4874 causa,
951 4824 1134 4863 rerum
1163 4808 1453 4861 arduarum
1479 4811 1571 4859 aut
1597 4800 1737 4857 difﬁ-

176 4912 347 4967 cilium
366 4908 674 4965 voluntaria
704 4919 768 4960 ac
791 4903 1039 4959 diuturna
1060 4898 1353 4969 perpessio.
1390 4896 1741 4950 Perseveran-

178 5002 246 5057 tia
279 5008 360 5057 est
393 5001 448 5055 in
475 4999 689 5053 ratione
711 4995 849 5051 bene
877 4990 1215 5049 considerata
1267 4986 1477 5042 stabilis
1519 4999 1583 5039 ac
1610 4998 1735 5054 per-

178 5102 326 5164 petua
377 5089 710 5163 permansio.
765 5087 964 5144 Ultima
1003 5099 1132 5139 vero
1162 5081 1369 5152 species
1397 5076 1616 5133 virtutis
1659 5082 1743 5130 est

182 5184 547 5255 temperantia,
578 5181 731 5250 cujus
767 5177 1008 5234 deﬁnitio
1037 5175 1158 5231 talis
1193 5181 1277 5229 est
1309 5190 1321 5225 :
1360 5167 1739 5239 Temperantia

181 5287 258 5333 est
274 5276 605 5334 rationabilis
631 5273 685 5328 in
705 5271 925 5326 libidine
949 5269 1179 5339 atquein
1202 5266 1319 5321 aliis
1338 5279 1443 5318 non
1466 5260 1742 5316 rectisim-

180 5378 325 5438 petus
336 5367 499 5424 animi
520 5365 677 5421 ﬁrma
687 5361 741 5420 et
755 5360 1031 5417 moderata
1046 5358 1255 5415 domina
1264 5355 1335 5409 tio
1352 5370 1365 5407 :
1381 5351 1602 5420 ejusque
1618 5365 1743 5419 par-

185 5467 262 5515 tes
281 5469 430 5514 sunt:
449 5450 1123 5519 continentia,clementia,
1149 5445 1426 5502 modestia.
1459 5441 1745 5497 Continen-

186 5552 254 5605 tia
267 5560 365 5617 est,
378 5566 477 5621 per
499 5563 663 5620 quam
688 5544 862 5603 omnis
876 5540 1012 5597 mala
1040 5538 1302 5608 cupiditas
1324 5548 1512 5604 magna
1534 5528 1740 5586 consilii

190 5641 559 5710 gubernatione
586 5637 789 5707 regitur
817 5641 870 5689 et
898 5631 1237 5703 gubernatur.
1293 5623 1595 5697 Clementia
1625 5627 1735 5685 est,

183 5744 451 5803 perquam
480 5728 681 5800 injuria
712 5734 765 5782 et
789 5724 909 5780 odia
941 5720 1058 5777 miti
1079 5719 1260 5775 animo
1287 5716 1601 5776 retinentur.
1626 5712 1738 5767 Mo-

1838 3256 2163 3327 promissum
2212 3255 2475 3309 habemus
2516 3253 2584 3308 ab
2625 3252 2749 3318 illo;
2778 3251 2871 3321 qui
2922 3251 3108 3307 fallere
3155 3252 3367 3322 ignorat
3400 3270 3412 3305 :

1837 3345 2056 3416 Iugum,
2089 3345 2282 3415 inquit,
2312 3359 2484 3398 meum
2526 3358 2680 3397 suave
2718 3352 2814 3407 est,
2847 3351 2893 3396 et
2920 3356 3050 3395 onus
3092 3356 3265 3394 meum
3310 3340 3417 3395 leve

1838 3435 2050 3508 (Matth.
2082 3435 2185 3506 xx).
2214 3434 2557 3490 Laboriosior
2577 3441 2661 3488 est
2680 3433 2824 3487 enim
2846 3430 3005 3499 hujus
3032 3430 3217 3486 mundi
3239 3444 3410 3495 amor,

1837 3541 1998 3594 quam
2032 3524 2253 3579 Christi.
2287 3523 2440 3591 Quod
2463 3522 2607 3576 enim
2642 3522 2697 3576 in
2727 3519 2819 3575 illo
2845 3520 3025 3575 anima
3050 3520 3241 3588 quaerit
3260 3560 3276 3584 ,
3305 3535 3411 3574 non

1837 3617 2062 3680 invenit,
2089 3616 2145 3670 id
2171 3624 2271 3680 est,
2297 3614 2608 3670 felicitatem
2637 3622 2692 3668 et
2723 3612 3078 3668 aeternitatem
3110 3629 3124 3666 :
3158 3612 3411 3682 quoniam

1839 3709 1955 3763 haec
1994 3705 2178 3762 inﬁma
2204 3705 2545 3777 pulchritudo
2570 3704 2767 3759 transit
2791 3712 2845 3759 et
2867 3702 3087 3767 recedit,
3112 3702 3196 3756 vel
3220 3717 3407 3756 aman-

1840 3806 1948 3854 tem
1977 3798 2199 3861 deserit,
2226 3796 2312 3851 vel
2342 3796 2410 3852 ab
2454 3803 2668 3851 amante
2691 3794 2975 3850 deseritur.
3028 3793 3231 3849 Teneat
3279 3808 3409 3863 ergo

1839 3889 2015 3944 anima
2042 3888 2287 3943 ordinem
2311 3901 2495 3952 suum,
2518 3894 2580 3940 ut
2616 3884 2805 3955 diligat
2838 3884 2981 3955 quod
3026 3883 3276 3953 superius
3305 3891 3410 3949 est,

1838 3980 1893 4035 id
1941 3987 2055 4044 est,
2082 3978 2290 4033 Deum:
2319 3985 2374 4031 et
2430 3984 2580 4046 regat
2625 3975 2765 4045 quod
2818 3974 3044 4029 inferius
3092 3982 3205 4039 est,
3240 3974 3294 4029 id
3329 3983 3410 4029 est

1838 4083 2035 4138 corpus
2068 4086 2082 4121 :
2120 4075 2176 4123 et
2209 4066 2383 4122 socias
2420 4066 2629 4120 animas
2670 4065 2956 4120 dilectione
2988 4064 3192 4118 nutriat
3225 4071 3280 4119 et
3327 4063 3409 4118 fo-

1835 4169 2003 4216 veat:
2039 4156 2225 4227 sicq'ue
2274 4154 2551 4210 sacriﬁciis
2624 4160 2853 4224 purgata
2910 4161 3071 4228 atque
3116 4164 3406 4208 exonerata

1839 4250 2019 4304 anima
2052 4249 2119 4301 ab
2147 4248 2251 4301 hac
2281 4243 2549 4300 laboriosa
2588 4244 2698 4297 vita
2749 4252 2805 4297 et
2846 4258 3153 4298 aerumnosa
3208 4243 3411 4297 revolet

1838 4338 1906 4392 ad
1956 4336 2229 4406 requiem,
2260 4341 2315 4388 et
2360 4334 2525 4388 intret
2564 4332 2620 4386 in
2669 4331 2917 4402 gaudium
2974 4331 3185 4386 Domini
3219 4331 3321 4385 sui.
3353 4331 3410 4385 In

1843 4426 2139 4497 Scripturis
2177 4440 2306 4496 ergo
2331 4425 2501 4480 sacris
2534 4422 2811 4493 sapientiae
2854 4421 3071 4475 nomine
3122 4420 3411 4489 aliquando

1760 4491 1815 4551 Β
1845 4491 2095 4579 Christus
2124 4491 2359 4583 notatur,
2390 4501 2454 4571 ut
2481 4517 2535 4571 in
2568 4491 2822 4584 Ᾰροειοιο
2850 4530 2865 4565 :
2897 4511 3192 4576 Christum,
3220 4512 3415 4580 inquit,

1847 4615 1963 4669 dico
1990 4612 2088 4667 Dei
2132 4612 2399 4673 virtutem,
2426 4617 2472 4661 et
2518 4606 2614 4661 Dei
2639 4605 2949 4675 sapientiam
2975 4596 3026 4674 (I
3059 4602 3181 4657 Cor.
3210 4602 3283 4673 1);
3315 4602 3416 4654 ali-

1843 4703 2058 4774 quando
2086 4701 2329 4757 doctrina
2368 4697 2623 4762 coelestis,
2660 4703 2721 4748 ut
2762 4690 2819 4750 in'
2858 4692 3112 4763 Apostolo
3143 4710 3156 4745 :
3195 4691 3417 4760 Sapien-

1846 4797 1991 4861 tiam,
2052 4794 2244 4862 inquit,
2296 4790 2556 4860 loquimur
2594 4788 2730 4841 inter
2770 4785 3039 4855 perfectos,
3070 4797 3225 4853 quam
3268 4775 3415 4836 nemo

1845 4885 2138 4955 principum
2182 4882 2339 4951 hujus
2378 4877 2558 4933 swculi
2594 4875 2825 4946 cognovit
2861 4872 2927 4946 (Ι
2976 4872 3099 4926 Cor.
3143 4870 3235 4943 ιι).
3284 4871 3416 4925 Item

1842 4976 2100 5045 sapientia
2129 4971 2414 5041 aliquando
2435 4968 2595 5039 hujus
2618 4966 2804 5022 mundi
2831 4964 3168 5035 philosophia
3203 4976 3411 5015 nuncu-
3504 4970 3505 4975 ‘

1841 5074 2016 5137 patur.
2067 5062 2220 5119 Unde
2262 5060 2513 5116 Salomon
2555 5058 2665 5114 ait:
2697 5054 2966 5125 Sapientia
2993 5052 3265 5106 hominum
3310 5066 3412 5103 non

1842 5166 1931 5214 est
1957 5171 2158 5209 mecum
2210 5152 2391 5224 (Prov.
2427 5150 2576 5220 xxx).
2624 5148 2690 5202 Et
2736 5147 2792 5200 in
2828 5142 3084 5213 Apo‘stolo
3114 5159 3126 5193 :
3159 5139 3408 5201 Stultum,

1844 5247 2038 5317 inquit,
2066 5243 2185 5316 fecit
2206 5243 2347 5299 Deus
2382 5240 2689 5311 sapientiam
2715 5236 2875 5307 hujus
2907 5233 3090 5289 mundi
3112 5231 3165 5303 (1
3197 5228 3319 5284 Cor.
3346 5227 3408 5300 ι).

1846 5337 2071 5406 Sapiens
2098 5348 2228 5390 vero
2248 5334 2389 5387 Deus
2426 5332 2480 5385 in
2513 5327 2613 5384 Job
2639 5326 2856 5392 dicitur,
2886 5332 2948 5379 ut
2968 5330 3051 5379 est
3071 5320 3200 5376 illud
3224 5337 3237 5373 :
3268 5318 3414 5374 Deus

1843 5428 2047 5498 sapiens
2074 5427 2257 5487 corde,
2284 5434 2331 5479 et
2356 5422 2504 5493 fortis
2531 5407 2612 5476 est.
2652 5419 2831 5473 robore
2859 5410 3003 5487 (Job.
3031 5406 3130 5482 Ix).
3160 5408 3293 5465 Item
3318 5420 3409 5462 sa-

1842 5521 2050 5591 pientes
2079 5518 2249 5572 sancti
2277 5516 2582 5570 vocitantur
2608 5511 2663 5564 in
2690 5506 2845 5571 Osee,
2875 5504 2967 5559 ubi
3003 5502 3257 5571 scriptum
3283 5505 3368 5552 est
3393 5514 3406 5551 :

1844 5610 1973 5675 Quis
2014 5609 2219 5677 sapiens
2246 5648 2258 5671 ,
2292 5615 2339 5660 et
2384 5602 2631 5672 intelliget
2660 5610 2708 5654 et
2750 5598 2874 5653 sciet
2910 5594 3060 5648 hmc?
3087 5592 3209 5662 quia
3256 5595 3411 5642 recta:

1840 5705 1934 5758 via:
1963 5692 2192 5764 Domini,
2215 5708 2258 5751 et
2280 5698 2409 5767 justi
2454 5694 2717 5748 ambulant
2745 5694 2799 5746 in
2822 5692 2894 5745 eis
2923 5687 3064 5759 (Ose.
3097 5684 3226 5755 xw).
3262 5681 3375 5735 Rur

3318 342 3427 401 “8
