3922 6360
399 347 508 404 419

1048 345 1110 402 Β.
1149 340 1407 400 RABANI
1445 339 1668 399 MAURI
1704 335 2024 396 ARCHIEP.
2068 334 2379 396 MOGUNT.
2421 335 2926 394 OPERUM‘PARS
2961 335 3027 392 ii.

3579 331 3698 390 420

400 471 524 520 sum
554 462 828 532 sapientes
849 459 1102 516 dicuntur
1121 456 1449 528 philosophi,
1477 453 1648 510 Judaei
1680 456 1794 510 sive
1820 454 1995 508 hazre-
2021 455 2076 516 Α
2097 452 2287 508 nonin
2308 453 2416 507 hoc
2437 451 2836 521 interloquente
2864 449 3151 522 scriptore)
3199 449 3488 505 manifeste
3530 461 3702 518 repe-

404 554 520 618 iici,
547 555 612 610 de
641 553 838 625 quibus
889 547 1181 623 Apostolus
1219 548 1296 605 ait
1325 564 1340 604 :
1383 547 1621 602 Dicente:
1641 547 1781 601 enim
1809 551 1863 600 se
1887 559 1998 599 esse

401 652 685 720 saliientes,
727 646 878 702 stulti
921 645 1052 714 [acti
1083 653 1205 698 sunt
1235 641 1416 715 (Rom.
1449 641 1514 714 1).
1551 637 1714 696 Stulti
1745 631 1884 709 ergo.
1914 652 2002 693 se-

403 744 640 798 cundum
675 737 930 796 saeculum
975 746 1104 792 sunt
1128 735 1325 792 sancti.
1354 734 1508 792 Unde
1547 731 1838 806 Apostolus
1875 731 1952 786 ait
1983 749 1996 786 :

407 833 585 890 Stulta
633 831 819 886 mundi
865 839 912 886 et
971 830 1187 900 infirma
1233 827 1386 899 elegit
1421 826 1600 894 Deus,
1627 835 1684 880 ut
1711 822 2000 893 confundat

407 925 565 996 fortia
618 922 671 996 (Ι
725 921 848 978 Cor.
891 922 978 995 ι).
1034 921 1321 990 Sapientes
1365 928 1548 973 autem
1599 913 1760 984 hujus
1813 911 2001 968 mundi

406 1015 556 1072 stulti
589 1021 718 1070 sunt
748 1014 890 1084 apud
924 1009 1114 1069 Deum.
1147 1010 1303 1068 Unde
1353 1009 1406 1065 in
1465 1000 1682 1064 Psaimo
1737 1003 2002 1084 scriptum

406 1115 492 1162 est
519 1124 534 1162 :
567 1103 740 1163 Simul
760 1083 1010 1176 insipiens
1029 1113 1077 1158 et
1102 1100 1295 1157 stultus
1319 1099 1560 1173 peribunt
1585 1094 1762 1170 (Psat.
1785 1083 1999 1166 xum).

1033 1235 1268 1292 CAPUT
1303 1235 1366 1291 Il.

1043 1348 1122 1404 De
1149 1348 1333 1420 poetis.

475 1441 660 1500 Poeta:
689 1439 833 1499 unde
871 1439 983 1498 sint
1025 1441 1176 1505 dicti,
1211 1441 1291 1496 sic
1339 1439 1418 1494 ait
1437 1433 1832 1508 Tranquillus:
1869 1433 2006 1490 Cum

405 1540 644 1612 pri-mum
673 1539 922 1596 homines
945 1537 1100 1608 juxta
1126 1537 1344 1591 initium
1379 1532 1775 1590 chriStianiatis
1799 1571 1814 1597 ,
1845 1537 2006 1584 exuta

407 1630 646 1698 feritate,
705 1632 974 1686 rationem
1003 1630 1128 1684 vita:
1165 1626 1368 1684 habere
1400 1626 1712 1696 cdepissent,
1745 1625 1914 1692 seque
1942 1631 2008 1674 ac

409 1725 552 1781 Deos
599 1733 728 1780 Suos
773 1731 956 1790 nosSe,
1007 1723 1210 1778 cultqu
1264 1721 1554 1776 zediiicium
1593 1718 1658 1773 ac
1698 1721 2009 1772 sermonem

411 1819 706 1876 commenti
729 1817 832 1873 sibi
867 1817 1150 1884 utriusque
1177 1811 1658 1878 necessarium,ad
1689 1810 2008 1880 religionem

411 1906 880 1981 magnificentiam
935 1907 1172 1962 Deorum
1220 1906 1686 1977 excogitaverunt.
1733 1902 1904 1972 igitur
1951 1914 2013 1956 ut

412 2001 610 2074 templa
639 2003 749 2058 illis
774 2043 789 2068 ,
829 2003 1080 2058 domibus
1107 2001 1446 2071 pulchriora,
1469 2007 1526 2056 et
1555 1997 1847 2054 simulacra
1889 2003 2012 2051 cor-

411 2095 635 2168 poribus
657 2093 920 2164 ampliora
956 2091 1234 2148 faciebant
1271 2111 1284 2146 :
1317 2091 1392 2146 ita
1420 2089 1636 2161 eloquio
1662 2089 1828 2144 etiam
1855 2087 2012 2158 quasi

413 2187 712 2262 augustiori
766 2183 1114 2242 honorandos
1143 2194 1404 2256 putavere
1437 2206 1449 2238 :
1481 2187 1779 2256 laudesque
1822 2201 2010 2241 eorum

415 2290 470 2338 et
517 2279 700 2335 verbis
753 2273 1140 2334 illustrioribus
1196 2285 1252 2332 et
1305 2277 1717 2348 jucundior-ibus
1768 2277 2013 2332 numeris

413 2376 743 2428 extulerunt.
793 2369 853 2425 id
906 2379 1088 2424 autem
1119 2369 1247 2438 quia
1277 2369 1452 2423 forma
1477 2369 1710 2439 quadam
1738 2369 1968 2425 eiiicitur
1992 2410 2008 2436 ,

416 2479 536 2534 qua:
563 2463 745 2532 poesis
775 2462 995 2528 dicitur,
1037 2477 1230 2532 poema
1279 2463 1580 2516 vocitatum
1620 2470 1732 2526 est,
1789 2460 2013 2531 ejusque

417 2555 657 2611 factores
692 2561 884 2625 poetae.
912 2554 1076 2609 Vates
1106 2569 1136 2607 a
1171 2555 1223 2608 vi
1252 2556 1449 2610 mentis
1475 2555 1774 2626 appellatos
1795 2596 1810 2622 ,
1841 2554 2013 2610 Varro

417 2659 609 2706 auctor
643 2657 729 2702 est
760 2665 773 2701 :
802 2647 884 2701 vel
913 2647 945 2700 εί
980 2647 1191 2702 viendis
1219 2649 1572 2713 carminibus,
1592 2649 1644 2702 id
1678 2657 1780 2714 est,
1799 2649 2014 2705 ﬂeeten—

416 2740 522 2808 dis,
558 2741 663 2796 hoc
692 2747 813 2806 est,
861 2737 1244 2796 modulandis:
1279 2749 1331 2795 et.
1366 2742 1594 2810 proinde
1619 2751 1812 2811 poetae,
1847 2742 2014 2798 latine

413 2840 564 2888 vates
586 2832 738 2897 olim,
757 2839 811 2886 et
832 2831 1034 2900 scripta
1057 2847 1247 2886 eorum
1269 2833 1524 2886 vaticinia
1543 2833 1880 2887 dicebantur.
1905 2832 2014 2904 Ly-

416 2925 514 2980 rici
527 2931 698 2994 poeta:
715 2938 817 2993 apo
839 2932 928 2980 tou
945 2923 1140 2994 lyrcin,
1159 2925 1212 2978 id
1227 2935 1328 2991 cst,
1347 2942 1376 2978 a
1397 2927 1660 2980 varietate
1672 2927 1975 2982 carminum
1993 2945 2007 2982 :

417 3015 560 3070 unde
594 3023 650 3070 et
684 3015 800 3085 lyra
832 3016 996 3070 dicta.
1055 3015 1270 3086 Tragici
1328 3016 1502 3084 dicti,
1543 3019 1688 3087 quod
1724 3018 1880 3072 initio
1924 3034 2014 3073 ca-

417 3105 670 3162 nentibus
711 3105 994 3176 praemium
1031 3116 1150 3160 erat
1179 3107 1366 3162 hircus
1385 3147 1398 3174 ,
1429 3123 1592 3178 quem
1620 3109 1794 3164 Graeci
1819 3117 2013 3180 tragou

422 3205 638 3254 vocant.
674 3195 829 3252 Unde
857 3205 914 3252 et
942 3197 1197 3253 Iioratius
1220 3216 1232 3252 :

548 3311 776 3362 Carmine
799 3314 883 3373 qui
905 3315 1094 3374 tragico
1115 3313 1263 3363 vilem
1288 3316 1491 3364 certavit
1512 3327 1576 3364 oo
1601 3327 1804 3366 mrcum.

417 3417 539 3474 Jam
594 3420 791 3476 dehinc
851 3431 1142 3491 sequentes
1215 3423 1406 3494 tragici
1471 3425 1700 3477 illllilt'liii
1753 3425 2014 3478 honorem

418 3511 598 3580 adepti
639 3501 804 3576 sunt,
857 3513 1186 3568 excellentes
1227 3515 1280 3568 in
1317 3515 1651 3586 argumentis
1706 3515 2014 3570 fabularum

418 3605 484 3659 ad
513 3604 763 3658 veritatis
809 3605 1100 3676 imaginem
1153 3608 1310 3662 iictis.
1347 3608 1552 3663 Comici
1594 3609 1869 3679 appellati,
1896 3609 2013 3664 sive

420 3713 452 3751 a
477 3695 612 3759 loco,
647 3697 774 3766 quia
805 3697 1010 3753 circum
1047 3713 1213 3768 pagos
1257 3701 1510 3769 agebant,
1543 3717 1681 3770 quos
1705 3701 1881 3756 Graeci
1919 3719 2012 3757 co-

419 3807 540 3846 mas
574 3798 818 3846 vocant:
865 3806 960 3846 seu
1013 3806 1044 3846 a
1095 3793 1510 3847 comessatione.
1561 3791 1822 3848 Solebant
1869 3795 2012 3849 enim

415 3889 538 3953 post
565 3882 744 3938 cibum
776 3881 1026 3938 homines
1055 3884 1240 3938 venire
1290 3886 1358 3938 ad
1399 3900 1492 3940 eos
1530 3885 1846 3942 audiendos.
1906 3887 2014 3942 Sed

419 3974 612 4028 comici
641 3974 976 4043 privatorum
1011 3975 1284 4030 hominum
1314 3977 1612 4046 praedicant
1635 3986 1754 4032 acta
1781 3998 1792 4032 :
1823 3981 2014 4050 tragici

417 4079 548 4119 vero
591 4066 925 4136 respublicas
960 4073 1014 4122 et
1043 4085 1230 4140 regum
1261 4071 1539 4126 historias.
1575 4073 1804 4139 Quidam
1833 4085 2014 4130 autem

417 4168 592 4230 poeta:
629 4158 864 4230 theologi
916 4161 1044 4215 dicti
1089 4171 1213 4215 sunt
1265 4180 1278 4214 :
1330 4164 1585 4232 quoniam
1641 4169 1706 4219 dc
1757 4165 1860 4220 diis
1894 4184 2008 4221 car-

419 4253 565 4306 mina
616 4250 912 4306 faciebant.
963 4251 1206 4308 Oiiicium
1265 4265 1436 4323 poene
1480 4257 1531 4310 in
1563 4272 1626 4311 eo
1664 4267 1744 4312 est
1773 4299 1786 4321 ,
1817 4267 1876 4312 ut
1905 4275 1970 4313 ea
1996 4301 2011 4326 ,

419 4359 540 4413 qua:
565 4357 696 4398 vere
724 4351 878 4412 gesta
918 4353 1074 4411 sunt,
1109 4343 1162 4398 in
1195 4345 1328 4401 alias
1357 4348 1564 4418 species
1601 4329 1834 4418 obliquis
1882 4351 2014 4422 (igu-

421 4436 726 4491 rationibus
755 4451 876 4490 cum
907 4435 1104 4491 decore
1147 4437 1330 4507 aliquo
1381 4457 1642 4496 conversa
1675 4443 2009 4499 trausdueat.

425 4529 580 4584 Unde
610 4535 664 4584 et
690 4529 944 4584 Lucanus
985 4530 1106 4583 ideo
1136 4529 1190 4583 in
1219 4546 1446 4584 numero
1473 4543 1752 4601 poetarum
1781 4551 1887 4590 non
1913 4553 2012 4606 po-

419 4623 568 4676 nitur
623 4639 634 4674 :
687 4621 812 4692 quia
869 4621 1125 4676 historias
1171 4624 1540 4694 composuisse
1589 4626 1837 4691 videtur,
1907 4645 2012 4680 non

421 4729 632 4784 poema.
658 4713 934 4768 Poematis
958 4730 1154 4783 genera
1183 4723 1310 4768 sunt
1339 4715 1463 4766 tria.
1487 4715 1594 4767 Aut
1625 4715 1765 4768 enim
1798 4721 2014 4770 actuum

421 4807 504 4861 vel
548 4806 908 4861 imitationum
935 4815 1038 4868 est,
1075 4807 1217 4876 quod
1246 4807 1421 4862 Graeci
1453 4807 1790 4861 dratualicou
1823 4817 2018 4864 vocant

421 4899 506 4954 vel
561 4899 813 4954 micticon
855 4897 1204 4970 [mimitjcon]
1242 4899 1532 4968 appellant.
1589 4899 1696 4952 Aut
1743 4902 2012 4954 enarrati-

421 5004 590 5054 vum,
647 4991 789 5059 quod
839 4990 1000 5061 graeci
1043 4991 1448 5060 excgcmaticon
1508 4990 1591 5044 vel
1648 4991 2010 5060 panegyricon

425 5093 756 5155 nuncupant.
809 5083 915 5137 Aut
947 5099 1232 5140 commune
1256 5075 1342 5140 vel
1366 5087 1614 5152 mixtum,
1660 5087 1800 5157 qt-tod
1836 5105 2009 5158 graece

425 5191 620 5232 cwnon
653 5173 735 5228 vel
768 5177 968 5230 micion
1021 5171 1312 5245 appellant.
1367 5177 1713 5234 Dramaticon
1750 5187 1834 5234 est
1877 5181 2012 5236 acti-

423 5284 570 5334 vum,
613 5269 664 5322 in
696 5281 804 5337 quo
833 5281 1078 5336 persona:
1111 5266 1393 5337 loquentes
1441 5270 1856 5327 introdmtuntur
1894 5273 2010 5328 sine

423 5369 595 5430 poeta:
619 5355 1032 5413 interlocutione
1054 5397 1067 5422 ,
1095 5366 1155 5411 ut
1181 5373 1238 5412 se
1271 5351 1473 5413 habent
1501 5361 1774 5431 tragoediae
1820 5373 1873 5417 et
1927 5364 2008 5418 ia-

423 5450 583 5508 bultc.
613 5449 806 5504 Drama
834 5449 978 5504 enim
1009 5445 1176 5504 latine
1206 5445 1386 5504 fabula
1415 5449 1644 5516 dicitur,
1678 5469 1784 5522 quo
1813 5471 2010 5525 genere

423 5545 628 5616 scripta
651 5551 735 5596 est
765 5561 776 5594 :

549 5637 658 5697 Quo
683 5643 756 5696 te,
782 5631 942 5694 Moeri,
969 5633 1142 5696 pedes,
1167 5647 1226 5684 an
1257 5647 1352 5698 qua
1377 5637 1454 5686 via
1478 5634 1613 5686 ducit
1639 5640 1688 5684 in
1716 5636 1890 5687 urbem
1909 5639 1934 5689 ?

427 5722 543 5790 Quo
593 5719 734 5792 apud
787 5735 885 5774 nos
932 5735 1129 5789 genere
1177 5723 1508 5778 canticorum
1549 5725 1767 5780 Cantica
1809 5725 2011 5796 scripta

427 5820 572 5880 sunt,
603 5813 692 5866 ubi
731 5827 838 5868 vox
869 5809 1145 5869 alternans
1175 5813 1375 5871 Christi
1403 5825 1455 5872 ct
1489 5818 1736 5873 lict-.lcshc
1768 5817 2007 5888 (tametsi

2101 541 2259 599 ritur.
2305 541 2726 614 Exegematicon
2773 551 2858 600 est
2894 541 2977 597 vel
3028 541 3393 597 enarrativum
3423 582 3440 606 ,
3479 539 3532 594 in
3585 555 3703 604 quo

2097 645 2260 706 poeta
2289 634 2406 704 ipse
2436 633 2678 704 loquitur
2709 635 2827 690 sine
2853 633 3018 690 ullius
3067 634 3478 704 interpositione
3506 645 3704 703 perso-

2099 743 2204 794 nae,
2243 735 2305 782 ut
2345 741 2403 782 se
2433 726 2639 783 habent
2667 735 2780 786 tres
2805 727 2930 782 libri
2965 725 3217 798 Georgici
3265 727 3386 791 toti,
3417 731 3472 782 et
3515 725 3706 795 prima

2099 835 2226 890 pars
2253 818 2456 889 quarti.
2491 818 2628 875 Item
2657 819 2898 876 Lucretii
2925 821 3168 874 carmina
3192 861 3206 886 ,
3236 828 3292 873 et
3322 818 3406 874 his
3447 818 3648 874 similia
3681 833 3700 872 :

2101 926 2210 982 quo
2237 926 2438 983 genere
2468 913 2612 983 apud
2642 928 2744 968 nos
2769 911 2986 982 scriptae
3014 920 3138 969 sunt
3163 911 3436 984 parabolas
3455 952 3471 978 ,
3505 919 3561 965 et
3601 910 3708 966 Ec-

2103 999 2383 1056 clesiastes
2412 1013 2429 1056 :
2456 1017 2580 1074 quae
2609 1007 2709 1059 sua
2737 1003 2944 1076 lingua,
2974 1004 3115 1060 sicut
3136 1011 3192 1058 et
3211 1002 3558 1067 Psalterium,
3582 1017 3710 1058 me-

2105 1101 2192 1150 tro
2217 1099 2432 1151 constat
2460 1111 2587 1151 esse
2619 1095 2953 1166 conscripta.
2983 1095 3192 1152 Coenon
3223 1094 3308 1150 vel
3338 1095 3540 1150 micion
3571 1103 3658 1148 est
3691 1133 3708 1159 ,

2105 1187 2161 1240 in
2191 1201 2298 1258 quo
2343 1193 2504 1260 poeta
2553 1187 2670 1260 ipse
2717 1187 2985 1257 loquitur,
3037 1195 3094 1241 et
3131 1203 3375 1258 persome
3417 1181 3712 1255 loquentes

2105 1278 2562 1345 introducuntur,
2601 1280 2663 1333 ut
2687 1279 2814 1334 sunt
2843 1278 3048 1350 scripta
3087 1277 3212 1333 Ilias
3241 1285 3294 1332 et
3321 1273 3563 1358 Odissea
3591 1269 3712 1332 lio—

2108 1371 2246 1440 meri
2278 1369 2335 1427 et
2359 1370 2625 1427 Eneidos
2659 1370 2888 1440 Virgilii,
2921 1381 2977 1428 et
3001 1371 3142 1440 apud
3171 1388 3271 1427 nos
3299 1373 3530 1428 historia
3559 1369 3710 1440 beati

2101 1457 2250 1550 ΕΡ)
2281 1461 2533 1532 quamvis
2565 1461 2681 1516 haec
2711 1457 2767 1515 in
2793 1477 2890 1518 sua
2929 1461 3112 1533 lingua
3167 1478 3276 1517 non
3325 1470 3436 1517 tota
3469 1461 3712 1533 poetica,

2109 1549 2205 1612 sed
2241 1554 2446 1626 partim
2474 1555 2549 1614 sit
2589 1555 2821 1613 metrico
2872 1556 2960 1612 vel
3009 1549 3283 1628 rythmioo
3333 1557 3541 1629 scripta
3589 1573 3712 1613 ser—

2110 1663 2290 1704 mone.

2733 1739 2964 1799 CAPUT
3001 1739 3087 1798 Ill.

2731 1853 2809 1912 De
2836 1855 3075 1927 Sibyllis.

2185 1963 2406 2038 Sibyllae
2433 1965 2764 2038 generaliter
2794 1967 3051 2022 dicuntur
3077 1983 3268 2025 omnes
3313 1968 3532 2026 feminae
3556 1977 3716 2026 vates

2114 2057 2296 2132 lingua
2314 2074 2492 2130 grzeca
2513 2076 2525 2112 :
2545 2074 2672 2114 nam
2693 2059 2804 2114 sios
2818 2057 3032 2115 Eolico
3053 2075 3304 2116 sermone
3323 2063 3484 2116 Deus.
3507 2061 3718 2116 Boulcn

2115 2168 2291 2223 graece
2311 2162 2547 2207 mentem
2571 2161 2908 2222 nuncupant,
2933 2156 3086 2223 quasi
3115 2155 3210 2209 Dei
3237 2163 3497 2210 mentem.
3513 2156 3715 2212 Proin-

2115 2243 2182 2296 de
2211 2243 2404 2313 igitur,_
2418 2243 2546 2312 quia
2569 2244 2809 2298 divinam
2839 2243 3172 2300 voluntatem
3205 2246 3519 2301 hominibus
3545 2247 3718 2302 inter-

2113 2335 2316 2406 pretari
2344 2334 2608 2401 solebant,
2649 2333 2866 2406 Sibylla:
2892 2336 3184 2390 nominatae
3209 2343 3355 2390 sunt.
3387 2337 3544 2391 Sicut
3565 2338 3716 2392 enim

2115 2431 2292 2486 omnis
2353 2432 2440 2485 vir
2492 2431 2829 2500 prophetans
2877 2431 2962 2487 vel
3011 2440 3162 2487 vates
3215 2432 3414 2488 dicitur
3451 2433 3540 2487 vel
3587 2447 3720 2502 pro—

2114 2524 2280 2593 pheta
2313 2539 2329 2580 :
2363 2525 2438 2578 ita
2465 2525 2642 2579 omnis
2689 2523 2890 2580 femina
2937 2527 3274 2597 prophetans
3313 2525 3516 2598 Sibylla
3555 2541 3721 2582 voca-

2119 2625 2244 2670 tur:
2279 2617 2424 2686 quod
2475 2627 2672 2672 nomen
2723 2635 2790 2673 ex
2835 2617 3011 2672 oilicio
3039 2659 3054 2684 ,
3110 2635 3220 2675 non
3268 2635 3336 2674 ex
3375 2619 3720 2690 proprietate

2115 2707 2364 2761 vocabuli
2386 2715 2489 2762 est.
2519 2706 2714 2763 Decem
2741 2719 2922 2763 autem
2945 2708 3164 2780 Sibylla:
3195 2725 3226 2764 a
3249 2710 3583 2766 doctissimis
3617 2725 3721 2766 au-

2117 2798 2361 2854 ctoribus
2406 2798 2574 2855 fuisse
2615 2801 2923 2867 traduntur,
2973 2817 3202 2872 quarum
3229 2803 3404 2871 prima
3433 2803 3500 2859 de
3525 2800 3720 2858 Persis

2117 2889 2258 2956 fuit,
2308 2894 2545 2947 secunda
2585 2893 2827 2964 Libyca,
2877 2897 3036 2950 tertia
3079 2894 3351 2965 Delphica,
3401 2897 3456 2951 in
3507 2897 3722 2968 tctnplo

2119 2980 2364 3051 Delphici
2415 2983 2681 3053 Apollinis
2719 2987 2901 3056 genita
2953 3001 3076 3057 qua:
3117 2997 3244 3042 ante
3286 2987 3520 3059 Troiana
3567 2989 3722 3046 bella

2117 3075 2408 3130 vaticinata
2435 3085 2551 3144 est,
2583 3077 2738 3147 cujus
2770 3079 3032 3150 plurimos
3069 3095 3261 3136 versus
3285 3081 3436 3152 operi
3475 3093 3570 3137 suo
3599 3081 3720 3137 Ho-

2119 3185 2304 3224 merus
2336 3169 2582 3226 inseruit.
2627 3171 2832 3238 Quarta
2869 3172 3161 3228 Cimtneria
3193 3175 3248 3228 in
3293 3173 3465 3228 italia.
3512 3173 3724 3242 Quinta

2119 3261 2398 3332 Erythraea
2424 3263 2646 3318 nomine
2675 3261 2948 3336 Erophyla
2989 3265 3046 3320 in
3091 3265 3362 3336 Babylone
3400 3267 3539 3332 orla,
3593 3275 3726 3336 Quae

2119 3350 2325 3408 Graecis
2375 3351 2532 3408 ilium
2565 3355 2876 3426 petentibus
2917 3356 3207 3411 vaticinata
3261 3367 3344 3412 est
3411 3357 3724 3428 perituram

2119 3459 2240 3498 esse
2280 3443 2532 3515 Trojam,
2579 3453 2634 3500 et
2684 3445 2978 3502 Homerum
3029 3449 3308 3502 mendacia
3358 3457 3720 3520 scripturum.

2118 3536 2273 3590 Dicta
2327 3546 2510 3590 autem
2542 3537 2825 3608 Erythraea
2851 3580 2867 3606 ,
2901 3538 3028 3608 quia
3063 3537 3117 3593 in
3155 3540 3342 3594 eadem
3383 3538 3553 3594 insula
3593 3538 3725 3608 ejus

2117 3629 2340 3684 inventa
2380 3637 2508 3686 sunt
2537 3631 2800 3686 carmina.
2839 3630 3024 3698 Sexta,
3051 3632 3258 3698 Samia,
3287 3649 3407 3704 quae
3433 3632 3724 3690 Phemonc

2117 3720 2260 3774 dicta
2287 3729 2392 3787 est,
2422 3737 2450 3775 a
2480 3722 2643 3778 Samo
2670 3723 2854 3778 Insula
2873 3765 2887 3790 ,
2939 3723 3084 3780 unde
3128 3723 3228 3778 fuit
3252 3765 3266 3790 ,
3311 3727 3718 3797 cognominata.

2119 3813 2360 3883 Septima
2391 3855 2405 3880 ,
2436 3815 2679 3871 Cumana
2705 3859 2718 3882 ,
2753 3817 2970 3872 nomine
3011 3817 3331 3884 Amaltiuea,
3367 3835 3486 3889 quae
3516 3835 3722 3877 novem

2118 3906 2285 3962 libros
2315 3907 2495 3962 attulit
2523 3908 2820 3978 Tarquinio
2847 3908 3032 3964 Prisco
3063 3951 3076 3974 ,
3131 3911 3184 3964 in
3215 3911 3412 3980 quibus
3441 3921 3596 3966 erant
3625 3912 3724 3968 de-

2119 4009 2265 4057 creta
2295 4002 2540 4058 itoinana
2570 4003 2878 4074 conscripta
2908 4021 2920 4058 :
2956 4003 3071 4075 ipsa
3108 4011 3192 4058 est
3226 4003 3462 4060 Cumzea.
3499 4007 3574 4060 Dc
3605 4022 3720 4076 qua

2119 4091 2374 4164 Virgilius
2407 4109 2422 4147 :
3379 4103 3382 4106 ’

2305 4207 2482 4256 Ultima
2505 4209 2684 4257 Cumaei
2711 4209 2846 4259 venit
2864 4208 2960 4269 jam
2984 4209 3208 4258 carminis
3231 4215 3366 4258 mtas.

3131 4313 3148 4328 Ἰ

2119 4311 2271 4366 Dicta
2318 4321 2497 4364 autem
2540 4313 2778 4366 Cumana
2805 4327 2834 4364 a
2865 4312 3082 4366 civitate
3109 4312 3296 4366 Cuiuis
3323 4353 3336 4371 ,
3381 4327 3504 4382 quae
3535 4325 3618 4366 est
3665 4315 3718 4369 iu

2117 4404 2438 4473 Campania,
2467 4402 2620 4472 cujus
2661 4401 2969 4473 sepulcrum
2997 4401 3174 4455 adhuc
3199 4404 3252 4456 in
3287 4402 3474 4456 Sicilia
3507 4415 3718 4459 tuanet.

2118 4495 2342 4558 Octava,
2377 4493 2736 4564 lleliespontia
2768 4494 2820 4547 in
2851 4509 2980 4564 agro
3008 4491 3242 4560 Trojano
3269 4503 3417 4558 nata,
3435 4511 3558 4563 qum
3581 4497 3706 4548 scri-

2045 4576 2095 4636 D
2123 4593 2269 4646 bitur
2300 4589 2516 4644 Solonis
2539 4597 2593 4642 et
2617 4589 2742 4658 tlyri
2771 4587 2940 4642 fuisse
2967 4589 3322 4656 ter‘uporibus.
3363 4587 3514 4642 Noua
3545 4588 3722 4660 Phry-

2121 4691 2227 4758 gia.
2291 4703 2412 4754 qum
2467 4686 2758 4739 vaticinata
2807 4695 2890 4740 est
2941 4685 3206 4754 Ancyrim.
3273 4685 3536 4750 Decima,
3595 4701 3722 4752 quae

2121 4781 2364 4850 Tyburtii
2401 4779 2618 4834 nomine
2673 4779 2934 4834 Albunea.
3008 4779 3248 4845 Quarum
3293 4779 3560 4832 ninnium.
3591 4793 3722 4832 car.

2119 4875 2264 4927 mina
2293 4872 2611 4932 eii'eruntur,
2668 4873 2722 4925 in
2781 4873 2976 4942 quibus
3017 4871 3084 4925 de
3133 4871 3242 4926 Deo
3285 4879 3336 4924 et
3393 4870 3614 4924 Christo
3663 4879 3722 4926 et

2118 4965 2367 5036 gentibus
2425 4964 2592 5018 multa
2641 4965 2927 5031 scripsisse
2975 4961 3416 5017 manifestissime
3461 4977 3721 5030 compro-

2115 5056 2336 5110 bantur.
2361 5053 2640 5108 Celebrior
2662 5054 2804 5108 inter
2823 5062 3046 5106 czeteras
3075 5067 3138 5106 ac
3173 5052 3404 5106 nobilior
3429 5052 3716 5122 Erythraea

2090 5147 2438 5216 perhibetur
2472 5187 2486 5211 ,
2522 5161 2642 5214 quae
2681 5146 2748 5198 de
2791 5143 3008 5198 Christo
3041 5143 3283 5212 quredam
3337 5143 3596 5212 scripsit,
3653 5151 3722 5198 ut

2121 5249 2247 5294 sunt
2291 5255 2482 5294 versus
2517 5237 2789 5308 ejusdem,
2835 5238 2888 5291 in
2937 5251 3164 5306 quorum
3222 5236 3491 5306 capitibus
3531 5251 3718 5303 graeca

2119 5331 2300 5400 lingua
2339 5331 2523 5386 lesous
2553 5331 2798 5385 Christus
2853 5327 3028 5382 Theon
3066 5329 3176 5398 gios
3205 5338 3344 5382 soter
3373 5327 3718 5393 continetur,

2121 5425 2262 5494 quod
2289 5423 2455 5479 latine
2495 5424 2910 5491 interpretatur,
2942 5420 3098 5475 Iesus
3129 5421 3370 5474 Christus
3405 5418 3504 5471 Dei
3535 5417 3718 5472 Filius

2119 5514 2379 5571 Salvator.
2409 5515 2474 5570 lli
2505 5523 2682 5569 autem
2717 5529 2922 5576 versus,
2947 5527 3173 5582 quarunt
3201 5510 3390 5581 pritua:
3415 5509 3614 5565 litterae
3640 5508 3714 5564 il-

2117 5607 2228 5660 ium
2248 5623 2485 5670 sensum,
2503 5621 2662 5675 quem
2689 5604 2924 5660 diximus
2942 5603 3188 5666 reddant,
3211 5601 3352 5656 sicut
3369 5615 3467 5656 eos
3485 5600 3717 5670 quidam

2115 5699 2297 5754 latinis
2343 5699 2680 5755 exstantibus
2728 5695 2972 5752 versibus
3015 5702 3100 5750 est
3132 5694 3562 5764 interpretatus,
3607 5689 3718 5748 hoc

2113 5795 2392 5853 continent
2425 5813 2438 5846 :
