3922 6332
156 342 250 401 iii

275 458 455 510 Judicii
481 461 706 517 signum,
732 453 882 504 tellus
903 451 1091 517 sudore
1107 449 1361 517 madescit.

277 523 315 571 Ε
341 523 468 572 crplo
494 513 586 569 rex
615 513 844 567 adveniet
870 529 957 578 per
981 513 1130 578 saerla
1150 514 1356 578 futurus,

233 599 241 610 ‘
275 587 484 634 Scilicet
509 593 564 632 ut
591 594 739 629 carne
765 575 981 643 praesens
1004 576 1236 643 dijudicet
1257 575 1427 643 urbem
1453 588 1462 643 ξ

279 646 316 694 ι]
328 648 422 695 nde
452 647 614 694 Deum
647 635 854 692 cernent
881 635 1160 689 incredulus
1184 647 1332 696 alque
1359 635 1536 698 tidelis,

279 707 480 758 Celsum
506 720 619 756 cum
643 708 845 762 sanctis,
871 705 960 750 tuti
983 703 1078 760 jam
1107 702 1319 748 termino
1343 699 1391 762 in
1419 700 1542 758 iiiso.

279 770 363 820 Sic
389 773 567 821 anima
590 783 699 818 cum
725 760 872 814 carne
908 765 1132 818 aderunt,
1160 774 1279 823 quas
1297 760 1477 821 judicat
1500 763 1626 820 ipse,

278 833 398 883 Cum
424 837 555 891 jacet
581 831 790 879 incultus
812 826 979 891 densis
1005 830 1051 873 In
1078 826 1311 886 vepribus
1332 823 1463 870 orbis
1491 861 1503 881 ,

278 890 531 954 Rejicient
549 891 803 954 simulacra
828 890 940 950 viri,
965 895 1186 936 cunctam
1210 895 1408 954 quoque
1435 896 1621 946 gazam,

281 949 484 1005 Ex‘uret
507 963 665 1006 terras
694 952 820 1010 ignis
843 957 1145 1012 pontumque
1172 949 1454 1012 polumque,

279 1016 564 1080 inquirens,
591 1009 896 1080 tetripnrt'as
921 1009 1154 1080 effringet
1179 1009 1380 1080 averni.

281 1069 572 1130 Sanctorum
592 1078 681 1125 sed
710 1069 836 1125 enim
860 1084 1046 1122 cunctae
1070 1074 1150 1118 tux
1178 1069 1332 1118 libera
1358 1070 1491 1118 carni

280 1141 550 1200 Tradetur,
575 1147 748 1191 sontes
770 1145 953 1185 aeterna
985 1135 1172 1200 ﬂamma
1191 1130 1443 1200 cremabit.

283 1203 513 1254 Occultos
533 1193 669 1251 actus
693 1207 830 1256 rete;
842 1211 930 1248 ens
951 1204 1072 1245 tunc
1093 1196 1303 1256 quisque
1336 1193 1570 1256 loquetur

283 1266 514 1324 Secreta,
537 1273 689 1325 atque
708 1254 844 1310 Deus
865 1254 1121 1325 reserabit
1135 1254 1332 1325 pictura
1359 1254 1476 1304 luci.

283 1327 426 1378 Tunc
452 1319 548 1376 erit
573 1319 625 1376 et
649 1327 825 1384 luctus,
848 1319 1383 1384 Stridebuntdenttbus
1403 1327 1588 1384 omnes.

285 1388 512 1452 Eripitur
537 1387 652 1452 solis
671 1380 832 1452 iubar,
857 1390 908 1431 et
921 1383 1108 1452 _cli0r_tts
1129 1380 1477 1452 interitastris.

284 1441 525 1501 Veli-etin
547 1441 748 1507 cmlu'm,
777 1441 959 1507 lunaris
980 1441 1406 1507 sulendocobibit.

281 1512 501 1570 Degictet
524 1512 698 1566 colles,
726 1504 878 1556 valles
905 1504 1115 1570 extollet
1137 1505 1198 1570 ab
1220 1504 1332 1549 itno.

283 1562 389 1624 Non
417 1577 514 1622 erit
538 1577 583 1620 in
602 1562 751 1619 rebus
778 1571 1023 1616 hominum
1043 1566 1253 1613 sublime
1275 1563 1351 1612 vel
1375 1562 1546 1611 altum.

285 1638 394 1686 Jam
421 1642 675 1697 a'quantur
697 1634 879 1697 campis
903 1636 1093 1697 montes
1117 1637 1170 1675 et.
1194 1626 1551 1697 caerulaponti.

281 1699 460 1749 Omnia
485 1689 766 1756 cessabunt,
795 1689 944 1742 tellus
965 1689 1207 1756 contracta
1235 1690 1436 1756 peribit.

283 1763 371 1812 Sic
396 1763 584 1823 pariter
605 1749 774 1823 fontes
790 1763 1039 1823 torrentur
1061 1753 1361 1823 ﬂuminaque
1387 1749 1505 1823 igni.

280 1824 384 1873 Sed
396 1811 527 1871 'tuba
552 1829 653 1869 tuin
675 1821 883 1867 sonitum
908 1817 1096 1864 tristem
1120 1814 1330 1860 dunittet
1355 1813 1414 1859 ab
1441 1811 1536 1873 alio

281 1871 441 1946 Orbe,
466 1895 680 1946 gemens
702 1882 888 1946 facinus
908 1889 1143 1946 miserum
1167 1887 1429 1946 variosque.
1451 1871 1662 1945 labores.

283 1935 690 2005 Tartareumque
713 1941 858 1990 chaos
883 1939 1172 2005 monstrabit
1196 1947 1328 1984 terra
1351 1935 1632 2005 dehiscens.

285 2008 350 2058 Et
374 2021 542 2056 coram
567 1997 648 2054 hic
674 2003 879 2051 Domino
902 2012 1054 2061 reges
1072 2003 1308 2047 sistentur
1331 1997 1391 2044 ad
1417 2008 1582 2061 unum.

284 2071 500 2121 Recidet
524 2083 554 2118 e
583 2067 710 2117 coelo
729 2067 957 2128 ignisque
968 2059 1032 2112 'et
1052 2061 1304 2124 sulphuris
1321 2059 1497 2107 amnis.

147 2204 211 2260 in
237 2203 326 2258 his
354 2199 539 2255 latinis
559 2197 832 2261 versibus,
864 2195 928 2248 de
959 2207 1136 2264 grteco
1157 2199 1436 2260 utcunque
1462 2186 1758 2253 translatis,

149 2295 226 2350 ibi
258 2309 365 2348 non
398 2291 496 2345 ille
517 2305 710 2345 sensus
738 2301 1030 2341 occurrere
1055 2284 1251 2354 potuit,
1283 2283 1372 2351 qui
1405 2282 1464 2335 lit
1507 2295 1629 2336 cum
1677 2277 1765 2333 lit-

150 2397 287 2441 tcne
325 2401 447 2456 qua:
489 2390 616 2437 sunt
661 2381 716 2434 in
772 2395 960 2433 eorum
1010 2377 1278 2447 capitibus
1325 2380 1720 2431 connectuntur
1748 2412 1762 2436 ,

151 2481 251 2534 tibi
286 2489 324 2532 Υ
362 2479 545 2532 littera
584 2476 636 2530 in
673 2488 851 2545 graeco
902 2471 1079 2542 posita
1116 2479 1214 2532 est,
1256 2469 1380 2538 quia
1428 2485 1534 2522 non
1575 2478 1767 2538 potue-

160 2581 296 2624 runt
353 2569 522 2623 latina
581 2565 814 2622 inveniri
868 2565 1067 2628 verba,
1119 2579 1237 2631 qua:
1270 2561 1337 2615 ab
1366 2561 1557 2616 eadem
1588 2561 1769 2615 littera

155 2662 490 2731 inciperent,
521 2669 575 2714 ct
616 2656 902 2712 sententia:
935 2654 1309 2709 convenirent.
1344 2651 1409 2705 Hi
1435 2661 1613 2706 autem
1644 2661 1769 2706 sunt

159 2769 354 2812 versus
386 2761 519 2817 tres,
568 2754 790 2822 quintus
837 2760 891 2805 et
945 2759 1170 2804 octavus
1218 2748 1478 2813 decimus,
1509 2756 1564 2802 ct
1594 2764 1768 2801 nonus

156 2849 429 2904 decimus.
459 2846 705 2915 Denique
731 2853 785 2899 et
823 2844 867 2898 si
916 2844 1145 2906 litteras,
1178 2857 1298 2911 quae
1328 2848 1452 2896 sunt
1482 2842 1532 2895 in
1579 2840 1768 2909 capiti—

160 2944 266 2996 bus
296 2943 540 2994 omnium
573 2951 826 2992 versuum
856 2977 870 3002 ,
919 2941 1303 2989 connectentes
1331 2932 1530 2987 horum
1561 2931 1726 2984 trium
1754 2971 1769 2998 ,

158 3054 285 3107 qtize
315 3037 521 3106 scripta
560 3042 708 3100 sunt,
743 3050 848 3087 non
881 3031 1109 3104 legimus
1139 3049 1151 3084 :
1187 3030 1280 3086 sed
1321 3045 1420 3099 pro
1459 3028 1540 3083 eis
1564 3039 1600 3084 Υ
1626 3027 1770 3082 litte-

158 3145 307 3192 ram,
334 3137 596 3195 tanquam
622 3125 675 3178 in
703 3124 905 3178 eisdem
930 3123 1041 3191 ipsa
1071 3121 1139 3175 sit
1162 3119 1362 3190 posita,
1388 3117 1768 3174 recordamur:

1132 333 1220 393 ne
1258 331 1614 393 UNIVERSO
1649 331 1831 391 unm
1871 333 2036 391 χχιι.
2079 364 2152 376 -
2187 292 2311 389 Ltn.
2353 332 2471 390 xv.

3342 331 3452 388 422

1779 453 1834 515 Α
1857 457 2142 524 agnoscat,
2173 451 2318 520 quod
2347 449 2580 504 Verbum
2608 454 2692 503 est
2720 483 2736 515 ,
2761 449 2845 504 vel
2878 451 3018 504 unde
3060 449 3210 505 venit
3253 459 3316 505 ut
3368 451 3452 506 in-

1857 545 1986 601 feris
2014 545 2286 616 loquatur,
2319 553 2374 599 et
2396 560 2595 600 corona
2621 546 2807 614 spinea
2831 551 3140 600 coronetur.
3165 547 3243 601 Ad
3265 547 3450 604 cibum

1855 648 2036 694 autem
2088 636 2159 693 fel
2185 679 2197 702 ,
2230 646 2286 692 et
2311 637 2374 692 ad
2407 637 2553 692 sitim
2583 645 2795 692 acetum
2827 637 3110 692 dederant.
3141 638 3450 709 inhospita-

1857 730 2024 786 litatis
2078 730 2220 785 hanc
2270 730 2649 784 ministrabant
2715 729 2943 784 Domino
3007 745 3271 784 mensam.
3333 730 3453 800 ipsa

1859 824 2125 904 insipiens
2147 831 2298 904 tuum
2327 838 2436 878 non
2467 823 2776 877 intellexisti
2808 825 2975 878 Deum
3005 822 3278 877 ludentem
3305 837 3452 877 mor-

1859 915 2079 981 talium,
2125 915 2219 971 sed
2251 917 2424 986 spinis
2467 918 2768 979 coronasti,
2819 925 2872 971 et
2920 916 3200 970 horridam
3235 914 3305 969 fel
3347 915 3452 968 mi-

1857 1007 2067 1062 scuisti.
2097 1005 2310 1077 Templi
2342 1023 2472 1062 vero
2499 1008 2678 1063 velum
2710 1007 2989 1064 scindelur
3025 1027 3036 1061 :
3067 1017 3121 1062 et
3158 1005 3336 1062 medio
3367 1008 3454 1062 die

1857 1113 1963 1152 nox
1990 1098 2096 1154 erit
2145 1099 2433 1156 tenebrosa
2484 1100 2644 1156 nimis
2674 1101 2729 1154 in
2766 1099 2940 1154 tribus
2968 1095 3138 1154 horis.
3171 1100 3237 1153 Et
3280 1109 3456 1154 morte

1858 1190 2140 1258 morietur,
2170 1193 2344 1248 tribus
2373 1193 2560 1248 diebus
2592 1207 2784 1249 somno
2813 1205 3096 1264 Suscepto;
3131 1204 3256 1248 tunc
3286 1195 3352 1248 ab
3378 1195 3458 1247 in-

1856 1282 2028 1339 fernis
2057 1298 2335 1355 regressus
2361 1287 2426 1342 ad
2457 1286 2630 1342 lucem
2652 1289 2832 1342 veniet
2853 1288 3082 1358 primus,
3110 1289 3460 1344 resurrectio-

1857 1374 1942 1430 nis
2001 1376 2269 1446 principio
2305 1382 2573 1434 revocatis
2620 1386 2859 1436 ostenso.
2900 1396 2918 1431 ο
2978 1375 3086 1435 ista
3141 1379 3458 1434 Lactantius

1857 1469 2089 1539 carptim
2121 1484 2219 1540 per
2271 1471 2553 1526 intervalta
2601 1473 2970 1542 dispositionis
3015 1486 3147 1537 sum,
3205 1473 3346 1528 sicut
3399 1487 3460 1526 ca

1855 1573 2082 1629 poscere
2107 1560 2454 1626 videbantur,
2493 1571 2612 1632 quae
2648 1563 2881 1632 probare
2937 1562 3265 1628 intenderat,
3310 1560 3462 1618 adhi-

1856 1648 1977 1704 buit
2005 1649 2315 1705 testimonia
2344 1651 2607 1722 Sibyllina
2641 1671 2653 1705 :
2684 1660 2804 1723 quaé
2835 1648 2971 1708 nihil
3004 1654 3416 1723 interponentes
3446 1693 3458 1716 ,

1857 1741 1955 1798 sed
1983 1741 2038 1796 in
2069 1757 2234 1797 unam
2262 1744 2459 1798 seriem
2505 1756 2750 1799 connexa
2790 1751 3076 1816 pbnentes,
3110 1744 3240 1800 Solis
3272 1745 3465 1815 capiti-

1787 1814 1836 1877 Β
1862 1835 1984 1892 bus.
2008 1840 2069 1888 ut
2090 1836 2383 1904 scriptores
2409 1836 2662 1907 deinceps
2690 1850 2755 1892 ea
2780 1814 3001 1893 servare
3027 1846 3135 1892 non
3166 1814 3462 1907 negligant,

1865 1924 2247 1999 distinguenda
2275 1927 2604 1983 curavimus.

2505 2038 2736 2099 CAPUT
2773 2039 2865 2098 IV.

2537 2131 2618 2186 De
2644 2136 2835 2203 magis.

1937 2217 2216 2296 Magorum
2257 2225 2469 2294 primus
2513 2224 2844 2290 Zoroastes,
2889 2241 2985 2278 rex
3031 2221 3468 2290 Bactrianorum,

1865 2336 2029 2390 chtn
2056 2318 2218 2374 nimis
2242 2316 2480 2392 [Ninus],
2515 2335 2612 2374 rex
2640 2317 3009 2389 Assyriorum,
3037 2318 3224 2387 prmlio
3245 2316 3471 2372 interfe—

1868 2417 1962 2470 cit.
1999 2414 2072 2468 De
2100 2430 2208 2484 quo
2237 2413 2557 2468 Aristoteles
2603 2413 2812 2476 scribit,
2860 2413 3003 2481 quod
3052 2412 3220 2466 vicies
3249 2419 3470 2466 centum

1867 2506 2035 2560 millia
2062 2521 2318 2559 versuum
2355 2506 2440 2558 ab
2466 2505 2583 2572 ipso
2621 2503 2840 2557 condita
2885 2502 3105 2556 indiciis
3136 2501 3472 2556 voluminum

1870 2597 1986 2666 ejus
2034 2595 2394 2650 declarentur.
2455 2592 2606 2647 lianc
2659 2602 2832 2647 artem
2886 2600 3010 2662 post
3055 2591 3228 2645 multa
3273 2588 3472 2645 Saecula

1872 2689 2212 2743 Democritus
2242 2686 2542 2754 ampliavit,
2583 2684 2800 2752 quando
2837 2691 2892 2738 et
2921 2681 3276 2752 Hippocrates
3303 2679 3473 2735 medi-

1871 2781 2007 2834 cina:
2035 2779 2320 2848 disciplina
2354 2775 2605 2830 emeruit.
2641 2775 2797 2844 Apud
2840 2774 3092 2843 Assyrios
3141 2777 3322 2828 autent
3356 2785 3475 2827 ina-

1871 2873 2003 2944 gicae
2027 2882 2173 2925 artes
2197 2870 2430 2939 copiosa:
2458 2878 2604 2932 sunt,
2642 2876 2875 2922 testante
2904 2867 3127 2922 Lucano
3161 2885 3173 2921 :

2291 3023 2306 3035 .
2345 3022 2356 3034 .
2397 3022 2410 3034 .
2447 3019 2459 3032 .
2500 3021 2512 3034 .
2552 2985 2669 3042 Quis
2694 2993 2898 3032 noscere
2925 2981 3042 3030 libra

1997 3048 2116 3098 Fata
2140 3048 2332 3110 queat?
2354 3048 2465 3108 quis
2504 3046 2670 3108 prodat
2695 3057 2814 3110 aves
2835 3049 2924 3110 aut
2948 3043 3142 3101 fulgura
3165 3042 3277 3092 coeli

2004 3106 2182 3160 Servet
2206 3115 2257 3158 et
2280 3106 2474 3170 Assyria
2497 3106 2750 3156 Scrutetur
2773 3106 2934 3154 sidera
2957 3115 3093 3152 cura.

156 3219 490 3288 οιρτίωῖιιιν
525 3217 580 3270 in
605 3214 845 3285 (Ιυίοψιθ
876 3212 1054 3266 "erilis
1102 3207 1260 3265 Ῑεδυδ
1308 3208 1548 3264 Christ”
1593 3205 1767 3261 Filius
1796 3190 1841 3252 θ’
1874 3217 2059 3287 itaque
2101 3217 2218 3272 haec
2245 3214 2458 3269 vanitas
2494 3212 2826 3284 magicarum
2860 3210 3060 3266 artium
3090 3224 3158 3265 ex
3181 3207 3471 3264 traditione

156 3312 263 3364 Dei
296 3310 588 3365 Salvator:
620 3308 715 3363 sed
751 3323 876 3362 cum
906 3320 1077 3376 graece
1109 3306 1211 3360 hoc
1236 3304 1436 3359 dicitur
1459 3343 1475 3369 ,
1529 3316 1640 3356 non
1692 3300 1770 3354 la-

161 3403 283 3456 tine
316 3415 331 3453 :
365 3407 421 3456 et
461 3407 587 3455 sunt
631 3411 824 3452 versus
855 3395 1045 3468 viginti
1092 3402 1320 3465 septem,
1362 3390 1455 3462 qui
1511 3406 1773 3450 numerus

159 3495 497 3564 quadratum
529 3490 828 3546 ternarium
858 3488 1088 3543 solidum
1119 3485 1312 3540 reddit.
1355 3484 1480 3538 Tria
1513 3483 1658 3537 enim
1691 3492 1772 3536 ter

160 3586 328 3639 ducta
370 3584 507 3636 liunt
535 3596 730 3637 novem
763 3598 777 3633 :
806 3587 863 3634 et
903 3579 1022 3650 ipsa
1055 3591 1247 3632 novem
1287 3575 1330 3630 si
1363 3575 1435 3628 ita
1467 3575 1731 3630 ducantur
1755 3613 1770 3639 ,

160 3689 221 3731 ut
247 3677 360 3731 lato
388 3675 441 3729 in
467 3673 636 3728 altum
665 3672 836 3743 figura
863 3664 1259 3740 consargat,ad
1275 3665 1464 3736 viginti
1489 3672 1543 3718 ct
1568 3670 1774 3733 septem

159 3767 516 3839 perveniunt.
570 3759 773 3819 llorum
827 3773 1006 3817 autem
1041 3769 1336 3832 graecorum
1365 3757 1605 3828 quinque
1653 3770 1776 3810 ver-

163 3863 384 3927 borum,
419 3877 539 3930 qum
571 3867 720 3924 sunt,
752 3855 936 3911 Iesu-us
967 3853 1202 3909 Chrislos
1242 3850 1418 3906 Theon
1449 3852 1561 3920 yios
1590 3858 1728 3902 solcr
1756 3861 1774 3899 :

162 3954 314 4024 quod
344 3950 429 4008 est
459 3951 646 4016 latine,
682 3949 834 4003 Jesus
864 3947 1104 4001 Christus
1145 3944 1244 3997 Dei
1293 3940 1468 3995 Filius
1508 3937 1774 4003 Salvator,

165 4047 210 4100 si
247 4045 457 4114 primas
495 4040 962 4108 litterasjungas,
994 4037 1099 4092 erit
1135 4033 1292 4107 ἰχθὺς
1341 4032 1392 4086 id
1439 4039 1543 4093 est,
1596 4030 1775 4100 piscis,

163 4138 222 4191 in
259 4153 367 4205 quo
399 4134 619 4188 nomine
652 4131 881 4206 mystice
908 4127 1227 4200 intelligitur
1255 4124 1524 4188 Christus,
1543 4138 1606 4176 co
1635 4120 1779 4191 quod

166 4231 224 4285 in
262 4227 420 4296 hujus
454 4225 804 4282 mortalitatis
840 4226 1062 4294 abysso,
1098 4219 1245 4275 velut
1276 4219 1328 4272 in
1361 4230 1620 4286 aquarum
1651 4226 1778 4282 pro—

166 4319 464 4382 funditate,
495 4333 672 4382 VthlS,
700 4315 809 4371 hoc
836 4322 936 4377 est,
972 4313 1090 4367 sine
1129 4317 1355 4380 peccato
1379 4323 1500 4361 esse
1522 4304 1777 4375 potuerit.

168 4409 304 4465 llmc
330 4418 514 4463 autent
549 4405 779 4478 Sibylla,
819 4405 934 4459 sive
966 4400 1269 4471 Erytbrtea,
1308 4401 1425 4454 sive
1453 4398 1534 4468 (ut.
1559 4395 1778 4466 quidam

166 4502 351 4572 magis
381 4499 633 4566 credunt)
662 4496 901 4560 Cumaea,
949 4493 1084 4548 nihil
1112 4492 1278 4548 habet
1307 4491 1359 4545 in
1392 4497 1506 4544 toto
1535 4487 1777 4544 carmine

165 4609 272 4648 suo
309 4589 487 4663 (cujus
515 4585 710 4659 exigua
743 4587 846 4640 ista
878 4582 1143 4654 particula
1175 4581 1289 4652 est)
1334 4579 1478 4649 quod
1519 4578 1584 4631 ad
1636 4578 1776 4631 Deo-

167 4699 299 4740 rum
335 4681 598 4736 falsorum
631 4679 746 4734 sive
778 4678 1028 4731 fretorum
1071 4674 1275 4730 cultum
1331 4672 1567 4741 pertinet
1609 4685 1621 4722 :
1654 4669 1775 4739 qui—

167 4777 328 4832 nimo
357 4775 432 4828 ita
462 4773 629 4828 etiam
659 4780 850 4827 contra
897 4784 991 4823 eos
1021 4775 1073 4822 et
1103 4769 1292 4821 contra
1323 4765 1559 4819 cultores
1590 4778 1776 4816 eorum

166 4867 420 4937 loquitur
449 4906 464 4930 ,
499 4872 561 4920 ut
589 4863 645 4917 in
674 4877 865 4918 eorum
897 4873 1125 4914 numero
1156 4856 1458 4926 deputanda
1489 4854 1735 4907 videatur
1761 4892 1776 4917 ,

165 4959 270 5032 qui
309 4959 548 5028 pertinet
573 4956 640 5010 ad
671 4955 948 5011 civitatem
978 4950 1093 5004 Dei.
1123 4947 1321 5002 Inserit
1347 4947 1513 5000 etiam
1543 4944 1778 4998 Lactan-

167 5053 286 5109 tius
314 5051 466 5121 operi
497 5065 598 5104 suo
628 5049 879 5119 quaedam
909 5047 974 5102 de
1003 5043 1218 5099 Christo
1247 5039 1498 5095 vaticinia
1531 5037 1770 5108 Sibyllae,

168 5141 425 5214 quamvis
455 5156 561 5195 non
589 5141 877 5210 exprimat,
905 5137 1076 5208 cujus.
1105 5134 1211 5190 Sed
1238 5149 1357 5203 qua:
1387 5133 1499 5202 ipse
1533 5130 1774 5202 singilla-

168 5234 331 5290 latim
380 5231 596 5303 posuit,
648 5245 749 5300 ego
795 5229 1089 5283 arbitratus
1133 5242 1253 5282 sum
1306 5222 1595 5292 conjuncta
1653 5237 1773 5277 esse

169 5321 452 5396 ponenda,
469 5329 726 5390 tanquam
753 5333 919 5371 unum
944 5315 1017 5370 sit
1039 5314 1330 5384 prolixum,
1360 5329 1479 5384 qua:
1506 5311 1594 5364 ille
1619 5310 1772 5379 plura

169 5413 634 5474 commemoravit
677 5420 729 5468 et
769 5410 955 5465 brevia
984 5427 996 5461 :
1031 5428 1048 5459 ‹
1085 5406 1142 5462 ln
1169 5423 1382 5472 manus,
1416 5405 1612 5475 inquit,
1654 5401 1774 5456 inli-

172 5507 382 5564 delium
435 5513 622 5576 postea
670 5504 868 5559 veniet.
921 5498 1140 5557 Dabunt
1191 5508 1370 5555 autem
1431 5497 1614 5567 alapas
1665 5494 1776 5548 Deo

173 5599 434 5654 manibus
475 5597 718 5662 incestis,
767 5607 824 5651 et
871 5595 1084 5666 impuro
1125 5605 1220 5646 ore
1247 5597 1483 5659 expuent
1514 5593 1775 5642 venenata

173 5697 363 5760 sputa.
398 5688 570 5744 ’Dabit
609 5703 739 5744 vero
791 5689 860 5743 ad
906 5687 1127 5742 verbera
1180 5683 1500 5754 simpliciter
1529 5691 1774 5735 sanctum

175 5785 409 5836 dorsum
455 5801 468 5836 :
519 5790 574 5837 ct
614 5779 871 5849 colaphos
921 5777 1196 5846 accipiens
1253 5774 1494 5841 tacebit,
1548 5789 1616 5830 ne
1654 5772 1777 5841 quis

1877 3316 2190 3380 angelorum
2238 3307 2505 3362 malorum
2530 3305 2586 3358 in
2617 3312 2730 3359 toto
2767 3311 3041 3358 terrarum
3070 3301 3201 3356 orbe
3230 3299 3478 3370 plurimis

1874 3402 2087 3458 saeculis
2132 3399 2319 3456 valuit.
2359 3395 2464 3452 Per
2506 3395 2795 3467 quamdam
2837 3395 3120 3451 scientiam
3165 3393 3472 3447 futurorum

1874 3501 1928 3546 et
1958 3490 2291 3545 infernarum
2322 3486 2686 3541 evocationes.
2717 3485 2918 3540 Eorum
2951 3485 3167 3538 inventa
3191 3482 3316 3537 sunt
3343 3497 3471 3536 aru—

1875 3580 2075 3652 spicia,
2125 3580 2504 3649 augurationcs
2554 3585 2609 3631 ct
2653 3577 2766 3645 ipsa
2811 3590 2930 3645 qua:
2975 3575 3228 3629 dicuntur
3255 3573 3473 3628 oracula

1877 3678 1932 3727 et
1984 3671 2374 3726 necromantia.
2431 3667 2543 3723 Nec
2595 3666 2792 3722 mirum
2831 3667 2898 3722 de
2943 3677 3224 3738 magorum
3266 3665 3478 3734 praesti-

1879 3762 2012 3832 giis,
2056 3777 2283 3830 quorum
2327 3761 2599 3814 intantum
2640 3758 2890 3827 prodiere
2935 3757 3348 3812 malefactorum
3389 3755 3472 3810 vel

1877 3853 2246 3932 maleticorum
2272 3863 2440 3914 artes,
2479 3860 2539 3902 ut
2572 3849 2736 3903 etiam
2773 3847 2941 3918 Moysi
2970 3847 3262 3903 simillimis
3299 3849 3469 3919 signis

1880 3941 2210 4003 resisterent,
2242 3950 2516 3994 vertentes
2545 3937 2728 4008 virgas
2759 3939 2814 3992 in
2845 3937 3111 3992 dracones
3139 3978 3152 4004 ,
3198 3950 3366 4008 aquas
3415 3942 3471 3995 in

1880 4035 2219 4103 Sanguinem.
2255 4030 2394 4098 Quid
2424 4029 2612 4101 plura?
2637 4028 2680 4083 si
2711 4029 2933 4084 credere
2967 4027 3050 4084 fas
3077 4032 3159 4084 est
3189 4030 3254 4084 de
3280 4030 3472 4100 pytho-

1880 4123 2047 4189 nissa,
2079 4132 2137 4176 ut
2166 4119 2448 4191 Propheta:
2481 4118 2747 4175 Samuelis
2775 4119 3012 4172 animam
3051 4117 3118 4173 de
3142 4118 3339 4173 inferni
3370 4120 3466 4171 ab-

1882 4216 2010 4271 ditis
2036 4219 2304 4276 evocaret,
2331 4221 2386 4267 et
2411 4212 2658 4265 vivorum
2676 4217 3028 4281 prmsentaret
3055 4207 3466 4277 conspectibus:

1882 4308 1927 4363 si
1969 4317 2149 4362 tamen
2207 4307 2444 4359 animam
2489 4303 2774 4374 Prophetae
2831 4301 2999 4357 fuisse
3047 4301 3372 4366 credamus,
3419 4309 3473 4354 et

1882 4415 1989 4454 non
2019 4399 2255 4468 aliquam
2278 4396 2768 4468 pbantasmaticam
2793 4393 3097 4448 illusionem
3122 4390 3342 4447 Satanae
3372 4389 3470 4445 fal-

1882 4493 2019 4548 lacia
2045 4493 2264 4547 factum.
2296 4489 2624 4546 Prudentius
2649 4489 2715 4543 de
2739 4487 3004 4543 Mercurio
3026 4485 3104 4541 sic
3129 4485 3205 4539 ait
3233 4503 3246 4540 :

1803 4549 1857 4608 D

2005 4612 2234 4661 Traditur
2252 4612 2518 4659 exstinctus
2540 4615 2730 4670 sumpto
2756 4606 3092 4656 moderamine
3111 4605 3261 4667 virga:

2009 4675 2062 4722 in
2086 4675 2524 4733 Incertirevucasse
2549 4682 2749 4718 an'inas.
2793 4707 2803 4716 .
2840 4707 2851 4718 .
2889 4705 2900 4716 .
2940 4704 2955 4717 .

2011 4772 2022 4784 .
2063 4773 2074 4786 .
2115 4773 2124 4782 .
2165 4772 2178 4784 .
2219 4774 2227 4782 .
2269 4737 2358 4783 Ast
2381 4736 2496 4781 alias
2519 4734 2775 4782 damnasse
2808 4733 2939 4780 neci.

1885 4844 1950 4898 Et
1975 4853 2093 4915 post
2118 4843 2390 4913 paululum
2422 4841 2619 4910 adjecit
2643 4859 2657 4893 :

2009 4938 2257 4985 Murmure
2283 4948 2390 4982 nam
2417 4935 2604 4994 magico
2629 4939 2807 4981 tenues
2831 4931 3000 4994 excire
3018 4928 3216 4994 figuras,

2007 5001 2169 5060 Atque
2184 4991 2630 5060 sepulcralesscite
2650 4997 2901 5042 incantare
2926 4991 3126 5060 favillas.

2009 5054 2115 5111 vui.
2137 5054 2302 5107 itidem
2331 5057 2542 5120 Spoliare
2569 5057 2705 5118 ..lios,
2731 5069 2809 5103 ars
2829 5059 2971 5104 noxia
3007 5054 3153 5102 novit.

1883 5143 2020 5216 Magi
2075 5151 2221 5207 sunt,
2253 5142 2344 5212 qui
2378 5141 2534 5209 vulgo
2566 5139 2798 5193 malefici
2834 5141 2901 5191 ob
2932 5135 3232 5190 facinorum
3260 5148 3470 5202 magm-

1886 5239 2126 5296 tudinem
2171 5242 2585 5303 nuncupantur:
2616 5231 2670 5283 hi
2701 5237 2758 5283 et
2797 5227 3066 5283 elementa
3112 5224 3464 5280 concutiunt:

1885 5332 2102 5387 turbant
2122 5338 2328 5384 mentes
2362 5325 2662 5386 hominum,
2679 5337 2744 5376 ac
2763 5321 2879 5375 sine
2904 5314 3012 5373 ullo
3033 5316 3220 5372 veneni
3248 5315 3466 5380 haustu,

1882 5423 2139 5481 violentia
2169 5430 2378 5477 tantum
2404 5415 2662 5473 carminis
2693 5413 3029 5468 interimunt.
3067 5407 3222 5466 Unde
3265 5415 3321 5462 et
3357 5405 3465 5461 Lu—

1885 5535 2052 5577 canus
2087 5537 2100 5572 ε

2009 5613 2150 5664 Mens
2170 5611 2322 5659 hausti
2343 5609 2471 5656 nulla
2493 5617 2633 5656 Same
2666 5601 2848 5666 polluta
2873 5599 3052 5651 veneni

2011 5671 2253 5724 lncantata
2280 5674 2423 5732 perit.
2461 5705 2474 5718 .
2512 5701 2526 5717 .
2563 5700 2578 5717 .
2618 5703 2628 5715 .

1885 5757 2227 5816 Daemonibus
2248 5754 2396 5809 enim
2419 5750 2612 5810 accitis
2636 5749 2838 5805 audent
2857 5743 3142 5810 ventilare,
3156 5756 3216 5798 ut
3238 5738 3469 5814 quisque
