3922 6360
442 320 555 376 625

1086 319 1147 372 Β.
1189 316 1441 373 RABANI
1481 316 1700 373 MAURI
1736 315 2058 373 ARCHIEP.
2099 315 2407 373 MOGUNT.
2446 315 2731 372 OPERUM
2772 314 2952 369 PARS
2991 314 3054 369 ll.

3618 315 3729 372 424

444 448 573 489 suos
599 432 829 503 perimat
868 431 1027 486 malis
1071 432 1278 486 artibus
1315 431 1583 486 inimicos.
1619 430 1686 484 Hi
1714 431 1878 486 etiam
1909 445 2033 484 san—
2060 434 2111 492 Α
2138 433 2268 485 lato.
2300 429 2550 498 Sortilegi
2581 436 2724 494 sunt,
2759 427 2849 497 qui
2874 428 2974 481 sub
2997 425 3214 481 nomine
3262 427 3401 480 fictae
3450 425 3731 496 religionis

447 526 608 595 guine
654 531 880 579 utuntur
911 531 967 577 et
1009 524 1265 587 victimis.
1311 531 1367 578 et
1396 538 1536 593 saepe
1565 525 1885 594 contingunt
1915 539 2034 578 cor-

447 631 578 685 pora
620 623 979 669 mortuorum.
1025 613 1393 668 Necromantii
1432 623 1591 678 sunt,
1637 628 1865 683 quorum
1893 627 2032 682 prae-

447 707 843 762 cantationibus
881 705 1133 760 videntur
1185 705 1491 760 resuscitati
1535 705 1735 760 mortui
1768 704 2033 768 divinare,

445 806 501 852 et
545 797 613 852 ad
663 797 992 866 interrogata
1040 796 1386 867 respondere.
1419 795 1623 851 Necros
1667 797 1809 851 enim
1863 810 2036 866 graece

446 897 694 944 mortuus
723 928 736 953 ,
773 887 1012 942 manteia
1046 887 1305 942 divinatio
1355 895 1732 956 nuncupatur,
1777 885 1849 940 ad
1904 901 2037 955 quos

445 978 787 1034 suscitandos
819 978 1069 1032 cadaveri
1100 978 1317 1047 sanguis
1359 976 1631 1046 adjicitur.
1674 975 1808 1030 Nam
1852 991 2037 1030 amare

446 1068 719 1123 dzemones
768 1069 1082 1140 sanguinem
1120 1069 1304 1122 dicunt
1347 1084 1360 1121 :
1402 1069 1627 1138 ideoque
1662 1068 1914 1136 quotiens
1944 1081 2038 1121 ne-

444 1163 745 1217 cromantia
770 1163 1026 1228 fit,cruor
1049 1179 1187 1233 aqua
1224 1165 1504 1230 miscetur,
1531 1173 1588 1218 ut
1612 1163 1794 1220 colore
1816 1164 2036 1234 sangui-

450 1255 534 1309 nis
562 1255 773 1311 facilius
795 1265 1174 1326 provocentur.
1207 1256 1582 1328 Hydromantii
1607 1257 1675 1313 ab
1704 1271 1843 1325 aqua
1869 1255 1999 1311 dicit
2024 1269 2037 1307 :

445 1356 530 1402 est
578 1348 721 1402 enim
752 1348 1150 1418 hydromantia,
1184 1349 1236 1402 in
1265 1364 1418 1419 aqua:
1452 1349 1790 1418 inspectione
1818 1347 2041 1401 umbras

449 1439 752 1495 daemonum
783 1454 1033 1505 evocare,
1090 1448 1144 1495 et
1204 1441 1465 1512 imagines
1513 1440 1596 1496 vel
1645 1439 2040 1494 ludificationes

445 1543 635 1582 eorum
666 1529 870 1593 videre,
901 1529 1082 1599 ibique
1113 1530 1181 1584 ab
1207 1530 1288 1584 eis
1320 1531 1500 1600 aliqua
1530 1529 1739 1594 audire,
1764 1530 1855 1583 ubi
1888 1528 2040 1582 adhi—

446 1617 562 1673 bito
592 1620 855 1691 sanguine
876 1621 1042 1674 etiam
1065 1622 1132 1676 ab
1155 1622 1343 1676 inferis
1369 1623 1724 1692 perhibentur
1740 1621 2038 1675 sciscitari:

442 1711 589 1777 quod
648 1726 816 1780 genus
870 1712 1217 1766 divinationis
1268 1728 1297 1764 a
1339 1711 1521 1767 Persis
1572 1711 1743 1766 fertur
1791 1712 2032 1766 allatum.

442 1801 615 1855 Varro
646 1799 775 1854 dicit
822 1799 1169 1854 divinationis
1210 1808 1443 1870 quatuor
1489 1816 1610 1856 esse
1653 1817 1892 1871 generat:
1929 1811 2035 1858 ter-
2064 1782 2110 1840 Β

446 1907 587 1956 ram,
615 1905 833 1961 aquam,
859 1907 1060 1958 aerem,
1099 1903 1155 1948 et
1193 1893 1390 1964 ignem.
1445 1893 1580 1948 Hinc
1630 1896 1989 1963 geomantiam
2017 1937 2031 1962 ,

452 1981 913 2050 bydromanliam,
943 1983 1358 2047 aeromantiam,
1383 1984 1783 2054 pyromantiam
1811 1987 2031 2041 dictam.

443 2069 619 2124 Divini
651 2071 798 2134 dicti,
850 2073 1004 2140 quasi
1046 2072 1157 2126 Deo
1204 2072 1345 2141 pleni
1395 2090 1407 2124 :
1456 2073 1737 2128 divinitate
1783 2076 1928 2129 enim
1978 2074 2036 2130 s'e

447 2161 637 2231 plenos
663 2163 1000 2230 assimulant,
1033 2175 1087 2219 et
1115 2174 1290 2220 astuta
1331 2164 1694 2221 fraudulentia
1725 2169 2036 2224 hominibus

439 2249 623 2305 futura
671 2254 995 2324 conjectant.
1053 2256 1166 2309 Duo
1223 2265 1350 2311 sunt
1389 2272 1587 2328 genera
1637 2258 2032 2314 divinationis:

441 2357 530 2398 ars
559 2352 613 2398 et
643 2343 815 2399 furor.
849 2346 1222 2402 lncantatores
1264 2350 1442 2404 vocati
1479 2357 1603 2404 sunt
1627 2391 1642 2414 ,
1685 2351 1810 2420 quia
1860 2361 2035 2408 artem

446 2435 625 2491 verbis
655 2437 978 2506 compleant.
1021 2439 1189 2494 Arioli
1226 2442 1401 2496 vocati
1428 2482 1442 2507 ,
1477 2450 1695 2512 propter
1720 2443 1864 2512 quod
1894 2444 2038 2498 circa

445 2538 572 2577 aras
601 2523 863 2580 idolorum
918 2526 1154 2605 nefarias
1197 2544 1387 2598 preces
1423 2533 1714 2598 emittunt,
1739 2542 1792 2587 et
1822 2535 2036 2587 funesta

445 2612 710 2668 sacrificia
747 2614 1000 2682 offerunt,
1051 2619 1242 2687 bisque
1282 2620 1687 2676 celebritatibus
1731 2622 2035 2677 daemonum

445 2718 703 2772 responsa
735 2707 1022 2774 accipiunt.
1062 2709 1353 2778 Aruspices
1400 2713 1725 2781 nuncupati,
1755 2713 1906 2781 quasi
1940 2714 2038 2767 lio-

445 2809 630 2849 rarum
683 2796 1020 2866 inspectores
1054 2817 1066 2852 :
1098 2799 1212 2855 dies
1246 2802 1390 2855 enim
1419 2812 1474 2856 et
1497 2804 1661 2859 horas
1711 2806 1765 2859 in
1814 2806 2036 2875 agendis

445 2891 678 2959 negotiis
727 2893 1088 2963 operibusque
1139 2891 1447 2950 custodiunt
1479 2915 1491 2950 :
1521 2897 1726 2967 etquid
1775 2913 1871 2968 per
1925 2900 2038 2952 sin-

441 2983 568 3052 gula
616 2993 861 3054 tempora
903 2988 1194 3043 observare
1248 2989 1442 3044 debeat
1487 2991 1667 3055 homo,
1707 2989 2031 3044 intendunt:

445 3073 500 3127 hi
557 3073 719 3128 etiam
770 3084 895 3130 exta
930 3079 1192 3145 pecudum
1232 3079 1550 3148 inspiciunt,
1575 3088 1628 3134 et
1653 3096 1720 3134 ex
1746 3081 1825 3134 eis
1851 3080 2033 3133 futura

443 3165 763 3234 praedicant.
815 3167 1060 3239 Augures
1089 3177 1216 3224 sunt
1241 3169 1466 3234 scilicet,
1500 3170 1593 3240 qui
1619 3168 1828 3224 volatus
1850 3168 2030 3224 avium

441 3261 496 3308 et
521 3269 685 3309 voces
715 3255 1022 3320 intendunt,
1051 3258 1264 3328 aliaque
1304 3259 1458 3329 signa
1495 3273 1699 3324 rerum,
1729 3258 1814 3311 vel
1843 3258 2030 3313 obser-

441 3344 688 3398 vationes
714 3345 1006 3416 improvise
1030 3349 1339 3404 hominibus
1365 3357 1715 3405 occurrentes
1745 3369 1757 3402 ε
1793 3349 1954 3403 iidem
1981 3356 2036 3402 et

447 3439 716 3507 auspices.
753 3437 889 3493 Nam
919 3442 1159 3512 auspicia
1186 3452 1330 3511 sunt,
1379 3460 1498 3514 qua:
1526 3445 1629 3499 iter
1652 3443 1913 3499 facientes
1939 3445 2035 3498 ob-

442 3536 681 3581 servant.
732 3527 886 3583 Dicta
943 3539 1123 3586 autem
1169 3542 1296 3588 sunt
1343 3535 1599 3604 auspicia,
1651 3536 1806 3605 quasi
1852 3536 2034 3590 avium

443 3618 665 3686 aspicia,
710 3628 768 3672 et
815 3626 1061 3691 auguria,
1096 3625 1249 3693 quasi
1302 3627 1478 3680 avium
1522 3627 1726 3696 garria,
1765 3628 1870 3681 hoc
1912 3636 2031 3691 est,

446 3709 626 3762 avium
657 3725 816 3766 voces
851 3720 904 3766 et
943 3712 1157 3785 lingute.
1209 3716 1342 3770 Item
1375 3719 1690 3787 augurium,
1723 3718 1878 3787 quasi
1927 3718 2036 3771 avi-

442 3801 672 3870 gerium,
706 3803 851 3872 quod
890 3820 1017 3859 aves
1048 3815 1261 3875 gerunt.
1309 3807 1425 3862 Duo
1456 3817 1582 3862 sunt
1621 3816 1802 3863 autem
1838 3823 2035 3878 genera

443 3892 809 3960 auspiciorum
843 3911 854 3946 :
901 3910 1068 3950 unum
1095 3898 1162 3951 ad
1194 3897 1380 3952 oculos
1404 3937 1419 3962 ,
1451 3897 1596 3952 aliud
1621 3897 1688 3952 ad
1718 3911 1877 3952 aures
1911 3913 2036 3967 per-

453 3983 651 4036 tinens.
685 3983 767 4036 Ad
802 3985 990 4040 oculos
1039 3986 1246 4040 scilicet
1291 3986 1503 4041 volatus
1551 4005 1564 4040 :
1602 3988 1669 4042 ad
1723 4003 1882 4042 aures
1929 4003 2034 4043 vox

446 4072 648 4126 avium.
672 4072 1013 4145 Pythonissae
1041 4092 1070 4129 a
1107 4075 1300 4147 Pythio
1321 4075 1568 4146 Apolline
1591 4077 1768 4142 dieue,
1801 4092 1866 4133 eo
1893 4079 2036 4148 quod

448 4164 496 4218 is
525 4175 715 4219 auctor
761 4163 866 4220 fuit
892 4165 1189 4220 divinandi.
1221 4166 1491 4237 Astrologi
1532 4167 1659 4222 dicti
1687 4183 1775 4234 eo,
1806 4169 1948 4238 quod
1981 4169 2035 4222 in

447 4256 610 4310 astris
650 4265 1008 4327 augurantur.
1049 4256 1389 4312 Genethliaci
1416 4257 1666 4329 appellati
1689 4269 1912 4328 propter
1945 4274 2038 4312 na-

417 4339 638 4414 ,‘talium
684 4347 1170 4403 considerationem
1220 4349 1448 4404 dierum.
1478 4348 1730 4404 Genesim
1781 4364 1909 4405 vero
1939 4351 2038 4405 bo-

2136 541 2234 596 per
2265 524 2524 594 quasdam
2557 563 2570 587 ,
2602 538 2738 591 quas
2765 530 2941 576 sortes
2971 527 3280 575 sanctorum
3327 527 3554 583 vocant,
3589 519 3730 573 divi-

2137 615 2370 669 nationis
2414 613 2698 668 scientiam
2739 611 3087 682 profitentur,
3130 618 3223 662 aut
3274 625 3730 679 quarumcunque

2139 705 2533 774 scripturarum
2561 704 2900 773 inspectione
2927 702 3108 755 futura
3139 702 3479 770 promittunt.
3528 699 3733 755 Salisa-

2140 805 2284 851 tores
2313 794 2491 850 vocati
2521 803 2688 859 sunt,
2722 795 2849 863 quia
2889 794 3016 848 dum
3049 794 3127 848 eis
3178 793 3548 846 membrorum
3591 807 3735 861 quae-

2139 904 2351 958 cunque
2379 897 2565 958 partes
2591 886 2836 941 salierint
2854 927 2869 953 ,
2914 886 3116 955 aliquid
3145 885 3246 940 sibi
3282 885 3477 940 exinde
3505 899 3736 953 prospe-

2141 994 2260 1034 rum
2293 993 2386 1034 seu
2418 979 2574 1033 triste
2603 977 2912 1048 signiﬁcare
2957 977 3273 1046 prtedieunt.
3304 977 3386 1032 Ad
3408 977 3523 1031 haec
3549 977 3734 1031 omnia

2139 1071 2415 1140 pertinent
2430 1078 2483 1124 et
2505 1070 2749 1140 ligaturte
2775 1070 3187 1125 exsecrabilium
3219 1071 3584 1126 remediorum
3610 1086 3738 1125 con-

2143 1160 2478 1225 temnendae,
2522 1161 2635 1216 sive
2670 1161 2725 1215 in
2773 1162 3314 1230 praecantatiouibus,
3339 1162 3453 1216 sive
3495 1161 3552 1214 in
3602 1163 3733 1214 cha-

2142 1252 2474 1318 racteribus,
2527 1252 2612 1306 vel
2662 1252 2715 1305 in
2772 1251 3076 1320 quibusque
3126 1253 3290 1307 rebus
3337 1251 3735 1322 suspendendis

2142 1356 2301 1418 atque
2327 1349 2557 1419 ligandis
2587 1365 2600 1401 :
2629 1348 2685 1402 in
2709 1348 2905 1417 quibus
2929 1349 3180 1403 omnibus
3207 1364 3297 1403 ars
3320 1349 3628 1403 daemonum
3653 1355 3737 1402 est

2141 1455 2206 1493 ex
2238 1431 2470 1509 quadam
2517 1439 2773 1509 pestifera
2808 1440 3068 1494 societate
3094 1440 3374 1494 hominum
3420 1447 3477 1492 et
3512 1437 3734 1509 angelo—

2146 1545 2265 1584 rum
2295 1529 2558 1587 malorum
2606 1538 2814 1585 exorta.
2867 1530 3019 1585 Unde
3069 1539 3262 1586 cuncta
3289 1530 3508 1584 vitanda
3539 1536 3668 1584 sunt
3701 1544 3732 1581 a

2142 1619 2451 1673 Christiano
2471 1619 2986 1688 etomninopenitus
3001 1620 3374 1674 exsecratione
3396 1619 3730 1688 repudianda

2146 1716 2307 1777 atque
2355 1709 2682 1764 damnanda.
2741 1711 2978 1780 Auguria
3029 1711 3211 1764 avium
3286 1709 3527 1780 Phryges
3569 1709 3730 1777 primi

2139 1801 2462 1854 invenerunt
2493 1819 2504 1853 :
2532 1801 2863 1870 praestigium
2908 1815 3040 1856 vero
3067 1800 3366 1855 Mercurius
3408 1800 3620 1870 primus
3652 1800 3732 1853 di-

2138 1893 2279 1947 citur
2299 1893 2590 1947 invenisse.
2624 1891 2838 1946 Dictum
2864 1902 2945 1948 est
2974 1899 3155 1948 autem
3183 1893 3540 1964 praestiginm,
3584 1893 3732 1962 quod

2138 1985 2469 2056 praestringit
2495 1983 2666 2038 aciem
2697 1983 2997 2039 oculorum.
3025 1984 3102 2038 De
3133 1983 3358 2053 magicis
3392 1991 3574 2037 autem
3601 1981 3734 2036 artic

2138 2078 2240 2131 bus
2276 2085 2441 2144 atque
2482 2076 2943 2130 incantationibus
2966 2085 3022 2130 et
3050 2075 3526 2146 superstitionibus
3549 2075 3732 2129 diver-

2097 2156 2104 2162 ’
2139 2164 2236 2228 sis,
2262 2179 2400 2234 quas
2422 2163 2652 2234 gentiles
2681 2172 2736 2218 et
2758 2163 2878 2217 falsi
2909 2163 3194 2218 christiani
3226 2165 3278 2217 in
3307 2163 3733 2218 divinationibus

2137 2256 2252 2312 suis
2299 2264 2356 2310 et
2394 2255 2868 2310 observationibus
2913 2255 3182 2324 perversis
3228 2255 3730 2324 sequLvidentur,

2138 2350 2268 2420 quid
2308 2349 2394 2404 lex
2443 2349 2624 2404 divina
2668 2348 2877 2402 sanciat
2925 2365 2937 2400 :
2973 2347 3027 2401 in
3073 2346 3490 2402 auctoritatibus
3529 2347 3733 2401 veteris

2140 2441 2471 2496 Testamenti
2522 2454 2585 2494 ac
2614 2439 2738 2494 novi
2781 2437 2939 2492 facile
2970 2447 3053 2492 est
3102 2438 3365 2491 invenire.
3417 2437 3733 2490 Detestatur

2137 2533 2281 2587 enim
2313 2547 2407 2587 eos
2434 2531 2522 2588 lex
2555 2531 2736 2586 divina
2765 2572 2778 2596 ,
2808 2545 2926 2601 quae
2957 2531 3011 2584 in
3063 2530 3203 2584 libro
3246 2530 3416 2584 Exodi
3447 2530 3521 2582 ita
3553 2529 3688 2582 dicit
3716 2547 3727 2580 :

2139 2624 2407 2692 Maleﬁcos
2436 2625 2489 2677 in
2525 2632 2664 2677 terra
2696 2635 2785 2676 tua
2818 2640 2879 2676 ne
2905 2623 3125 2692 patiaris
3149 2625 3312 2676 vivere
3341 2621 3538 2693 (Exod.
3564 2620 3728 2692 χιιι).

2137 2715 2201 2769 Et
2231 2717 2358 2769 item
2393 2732 2404 2767 :
2440 2714 2542 2779 Qui
2569 2713 2829 2777 immolat,
2858 2713 2954 2777 ait,
2981 2714 3083 2766 diis
3111 2724 3300 2782 prteter
3323 2713 3420 2768 soli
3461 2713 3689 2766 Domino
3715 2753 3730 2778 ,

2138 2809 2400 2861 o'ccidetur
2441 2804 2652 2877 (Ibid.).
2715 2805 2871 2859 Etin
2912 2804 3154 2859 Levitico
3195 2823 3206 2858 :
3267 2804 3350 2858 Ne
3406 2804 3688 2858 comedetis
3714 2845 3729 2868 ,

2137 2898 2331 2968 inquit,
2346 2913 2464 2950 cum
2495 2897 2780 2966 sanguine:
2807 2913 2912 2948 non
2935 2895 3294 2965 auguramini,
3319 2911 3411 2947 nec
3433 2894 3734 2951 observabi-

2137 2991 2200 3043 tis
2245 2990 2448 3043 somnia
2477 3029 2490 3048 ,
2538 2998 2586 3040 et
2637 3003 2791 3056 super
2819 2996 3083 3040 mortuum
3124 3001 3187 3038 ne
3228 2985 3469 3038 incidetis
3515 3000 3730 3038 carnem

2138 3090 2380 3144 vestram,
2415 3094 2576 3148 neque
2604 3079 2803 3148 figuras
2830 3087 2880 3130 et
2912 3071 3160 3146 sligmala
3189 3076 3390 3145 facietis
3417 3075 3580 3129 vobis.
3611 3075 3730 3145 Ego

2136 3166 2639 3239 Dominus~(lbid.)'.
2676 3167 2743 3221 Et
2769 3167 2932 3221 item:
2958 3164 3041 3219 Ne
3065 3164 3352 3231 declinetis,
3385 3167 3480 3229 ait,
3505 3165 3575 3218 ad
3605 3182 3728 3217 ma-

2136 3281 2247 3335 gos,
2292 3281 2382 3318 nec
2418 3263 2482 3317 ab
2517 3261 2702 3316 ariolis
2739 3261 2939 3331 aliquid
2978 3262 3332 3327 sciscitemini,
3369 3272 3423 3315 ut
3467 3279 3570 3316 non
3613 3262 3733 3332 pol-

2136 3358 2357 3412 luamini
2383 3373 2472 3428 per
2497 3372 2582 3411 eos
2614 3354 2824 3427 (Ibid.).
2849 3355 2915 3409 Et
2944 3356 3140 3408 iterum
3179 3372 3193 3407 :
3237 3354 3346 3415 Vir,
3380 3354 3555 3422 inquit
3579 3393 3594 3417 ,
3621 3355 3733 3407 sive

2135 3446 2362 3512 mulier,
2399 3448 2454 3499 in
2495 3446 2680 3516 quibus
2723 3444 3032 3513 pytltoiiicus
3076 3442 3151 3498 vel
3189 3443 3522 3498 divinationis
3565 3443 3732 3511 fuerit

2135 3540 2373 3606 spiritus,
2397 3546 2560 3591 morte
2579 3536 2838 3589 moriatur
2864 3551 2882 3588 :
2915 3533 3176 3603 lapidibus
3207 3534 3422 3586 obruent
3444 3549 3530 3586 eos
3561 3545 3579 3582 :
3602 3549 3732 3587 san-

2137 3630 2250 3700 guis
2283 3645 2463 3683 eorum
2487 3629 2554 3681 sit
2583 3643 2737 3696 super
2761 3643 2847 3680 eos
2872 3624 3017 3692 (Leu.
3044 3624 3159 3694 xx).
3194 3623 3253 3678 In
3301 3625 3730 3679 Deuteronomio

2139 3733 2351 3788 quoque
2367 3717 2444 3771 sic
2459 3716 2618 3770 dicit:
2637 3714 2862 3779 Quando
2876 3715 3138 3784 ingressus
3166 3713 3328 3782 fueris
3347 3723 3728 3782 terram,quam

2135 3810 2392 3864 Dominus
2419 3807 2560 3861 Deus
2592 3815 2712 3859 tuus
2746 3806 2969 3858 daturus
2989 3813 3063 3858 est
3092 3805 3223 3857 tibi:
3244 3821 3366 3858 cave
3383 3843 3398 3868 ,
3419 3809 3480 3858 ne
3503 3804 3728 3857 imiteris

2136 3901 2575 3955 abominationem
2596 3897 2809 3951 illarum
2834 3899 3083 3966 gentium.
3106 3896 3218 3951 Nec
3253 3897 3547 3950 inveniatur
3575 3897 3628 3949 in
3652 3906 3726 3960 te,

2135 3993 2222 4062 qui
2247 3991 2426 4046 lustret
2455 3990 2624 4059 filium
2645 4005 2819 4053 suum,
2846 3998 2937 4042 aut
2972 3987 3140 4056 ﬁliam
3165 3987 3357 4041 ducens
3393 4003 3484 4056 per
3516 3987 3728 4056 ignem:

2138 4094 2226 4138 aut
2241 4085 2328 4155 qui
2353 4082 2545 4138 ariolos
2571 4084 2865 4137 sciscitetur
2891 4093 2938 4136 et
2968 4083 3192 4136 observet
3225 4082 3429 4135 somnia
3451 4091 3606 4150 atque
3627 4098 3728 4133 au-

2137 4176 2290 4248 guria
2320 4192 2338 4234 :
2367 4191 2459 4229 nec
2505 4177 2572 4229 sit
2610 4175 2898 4243 maleficus,
2942 4191 3106 4244 neque
3153 4174 3470 4238 incantator,
3509 4189 3602 4226 nec
3632 4189 3730 4242 py-

2138 4267 2317 4319 tltones
2362 4264 2622 4328 consulat,
2651 4281 2812 4334 neque
2853 4264 3076 4327 divinos,
3117 4272 3163 4317 et
3195 4272 3397 4334 qua’rat
3425 4280 3457 4316 a
3505 4264 3728 4316 mortuis

2138 4359 2423 4410 veritatem.
2455 4353 2648 4407 Omnia
2680 4355 2819 4406 enim
2865 4354 2975 4407 [uec
3009 4352 3395 4406 abominabitur
3439 4351 3724 4404 Dominus.

449 4440 656 4495 minum
700 4455 800 4510 per
828 4441 1113 4497 duodecim
1143 4441 1265 4497 coeli
1297 4442 1448 4512 signa
1483 4443 1834 4508 describunt,
1888 4444 2033 4498 side-
2058 4474 2112 4533 D
2141 4446 2210 4499 Et
2230 4455 2439 4516 propter
2477 4445 2779 4514 hujusmodi
2820 4443 3015 4498 scelera
3056 4443 3242 4497 delebit
3291 4459 3377 4495 sos
3401 4443 3456 4495 in
3500 4443 3727 4494 introitu

447 4546 678 4601 rumque
700 4546 865 4586 Clll‘Sll
889 4532 1232 4586 nascentium
1254 4548 1454 4595 mores,
1481 4542 1656 4597 actus,
1679 4541 1869 4586 eventa
1897 4549 2035 4603 pra:-

446 4619 630 4673 dicare
653 4629 939 4685 conantur,
965 4621 1016 4675 id
1037 4629 1141 4685 est,
1164 4622 1284 4690 quis
1308 4621 1452 4690 quali
1478 4621 1629 4686 signo
1653 4619 1814 4675 fuerit
1838 4632 1993 4677 natus
2018 4637 2031 4676 :

448 4719 541 4763 aut
585 4725 746 4780 quem
782 4709 1031 4766 effectum
1083 4711 1279 4765 habeat
1329 4713 1489 4776 vita,
1538 4713 1631 4781 qui
1678 4713 1936 4767 nascitur.
1969 4713 2032 4767 lli

445 4808 593 4866 sunt,
623 4801 716 4870 qui
746 4801 905 4871 vulgo
934 4801 1300 4858 Mathematici
1341 4813 1618 4858 vocantur.
1647 4805 1810 4874 Cujus
1850 4819 2035 4875 super-

447 4890 687 4944 stitionis
715 4907 885 4962 genus
926 4893 1368 4950 constellationes
1414 4894 1566 4949 latini
1598 4905 1814 4961 vocant,
1851 4897 1902 4950 id
1929 4907 2032 4961 est,

449 4980 758 5036 notationes
795 4983 1074 5048 siderum,
1130 4987 1400 5054 quomodo
1455 5002 1512 5041 se
1571 4988 1805 5042 habeant
1834 5028 1848 5053 ,
1912 5003 2032 5042 cum

399 5139 402 5142 ι
450 5073 679 5143 quisque
730 5074 990 5128 nascitur.
1047 5075 1286 5129 Primum
1337 5086 1514 5130 autem
1568 5078 1726 5132 iidem
1760 5079 2036 5133 stellarum

450 5163 776 5234 interpretes
802 5165 942 5233 magi
974 5167 1422 5234 nuncupabantur
1444 5186 1454 5218 :
1473 5169 1608 5221 sicut
1629 5169 1792 5223 dehis
1815 5169 2034 5237 legitur,

408 5257 413 5325 ᾗ
453 5254 546 5322 qui
586 5253 641 5308 in
689 5253 985 5325 Evangelio
1035 5253 1309 5309 Christum
1360 5266 1543 5308 natum
1594 5259 1979 5312 nuntiaverunt
2019 5276 2031 5311 :

452 5351 641 5412 postea
686 5343 790 5398 hoc
835 5343 1052 5398 nomine
1107 5343 1205 5399 soli
1255 5344 1622 5399 Mathematici
1661 5363 1671 5397 :
1707 5347 1860 5413 cujus
1906 5347 2037 5400 artis

453 5433 682 5487 scientia
735 5447 907 5504 usque
959 5433 1022 5488 ad
1066 5434 1414 5505 Evangelium
1470 5435 1569 5488 fuit
1608 5451 1862 5490 concessa
1918 5455 1928 5488 :
1979 5445 2040 5490 ut

457 5523 676 5578 Christo
707 5525 852 5578 edito
884 5539 1041 5579 nemo
1084 5526 1277 5580 exinde
1323 5526 1660 5580 nativitatem
1712 5527 1939 5596 alicujus
1973 5525 2039 5579 de

458 5623 652 5669 caetero
682 5616 1149 5686 interpretaretur.
1201 5617 1516 5688 Horoscopi,
1557 5619 1698 5687 quod
1748 5633 1843 5686 per
1879 5618 2041 5672 horas

454 5706 766 5763 nativitates
794 5709 1070 5764 hominum
1095 5710 1459 5780 speculantur,
1484 5711 1731 5767 dissimili
1752 5719 1805 5766 et
1828 5711 2042 5766 diverso

2138 4547 2247 4590 tuo.
2276 4534 2546 4604 Perfectus
2567 4536 2668 4588 eris
2688 4543 2735 4588 et
2762 4534 2953 4604 absque
2989 4532 3198 4586 macula
3233 4548 3347 4586 cum
3371 4532 3592 4584 Domino
3618 4530 3728 4583 Deo

2138 4635 2247 4678 tuo.
2276 4625 2460 4679 Gentes
2498 4625 2612 4676 istm
2653 4639 2878 4693 quarum
2915 4623 3199 4692 possidebis
3236 4632 3450 4684 terram,
3493 4637 3726 4690 augures

2137 4723 2185 4767 et
2225 4714 2426 4766 divinos
2473 4712 2820 4765 audiunt:tu
2894 4722 3065 4765 autem
3114 4728 3147 4764 a
3205 4710 3427 4764 Domino
3469 4710 3728 4762 Deoduo

2139 4808 2292 4859 aliter
2329 4807 2596 4859 institutus
2629 4822 2680 4858 es
2716 4803 2892 4876 (Deut.
2917 4803 3091 4873 xvm).
3126 4803 3194 4857 Et
3230 4803 3357 4872 quid
3388 4801 3728 4869 sequendum

2141 4897 2212 4952 sit
2261 4898 2344 4952 vel
2385 4897 2805 4960 obaudiendum,
2860 4911 2984 4950 mox
3015 4895 3276 4963 sequitur,
3322 4893 3550 4946 dicens:
3583 4889 3729 4944 Pro-

2141 4991 2346 5060 pltetam
2392 4989 2454 5040 de
2501 4996 2646 5057 gente
2689 4996 2780 5039 tua
2813 4996 2859 5038 et
2909 4985 2972 5037 tle
3010 4983 3266 5052 fratribus
3311 4983 3416 5036 tuis
3467 4982 3603 5035 sicut
3642 4998 3729 5034 me

2142 5077 2411 5131 suscitabit
2464 5076 2554 5128 tibi
2600 5077 2856 5129 Dominus
2917 5073 3059 5126 Deus
3103 5082 3222 5127 tuus
3255 5073 3464 5142 :ipsum
3504 5072 3725 5135 audies,

2142 5176 2198 5220 ut
2230 5167 2401 5236 petisti
2439 5184 2470 5218 a
2513 5165 2733 5218 Domino
2755 5163 2863 5216 Deo
2907 5172 2995 5216 tuo
3037 5163 3093 5214 in
3145 5160 3302 5226 Oreb,
3337 5161 3550 5230 quando
3601 5177 3730 5213 con-

2143 5259 2380 5311 cionatus
2406 5273 2458 5310 es
2498 5265 2650 5324 atque
2697 5253 2875 5306 dixisti
2905 5269 2922 5306 :
2959 5250 3112 5304 Ultra
3161 5268 3265 5306 non
3296 5252 3514 5304 audiam
3547 5267 3728 5304 vocem

2141 5349 2353 5403 Domini
2384 5347 2479 5400 Dei
2514 5344 2654 5398 mei:
2682 5353 2730 5398 et
2773 5347 2945 5414 ignem
2987 5346 3123 5397 hunc
3161 5345 3450 5397 maximum
3497 5343 3731 5411 amplius

2143 5458 2244 5496 non
2289 5439 2490 5501 videbo,
2523 5455 2584 5490 ne
2609 5439 2829 5490 moriar.
2878 5437 2944 5491 Et
2977 5439 3049 5490 ait
3087 5437 3342 5490 Dominus
3385 5437 3550 5489 mihi:
3583 5436 3734 5493 Bene

2143 5531 2319 5583 omnia
2361 5537 2480 5581 sunt
2531 5527 2712 5580 locuti.
2746 5526 3062 5596 Prophetam
3089 5528 3349 5580 suscitabo
3375 5529 3447 5580 eis
3467 5529 3529 5580 de
3550 5528 3732 5583 medio

2145 5622 2372 5689 fratrum
2412 5634 2627 5671 suorum
2677 5617 2901 5671 similem
2962 5617 3058 5680 tui,
3098 5627 3145 5670 et
3198 5633 3387 5686 ponam
3419 5617 3571 5671 verba
3610 5634 3731 5670 mea

2145 5713 2200 5764 in
2238 5728 2325 5767 ore
2363 5711 2476 5775 eius
2511 5727 2527 5765 .'
2573 5709 2908 5780 loqueturque
2948 5709 3016 5762 ad
3049 5725 3135 5764 eos
3188 5710 3382 5776 omnia,
3423 5723 3540 5779 quae
3596 5725 3733 5776 prte-
