3922 6360
208 407 308 466 425

1166 400 1252 457 DE
1294 394 1643 457 UNIVERSO
1683 390 1862 449 LIBRI
1900 390 2064 449 XXII.
2108 424 2175 436 —
2211 394 2339 450 LIB.
2385 395 2495 450 XV.

3366 387 3469 448 (26

209 534 380 593 cepero
404 517 505 571 illi.
550 514 659 582 Qui
694 522 868 570 autem
910 514 1063 569 verba
1110 514 1247 582 ejus,
1294 526 1412 579 qua:
1453 508 1692 579 loquetur
1735 505 1865 565 in~A
1896 514 2037 558 sunt.
2062 504 2139 560 lbi
2166 506 2313 560 enim
2350 506 2404 559 in
2440 506 2571 559 locis
2620 504 2927 577 agrestibus
2968 512 3019 554 et
3062 500 3212 571 pagis
3250 499 3476 568 gentiles

209 612 409 667 nomine
424 625 563 673 meo,
596 608 783 660 audire
808 604 1053 669 noluerit,
1084 619 1178 673 ego
1205 601 1346 655 ultor
1368 601 1587 654 cristam
1616 597 1792 669 (Deut.

210 699 379 772 mn).
396 696 497 752 Hic
518 711 649 767 ergo
662 695 931 765 Propheta
951 702 1005 749 et
1021 693 1281 748 Dominus
1299 691 1540 747 omnium
1566 688 1798 759 prephe-

210 801 401 855 tarum,
433 788 527 859 qui
550 797 634 843 est
663 790 766 855 via,
805 790 997 843 veritas
1019 795 1067 841 et
1096 786 1205 841 vita
1234 783 1415 856 (Joan.
1443 782 1576 853 xw),
1610 781 1795 837 condi-

210 892 291 939 tor
340 879 629 950 utriusque
661 878 990 941 testamenti,
1035 891 1143 931 non
1173 876 1345 931 solum
1378 874 1431 929 in
1470 873 1658 928 Veteri
1698 870 1793 926 sed

208 972 367 1029 etiam
421 970 479 1024 in
509 968 660 1025 Novo
685 982 876 1023 omnes
902 980 1120 1021 errores
1146 974 1200 1019 et
1225 962 1591 1020 divinationes
1631 968 1794 1039 atque

209 1069 349 1115 artes
384 1060 581 1113 noxias
625 1056 833 1126 respuit
860 1063 1023 1125 atque
1060 1053 1357 1110 contemnit
1386 1070 1398 1105 :
1426 1066 1529 1106 nec
1580 1050 1649 1104 ab
1690 1050 1795 1104 alio

210 1164 365 1221 quam
421 1164 454 1202 a
518 1163 577 1203 se
612 1146 729 1201 vult
758 1145 963 1215 requiri
1015 1144 1301 1200 veritatem
1345 1150 1441 1198 aut
1485 1141 1791 1197 sanitatem.

210 1241 329 1311 quia
380 1240 503 1311 ipse
544 1254 670 1294 cum
722 1236 883 1293 Patre
910 1248 967 1291 et
997 1235 1203 1307 Spiritu
1227 1242 1418 1290 sancto
1465 1248 1606 1286 unus
1636 1246 1795 1287 verus

211 1340 366 1401 atque
409 1329 757 1398 omnipotens
804 1336 887 1383 est
936 1324 1101 1392 Deus,
1132 1326 1339 1381 faciens
1381 1324 1653 1379 mirabilia
1680 1340 1795 1376 ma-

212 1439 310 1495 gna
331 1418 501 1477 solus.
557 1419 710 1477 Unde
733 1420 786 1474 in
826 1419 1117 1491 Evangelio
1142 1432 1333 1475 omnes
1375 1415 1443 1469 ad
1476 1430 1533 1470 se
1575 1416 1791 1477 invitat,

213 1508 391 1564 dicens
418 1524 430 1559 :
483 1504 663 1559 Venite
684 1506 754 1559 ad
778 1521 883 1571 me,
916 1504 1093 1558 omnes
1128 1505 1217 1573 qui
1241 1501 1494 1556 laboratis
1518 1510 1565 1554 et
1594 1501 1793 1553 onerati

210 1599 351 1663 estis,
387 1606 434 1651 et
476 1612 571 1667 ego
615 1594 851 1664 reﬁciam
884 1610 993 1649 vos.
1026 1593 1213 1649 Tollite
1254 1594 1446 1663 jugum
1494 1608 1664 1645 meum
1699 1606 1789 1641 sa-

209 1703 297 1757 per
331 1700 440 1751 vos,
468 1693 519 1739 et
564 1684 747 1738 discite
789 1702 822 1738 a
868 1701 949 1738 me
997 1685 1122 1755 quia
1154 1684 1295 1737 mitis
1344 1699 1458 1737 sum
1491 1692 1536 1736 et
1583 1680 1793 1737 Immitis

210 1778 359 1832 corde
381 1791 399 1828 :
426 1786 478 1831 et
501 1774 774 1830 invenietis
814 1776 1043 1846 requiem
1070 1775 1345 1829 animabus
1368 1775 1569 1827 vestris.
1593 1774 1790 1843 Jugam

1899 594 2050 650 lucos
2102 595 2353 665 idolaque
2384 603 2709 655 statuerunt,
2756 602 2807 648 et
2854 606 2881 646 a
2914 591 3005 647 tali
3061 590 3213 644 initio
3245 589 3477 646 vocabu-

1896 683 2005 737 lum
2050 684 2245 753 pagani
2297 684 2492 737 sortiti.
2542 683 2799 740 Gentiles.
2847 682 2936 749 qui
2990 681 3244 749 sinelcge
3271 688 3396 733 sunt
3425 686 3481 731 et

1898 778 2023 832 dum
2050 794 2155 833 non
2178 780 2480 839 crederent,
2516 779 2643 831 dicti
2668 786 2787 831 sunt
2821 774 3072 846 gentiles,
3095 774 3220 843 quia
3255 773 3330 827 ita
3355 780 3482 826 sunt

1896 876 1957 921 ut
1983 868 2199 923 fuerunt
2222 871 2407 939 geniti,
2443 853 2490 925 id
2520 880 2600 923 est
2632 870 2772 924 sicut
2798 869 2848 920 in
2872 882 3035 921 carne
3063 866 3479 927 descenderunt,

1898 959 1999 1013 sub
2038 970 2264 1029 peccato
2316 962 2536 1024 scilicet,
2584 959 2741 1013 idolis
2786 959 3102 1021 servientes,
3149 966 3203 1010 et
3251 956 3482 1011 necdum

1898 1053 2219 1121 regenerati.
2275 1052 2501 1105 Proinde
2534 1054 2621 1122 qui
2655 1051 2881 1122 gentiles
2922 1050 3061 1119 apud
3092 1050 3312 1103 Latinos
3336 1065 3481 1103 nun-

1897 1142 2254 1211 cupabantur,
2312 1145 2407 1211 ipsi
2467 1146 2718 1199 dicuntur
2770 1140 2956 1197 Graéce
2980 1142 3201 1196 ethnici.
3266 1142 3482 1195 Ethnici

1897 1236 2041 1290 enim
2094 1236 2303 1299 Grave,
2352 1237 2541 1289 Latine
2570 1235 2801 1307 gentiles
2833 1253 2847 1289 :
2885 1236 3081 1289 ethnos
3124 1234 3267 1287 enim
3296 1231 3486 1287 Graece

1896 1345 2027 1399 gens
2057 1330 2273 1383 dicitur.
2337 1329 2465 1384 Post
2491 1330 2649 1383 ﬁdem
2685 1336 2866 1381 autem
2896 1342 3003 1381 non
3056 1327 3256 1381 debent
3304 1324 3490 1379 vocari

1896 1428 2103 1487 gentes,
2136 1436 2226 1473 seu
2262 1421 2512 1490 gentiles,
2540 1421 2616 1474 illi
2665 1419 2755 1489 qui
2785 1434 2849 1473 ex
2905 1418 3159 1487 gentibus
3201 1415 3433 1470 credunt
3471 1432 3483 1466 :

1897 1506 2037 1559 sicut
2060 1516 2177 1575 post
2202 1509 2360 1562 ﬁdem
2385 1510 2615 1579 dicijam
2643 1524 2748 1563 non
2779 1516 2956 1577 potest
2986 1504 3222 1569 Iudaeus,
3252 1512 3493 1558 testante

1896 1595 2061 1648 l‘aulo
2117 1598 2359 1667 apostolo
2409 1608 2462 1653 et
2517 1599 2731 1653 dicente
2770 1599 2883 1668 jam
2929 1595 3301 1652 Christianis:
3351 1594 3496 1659 Quo—

1895 1686 2036 1739 niam
2070 1703 2186 1740 cum
2234 1699 2411 1757 gentes
2466 1689 2663 1753 essetis,
2695 1689 2797 1741 hoc
2833 1695 2937 1751 est,
2964 1686 3230 1750 inﬁdeles,
3263 1694 3317 1739 et
3368 1683 3495 1738 reli-

1900 1789 2026 1843 qua.
2076 1776 2251 1830 Etiam
2277 1788 2536 1846 apostatze
2565 1779 2840 1841 dicuntur,
2885 1776 2976 1844 qui
3015 1785 3135 1845 post
3166 1775 3493 1843 baptismum

211 1870 340 1925 enim
355 1885 531 1922 meum
548 1882 706 1923 suave
722 1876 821 1933 est,
840 1877 886 1921 et
910 1883 1040 1921 onus
1065 1882 1235 1919 meum
1256 1866 1359 1918 leve
1384 1864 1598 1935 (Matth.
1620 1862 1716 1933 χι).
1738 1863 1803 1917 Ει
1831 1848 1876 1906 Β
1907 1866 2108 1921 (ΞΜ-ἰειί
2151 1877 2459 1937 susceptum
2488 1870 2554 1923 ad
2581 1868 2843 1922 idolorum
2871 1867 3075 1921 cultum
3099 1873 3155 1919 et
3190 1863 3491 1919 sacriﬁcio-

212 1958 335 2014 item
362 1975 376 2012 :
401 1957 521 2028 Ego
545 1973 684 2021 sum,
722 1956 919 2027 inquit,
942 1955 1037 2010 lux
1065 1955 1250 2007 mundi
1281 1968 1298 2004 :
1324 1955 1415 2023 qui
1446 1954 1680 2023 sequitur
1702 1970 1799 2018 me,

212 2066 311 2104 non
349 2048 642 2102 ambulabit
690 2048 746 2101 in
794 2046 1037 2110 tenebris,
1082 2044 1171 2098 sed
1230 2044 1433 2097 habebit
1472 2043 1647 2097 lumen
1689 2044 1807 2097 vita:

212 2138 388 2210 (Joan.
440 2138 587 2209 vm).
626 2135 725 2193 Hic
752 2140 1073 2207 ergo,juxta
1108 2136 1261 2190 Pauli
1306 2137 1652 2201 sententiam,
1681 2133 1805 2189 Sal-

212 2241 355 2284 vator
378 2237 453 2284 est
502 2228 1047 2290 omniumhominum,
1082 2228 1308 2280 maxime
1327 2226 1563 2294 ﬁdelium
1586 2224 1639 2295 (Ι
1670 2221 1804 2277 Tim.

220 2318 325 2390 tv);
377 2320 442 2373 de
465 2332 578 2387 quo
609 2326 663 2371 et
696 2317 889 2371 Petrus
930 2317 1051 2373 ait;
1079 2316 1203 2369 Non
1226 2324 1304 2368 est
1357 2317 1493 2369 enim
1522 2314 1669 2368 aliud
1715 2329 1807 2365 no-

216 2424 330 2461 men
370 2407 559 2460 datum
588 2406 884 2459 hominibus
923 2417 1080 2475 super
1124 2412 1339 2469 terram,
1391 2405 1446 2456 in
1494 2420 1597 2474 quo
1653 2419 1808 2473 opor-

217 2505 313 2551 teat
356 2480 596 2549 ltomines
638 2494 807 2548 salvos
841 2494 958 2561 ﬁeri
993 2493 1131 2563 (Act.
1166 2492 1263 2563 tv).
1295 2492 1353 2546 In
1385 2507 1491 2561 quo
1523 2492 1688 2546 etiam
1714 2506 1808 2545 no-

220 2588 356 2641 mine
379 2583 628 2655 quotidie
648 2586 801 2654 signa
854 2599 1049 2653 magna
1078 2592 1133 2637 et
1165 2583 1433 2637 sanitates
1484 2584 1538 2635 in
1565 2581 1808 2659 Ecclesia

221 2690 313 2746 per
333 2676 618 2729 orationes
647 2671 883 2727 ﬁdelium
907 2673 1062 2727 ﬁunt.
1091 2672 1359 2740 Quoniam
1388 2673 1504 2741 ipse
1530 2673 1810 2743 discipulis

222 2766 275 2820 in
316 2765 616 2837 Evangelio
646 2764 721 2818 ait
757 2782 770 2817 :
806 2763 942 2818 Ecce
969 2781 1063 2834 ego
1084 2764 1151 2817 do
1194 2764 1333 2819 vobis
1366 2772 1674 2833 patestatem
1702 2764 1810 2817 cal-

224 2856 371 2909 candi
410 2870 573 2924 super
619 2863 878 2923 serpentes
908 2862 956 2906 et
985 2853 1282 2922 scorpiones
1309 2861 1357 2905 et
1408 2868 1565 2921 super
1607 2868 1811 2906 omnem

224 2944 453 2999 virtutem
496 2942 719 3019 inimici.
747 2942 942 2996 Euntes
980 2941 1261 3011 pra'dicate
1293 2940 1635 3011 Evangelium
1659 2940 1809 3011 (Luc.

225 3046 280 3095 ι.
324 3030 492 3085 Mare.
529 3031 664 3100 xvi).
715 3031 968 3086 Inﬁrmos
1014 3040 1225 3095 curate,
1252 3039 1504 3085 mortuos
1530 3032 1809 3098 suscitate,

225 3118 461 3189 kprosos
512 3120 791 3183 mundate,
829 3121 1101 3175 diemones
1136 3118 1335 3187 ejicite.
1377 3119 1515 3186 Quid
1552 3135 1680 3191 ergo
1716 3136 1811 3175 ne-

227 3187 373 3265 cesse
422 3218 508 3265 est
554 3209 784 3265 salutem
840 3210 908 3263 ab
957 3209 1062 3263 alio
1102 3225 1264 3279 quam
1322 3225 1351 3262 a
1404 3187 1815 3266 medicovomni-
1844 3187 1887 3249 Ο

224 3308 434 3369 potente
496 3300 789 3368 qumrere?
829 3298 937 3357 Aut
978 3316 1097 3368 quae
1150 3300 1287 3353 ratio
1319 3307 1401 3354 est
1435 3300 1718 3355 scientiam
1764 3311 1817 3355 ct

227 3391 552 3461 sapientiam
591 3391 659 3445 ab
708 3390 813 3445 alio
860 3390 1099 3459 quolibet
1131 3390 1340 3444 discere
1372 3391 1528 3455 velle,
1554 3407 1712 3460 quam
1747 3393 1814 3447 ab

225 3483 363 3537 omni
387 3472 671 3551 sapientia:
699 3490 754 3536 et
792 3480 1033 3535 scientia:
1061 3480 1240 3534 fronte
1265 3481 1287 3533 ?
1313 3481 1388 3534 De
1411 3495 1518 3549 quo
1548 3482 1811 3549 scriptum

226 3574 304 3622 est
336 3583 350 3618 :
384 3564 572 3619 Omnis
597 3565 856 3633 sapientia
897 3582 928 3616 a
959 3563 1186 3617 Domino
1211 3564 1321 3617 Deo
1375 3574 1471 3628 est,
1508 3574 1556 3618 et
1579 3565 1719 3632 apud
1751 3565 1814 3617 il-

228 3652 332 3708 lum
355 3653 454 3722 fuit
492 3668 717 3722 semper,
756 3662 802 3705 et
833 3661 908 3705 est
961 3662 1080 3706 ante
1121 3669 1258 3706 eum.
1310 3652 1536 3707 Arenam
1558 3656 1739 3718 maris,
1767 3664 1813 3707 et

226 3742 407 3814 pluvia:
446 3754 626 3814 guttas
649 3752 697 3796 et
755 3744 865 3797 dies
909 3743 1091 3796 δέεαιιί
1131 3744 1246 3813 quis
1274 3744 1674 3798 dinumerabit?
1716 3745 1813 3797 Al-

229 3834 499 3889 titudinem
546 3832 662 3887 caeli
699 3842 747 3887 et
792 3833 1123 3887 latitudinem
1174 3844 1345 3898 terrte,
1400 3844 1447 3888 et
1494 3834 1815 3905 profundum

228 3922 396 3993 abyssi
438 3924 557 3993 quis
599 3938 809 3975 mensus
852 3932 927 3975 est
955 3922 977 3961 9
1016 3920 1342 3991 Sapientiam
1389 3922 1486 3975 Dei
1515 3926 1815 3991 prteceden-

229 4022 325 4068 tem
356 4015 532 4068 omnia
576 4014 693 4083 quis
735 4011 1105 4081 investigabit?
1159 4008 1318 4063 Prior
1360 4014 1591 4063 omnium
1639 4022 1813 4065 creata

228 4114 300 4158 est
335 4103 597 4172 sapientia
640 4110 688 4155 et
737 4101 1021 4155 intellectus
1052 4100 1345 4171 prudentia:
1388 4102 1452 4154 ab
1493 4118 1619 4155 (evo.
1673 4101 1813 4155 Fons

233 4192 501 4260 sapientia:
546 4190 755 4243 verbum
808 4189 901 4242 Dei
926 4190 979 4241 in
1028 4188 1265 4253 excelsis,
1290 4198 1335 4241 et
1360 4190 1621 4258 ingressus
1672 4190 1815 4244 illius

230 4281 475 4335 mandata
498 4291 697 4335 teterna
744 4280 878 4351 (Sir.
925 4279 985 4350 ι).
1043 4280 1144 4346 Qui
1192 4281 1333 4335 enim
1366 4282 1481 4335 sine
1535 4281 1817 4338 Salvatorc

231 4370 455 4425 salutem
483 4370 602 4423 vult
631 4370 849 4434 habere,
890 4377 944 4423 et
992 4370 1108 4423 sine
1132 4384 1257 4424 vera
1286 4371 1547 4439 sapientia
1588 4373 1816 4426 aestimat

230 4461 638 4531 seprudentem
683 4460 801 4515 ﬁeri
860 4476 1038 4531 posse,
1090 4478 1194 4515 non
1226 4460 1428 4524 salvus,
1482 4465 1573 4517 sed
1622 4481 1808 4533 Inger;

230 4560 334 4600 non
367 4545 632 4615 prudens,
675 4545 773 4599 sed
821 4547 1018 4599 stultus
1044 4546 1096 4599 in
1128 4547 1448 4615 aegritudine
1498 4549 1813 4603 assidnala-

230 4635 458 4699 borabit,
512 4644 569 4690 et
614 4636 670 4689 in
724 4637 966 4691 ctccitate
1011 4638 1170 4691 noxia
1226 4638 1424 4691 stultus
1498 4648 1551 4693 et
1594 4641 1815 4696 demens

230 4724 608 4793 permanebit:
642 4738 705 4777 ac
726 4726 950 4793 proinde
998 4726 1173 4780 omnis
1215 4727 1513 4796 inquisitio,
1566 4738 1618 4785 et
1640 4734 1813 4787 omnis

232 4816 459 4879 curatio,
508 4830 687 4885 quzea
722 4815 917 4869 divinis
968 4824 1023 4870 et
1075 4819 1265 4886 magis,
1318 4818 1401 4872 vel
1442 4821 1509 4874 ab
1551 4821 1679 4889 ipsis
1710 4823 1815 4877 dte-

234 4906 428 4960 tnoniis
470 4907 527 4961 in
555 4907 819 4962 idolorum
845 4906 1057 4961 cultura
1105 4910 1397 4978 expetitur,
1442 4927 1589 4965 mors
1636 4916 1815 4982 potius

236 4992 456 5052 dicenda
484 5006 572 5053 est
619 5012 780 5066 quam
810 5000 955 5053 vita:
987 5009 1042 5054 et
1085 5002 1177 5068 qui
1229 5016 1291 5055 ca
1320 5009 1613 5068 sectantur,
1664 5006 1707 5059 si
1758 5023 1816 5061 se

239 5096 341 5137 non
366 5086 730 5151 correxerint,
763 5088 831 5142 ad
879 5097 1135 5143 mternam
1176 5091 1535 5159 perditionem
1562 5096 1810 5149 tendunt.

240 5172 523 5241 Quoniam,
546 5176 833 5232 Psalmista
866 5178 1098 5243 dicente,
1128 5178 1317 5234 Omnes
1343 5181 1416 5234 dii
1437 5186 1663 5252 gentium
1708 5186 1816 5241 dte-

241 5264 409 5318 monia
428 5263 607 5336 (Psal.
643 5268 827 5335 Lxxv),
860 5270 951 5338 qni
984 5285 1082 5339 per
1102 5271 1353 5339 deceptos
1383 5272 1649 5340 homines,
1682 5278 1816 5333 alios

242 5350 485 5423 decipere
501 5356 749 5425 quotidie
770 5360 1029 5426 gestiunt,
1064 5368 1123 5413 ut
1146 5362 1464 5429 perditionis
1487 5379 1597 5419 suae
1614 5366 1815 5422 faciant

245 5451 334 5495 eos
357 5456 477 5500 esse
498 5444 806 5501 participes.

865 5537 1090 5594 CAPUT
1132 5542 1190 5594 ν.

846 5627 919 5680 De
946 5630 1183 5697 paganis.

311 5710 507 5787 Pagani
561 5732 627 5771 ex
658 5719 809 5787 pagis
855 5718 1267 5777 Atheniensium
1310 5722 1459 5793 dicti,
1489 5725 1593 5798 .ubi
1623 5739 1810 5800 _CXOl‘lt

601 5824 877 5886 Pnnon.
924 5827 1087 5891 CXI.

1909 1972 2027 2010 rum
2051 1960 2539 2015 contaminationes
2559 1966 2926 2014 revertuntur.
2956 1958 3054 2012 Est
3082 1964 3265 2011 autem
3294 1970 3495 2011 nomen

1909 2044 2177 2101 Graecum.

2533 2138 2760 2194 CAPUT
2799 2138 2887 2193 Vl.

2444 2229 2519 2283 De
2559 2230 2660 2283 diis
2692 2231 2941 2299 gentium.

1990 2320 2135 2387 Quos
2169 2320 2368 2390 pagani
2416 2319 2547 2374 deos
2592 2327 2863 2382 asserunt,
2887 2318 3133 2373 homines
3155 2318 3295 2373 .olim
3332 2317 3500 2373 fuisse

1911 2412 2231 2483 produntur,
2264 2419 2319 2463 et
2364 2424 2461 2479 pro
2502 2408 2928 2477 uniuscujusque
2965 2408 3088 2461 vita:
3147 2408 3358 2462 meritis
3388 2409 3493 2462 coli

1914 2499 2052 2570 apud
2082 2514 2209 2553 suos
2245 2507 2369 2567 post
2426 2508 2656 2551 mortem
2711 2506 3027 2566 cmperunt:
3057 2506 3115 2550 ut
3159 2498 3297 2566 apud
3329 2497 3505 2568 zEgy-

1914 2598 2066 2661 ptum
2107 2588 2224 2651 lsis,
2258 2586 2397 2655 apud
2436 2586 2653 2641 Cretam
2683 2586 2848 2649 Jovis,
2907 2586 3048 2654 apud
3080 2585 3297 2639 Mauros
3334 2586 3494 2651 Juba,

1917 2681 2058 2751 apud
2108 2680 2329 2734 Latinos
2382 2680 2621 2744 Faunus,
2695 2680 2836 2749 apud
2884 2680 3160 2735 Romanos
3220 2680 3502 2746 Quirinus.

1916 2772 2118 2827 Eodem
2168 2785 2384 2839 quoque
2413 2770 2573 2824 modo
2604 2770 2745 2839 apud
2786 2769 3029 2823 Athenas
3061 2768 3321 2833 Minerva,
3360 2769 3504 2838 apud

1920 2862 2142 2916 Samum
2192 2860 2353 2925 Juno,
2403 2861 2542 2928 apud
2585 2858 2797 2929 Paphos
2824 2860 3025 2923 Venus,
3080 2860 3221 2928 apud
3270 2858 3502 2913 Lemnos

1920 2950 2212 3015 Vulcanus,
2235 2950 2373 3019 apud
2403 2939 2584 3004 Naxos
2625 2950 2807 3013 Liber,
2836 2950 2976 3018 apud
3008 2948 3243 3018 Delphos
3282 2948 3495 3019 Apollo.

1918 3039 1978 3094 In
2013 3055 2242 3109 quorum
2303 3039 2468 3093 etiam
2514 3040 2762 3094 laudibus
2810 3047 3159 3094 accesserunt
3204 3049 3259 3094 et
3304 3048 3497 3109 poetae,

1922 3138 1977 3185 et
2007 3131 2319 3200 compositis
2345 3116 2696 3197 carminibus,
2725 3131 2779 3185 in
2804 3130 3001 3186 caelum
3023 3144 3115 3186 eos
3145 3132 3497 3187 sustulerunt.

1920 3220 2053 3274 Nam
2104 3208 2462 3290 quarumdam
2519 3222 2927 3275 adinventiones
2978 3222 3175 3275 artium
3230 3223 3495 3297 reperisse

1920 3312 2193 3365 dicuntur.
2226 3310 2321 3384 [Ut
2372 3326 2402 3363 a
2454 3309 2705 3380 Scolapio
2756 3310 3147 3383 [.tEsculapio]
3202 3311 3499 3377 medicina,

1924 3401 2161 3456 Vulcano
2214 3402 2437 3457 fabrica.
2488 3402 2569 3457 Ab
2616 3402 2825 3457 actibus
2878 3411 3058 3457 autem
3110 3413 3389 3469 vocantur,
3441 3413 3505 3458 ut

1920 3492 2239 3558 Mercurius,
2296 3493 2387 3561 qui
2427 3493 2700 3548 mercibus
2740 3502 2958 3563 praeest,
3014 3495 3174 3549 Liber
3208 3511 3237 3549 a
3270 3495 3507 3549 liberali-

1918 3591 2046 3636 tate.
2094 3582 2337 3636 Fuerunt
2365 3583 2583 3651 quidam
2612 3584 2715 3636 viri
2751 3584 2915 3637 fortes
2962 3592 3055 3637 aut
3084 3585 3294 3638 urbium
3316 3585 3504 3639 condi-

1917 3682 2084 3734 tores,
2132 3672 2325 3739 quibus
2364 3672 2593 3725 mortuis
2634 3672 2878 3725 homines
2921 3673 3009 3740 qui
3059 3686 3152 3727 eos
3198 3674 3504 3728 dilexerunt

1917 3760 2202 3814 simulacra
2232 3761 2525 3824 tinxerunt,
2577 3768 2635 3813 ut
2666 3760 2927 3815 haberent
2970 3760 3185 3829 aliquod
3214 3776 3280 3815 ex
3310 3763 3503 3832 imagi-

1919 3865 2047 3904 num
2101 3848 2554 3917 conlemplatione
2577 3849 2829 3902 solatium
2864 3867 2876 3902 :
2912 3850 3005 3903 sed
3044 3850 3302 3918 paulatim
3355 3852 3499 3907 hunc

1917 3954 2157 3993 errorem
2201 3938 2649 4007 persuadentibus
2688 3940 3035 3992 dmmonihuss
3074 3940 3146 3992 ita
3190 3940 3240 3992 in
3273 3943 3505 4007 posteris

1918 4028 2200 4095 irrepsisse
2228 4036 2462 4091 constat,
2499 4036 2558 4080 ut
2586 4042 2722 4097 quos
2760 4028 2832 4080 illi
2854 4043 2951 4095 pro
2984 4028 3094 4081 sola
3120 4030 3352 4085 nominis
3388 4046 3501 4084 me-

1918 4120 2088 4173 moria
2118 4119 2551 4182 honoravcrunt,
2594 4134 2936 4174 successores
2965 4122 3093 4173 deos
3130 4120 3507 4175 existimarent

1918 4216 2078 4276 atque
2109 4207 2365 4261 colerent.
2397 4206 2822 4263 Simulacrorum
2846 4225 2974 4263 usus
3000 4220 3219 4265 exortus
3245 4219 3350 4275 est,
3374 4228 3498 4266 cum

1917 4314 1982 4352 ex
2021 4298 2289 4352 desiderio
2334 4306 2667 4351 mortuorum
2723 4301 3183 4357 constituerentur
3236 4302 3501 4372 imagines

1916 4388 1999 4441 vel
2029 4386 2249 4455 effigies,
2305 4394 2558 4456 tanquam
2591 4388 2645 4441 in
2694 4388 2889 4442 ccelnm
2940 4389 3171 4458 receptis
3203 4404 3217 4443 :
3254 4406 3353 4459 pro
3377 4391 3499 4458 qui-

1920 4482 2023 4534 bus
2076 4494 2132 4533 se
2176 4480 2228 4532 in
2280 4480 2441 4532 terris
2510 4479 2780 4534 dmmones
2822 4480 3034 4534 colendi
3083 4490 3499 4549 supposuerunt,

1921 4581 1976 4624 et
2024 4570 2123 4624 sibi
2179 4568 2473 4622 sacriﬁcari
2516 4584 2545 4621 a
2574 4569 2812 4637 deceptis
2856 4578 2912 4623 et
2948 4570 3175 4637 perditis
3215 4586 3501 4639 persuase-

1921 4666 2064 4713 runt.
2092 4658 2391 4711 Simulacra
2448 4673 2477 4711 a
2506 4658 2858 4711 similitudine
2899 4666 3226 4725 nuncupata,
3260 4673 3324 4712 eo
3353 4659 3497 4727 quod

1920 4764 2082 4803 manu
2113 4747 2339 4801 artiﬁcis
2385 4763 2451 4801 ex
2478 4746 2655 4816 lapide
2684 4747 2857 4799 aliave
2909 4747 3136 4800 materia
3168 4761 3353 4801 eorum
3383 4748 3504 4801 vul-

1923 4847 2010 4892 tus
2057 4838 2354 4898 imitantur,
2419 4839 2471 4890 in
2504 4854 2733 4906 quorum
2764 4838 2968 4891 honore
3022 4837 3312 4907 ﬁnguntur.
3361 4838 3501 4907 Ergo

1922 4928 2206 4983 simulacra
2242 4927 2323 4981 vel
2350 4943 2447 4997 pro
2482 4944 2545 4982 eo
2571 4929 2713 4997 quod
2743 4940 2867 4981 sunt
2904 4928 3119 4990 similia,
3183 4927 3267 4982 vel
3308 4944 3406 4997 pro
3435 4945 3503 4982 eo

1918 5018 2061 5087 quod
2111 5017 2215 5070 sint
2267 5016 2514 5069 simulata
2550 5026 2707 5085 atque
2760 5016 3005 5071 conﬁcta.
3067 5016 3216 5071 Unde
3270 5026 3325 5071 et
3365 5016 3501 5069 falsa

1919 5115 2061 5161 sunt.
2102 5106 2169 5158 Et
2196 5108 2489 5160 notandum
2519 5108 2660 5175 quod
2706 5107 2930 5161 Latinus
2971 5122 3150 5161 sermo
3205 5107 3275 5161 sit
3304 5108 3357 5161 in
3389 5107 3501 5160 lle-

1919 5198 2096 5251 ltrmis.
2148 5197 2306 5265 Apud
2361 5212 2455 5251 eos
2504 5198 2649 5252 enim
2682 5198 2884 5252 idolum
2940 5207 3102 5266 atque
3150 5198 3501 5251 simulacrum

1920 5288 2083 5343 selem
2135 5288 2353 5342 dicitur.
2408 5289 2575 5343 Judaei
2622 5290 2804 5344 dicunt
2852 5291 2995 5359 quod
3040 5290 3231 5344 lsmacl
3296 5291 3501 5359 primus

1926 5376 2277 5430 simulacrum
2334 5376 2443 5432 luto
2487 5377 2709 5431 fecerit:
2742 5378 2970 5447 gentiles
3030 5386 3209 5431 autem
3266 5378 3499 5444 primum

1926 5467 2307 5521 Prometheum
2337 5467 2625 5523 simulacra
2675 5468 2951 5525 hominum
3016 5469 3082 5523 de
3116 5468 3224 5521 luto
3280 5467 3503 5521 ﬁnxisse

1928 5554 2240 5625 perhibent,
2287 5557 2356 5611 ab
2396 5569 2569 5625 eoque
2613 5566 2795 5610 natam
2834 5572 2954 5611 esse
3006 5565 3175 5610 artem
3208 5556 3499 5611 simulacra

1927 5654 1981 5700 et
2017 5652 2224 5697 statuas
2253 5645 2504 5716 ﬁngendi.
2552 5644 2705 5699 Unde
2741 5655 2795 5699 et
2844 5654 3014 5713 poetae
3060 5646 3128 5699 ab
3160 5660 3223 5698 eo
3254 5645 3499 5699 homines

1924 5735 2157 5805 primum
2217 5734 2385 5790 factos
2439 5752 2555 5791 csse
2626 5735 2937 5804 conﬁngunt
2995 5735 3219 5803 ﬁgurate
3280 5742 3505 5804 propter

2956 5842 3025 5904 13.
