3922 6360
348 376 458 439 λαΞῚ

1003 377 1060 430 Β.
1107 377 1358 432 IIABAM
1400 353 1620 434 lliAURl
1659 377 1973 434 ARCIIIEP.
2017 377 2327 434 .‘fOGUNT.
2368 375 2652 434 OPERUM
2689 377 2868 433 PARS
2905 379 2964 433 Il.

3527 383 3632 442 6ὶὸ

348 493 571 567 effigies.
595 493 748 562 Apud
770 493 989 546 Grmeos
1008 498 1189 545 autem
1209 489 1444 561 Cecrops
1465 493 1564 546 sub
1589 493 1942 563 quoprimnm
1973 502 2021 558 Α
2049 503 2239 548 contra
2278 508 2400 548 eum
2432 493 2740 559 dimicabit,
2779 505 2836 550 et
2869 495 3245 552 adversabitur
3279 498 3642 556 sacramentis

350 589 403 640 in
434 598 558 640 arce
587 583 724 638 oliva
756 589 878 635 orta
924 588 1028 647 est,
1056 592 1111 635 et
1137 581 1547 638 Atheniensium
1588 587 1719 639 urbs
1748 600 1816 639 ex
1843 582 1943 639 Mi-

351 687 530 729 nervae
551 671 910 742 appellatione
933 685 1127 725 nomen
1151 673 1340 727 sortita
1364 682 1466 727 est.
1486 673 1584 729 Hie
1604 675 1810 744 primus
1829 689 1946 730 om-

351 764 501 818 nium
539 759 729 816 Jovem
769 759 1077 831 appellavit,
1110 760 1400 816 simulacra
1431 765 1652 833 reperit,
1684 778 1809 819 aras
1835 772 1948 818 sta-

347 853 474 918 tuit,
509 851 762 908 victimas
783 849 1082 905 immolavit
1108 867 1121 906 :
1147 866 1488 920 nequaquam
1510 854 1667 908 istius
1687 852 1830 907 modi
1857 868 1945 909 re—

347 943 449 998 bus
499 943 556 998 in
593 943 804 999 Graecia
838 956 1077 1012 unquam
1120 942 1269 998 visis.
1311 944 1637 1010 Idololatria,
1678 944 1946 1000 idolorum

346 1035 717 1103 servitussive
745 1035 952 1092 cultura
977 1037 1382 1106 interpretatur.
1413 1037 1551 1091 Nam
1572 1037 1765 1092 Iatreia
1791 1037 1946 1094 Cra:-

345 1141 429 1190 ce,
464 1126 657 1181 Latine
685 1127 920 1181 servitus
947 1126 1166 1192 dicitur,
1205 1141 1345 1197 quae,
1373 1137 1636 1196 quantum
1670 1127 1735 1180 ad
1760 1142 1944 1182 veram

345 1217 662 1288 religionem
693 1218 909 1284 attinet,
941 1234 1048 1272 non
1078 1217 1180 1274 nisi
1209 1219 1302 1273 uni
1333 1227 1388 1274 et
1421 1219 1519 1274 soli
1552 1219 1662 1274 Deo
1696 1219 1943 1274 debetur.

340 1308 500 1363 Hanc
524 1308 665 1362 sicut
691 1300 853 1378 impia
885 1309 1140 1378 superbia
1171 1309 1287 1364 sive
1313 1310 1590 1363 hominum
1614 1307 1726 1363 sive
1747 1307 1945 1362 dmmo-

345 1412 475 1450 num
500 1397 603 1452 sibi
633 1397 878 1452 exhiberi
900 1397 984 1452 vel
1005 1397 1160 1468 jubet
1186 1397 1272 1454 vel
1298 1399 1444 1467 cupit
1476 1415 1488 1450 :
1518 1398 1590 1451 ita
1616 1397 1704 1467 pia
1731 1396 1948 1455 humili-

346 1496 431 1543 tas
459 1489 543 1543 vel
573 1487 853 1542 hominum
885 1487 966 1542 vel
992 1488 1304 1556 angelorum
1327 1495 1641 1542 sanctorum
1668 1485 1770 1540 sibi
1797 1485 1947 1539 obla-

349 1588 460 1633 tam
501 1587 739 1644 recusat,
777 1589 830 1633 et
857 1579 945 1633 cui
986 1579 1214 1634 debetur
1248 1579 1502 1634 ostendit.
1531 1577 1735 1632 Idolum
1765 1584 1945 1630 autem

345 1681 430 1728 est
483 1672 867 1738 simulacrum,
926 1672 1068 1742 quod
1126 1674 1361 1727 humana
1405 1670 1577 1739 efﬁgie
1634 1669 1837 1724 factum
1891 1677 1949 1725 et

346 1770 730 1817 consecratum
784 1771 886 1825 est,
923 1764 1078 1832 juxta
1119 1761 1366 1816 vocabuli
1411 1759 1940 1830 interpretationem.

2049 583 2250 640 Christi
2274 593 2330 640 et
2349 585 2564 640 veritati
2593 585 2728 656 ejus.
2752 586 2888 642 Nam
2919 594 2974 642 et
2997 585 3255 657 templum
3282 585 3644 658 Jerosolymis

2049 690 2328 747 reparare,
2354 685 2411 731 et
2436 690 2625 732 omnes
2655 678 2856 734 veteris
2882 677 3015 755 legis
3041 677 3397 732 caeremonias
3426 685 3640 732 restau-

2049 779 2173 820 rare
2206 765 2453 820 tentabit.
2485 767 2594 821 Sed
2615 774 2671 822 et
2694 768 2781 823 ille
2814 767 3181 829 Antichristus
3209 776 3314 832 est,
3346 766 3440 837 qui
3473 777 3643 840 negat

2049 869 2168 910 esse
2203 855 2373 910 Deum
2408 853 2683 909 Christum
2720 873 2731 908 :
2760 856 3068 911 contrarius
3093 855 3240 915 enim.
3286 865 3370 910 est
3397 853 3640 911 Christo.

2049 944 2250 1002 Omnes
2282 945 2451 1010 enim,
2493 944 2586 1013 qui
2625 954 2827 1000 exeunt
2855 946 2921 1001 de
2948 944 3218 1010 Ecclesia,
3247 953 3302 1000 et
3332 945 3400 998 ab
3429 945 3646 999 unitate

2049 1035 2170 1091 fidei
2193 1035 2585 1106 przeciduntur,
2609 1045 2664 1091 et
2713 1037 2816 1107 ipsi
2848 1035 3170 1094 Antichristi
3211 1044 3355 1092 sunt.
3401 1035 3496 1092 Bel
3527 1036 3644 1092 ido-

2049 1127 2159 1181 lum
2215 1134 2304 1183 est
2344 1125 2754 1197 Babylonicum,
2831 1128 2975 1196 quod
3027 1128 3422 1198 interpretatur
3471 1136 3644 1182 uetus.

2048 1218 2173 1272 Fuit
2205 1218 2352 1275 enim
2390 1220 2481 1274 hic
2521 1218 2682 1272 Belus
2707 1227 2866 1288 pater
2894 1218 3041 1286 Nini,
3081 1220 3292 1288 primus
3338 1233 3434 1273 rex
3482 1217 3650 1288 Assy-

2051 1309 2277 1376 riorum,
2321 1325 2482 1379 quem
2535 1309 2757 1379 quidam
2807 1308 3104 1365 Saturnum
3151 1311 3464 1381 appellant:
3498 1312 3649 1382 quod

2049 1413 2247 1452 nomen
2275 1405 2329 1453 et
2381 1399 2521 1468 apud
2548 1399 2799 1471 Assyrios
2844 1408 2900 1477 et
2926 1401 3069 1470 apud
3103 1399 3268 1455 Afros
3297 1411 3485 1470 postea
3523 1402 3650 1458 cul-

2050 1497 2162 1542 tum
2185 1496 2287 1544 est.
2345 1487 2498 1544 Unde
2544 1497 2600 1544 et
2637 1490 2822 1560 lingua
2851 1491 3058 1547 Punica
3095 1490 3192 1546 Bal
3229 1494 3372 1548 Deus
3407 1483 3646 1550 .dicit'ur.

2049 1580 2204 1649 Apud
2247 1581 2495 1652 Assyrios
2527 1589 2710 1638 autem
2732 1583 2827 1639 Bel
2871 1592 3121 1651 vocatur,
3170 1584 3404 1654 quadam
3457 1600 3651 1641 sacro-

2053 1687 2172 1726 rum
2205 1687 2426 1726 suorum
2454 1673 2684 1739 ratione,
2717 1682 2774 1730 et
2804 1672 3076 1730 Saturnus
3099 1684 3154 1728 et
3179 1662 3654 1746 solfBeeIphegor

2051 1765 2440 1835 interpretatur
2483 1765 2685 1820 idolum
2736 1766 3060 1836 ignominiaa.
3093 1766 3296 1822 Idolum
3331 1766 3434 1820 fuit
3487 1766 3655 1824 Moab

351 1851 517 1907 Eidos
535 1852 680 1906 enim
711 1850 898 1905 Ger-.cce
933 1859 1090 1904 sonat
1115 1850 1366 1916 formam,
1400 1859 1453 1904 et
1483 1849 1551 1904 ab
1580 1865 1646 1906 eo
1680 1864 1777 1920 per
1796 1849 1927 1904 dimi
1982 1859 2029 1918 Β
2058 1865 2416 1927 cognomento
2444 1856 2570 1910 Baal
2615 1869 2779 1926 super
2818 1865 3058 1912 montem
3089 1855 3322 1926 Pbegor,
3351 1870 3515 1925 quem
3545 1856 3654 1911 La-

347 1942 625 1996 nutionem
643 1941 843 1996 idolum
861 1940 1168 2005 deductum,
1197 1954 1350 2009 seque
1365 1940 1505 2011 apud
1528 1955 1628 1996 nos
1651 1939 1941 1995 formulam

350 2030 499 2084 facit.
537 2030 706 2099 Igitur
734 2029 912 2083 omnis
945 2028 1117 2082 forma
1141 2028 1227 2083 vel
1259 2027 1488 2082 formula
1515 2029 1714 2100 idolum
1747 2044 1806 2084 se
1837 2030 1942 2084 dici

347 2120 610 2188 exposcit.
671 2109 799 2172 Inde
822 2117 1122 2171 idololatria
1145 2118 1325 2172 omnis
1363 2118 1509 2172 circa
1540 2133 1713 2174 ‘omne
1741 2119 1941 2174 idolum

347 2208 642 2263 famulatus
686 2217 743 2262 ει
793 2209 1046 2262 servitus.
1085 2206 1316 2274 Quidam
1362 2223 1491 2262 vero
1534 2208 1732 2275 Latini,
1791 2211 1943 2281 igno-

353 2307 541 2353 rantes
591 2295 839 2353 Grtccam
874 2297 1129 2368 linguam,
1166 2298 1416 2367 imperite
1454 2299 1656 2354 idolum
1699 2316 1767 2356 ex
1809 2301 1934 2356 dolo

349 2394 538 2447 dicunt
587 2392 884 2462 sumpsisse
938 2407 1156 2455 nomen,
1202 2389 1346 2460 quod
1379 2391 1628 2446 diabolus
1675 2403 1942 2449 creaturae

351 2483 553 2538 cultum
585 2481 757 2536 divini
804 2481 1038 2537 nominis
1082 2481 1307 2536 invexit.
1357 2482 1640 2537 Daemones
1665 2497 1698 2536 a
1737 2481 1949 2538 Grzecis

350 2574 525 2629 dictos
568 2573 740 2637 aiunt,
789 2572 944 2640 quasi
992 2571 1304 2626 daemonias
1346 2569 1714 2642 [daimonias],
1759 2571 1813 2624 id
1835 2580 1941 2637 est,

349 2667 554 2736 peritos
614 2679 678 2719 ac
738 2645 921 2719 rerum
996 2663 1496 2732 seioszprmsciunt
1556 2663 1700 2718 enim
1761 2662 1942 2717 futura

352 2756 547 2820 multa,
587 2754 728 2808 unde
773 2753 947 2809 solent
980 2768 1238 2822 responsa
1262 2753 1430 2807 multa
1452 2753 1603 2807 dare.
1628 2752 1772 2807 Inest
1797 2753 1941 2808 enim

349 2849 455 2903 illis
496 2847 734 2919 cognitio
773 2860 974 2906 rerum,
1019 2845 1302 2915 plusquam
1342 2844 1644 2899 infirmitati
1669 2845 1938 2911 humana),

350 2938 550 3007 partim
573 2936 874 2992 subtilioris
901 2950 1093 2990 sensus
1137 2935 1407 2998 acumine,
1434 2935 1630 3003 partim
1655 2935 1942 3006 experien-

348 3031 424 3084 tia
467 3027 796 3100 Iongissimze
835 3027 982 3091 vitze,
1011 3026 1208 3096 partim
1249 3040 1348 3095 per
1395 3025 1489 3079 Dei
1525 3025 1740 3094 jussum
1780 3039 1944 3095 ange-

348 3120 455 3174 lica
501 3117 854 3174 revelatione.
897 3115 960 3170 Ili
985 3131 1276 3186 corporum
1319 3130 1606 3170 aereorum
1635 3125 1832 3170 natura
1856 3117 1941 3170 vi-

2049 1947 2144 2000 tini
2199 1946 2456 2015 Priapum
2506 1954 2705 2001 vocant
2750 1946 2908 2000 deum
2951 1946 3255 2001 hortorum.
3290 1945 3416 1999 Fuit
3461 1954 3654 2001 autem

2046 2038 2112 2093 de
2164 2037 2464 2108 Lampsaco
2515 2037 2734 2093 civitate
2777 2036 3132 2106 Hellesponti,
3186 2036 3253 2091 de
3297 2053 3404 2106 qua
3456 2020 3656 2106 pulsus

2046 2137 2168 2193 est,
2225 2135 2282 2182 et
2330 2136 2552 2198 propter
2593 2126 2766 2182 virilis
2812 2127 3045 2182 membri
3111 2127 3544 2197 magnitudinem
3595 2127 3655 2181 in

2047 2231 2276 2273 numero
2321 2218 2548 2272 deorum
2583 2231 2807 2271 suorum
2838 2231 2962 2271 eum
2990 2215 3168 2271 Grzeci
3222 2215 3650 2278 transtulerunt,

2043 2316 2099 2363 et
2152 2307 2206 2361 in
2264 2321 2466 2362 numen
2502 2308 2790 2362 hortorum
2838 2313 3218 2360 sacraverunt.
3263 2304 3419 2361 Unde
3466 2314 3523 2359 et
3563 2303 3652 2360 di-

2044 2398 2187 2452 citur
2237 2411 2471 2467 praeesse
2519 2397 2693 2451 hortis
2725 2405 2946 2466 propter
2987 2411 3177 2451 eorum
3230 2394 3649 2450 fecunditatem.

2045 2485 2346 2541 Beelzebub
2394 2485 2592 2541 idolum
2623 2484 2726 2538 fuit
2754 2486 3022 2550 Accaron,
3067 2485 3212 2554 quod
3254 2485 3656 2555 interpretatur

2045 2577 2123 2630 vir
2170 2592 2517 2631 muscarum:
2545 2575 2730 2631 Zebub
2760 2564 2904 2630 enim
2948 2589 3132 2630 musca
3178 2584 3422 2630 vocatur.
3472 2574 3657 2646 Spur-

2051 2665 2333 2721 cissimum
2384 2665 2585 2721 idolum
2634 2665 2756 2721 ideo
2798 2667 2880 2721 vir
2905 2682 3217 2724 muscarum
3249 2680 3499 2726 vocatum
3525 2687 3658 2742 pro-

2044 2766 2164 2829 pter
2187 2758 2376 2813 sordes
2401 2755 2741 2813 idololatriae.
2785 2757 3088 2814 Behemoth
3148 2760 3204 2814 in
3234 2759 3482 2816 Latinam
3539 2759 3657 2816 lin—

2045 2863 2205 2918 guam
2255 2847 2456 2902 animal
2502 2856 2681 2914 sonat,
2717 2855 2937 2918 propter
2985 2849 3132 2918 quod
3187 2849 3255 2904 de
3303 2850 3536 2906 excelsis
3573 2849 3658 2907 δὲ

2047 2948 2262 2996 ten-cna
2286 2939 2506 3004 cecidit,
2557 2948 2613 2994 et
2663 2955 2760 3008 pro
2786 2940 2981 2995 merito
3035 2955 3154 3007 suo,
3185 2949 3244 2995 ut
3287 2941 3488 2996 animal
3515 2943 3659 2998 bruo

2047 3041 2183 3097 tum,
2219 3011 2446 3086 effectus
2467 3031 2557 3086 sit.
2581 3031 2700 3101 Ipse
2735 3039 2820 3086 est
2849 3039 2904 3085 et
2943 3031 3267 3098 Leviathan,
3303 3033 3356 3088 id
3386 3043 3492 3096 est,
3521 3049 3652 3090 sero-

2047 3136 2182 3192 pens
2209 3121 2276 3176 de
2302 3120 2460 3190 aquis
2489 3139 2503 3174 :
2533 3120 2660 3190 quia
2718 3121 2770 3174 in
2795 3121 2957 3192 hujus
3007 3122 3188 3178 smculi
3229 3124 3367 3178 mari
3420 3124 3655 3182 volubili

348 3218 499 3281 gent.
524 3209 665 3264 Ante
692 3207 1180 3278 transgressionem
1205 3207 1422 3275 quidem
1447 3206 1691 3262 coelestia
1715 3222 1944 3278 corpora
1973 3199 2018 3262 C
2051 3218 2298 3266 versatur
2356 3211 2575 3265 astutia.
2645 3211 2942 3266 Leviatban
3003 3221 3185 3276 autem
3255 3213 3659 3284 interpretatur

349 3299 611 3369 gerebant
640 3317 653 3352 :
679 3296 814 3367 lapsi
863 3312 994 3352 vero
1032 3297 1085 3350 in
1113 3297 1409 3352 :etheream
1450 3297 1767 3368 qualitatem
1815 3312 1947 3352 con-

351 3388 496 3442 versi
537 3395 680 3442 sunt.
728 3385 840 3441 Nec
869 3386 1012 3441 aeris
1042 3386 1185 3440 illius
1236 3386 1454 3455 puriora
1487 3389 1682 3458 spatia,
1723 3387 1818 3443 sed
1841 3387 1946 3443 ista

353 3478 649 3548 caliginosa
699 3477 950 3547 permissi
993 3486 1119 3531 sunt
1148 3486 1353 3543 tenere,
1403 3480 1497 3548 qui
1542 3480 1622 3534 eis
1648 3479 1802 3548 quasi
1825 3493 1944 3534 car-

351 3582 444 3622 cer
493 3574 577 3620 est
620 3578 792 3635 usque
819 3565 885 3619 ad
929 3575 1142 3634 tempus
1161 3565 1374 3634 judicii.
1405 3565 1470 3620 Hi
1497 3569 1945 3637 praevaricatores

349 3659 548 3728 angeli,
586 3673 814 3727 quorum
850 3657 1095 3712 diabolus
1118 3658 1369 3727 princeps
1405 3667 1506 3712 est.
1558 3658 1813 3714 Diabolus
1837 3658 1946 3714 Ile-

353 3747 540 3801 braice
584 3746 780 3800 dicitur
805 3744 1051 3798 deorsum
1089 3747 1281 3812 ﬂuens,
1333 3747 1456 3814 quia
1482 3746 1698 3815 quietus
1739 3747 1792 3800 in
1821 3749 1944 3801 εωῆ

365 3834 602 3888 culmine
654 3841 800 3887 stare
863 3834 1206 3901 contempsit,
1268 3835 1364 3889 sed
1404 3836 1670 3904 superbiae
1711 3837 1947 3904 pondere

358 3925 612 3977 deorsum
641 3923 903 3976 corruens
929 3922 1144 3976 cecidit.
1173 3922 1358 3977 Graece
1399 3925 1544 3977 enim
1572 3921 1818 3981 diabolus
1844 3927 1948 3980 cri-

355 4015 587 4066 minator
649 4021 893 4076 vocatur,
947 4013 1089 4080 quod
1155 4012 1239 4066 vel
1288 4014 1517 4068 crimina
1574 4015 1630 4068 in
1672 4031 1792 4084 qua:
1833 4017 1947 4086 ipse

354 4102 511 4155 illicit
571 4102 636 4156 ad
685 4103 854 4155 Deum
893 4101 1116 4166 referat,
1163 4102 1248 4156 vel
1292 4104 1419 4171 quia
1468 4105 1765 4160 electorum
1792 4107 1949 4163 inna-

355 4191 590 4247 centiam
618 4190 938 4245 criminibus
980 4192 1118 4248 fictis
1155 4201 1396 4247 accusat.
1431 4194 1584 4250 Unde
1618 4207 1670 4250 et
1722 4198 1774 4251 in
1805 4199 1950 4268 Apo-

353 4282 558 4352 calypsi
606 4297 736 4335 voce
778 4281 1024 4351 angelica
1051 4281 1253 4335 dicitur
1279 4301 1290 4335 2
1321 4282 1602 4353 Projectus
1627 4295 1698 4339 cst
1728 4303 1947 4342 accusa-

355 4382 439 4424 tor
474 4371 701 4437 fratrum
747 4380 1068 4435 nostrorum,
1107 4372 1195 4442 qui
1248 4374 1533 4428 accusabat
1591 4375 1710 4430 illos
1739 4378 1794 4431 in
1824 4395 1949 4432 con-

353 4473 531 4532 spectu
576 4463 674 4515 Dei
699 4464 864 4517 nostri
897 4464 982 4517 die
1033 4481 1093 4517 ac
1130 4476 1278 4519 nocte
1310 4468 1492 4536 (Apoc.
1546 4471 1663 4539 xu).
1716 4471 1948 4528 Satanas

355 4552 409 4604 in
467 4550 715 4606 Latinum
743 4561 903 4607 sonat
935 4553 1268 4608 adversarius
1297 4558 1407 4610 sive
1433 4567 1803 4628 tt'tmsgressor.
1829 4563 1947 4632 Ipse
1975 4539 2026 4597 D

355 4649 438 4693 est
483 4640 627 4694 enim
654 4641 1022 4705 adversarius,
1066 4643 1160 4709 qui
1187 4653 1268 4697 est
1291 4646 1541 4700 veritatis
1595 4649 1866 4715 inimicus,
1894 4663 1948 4707 et

356 4738 900 4798 sempcrsanctorum
928 4731 1221 4787 virtutibus
1263 4737 1534 4792 contraire
1583 4740 1793 4795 nititur.
1831 4743 1948 4812 Ipse

355 4827 413 4874 et
437 4828 828 4887 transgressor,
882 4819 1008 4889 quia
1037 4829 1092 4874 et
1151 4825 1537 4890 prmvaricator
1586 4828 1829 4885 effectus.
1881 4832 1948 4886 In

356 4913 570 4965 veritate
619 4929 723 4982 qua
764 4913 1014 4967 conditus
1070 4923 1175 4980 est,
1234 4933 1336 4970 non
1381 4920 1520 4971 stetit
1567 4918 1750 4990 (Joan.
1803 4923 1944 4993 vm).

359 5001 503 5055 Idem
551 5010 604 5054 et
661 5010 914 5066 tentator,
978 5003 1102 5071 quia
1164 5006 1476 5060 tentandam
1532 5005 1805 5074 justorum
1865 5012 1947 5065 in-

364 5092 662 5144 nocentiam
699 5090 954 5158 postulat,
981 5092 1120 5145 sicut
1153 5093 1204 5144 in
1232 5093 1332 5146 Job
1351 5096 1625 5150 scribitur.
1659 5097 1940 5154 Antichri-

361 5191 477 5236 stus
524 5181 847 5250 appellatur,
876 5182 967 5249 qui
993 5193 1178 5236 contra
1211 5184 1484 5238 Christum
1533 5197 1794 5243 venturus
1819 5199 1902 5244 est
1929 5210 1940 5244 :

363 5291 469 5328 non
545 5275 813 5343 quomodo
861 5274 1078 5342 quidam
1128 5275 1402 5344 simplices
1445 5279 1746 5350 intelligunt
1790 5283 1946 5336 Anti-

359 5364 625 5418 christum
657 5365 776 5417 ideo
822 5365 1024 5418 dictum
1074 5365 1217 5433 quod
1265 5376 1391 5419 ante
1435 5368 1710 5423 Christum
1758 5382 1948 5427 ventu-

362 5469 454 5507 rus
510 5455 602 5518 sit,
628 5455 679 5507 id
713 5463 814 5518 est,
844 5463 967 5522 post
1011 5469 1134 5508 eum
1181 5455 1649 5513 veniatChristus.
1699 5461 1808 5515 Sed
1835 5461 1949 5514 An-

364 5547 646 5601 tichristus
689 5547 875 5602 Grmce
915 5549 1142 5618 dicitur,
1183 5549 1325 5618 quod
1383 5548 1594 5613 Latine,
1655 5555 1954 5607 contrarius

366 5638 574 5691 Christo
601 5656 617 5702 ;
648 5641 758 5692 anti
782 5641 926 5694 enim
951 5640 1135 5696 Grmce
1166 5642 1217 5695 in
1245 5641 1494 5694 Latinum
1525 5653 1705 5695 contra
1745 5645 1954 5714 signifi-

370 5744 476 5789 cat.
521 5733 793 5788 Christum
829 5737 974 5789 enim
1017 5753 1073 5790 se
1121 5737 1427 5799 mentietur,
1472 5736 1598 5790 dum
1638 5739 1868 5804 venerit,
1902 5749 1956 5795 et

2049 3298 2468 3352 additamentum
2521 3315 3002 3369 eorum:quorum
3067 3302 3274 3358 scilicet
3325 3304 3430 3358 nisi
3473 3305 3658 3362 homi-

2051 3406 2205 3456 num,
2253 3391 2451 3460 quibus
2482 3391 2533 3445 in
2576 3392 2832 3460 paradiso
2870 3395 3038 3448 semel
3076 3395 3290 3466 culpam
3319 3397 3656 3466 prmvarica-

2053 3479 2214 3534 tionis
2267 3478 2468 3546 intulit,
2511 3487 2566 3534 et
2603 3481 2741 3535 hanc
2790 3498 2962 3550 usque
2993 3483 3061 3538 ad
3110 3492 3369 3539 aeternam
3411 3495 3654 3544 mortem

2051 3569 2289 3639 quotidie
2323 3571 2698 3641 persuadendo
2745 3572 2933 3641 adjicit
2958 3573 3038 3628 vel
3089 3575 3352 3630 extendit.
3382 3575 3653 3643 Quadam

2052 3665 2272 3719 nomina
2331 3666 2553 3719 deorum
2599 3683 2818 3721 suorum
2874 3669 3104 3738 gentiles
3138 3667 3282 3740 [per]
3332 3684 3501 3723 vanas
3556 3668 3652 3723 fa-

2050 3753 2206 3808 bulas
2235 3754 2302 3807 ad
2350 3755 2589 3810 rationes
2614 3756 2866 3828 physicas
2912 3767 3181 3814 conantur
3205 3757 3508 3823 traducere,
3543 3773 3651 3814 ea-

2051 3858 2156 3912 que
2191 3845 2243 3897 in
2275 3846 2454 3899 causis
2482 3846 2873 3902 elementorum
2904 3850 3204 3919 composita
3232 3863 3353 3903 esse
3379 3849 3655 3919 interpre-

2055 3941 2258 3988 tantur.
2301 3933 2407 3990 Sed
2439 3936 2539 3990 hoc
2585 3953 2615 3990 a
2647 3939 2823 4007 poetis
2857 3946 3026 3992 totum
3057 3939 3242 3993 fictum
3282 3948 3386 4005 est,
3415 3949 3474 3993 ut
3512 3941 3652 3997 deos

2053 4039 2180 4079 suos
2207 4035 2465 4079 ornarent
2493 4025 2760 4093 aliquibus
2783 4026 2990 4097 figuris,
3030 4043 3166 4097 quos
3187 4029 3423 4096 perditos
3460 4044 3524 4084 ac
3546 4029 3653 4085 de-

2055 4117 2269 4170 decoris
2290 4115 2514 4170 infamia
2556 4117 2746 4185 plenos
2775 4116 2964 4184 fuisse,
2995 4120 3239 4176 historice
3267 4119 3598 4176 confitentur
3630 4164 3646 4176 .

2055 4207 2277 4262 omnino
2299 4209 2444 4263 enim
2487 4207 2721 4279 ﬁngendi
2745 4210 2895 4266 locus
2919 4220 3098 4277 vacat,
3147 4205 3240 4267 ubi
3288 4214 3493 4268 veritas
3527 4227 3653 4270 ces-

2052 4306 2154 4352 sat.
2216 4295 2483 4351 Saturnus
2539 4299 2692 4368 origo
2747 4299 2970 4354 deorum
3021 4310 3076 4355 et
3140 4301 3305 4356 totius
3356 4303 3653 4370 posterita-

2053 4387 2122 4441 tis
2181 4401 2209 4438 a
2275 4386 2503 4456 paganis
2552 4386 2866 4457 designatur
2923 4403 2939 4442 :
2995 4389 3138 4443 hunc
3191 4389 3370 4442 Latini
3437 4404 3470 4442 a
3521 4399 3649 4445 satu

2054 4475 2380 4544 appellatum
2435 4474 2636 4540 ferunt,
2687 4477 2812 4546 quia
2866 4477 2934 4532 ad
2988 4478 3163 4549 ipsum
3221 4479 3362 4532 satio
3399 4479 3650 4534 omnium

2052 4570 2324 4640 pertineat
2364 4585 2543 4625 rerum
2576 4587 2590 4636 ;
2619 4571 2702 4625 vel
2734 4587 2762 4625 a
2816 4572 3074 4641 temporis
3097 4570 3453 4641 longitudine,
3498 4571 3648 4642 quod

2053 4671 2330 4716 saturetur
2376 4662 2553 4716 annis.
2605 4663 2758 4718 Unde
2807 4672 2862 4718 et
2909 4679 3032 4718 eum
3089 4663 3262 4718 Graeci
3313 4663 3505 4738 Χρόνος
3549 4680 3651 4720 no-

2054 4765 2177 4804 men
2209 4752 2411 4806 habere
2446 4752 2654 4817 dicunt,
2690 4753 2744 4808 id
2778 4761 2861 4808 est
2886 4764 3116 4823 tempus.
3143 4752 3298 4819 Quod
3345 4753 3489 4809 filios
3518 4769 3650 4811 suos

2054 4842 2226 4898 fertur
2256 4844 2565 4907 devorasse,
2599 4845 2701 4899 hoc
2743 4853 2826 4901 est
2868 4861 3060 4909 annos,
3092 4859 3229 4913 quos
3279 4852 3493 4913 tempus
3519 4860 3649 4916 pro-

2055 4934 2290 5000 duxerit,
2343 4936 2394 4989 in
2432 4952 2491 4990 se
2529 4937 2791 5002 revolvit;
2831 4937 2917 4991 vel
2945 4951 3010 4992 eo
3055 4937 3198 5004 quod
3241 4937 3471 4999 semina,
3502 4937 3648 4991 unde

2057 5025 2330 5090 oriuntur,
2382 5027 2630 5080 redeunt.
2670 5027 2822 5082 IIunc
2858 5026 2991 5080 Caeli
3026 5027 3197 5094 patris
3221 5025 3521 5081 abscidisse
3552 5041 3649 5097 ge-

2056 5113 2246 5168 nitalia
2311 5115 2540 5168 dicunt:
2587 5116 2712 5184 quia
2761 5115 2892 5169 nihil
2941 5117 2992 5169 in
3048 5115 3186 5170 coelo
3227 5117 3292 5170 de
3341 5117 3646 5173 seminibus

2057 5206 2319 5259 nascitur.
2380 5205 2597 5261 Falcem
2673 5216 2818 5262 tenet
2868 5208 3186 5279 (inquiunt),
3225 5218 3451 5278 propter
3498 5209 3649 5278 agri-

2056 5295 2323 5349 culturam
2355 5297 2761 5367 significandam
2795 5315 2808 5363 ;
2848 5298 2930 5353 vel
2968 5311 3188 5369 propter
3215 5314 3386 5354 annos
3413 5308 3470 5353 et
3506 5294 3647 5354 tem-

2056 5401 2206 5455 pora,
2263 5388 2405 5455 quod
2436 5388 2486 5440 in
2519 5404 2576 5441 se
2607 5388 2831 5442 redeant
2864 5405 2877 5452 ;
2909 5389 2992 5443 vel
3022 5399 3244 5460 propter
3292 5390 3641 5458 sapientiam,

2054 5475 2196 5543 quod
2224 5477 2368 5530 intus
2426 5485 2582 5530 acuta
2627 5479 2715 5530 sit.
2763 5479 2817 5531 In
2859 5480 3124 5548 aliquibus
3185 5488 3368 5533 autem
3405 5480 3644 5536 civitati-

2057 5564 2161 5620 bus
2186 5565 2420 5620 Saturno
2457 5566 2654 5622 liberos
2679 5584 2806 5624 suos
2836 5572 2975 5638 apud
3002 5570 3230 5639 gentiles
3261 5571 3640 5636 immolabant,

2060 5655 2202 5722 quod
2257 5656 2551 5710 Saturnum
2585 5668 2756 5727 poeta:
2791 5659 2991 5714 liberos
3029 5676 3154 5714 suos
3179 5659 3472 5716 devorasse
3507 5659 3642 5716 soli-

2059 5754 2170 5798 tum
2223 5743 2577 5801 tradiderunt.
2618 5745 2766 5805 Jovis
2792 5747 2962 5804 fertur
2992 5765 3021 5803 a
3051 5749 3288 5817 iuvando
3329 5751 3532 5815 dictus,
3584 5757 3638 5803 et
