3922 6340
206 470 298 527 429

1141 459 1226 514 DE
1244 453 1613 514 'UNIVERSO
1654 450 1836 508 LIBRI
1875 448 2040 505 XXII.
2084 479 2153 490 —
2193 449 2321 504 LIB.
2372 449 2482 504 XV.

3342 445 3447 501 450

204 577 397 647 Jupiter
429 571 578 643 quasi
615 569 808 639 iuvans
842 576 1020 640 pater,
1054 567 1158 622 hoc
1191 575 1294 632 est,
1326 563 1578 620 omnibus
1623 576 1758 631 prae-
1783 567 1833 626 Α
1859 561 2004 616 unde
2034 559 2188 616 velox
2217 569 2273 615 et
2307 575 2499 616 errans
2531 557 2824 614 inducitur.
2863 558 2991 614 Alas
3021 557 3138 630 ejus
3175 560 3228 612 in
3270 559 3447 629 capite

207 679 359 725 stans.
385 663 532 718 Hunc
564 668 620 715 et
662 661 869 730 privato
898 658 1054 712 titulo
1089 657 1278 712 Jovem
1307 654 1570 725 optimum
1606 651 1756 706 dixe-

208 762 340 820 runt,
388 753 508 806 dum
551 748 740 805 fuisset
785 750 1024 804 incestor
1064 746 1122 801 in
1167 745 1300 812 suis,
1352 743 1656 814 impudicus
1701 742 1758 796 in

206 843 494 908 extraneis;
544 856 705 911 quem
773 837 934 893 modo
988 845 1202 894 taurum
1267 835 1478 906 ﬁngunt
1537 839 1760 902 propter

203 937 413 1005 Europae
433 938 664 1003 raptum.
695 929 820 983 Fuit
847 927 992 983 enim
1042 927 1099 982 in
1148 927 1295 992 navi,
1345 923 1501 995 cujus
1550 922 1761 993 insigne

203 1033 310 1083 erat
345 1033 524 1078 taurus
555 1038 569 1074 :
607 1020 767 1075 modo
796 1018 1008 1072 Danaes
1028 1032 1126 1088 per
1153 1017 1383 1070 imbrem
1409 1027 1638 1074 aureum
1660 1027 1758 1082 ap-

201 1117 405 1189 petiisse
425 1112 791 1175 concubitum,
823 1110 916 1165 ubi
949 1107 1272 1178 intelligitur
1301 1105 1621 1174 pudicitiam
1644 1119 1762 1158 mu-

202 1207 337 1262 lieris
363 1205 427 1259 ab
477 1217 610 1257 auro
657 1201 824 1256 fuisse
881 1197 1425 1269 corruptamzmodo
1481 1197 1537 1251 in
1575 1193 1763 1250 simili-

205 1297 421 1352 tudinem
449 1293 662 1364 aquilae,
706 1299 927 1362 propter
969 1290 1113 1360 quod
1139 1303 1366 1359 puerum
1402 1289 1469 1342 ad
1516 1296 1763 1355 stuprum

200 1387 441 1458 rapuerit,
475 1383 634 1439 modo
685 1390 1018 1453 serpentem,
1058 1381 1187 1449 quia
1221 1379 1517 1448 reptaverit
1543 1396 1555 1433 :
1583 1387 1638 1432 et
1673 1392 1767 1447 cy-

199 1472 367 1548 gnum,
418 1473 546 1545 quia
594 1471 916 1528 cantavcrit.
968 1471 1037 1524 Et
1092 1470 1213 1524 ideo
1264 1484 1373 1523 non
1424 1469 1611 1538 ﬁgurae
1649 1467 1766 1521 ista:

197 1575 329 1631 sunt,
358 1564 451 1621 sed
473 1564 632 1635 plane
662 1562 731 1617 de
765 1560 998 1616 veritate
1019 1558 1248 1615 scelera.
1280 1557 1435 1614 Unde
1460 1565 1580 1611 erat
1605 1565 1762 1626 turpe

199 1659 323 1713 tales
364 1656 491 1712 deos
525 1655 698 1721 credi,
737 1653 924 1724 quales
962 1651 1213 1706 homines
1245 1664 1366 1705 esse
1412 1664 1520 1704 non
1547 1649 1763 1703 debent.

195 1747 376 1804 ianum
414 1748 621 1811 dicunt,
669 1744 826 1814 quasi
861 1742 1049 1797 mundi
1083 1741 1169 1796 vel
1209 1741 1332 1796 C(Bli
1361 1739 1448 1794 vel
1500 1738 1766 1794 mensium

192 1840 421 1910 januam.
453 1839 601 1893 Duas
637 1836 760 1891 Jani
784 1836 953 1890 facies
978 1833 1190 1889 faciunt
1247 1840 1471 1904 propter
1498 1831 1766 1886 orientem

1858 660 1914 708 et
1937 652 1992 706 in
2020 650 2247 722 pedibus
2272 650 2576 721 signiﬁcare
2603 651 2883 705 volucrem
2908 651 3025 706 ﬁeri
3056 666 3150 724 per
3178 665 3302 706 aera
3329 666 3442 706 scr—

1858 762 2093 803 monem.
2136 745 2395 800 Nuntium
2431 747 2655 812 dictum,
2699 747 2956 817 quoniam
2992 763 3093 818 per
3137 762 3444 803 sermonem

1859 839 2040 894 omnia
2068 838 2303 909 cogitata
2346 839 2714 893 enuntiantur.
2746 839 2871 894 Ideo
2897 849 3077 896 autem
3116 840 3245 896 furti
3273 842 3445 912 magi-

1861 939 2034 987 strum
2063 929 2249 984 dicunt
2277 929 2423 998 ,quia
2447 945 2626 984 sermo
2667 930 2880 985 animos
2921 930 3251 986 audientium
3291 930 3443 983 fallit.

1862 1021 2080 1091 Virgam
2110 1027 2279 1084 tenet,
2311 1034 2416 1088 qua
2444 1029 2725 1088 serpentes
2753 1021 2962 1086 dividit,
2993 1021 3046 1075 id
3074 1027 3176 1086 est,
3209 1033 3444 1075 venena:

1863 1102 1986 1166 nam
2013 1111 2279 1166 bellantes
2328 1126 2392 1166 ac
2437 1110 2764 1165 dissidentes
2797 1111 3155 1182 interpretum
3202 1111 3450 1166 oratione

1864 1200 2140 1257 sedantur.
2176 1199 2330 1256 Unde
2367 1200 2665 1254 secundum
2712 1199 2924 1254 Livium
2968 1199 3128 1270 legati
3179 1201 3328 1269 pacis
3360 1215 3452 1253 ea-

1865 1289 2182 1344 duceatores
2267 1290 2542 1344 dicuntur.
2619 1289 2772 1345 Sicut
2843 1291 2990 1346 enim
3049 1286 3154 1362 per
3218 1291 3453 1347 fmciales

1840 1379 2007 1442 .bella
2051 1380 2456 1446 indicebantur,
2509 1383 2585 1436 ita
2638 1396 2745 1450 pax
2793 1396 2890 1450 per
2924 1382 3311 1438 caduceatores
3353 1383 3454 1437 ﬁe-

1864 1470 1976 1525 bat.
2029 1469 2254 1525 Hermes
2309 1481 2491 1527 autem
2539 1473 2739 1528 dicitur
2790 1473 2978 1529 Graece
3018 1489 3120 1543 apo
3167 1483 3248 1529 tes
3277 1490 3453 1530 erme-

1867 1558 2038 1625 neias,
2068 1559 2260 1615 Latine
2301 1561 2589 1632 interpres,
2638 1564 2731 1634 qui
2790 1564 2860 1618 ob
2915 1564 3192 1629 virtutem,
3255 1565 3454 1619 multa-

1869 1665 2097 1721 rumque
2151 1652 2350 1705 artium
2389 1652 2672 1707 scientiam
2726 1655 3081 1726 trimegistus,
3137 1657 3193 1712 id
3234 1665 3338 1722 est,
3373 1664 3456 1712 ter

1866 1742 2137 1797 maximus
2173 1744 2483 1798 nominatus
2517 1754 2619 1798 est.
2657 1743 2766 1800 Cur
2793 1754 2972 1801 autem
2999 1761 3126 1801 eum
3161 1747 3338 1817 capite
3363 1761 3454 1802 ea-

1867 1832 1996 1887 nino
2031 1832 2258 1903 ﬁngunt,
2297 1834 2412 1888 haec
2443 1835 2588 1889 ratio
2638 1835 2854 1901 dicitur,
2906 1838 3052 1906 quod
3105 1837 3245 1891 inter
3271 1837 3456 1892 omnia

194 1909 247 1987 et
285 1929 619 1986 occidentem
644 1945 658 1980 :
690 1941 816 1982 cum
861 1940 993 1981 vero
1038 1923 1247 1979 faciunt
1267 1937 1391 1978 eum
1422 1920 1766 1991 quadrifron-
1793 1909 1842 1968 Β
1869 1923 2124 1978 animalia
2140 1925 2290 1979 canis
2327 1924 2739 1996 sagacissimum
2762 1939 2933 1996 genus
2967 1935 3022 1981 et
3045 1925 3332 1996 perspicax
3360 1926 3458 1980 ha-

197 2031 316 2087 tem,
376 2029 431 2076 et
476 2018 675 2075 Janum
722 2017 996 2090 geminum
1042 2014 1336 2085 appellant,
1394 2012 1463 2068 ad
1533 2021 1767 2083 quatuor

195 2113 370 2171 mundi
396 2119 578 2183 partes
607 2111 714 2166 hoc
741 2109 1006 2173 referunt,
1035 2106 1119 2161 vel
1145 2106 1213 2161 ad
1235 2113 1469 2174 quatuor
1497 2103 1768 2158 elementa

196 2205 300 2259 sive
335 2209 615 2271 tempora;
667 2200 762 2254 sed
812 2199 937 2254 dum
989 2199 1092 2252 hoc
1137 2195 1368 2265 ﬁngunt,
1418 2208 1525 2248 non
1576 2194 1766 2258 Deum,

195 2293 282 2348 sed
343 2299 647 2347 monstrum
719 2287 946 2342 faciunt.
995 2285 1304 2355 Neptunum
1349 2297 1520 2353 aquas
1582 2282 1770 2337 mundi

193 2369 516 2453 prédicant:
567 2389 623 2436 et
671 2379 848 2434 dictus
885 2379 953 2432 ab
1002 2378 1082 2432 eis
1117 2375 1416 2446 Neptunus,
1444 2375 1600 2444 quasi
1632 2373 1772 2428 nube

197 2483 398 2528 tonans.
437 2472 742 2527 Vulcanum
777 2470 964 2524 volunt
986 2469 1163 2539 ignem
1191 2477 1333 2532 esse,
1360 2473 1415 2518 et
1437 2466 1614 2520 dictus
1637 2463 1770 2518 Vul-

196 2581 371 2631 canus,
417 2565 577 2634 quasi
633 2563 821 2618 volans
874 2561 1099 2625 candor,
1143 2559 1226 2614 vel
1265 2559 1418 2628 quasi
1461 2557 1770 2622 Volicanus,

198 2655 327 2724 quod
377 2670 474 2725 per
531 2669 709 2709 aerem
757 2651 926 2707 volet.
955 2651 1099 2720 lgnis
1128 2649 1276 2704 enim
1316 2663 1348 2704 e
1398 2649 1634 2720 nubibus
1678 2661 1775 2701 na-

196 2745 373 2799 scitur.
427 2742 584 2798 Undc
626 2743 792 2797 etiam
835 2740 1104 2795 Homerus
1159 2738 1293 2794 dicit
1339 2752 1464 2792 eum
1524 2736 1774 2806 prtecipi-

201 2847 359 2892 tatum
409 2837 475 2892 de
528 2851 654 2890 aere
705 2835 759 2889 in
816 2842 1016 2900 terras,
1059 2832 1203 2901 quod
1249 2846 1409 2886 omne
1456 2829 1659 2884 fulmen
1709 2829 1777 2883 de

203 2943 322 2983 aere
373 2927 543 2982 cadit.
580 2925 788 2980 Idcirco
814 2931 996 2978 autem
1041 2921 1315 2978 Vulcanus
1357 2922 1424 2977 de
1461 2920 1667 2976 femore
1687 2918 1778 2974 Jo-

200 3020 277 3074 vis
328 3018 550 3089 ﬁngitur
605 3025 802 3081 natus,
865 3015 1010 3085 quod
1082 3013 1310 3067 fulmina
1371 3012 1437 3068 de
1489 3013 1598 3068 imo
1650 3025 1778 3067 aere

200 3115 508 3164 nascuntur.
553 3106 789 3162 Claudus
825 3105 1025 3159 dicitur
1060 3103 1356 3169 Vulcanus,
1391 3101 1516 3171 quia
1558 3116 1658 3170 per
1683 3115 1780 3155 na-

202 3207 368 3252 turam
396 3212 676 3267 nunquam
723 3204 904 3251 rectus
951 3203 1035 3248 est
1081 3192 1246 3263 ignis,
1288 3193 1382 3247 sed
1427 3192 1583 3260 quasi
1633 3191 1779 3245 elau-

199 3288 293 3344 dus
332 3285 601 3357 ejusmodi
633 3286 867 3355 speciem
928 3291 1247 3351 motumque
1290 3281 1476 3336 habet.
1531 3279 1655 3335 Ideo
1684 3295 1782 3334 au-

202 3388 304 3432 tem
329 3377 383 3431 in
437 3375 722 3431 fabrorum
768 3373 990 3428 fornace
1031 3369 1284 3425 eumdem
1339 3367 1642 3424 Vulcanum
1692 3382 1788 3421 au-

199 3476 399 3524 ctorem
432 3468 646 3529 dicunt,
689 3465 816 3534 quia
848 3463 964 3517 sine
989 3463 1111 3530 igne
1162 3458 1367 3514 nullum
1391 3458 1595 3513 metalli
1618 3471 1786 3528 genus

202 3556 345 3612 fundi
399 3557 730 3624 extendique
785 3561 982 3623 potest.
1056 3549 1251 3604 Pluton
1316 3548 1527 3614 Graece,
1591 3547 1786 3602 Latine

200 3645 465 3718 Diespiter
497 3645 586 3698 vel
618 3644 752 3698 Ditis
774 3653 928 3711 pater
966 3658 978 3694 :
1019 3654 1178 3710 quem
1223 3637 1312 3691 alii
1342 3636 1541 3692 Orcum
1567 3643 1784 3701 vocant,

198 3739 349 3808 quasi
377 3745 719 3805 receptorem
759 3743 1118 3787 mortuorum.
1155 3728 1306 3784 Unde
1331 3737 1386 3781 et
1421 3742 1551 3780 orca
1584 3742 1788 3782 nuncu-

199 3835 352 3898 patur
382 3840 481 3880 vas
521 3825 666 3895 quod
715 3822 905 3892 recipit
965 3835 1154 3890 aquas.
1188 3819 1305 3887 Ipse
1332 3825 1388 3871 et
1428 3816 1617 3871 Griece
1645 3817 1788 3871 Cha-

201 3935 313 3974 ron.
350 3919 607 3973 Liberum
631 3933 661 3970 a
688 3916 1043 3970 liberamento
1060 3912 1384 3983 appellatum
1410 3910 1617 3974 volunt,
1643 3909 1788 3978 quod

204 4009 355 4077 quasi
403 4022 591 4062 mares
626 4007 677 4060 in
703 4006 945 4060 coeundo
970 4020 1066 4074 per
1095 4003 1211 4073 ejus
1252 4000 1573 4056 beneﬁcium
1628 3999 1789 4054 emis-

201 4099 273 4152 sis
326 4098 635 4154 seminibus
669 4096 984 4151 liberentur.
1019 4094 1174 4161 Quod
1217 4093 1357 4147 idem
1404 4091 1566 4145 Liber
1597 4090 1790 4144 mulie-

203 4188 282 4242 bri
331 4198 388 4242 et
431 4188 666 4242 delicato
702 4202 934 4256 corpore
977 4185 1239 4254 pingitur,
1299 4183 1486 4237 dicunt
1531 4181 1788 4236 mulieres

199 4277 244 4331 ei
273 4279 593 4342 attributas,
627 4285 682 4331 et
726 4277 911 4329 vinum
961 4282 1184 4344 propter
1220 4272 1565 4328 excitandam
1605 4271 1788 4326 libidi-

205 4385 348 4424 nem.
397 4370 556 4425 Unde
583 4379 637 4424 et
658 4369 808 4424 frons
832 4369 948 4439 ejus
970 4368 1224 4438 pampino
1250 4367 1505 4436 cingitur,
1540 4366 1638 4431 sed
1664 4365 1788 4420 ideo

200 4474 460 4514 coronam
492 4460 691 4514 viteam
726 4467 781 4513 et
820 4474 988 4513 cornu
1019 4458 1202 4522 habet,
1236 4457 1361 4525 quia
1391 4472 1511 4510 cum
1544 4465 1696 4526 grate
1735 4462 1790 4510 et

201 4551 483 4605 moderate
501 4551 686 4604 vinum
708 4550 930 4618 bibitur,
956 4548 1196 4602 laetitiam
1221 4555 1469 4616 prmstat;
1497 4563 1621 4601 cum
1646 4547 1789 4600 ultra

199 4640 444 4705 modum,
470 4640 673 4694 excitat
695 4641 833 4704 lites,
870 4639 922 4692 id
951 4647 1053 4702 est,
1083 4638 1238 4707 quasi
1267 4653 1467 4691 cornua
1499 4638 1608 4691 dat.
1646 4637 1790 4691 ldem

200 4740 378 4784 autem
402 4740 460 4784 ct
486 4730 679 4800 Lyaeus
699 4745 801 4798 apo
823 4738 910 4783 tou
941 4729 1106 4793 luein,
1122 4727 1266 4796 q'uod
1291 4727 1456 4780 multo
1486 4727 1609 4780 vino
1626 4742 1792 4780 mem-

196 4819 293 4875 bra
317 4821 625 4877 solvantur.
647 4820 750 4874 lste
772 4830 826 4874 et
845 4819 1031 4874 Graece
1055 4819 1338 4891 Dionysos,
1369 4833 1399 4871 a
1430 4827 1611 4871 monte
1633 4817 1794 4871 Indiae

197 4911 348 4977 Niso,
412 4912 511 4967 ubi
559 4911 758 4965 dicitur
811 4925 930 4965 esse
984 4911 1240 4964 nutritus.
1301 4909 1569 4964 Caeterum
1616 4917 1794 4963 estet

199 5001 327 5058 Nisa
357 5004 580 5069 civitas,
607 5004 661 5057 in
687 5018 791 5072 qua
813 5003 1010 5058 colitur
1036 5003 1178 5057 idem
1202 5001 1385 5067 Liber,
1416 5004 1557 5058 unde
1586 5001 1793 5058 Nisaeus

201 5098 377 5152 dictus
400 5106 511 5152 est.

275 5187 620 5243 Mercurium
651 5202 956 5243 sermonem
996 5187 1442 5255 interpretantur.
1488 5185 1624 5240 Nam
1672 5185 1793 5242 ideo

202 5277 535 5349 Mercurius,
561 5281 714 5348 quasi
763 5280 971 5334 medius
1015 5294 1264 5342 currens,
1304 5278 1504 5332 dicitur
1557 5278 1794 5348 appella-

207 5369 514 5439 tus;quod
571 5384 750 5423 sermo
809 5379 996 5423 currat
1044 5370 1188 5424 inter
1243 5369 1494 5423 homines
1558 5369 1789 5422 medius.

205 5459 332 5515 Ideo
369 5471 428 5514 et
479 5459 704 5514 Hermes
752 5459 958 5526 Grmce,
996 5461 1138 5529 quod
1180 5475 1359 5515 sermo
1397 5459 1479 5512 vel
1537 5459 1796 5526 interpre-

212 5553 348 5604 tatio
379 5567 505 5620 quae
544 5551 611 5604 ad
647 5565 954 5605 sermonem
983 5553 1170 5620 utique
1196 5551 1453 5620 pertinet,
1484 5550 1796 5605 ltermeneia

209 5644 437 5698 dicitur.
479 5645 601 5698 ldeo
644 5652 698 5698 et
727 5644 997 5698 mercibus
1028 5659 1279 5711 prmesse,
1313 5643 1438 5711 quia
1483 5643 1624 5696 inter
1665 5657 1797 5695 ven-

211 5730 408 5789 dentes
456 5744 509 5788 et
532 5742 774 5789 ementes
799 5748 976 5788 sermo
1021 5733 1079 5787 ﬁt
1112 5735 1340 5787 medius.
1395 5733 1493 5799 Qui
1533 5734 1652 5787 ideo
1693 5734 1798 5787 ﬁn-

211 5826 362 5896 gitur
390 5826 591 5882 habere
628 5840 855 5897 pennas,
901 5825 1030 5896 quia
1065 5825 1224 5882 citius
1253 5825 1418 5881 verba
1441 5825 1750 5881 discurrunt
1781 5840 1795 5878 :

1869 2013 2082 2068 beatur.

1942 2101 2169 2157 Martem
2197 2102 2359 2158 deum
2380 2102 2508 2158 belli
2533 2118 2652 2159 esse
2678 2104 2885 2170 dicunt,
2928 2113 2982 2160 et
3012 2113 3241 2159 martem
3271 2105 3458 2176 appel-

1871 2192 2075 2259 latum,
2109 2193 2235 2264 quia
2263 2208 2361 2263 per
2395 2195 2543 2250 viros
2571 2203 2872 2266 pugnatur,
2902 2204 2962 2251 ut
3003 2197 3074 2251 sit
3105 2212 3251 2253 mars
3287 2198 3457 2252 maris

1873 2297 1964 2338 ars
1989 2301 2001 2337 :
2028 2283 2154 2338 licet
2176 2291 2230 2338 et
2251 2284 2352 2338 tria
2388 2285 2498 2340 sint
2527 2301 2724 2356 genera
2749 2287 3220 2353 consuetudinum,
3253 2287 3464 2342 scilicet

1875 2371 2230 2443 Scytharum,
2265 2373 2356 2427 ubi
2389 2382 2444 2428 et
2475 2372 2690 2429 femina:
2723 2385 2780 2429 et
2816 2376 2920 2430 viri
2947 2376 3003 2430 in
3037 2391 3270 2447 pugnam
3298 2387 3458 2441 eunt;

1873 2466 2233 2533 Amazonum,
2258 2467 2349 2522 ubi
2374 2469 2500 2523 solre
2522 2467 2764 2534 feminae;
2792 2469 3178 2536 Romanorum,
3206 2471 3466 2526 aliarum-

1876 2572 1982 2626 que
2026 2557 2286 2627 gentium,
2334 2558 2425 2611 ubi
2463 2558 2562 2612 soli
2598 2573 2799 2613 mares.
2842 2558 2975 2614 ltem
3005 2568 3257 2626 martem,
3311 2562 3466 2630 quasi

1877 2646 2187 2704 effectorem
2212 2648 2491 2703 mortium.
2521 2647 2656 2703 Nam
2688 2664 2718 2703 a
2740 2657 2912 2705 marte
2935 2665 3082 2706 mors
3103 2661 3465 2722 nuncupatur.

1878 2737 2115 2798 Huncet
2141 2738 2446 2792 adulterum
2491 2738 2643 2802 dicit,
2669 2740 2795 2808 quia
2822 2739 3267 2812 belligerantibus
3294 2743 3471 2798 incer-

1881 2838 1968 2885 tus
1980 2837 2206 2885 eventus
2229 2838 2332 2884 est.
2360 2830 2512 2897 Quod
2535 2846 2666 2886 vero
2689 2833 2838 2912 nudo
2858 2843 3076 2901 pectore
3099 2843 3207 2890 stat
3235 2854 3247 2890 :
3278 2845 3337 2891 ut
3355 2836 3473 2892 bel-

1880 2918 1934 2974 lo
1955 2935 2013 2975 se
2045 2921 2274 2990 quisque
2292 2921 2408 2976 sine
2434 2920 2721 2985 formidine
2747 2923 2926 2977 cordis
2952 2924 3191 2994 ohjieiat.
3218 2925 3361 2981 Mars
3376 2942 3473 2980 au-

1881 3017 1989 3064 tem
2017 3010 2157 3080 apud
2175 3009 2394 3065 Graacos
2424 3009 2558 3082 [Al.,
2585 3010 2850 3084 Thracas]
2873 3012 3139 3069 Gradivus
3166 3015 3382 3082 dicitur,
3407 3031 3474 3071 eo

1882 3100 2029 3168 quod
2070 3101 2123 3154 in
2166 3100 2308 3156 bello
2337 3102 2564 3171 gradum
2614 3100 2869 3169 inferant,
2912 3105 3003 3174 qui
3048 3114 3332 3176 pugnant;
3383 3117 3477 3161 aut

1884 3190 2030 3261 quod
2061 3191 2291 3262 impigre
2318 3192 2654 3262 gradiantur.

1957 3279 2244 3334 Herculem
2287 3281 2581 3335 credebant
2635 3282 2793 3336 deum
2827 3282 3080 3338 virtutis:
3125 3285 3325 3340 dicitur
3374 3303 3472 3340 au-

1889 3379 1997 3426 tem
2028 3370 2283 3426 Hercules
2317 3370 2524 3436 Graece,
2555 3373 2711 3440 quasi
2755 3373 2902 3426 heris
2931 3372 3097 3440 cleos,
3133 3375 3184 3430 id
3219 3385 3322 3440 est,
3363 3377 3475 3433 litis

1886 3462 2172 3533 gloriosus,
2245 3464 2313 3518 ab
2353 3463 2523 3529 heris,
2569 3464 2624 3518 id
2670 3471 2775 3528 est,
2836 3463 2922 3528 lis,
2949 3471 3004 3518 et
3043 3464 3208 3530 cleos,
3253 3465 3424 3536 gloria
3458 3511 3470 3522 .

1886 3553 1971 3607 vel
2000 3552 2154 3621 quasi
2205 3552 2508 3618 heroclcos,
2560 3553 2704 3622 quod
2735 3553 2926 3607 Latine
2974 3554 3215 3608 virorum
3257 3555 3478 3612 fortium

1887 3643 2088 3698 famam
2122 3645 2371 3700 dicimus.
2401 3643 2525 3697 Fuit
2555 3652 2734 3698 autem
2775 3643 2856 3711 (ut
2886 3644 3075 3699 scribit
3105 3645 3303 3702 Sextus
3324 3647 3479 3702 Pom-

1887 3735 2061 3807 peius)
2089 3737 2325 3807 agricola
2362 3754 2373 3788 :
2406 3736 2631 3804 ideoque
2645 3734 2850 3789 Anchei
2879 3737 3021 3803 regis
3045 3737 3314 3791 stabulum
3341 3746 3478 3792 ster-

1889 3828 2105 3882 coribus
2129 3842 2387 3898 purgasse
2419 3826 2674 3892 refertur,
2707 3826 2834 3894 quia
2875 3825 3091 3896 proprie
3114 3828 3478 3898 agricolarum

1890 3924 1974 3970 est
2008 3925 2313 3970 stercorare
2338 3930 2518 3986 agros.

1961 4007 2258 4077 Apollinem
2278 4009 2525 4076 quamvis
2540 4007 2897 4062 divinatorem
2926 4009 3262 4063 ctmedicum
3292 4010 3478 4079 appel-

1889 4099 2020 4163 lent,
2055 4100 2167 4168 ipsi
2195 4107 2374 4153 tamen
2406 4100 2570 4153 etiam
2604 4099 2772 4154 solem
2796 4102 3070 4166 dixerunt,
3101 4101 3254 4170 quasi
3279 4102 3478 4167 solum,

1891 4190 2065 4258 ipsum
2093 4189 2271 4254 Titan,
2308 4189 2463 4258 quasi
2500 4206 2665 4244 unum
2694 4205 2762 4244 ex
2811 4189 3040 4256 Titanis,
3074 4193 3164 4262 qui
3195 4192 3481 4247 adversum

1890 4277 2077 4332 Jovem
2118 4294 2221 4332 non
2255 4277 2420 4332 fecit:
2470 4278 2644 4348 ipsum
2683 4277 2970 4343 Phoebum,
3001 4281 3154 4349 quasi
3188 4281 3477 4349 ephebum,

1894 4367 1996 4420 hoc
2038 4375 2142 4426 est.
2175 4366 2590 4430 adolescentem,
2617 4367 2756 4421 unde
2777 4375 2831 4421 et
2863 4367 2942 4432 sol
2975 4383 3110 4437 puer
3133 4355 3391 4438 pingitur,
3417 4387 3482 4424 eo

1893 4458 2035 4527 quod
2061 4458 2300 4527 quotidie
2327 4459 2534 4512 oriatur
2559 4468 2615 4512 et
2638 4473 2774 4513 nova
2800 4460 2918 4514 luce
2941 4470 3210 4516 nascatur.
3231 4462 3484 4532 Pythium

1895 4566 2107 4620 quoque
2142 4551 2441 4620 Apollinem
2471 4551 2720 4606 eumdem
2750 4553 2932 4607 vocari
2979 4553 3130 4608 aiunt
3157 4569 3186 4607 a
3217 4554 3480 4624 Pythone,

1899 4643 2173 4695 immeusrc
2212 4641 2370 4695 molis
2407 4650 2677 4711 serpente,
2711 4640 2864 4710 cujus
2913 4657 3018 4696 non
3066 4643 3236 4709 magis
3276 4659 3483 4698 venena

1897 4749 2059 4804 quam
2107 4734 2414 4802 magnitudo
2457 4735 2714 4788 terrebat.
2763 4733 2915 4787 Hunc
2942 4734 3129 4802 Apollo
3164 4735 3484 4804 sagittarum

1897 4827 2094 4880 ictibus
2129 4834 2374 4879 sternens
2425 4825 2658 4878 nominis
2689 4840 2905 4894 quoque
2950 4826 3117 4893 spolia
3167 4827 3484 4899 reportavit,

1899 4927 1958 4972 ut
1986 4917 2209 4987 Pythius
2257 4927 2562 4971 vocaretur.
2601 4917 2750 4972 Unde
2797 4924 2850 4970 et
2891 4917 2960 4969 ob
3010 4916 3216 4986 insigne
3246 4919 3486 4971 victoria:

1897 5008 2090 5078 Pythia
2135 5022 2290 5061 Sacra
2322 5007 2643 5061 celebranda
2687 5007 2984 5060 constituit.
3019 5006 3241 5060 Dianam
3272 5023 3486 5077 quoque

1903 5114 2212 5170 germanam
2243 5097 2359 5166 ejus
2389 5097 2638 5151 similiter
2668 5097 2846 5150 lunam
2879 5104 2934 5151 et
2967 5096 3175 5149 viarum
3203 5098 3488 5165 prazsidem

1901 5193 2070 5254 aiunt,
2101 5192 2243 5246 unde
2278 5201 2334 5246 et
2363 5191 2626 5260 virginem
2653 5188 2858 5251 volunt,
2895 5187 3038 5257 quod
3069 5187 3150 5240 via
3182 5186 3374 5257 [virgo]
3410 5189 3492 5241 ni-

1902 5284 1977 5340 hil
2007 5285 2180 5353 pariat
2212 5300 2224 5335 :
2257 5282 2460 5336 et'ideo
2501 5281 2659 5334 ambo
2687 5279 2910 5349 sagittas
2950 5278 3150 5332 habere
3192 5277 3488 5348 ﬁnguntur,

1904 5376 2044 5443 quod
2077 5374 2188 5442 ipsa
2221 5373 2327 5427 duo
2356 5373 2530 5426 sidera
2559 5372 2624 5425 de
2649 5369 2787 5425 emlo
2815 5369 2996 5424 radios
3022 5384 3194 5438 usque
3220 5371 3286 5422 ad
3319 5378 3490 5422 terras

1905 5465 2174 5518 emittant.
2219 5463 2440 5516 Dianam
2486 5471 2666 5515 autem
2713 5468 2981 5526 vocatam,
3029 5460 3182 5528 quasi
3232 5458 3488 5520 duanam,

1905 5554 2047 5623 quod
2079 5553 2202 5606 luna
2233 5555 2318 5608 die
2345 5569 2408 5606 ac
2438 5561 2593 5607 nocte
2632 5560 2906 5621 appareat.
2940 5550 3115 5619 ipsam
3143 5560 3194 5602 ct
3231 5548 3494 5601 Lucinam

1906 5653 2220 5697 asseverant
2268 5659 2333 5697 eo
2384 5644 2523 5712 quod
2574 5644 2750 5696 luceat
2788 5659 2800 5692 :
2847 5641 3090 5694 eamdem
3135 5650 3190 5694 et
3229 5639 3490 5700 Triviam,

1907 5725 2048 5803 quod
2079 5732 2249 5787 tribus
2276 5732 2510 5801 ﬁngatur
2539 5731 2742 5799 ﬁguris.
2787 5729 2860 5782 De
2899 5744 3005 5798 qua
3034 5729 3287 5800 Virgilius
3318 5747 3329 5780 :
3369 5726 3495 5780 Tria

1907 5828 2120 5894 virginis
2151 5843 2244 5879 ora
2275 5826 2458 5879 Diana?
2484 5838 2497 5875 :
2526 5827 2651 5892 quia
2677 5822 2861 5878 eadem
2892 5821 3062 5887 Luna,
3086 5822 3270 5876 eadem
3303 5818 3495 5887 Diana,
