3922 6356
455 453 555 512 ﬂii

454 569 643 627 eadem
673 563 991 633 Proserpina
1026 570 1265 616 vocatur.
1304 560 1411 617 Sed
1458 576 1579 615 cum
1630 562 1750 615 luna
1796 560 2034 629 fingitur,
2067 565 2111 622 Α
2142 560 2287 612 mina
2336 576 2348 611 :

848 720 861 734 .
903 722 915 733 .
955 720 967 733 .
1007 718 1020 732 .
1048 683 1273 731 sublustri
1300 682 1528 743 splendet
1548 684 1722 731 amictu
1754 693 1768 729 :

605 745 724 801 Cum
747 746 992 794 subcincta
1015 744 1147 793 lucet
1169 744 1395 801 calamos,
1424 743 1618 791 Laeonia
1644 747 1776 804 virgo
1795 746 1868 793 est
1890 753 1903 789 :

603 809 724 883 .Cum
748 807 953 856 subnixa
980 808 1119 854 sedet
1142 805 1278 862 solio,
1306 804 1529 853 Plutonia
1555 806 1750 866 conjux.

452 915 678 971 Latonia
713 924 891 970 autem
934 914 1120 975 Diana,
1156 928 1222 967 eo
1255 914 1395 982 quod
1438 913 1676 968 Latonite
1706 914 1864 968 fuerit
1898 914 2026 968 tilia.

522 1006 807 1068 Cererem,
829 1005 881 1058 id
905 1012 985 1057 est
1017 1011 1238 1077 terram,
1276 1018 1305 1055 a
1341 1003 1588 1057 creandis
1619 1003 1858 1073 frugibus
1885 1018 2031 1057 asse-

450 1101 576 1149 runt
613 1094 846 1157 dictam,
887 1091 1217 1161 appellantes
1260 1106 1376 1144 eam
1424 1092 1732 1146 nominibus
1761 1092 2027 1161 plurimis.

449 1184 646 1239 Bieuut
678 1186 839 1238 etiam
870 1200 988 1239 eam
1026 1193 1080 1239 et
1110 1182 1309 1253 Opem,
1341 1184 1481 1252 quod
1521 1200 1683 1254 opere
1716 1186 1908 1239 melior
1937 1185 2041 1241 ﬁat.

448 1281 635 1337 terra;
684 1274 1079 1343 Proserpinam,
1130 1274 1272 1343 quod
1320 1289 1385 1327 ex
1444 1288 1504 1327 ea
1550 1284 1871 1345 proserpant
1912 1274 2029 1329 fru-

447 1377 579 1432 ges;
604 1361 846 1428 Vestam,
868 1363 1009 1431 quod
1034 1362 1217 1417 herbis
1242 1362 1324 1415 vel
1348 1362 1512 1415 variis
1537 1364 1728 1417 vestita
1756 1364 2026 1427 sitrebus,

444 1450 529 1505 vel
556 1466 585 1504 a
616 1451 668 1504 vi
696 1466 789 1505 sua
820 1451 1031 1506 stando.
1060 1450 1315 1505 Eamdem
1348 1459 1400 1504 et
1422 1450 1688 1504 Tellurem
1716 1460 1773 1505 et
1804 1451 2028 1506 Matrem

444 1556 692 1611 magnam
722 1540 930 1608 ﬁngunt
972 1540 1221 1594 turritam
1266 1555 1388 1594 cum
1433 1548 1687 1610 tympano
1717 1547 1771 1594 et
1800 1540 1942 1609 gallo
1976 1547 2030 1593 et

442 1632 669 1701 strepitu
715 1630 1102 1702 cymbalorum.
1149 1629 1372 1684 Matrem
1416 1642 1696 1695 vocatam,
1728 1631 1870 1699 quod
1912 1630 2031 1699 plu-

443 1722 578 1775 rima
606 1722 782 1791 pariat
814 1738 826 1773 :
862 1735 1135 1792 magnam,
1166 1720 1311 1789 quod
1348 1720 1523 1773 cibum
1569 1720 1768 1789 gignat.
1792 1718 2025 1785 Almam,

440 1808 567 1876 quia
598 1808 850 1863 universa
893 1807 1143 1862 animalia
1175 1806 1437 1861 fructibus
1473 1807 1583 1861 suis
1612 1806 1725 1859 alit.
1758 1806 1853 1861 Est
1880 1807 2027 1861 enim

1083 451 1143 504 li.
1188 450 1435 505 RABANI
1476 450 1695 507 MAUPJ
1735 449 2052 505 ARCIIIEP.
2094 445 2402 505 MOGUNT.
2447 442 2730 502 OPERUM
2768 441 2948 497 PARS
2988 442 3050 499 ll.

3614 438 3723 495 ‘32

2406 556 2546 625 apud
2578 557 2799 609 Latinos
2847 561 3026 608 autem
3084 552 3376 608 Minervam
3431 558 3721 618 vocatam,

2135 647 2288 715 quasi
2329 647 2483 701 deam
2518 652 2572 700 et
2602 660 2796 698 munus
2824 643 3020 697 artium
3047 642 3342 695 variarum.
3391 641 3543 696 Hanc
3572 641 3722 696 enim

2120 738 2488 793 inventricem
2533 736 2819 790 multorum
2866 733 3202 804 ingeniorum
3232 734 3559 800 perhibent:
3594 732 3727 788 inde

2134 842 2252 881 eam
2297 835 2468 880 artem
2526 833 2580 878 et
2617 826 2879 879 rationem
2928 826 3377 893 interpretantur,
3429 824 3556 892 quia
3605 823 3726 878 sine

2135 918 2341 970 ratione
2386 902 2521 969 nihil
2570 922 2746 985 potest
2790 913 3093 978 contineri;
3128 927 3246 981 qua:
3281 912 3439 975 ratio,
3482 912 3612 980 quia
3652 926 3726 967 ex

2133 1010 2247 1064 solo
2302 1009 2481 1061 animo
2537 1005 2799 1068 nascitur,
2842 1005 3191 1073 animumque
3238 1012 3430 1073 putant
3487 1018 3610 1057 esse
3665 1003 3726 1057 in

2131 1099 2309 1167 capite
2352 1106 2408 1151 et
2452 1097 2699 1159 cerebro,
2747 1094 2868 1148 ideo
2898 1109 3019 1148 eam
3048 1093 3234 1148 dicunt
3274 1094 3339 1147 de
3368 1093 3543 1162 capite
3574 1091 3727 1147 Jovis

2132 1203 2250 1242 esse
2271 1195 2472 1250 natam,
2502 1185 2624 1256 quia
2647 1199 2836 1239 sensus
2858 1183 3137 1253 sapientis,
3159 1184 3249 1252 qui
3287 1183 3489 1237 invenit
3514 1182 3724 1245 omnia,

2130 1278 2185 1331 in
2215 1278 2393 1346 capite
2442 1284 2542 1330 est.
2570 1275 2627 1329 ln
2676 1274 2829 1344 cujus
2855 1280 3073 1343 pectore
3118 1274 3238 1327 ideo
3266 1284 3427 1343 caput
3453 1272 3726 1343 Gorgonis

2131 1367 2371 1438 ﬁngitur,
2413 1366 2558 1434 quod
2606 1364 2715 1418 illic
2761 1371 2843 1417 est
2878 1364 3052 1417 omnis
3081 1361 3391 1430 prudentia,
3428 1378 3549 1431 quae.
3594 1377 3728 1417 con-

2130 1455 2304 1510 fundit
2334 1456 2468 1509 alios
2498 1463 2552 1507 et
2582 1454 2861 1523 imperitos
2888 1460 2941 1505 et
2968 1465 3160 1505 saxeos
3185 1452 3500 1517 comprobat
3531 1467 3545 1502 :
3579 1448 3726 1518 quod

2129 1554 2184 1599 et
2212 1546 2265 1599 in
2293 1544 2530 1612 antiquis
2566 1543 2955 1611 imperatorum
2986 1540 3180 1594 statuis
3207 1539 3479 1593 cernimus
3510 1539 3566 1591 in
3605 1551 3724 1592 me-

2129 1633 2217 1688 dio
2244 1640 2461 1701 pectore
2492 1631 2693 1694 loricae,
2731 1637 2954 1698 propter
2998 1628 3370 1681 insinuandam
3401 1626 3725 1695 sapientiam

2127 1733 2183 1778 et
2206 1724 2477 1777 virtutem.
2512 1721 2637 1774 limo
2662 1718 2899 1772 Minerva
2926 1726 2979 1773 et
3006 1717 3251 1771 Tritonia
3279 1717 3495 1771 dicitur.
3530 1715 3725 1769 Triton

2127 1816 2270 1871 enim
2305 1813 2502 1867 Africm
2537 1812 2691 1883 palus
2724 1819 2841 1875 est,
2882 1810 3025 1865 circa
3072 1826 3235 1878 quam
3276 1810 3450 1864 fertur
3473 1808 3726 1878 virginali

440 1899 824 1953 alimentorum
872 1900 1050 1953 nutrix
1118 1906 1281 1952 terra.
1330 1898 1691 1951 Simulacrum
1739 1898 1853 1967 ejus
1902 1912 2023 1951 cum
2054 1897 2099 1955 B
2127 1907 2624 1976 appartiisse,a3tate
2656 1918 2671 1955 :
2707 1910 2933 1971 propter
2957 1901 3099 1970 quod
3131 1901 3370 1954 Tritonia
3413 1907 3725 1969 nuncupata

439 1988 576 2043 clavi
610 1990 851 2059 ﬁngitur,
881 1990 1005 2059 quia
1034 1988 1193 2042 tellus
1216 1989 1394 2042 hieme
1419 1989 1709 2053 clauditur,
1742 2003 1867 2043 vere
1899 2004 2027 2058 ape-

439 2072 605 2142 ritur,
631 2088 691 2132 ut
722 2079 903 2148 fruges
954 2088 1263 2133 nascantur.
1293 2077 1445 2145 Quod
1487 2087 1797 2149 tympanum
1840 2079 2024 2143 habet,

438 2168 748 2237 signiﬁcare
779 2168 965 2222 volunt
991 2169 1180 2222 orbem
1208 2176 1365 2222 terra:
1394 2187 1406 2221 :
1436 2168 1577 2236 quod
1609 2184 1771 2223 curru
1800 2169 1920 2222 vehi
1948 2170 2027 2222 di-

436 2257 601 2321 citur,
630 2258 753 2325 quia
787 2258 902 2325 ipsa
931 2265 1015 2312 est
1041 2265 1209 2319 terra,
1239 2273 1357 2326 quce
1391 2258 1587 2325 pendet
1618 2258 1669 2310 in
1696 2272 1820 2311 aere
1846 2274 1858 2309 :
1880 2258 2027 2326 quod

438 2350 739 2413 sustinetur
788 2348 938 2412 rotis,
986 2349 1112 2417 quia
1156 2349 1385 2402 mundus
1435 2358 1643 2401 rotatur
1684 2358 1738 2401 et
1778 2349 2026 2403 volubilis

436 2449 543 2493 est.
590 2439 799 2494 Leones
827 2439 903 2493 illi
948 2439 1241 2508 subjiciunt
1266 2446 1599 2503 mansuetos,
1647 2449 1707 2492 ut
1739 2439 2027 2493 ostendant

439 2530 645 2583 nullum
677 2543 797 2583 esse
822 2543 992 2597 genus
1020 2535 1175 2582 terrae
1206 2535 1312 2580 tam
1345 2528 1519 2581 ferum
1541 2568 1555 2591 ,
1586 2528 1728 2597 quod
1758 2543 1865 2581 non
1893 2528 2023 2582 sub-

434 2622 523 2693 iici
556 2621 724 2692 possit
754 2628 848 2673 aut
880 2618 1124 2690 superari
1154 2618 1221 2671 ab
1256 2633 1339 2671 ea.
1380 2618 1532 2684 Quod
1565 2619 1617 2671 iu
1651 2618 1823 2687 capite
1860 2618 2023 2672 turri-

437 2723 549 2767 tam
579 2719 751 2782 gestat
780 2725 1058 2775 coronam,
1091 2707 1325 2763 ostendit
1358 2709 1726 2778 superpositas
1756 2717 1925 2761 teme
1946 2707 2027 2761 ci-

437 2803 635 2855 vitates
692 2800 843 2869 quasi
910 2798 1192 2867 insignitas
1248 2799 1488 2851 turribus
1542 2806 1812 2853 constare.
1861 2796 2031 2851 Sedes

437 2892 714 2961 tinguntur
747 2889 889 2943 circa
927 2903 1046 2942 eam
1068 2928 1081 2951 ,
1112 2887 1295 2958 quod,
1317 2902 1439 2942 eum
1476 2889 1651 2941 omnia
1687 2896 2022 2950 moveantur,

436 2980 551 3050 ipsa
583 2995 690 3034 non
718 2987 983 3033 movetur.
1024 2976 1357 3048 Corybantes
1382 2977 1497 3046 ejus
1534 2976 1769 3031 ministri
1798 2975 2027 3030 constri-

435 3073 539 3127 ctis
564 3072 754 3143 gladiis
782 3086 900 3124 esse
924 3070 1202 3139 tinguntur
1226 3085 1237 3120 :
1272 3076 1330 3121 ut
1360 3067 1692 3137 signiﬁcetur
1720 3081 1907 3121 omnes
1929 3080 2028 3134 pro

436 3172 584 3217 terra
612 3176 707 3216 sua
738 3160 935 3215 debere.
964 3173 1222 3229 pugnare.
1259 3158 1410 3224 Quod
1441 3157 1608 3227 gallos
1639 3157 1763 3211 huic
1804 3156 1934 3220 dcte,
1969 3162 2028 3208 ut

435 3250 721 3313 servirent,
776 3248 1019 3303 fecerunt
1066 3264 1080 3301 :

436 3347 629 3409 geant,
664 3347 863 3392 terram
905 3337 1057 3406 sequi
1086 3330 1333 3405 oportere
1374 3354 1386 3389 :
1432 3338 1485 3390 in
1515 3352 1578 3391 ea
1609 3338 1805 3407 quippe
1843 3337 2023 3391 omnia

435 3427 696 3497 reperiri;
734 3426 877 3494 quod
919 3439 976 3481 se
1002 3425 1143 3493 apud
1172 3439 1290 3478 eam
1323 3425 1549 3494 iactant,
1579 3424 1890 3494 pmcipitur
1921 3424 2025 3493 (in-

434 3517 647 3588 quiunt)
693 3529 750 3571 ut
780 3517 871 3586 qui
916 3525 1116 3569 terram
1148 3514 1367 3579 colunt,
1410 3530 1477 3569 ne
1519 3516 1780 3569 sedeant:
1812 3529 2026 3583 semper

434 3622 579 3661 enim
608 3621 747 3668 esse,
778 3607 921 3673 quod
969 3614 1149 3672 agant.
1186 3604 1564 3673 Cymbalortun
1599 3612 1777 3657 autem
1814 3603 2025 3657 sonitus

436 3696 889 3750 ferramentorum
912 3695 993 3747 es!
1016 3694 1252 3762 crepitus
1276 3694 1328 3746 in
1357 3693 1597 3747 colendis
1621 3693 1784 3760 agris,
1810 3701 1864 3746 et
1904 3693 2023 3746 ideo

435 3800 563 3849 :ere,
594 3783 739 3852 quod
767 3792 969 3836 terram
998 3782 1201 3851 antiqui
1234 3797 1339 3835 :ere
1380 3782 1662 3845 colebant,
1709 3784 2022 3851 priesquam

436 3877 639 3929 ferrum
654 3881 798 3928 esset
813 3874 1109 3927 inventum.
1129 3872 1385 3925 Eamdem
1403 3873 1617 3925 Vestam
1640 3878 1693 3923 et
1715 3871 1891 3940 ignem
1904 3886 2026 3924 esse

434 3964 742 4033 perhibent,
770 3962 896 4030 quia
939 3970 1138 4015 terram
1161 3961 1413 4031 et‘ignem
1443 3962 1642 4015 habere
1674 3976 1779 4014 non
1801 3960 2021 4015 dubium

435 4062 549 4118 est,
590 4062 646 4105 ut
676 4068 737 4107 ex
770 4051 932 4105 [Etna
964 4050 1308 4119 Vulcanoque
1336 4049 1497 4103 datur
1525 4050 1785 4119 intelligi;
1826 4058 1879 4104 et
1904 4049 2026 4104 ideo

436 4150 698 4218 virginem
717 4148 940 4211 dictant,
964 4147 1086 4215 quia
1110 4147 1247 4214 ignis
1271 4144 1573 4199 inviolabile
1590 4144 2019 4208 sitelemenlum,

436 4239 679 4307 nihilque
715 4238 859 4291 nasci
894 4237 1063 4306 possit
1103 4251 1167 4289 ex
1209 4251 1291 4298 eo,
1327 4236 1524 4305 quippe
1563 4237 1652 4304 qui
1688 4236 1869 4289 omnia
1906 4251 2025 4305 qua:

436 4331 725 4400 arripuerit
757 4337 994 4384 assumat
1023 4327 1337 4400 [absumat].
1370 4327 1593 4381 Ovidius
1619 4328 1669 4381 in
1698 4328 1876 4382 Fastis
1902 4346 1913 4381 :

531 4450 635 4499 Nec
660 4458 707 4496 tu
734 4449 862 4497 aliud
888 4448 1087 4496 Vestam
1113 4462 1257 4509 quam
1284 4450 1437 4496 vivam
1466 4448 1691 4509 intellige
1713 4449 1967 4500 ﬂammam.

624 4511 844 4571 Nataque
869 4510 933 4557 de
954 4512 1141 4557 llainma
1164 4523 1365 4571 corpora
1391 4511 1520 4557 nulla
1548 4512 1699 4558 vides.

437 4615 729 4684 Propterea
758 4622 811 4668 et
840 4612 1073 4682 virgines
1096 4612 1144 4665 ei
1172 4612 1376 4666 servire
1397 4612 1601 4675 dicunt,
1628 4627 1691 4665 eo
1721 4612 1861 4680 quod
1884 4612 2023 4665 sicut

437 4704 502 4759 ex
536 4704 762 4774 virgine,
797 4703 868 4755 ita
903 4702 1121 4756 nihilex
1153 4702 1276 4771 igne
1306 4710 1573 4754 nascatur.

510 4798 774 4852 lunonem
805 4796 985 4850 dicunt
1008 4834 1020 4854 ,
1063 4793 1216 4862 quasi
1244 4793 1501 4847 Janonem
1522 4834 1535 4856 ,
1570 4792 1620 4846 id
1650 4802 1764 4856 est,
1797 4791 2021 4861 januam

440 4906 537 4960 pro
559 4885 969 4959 purgationibus
1004 4883 1347 4948 feminarum,
1376 4899 1439 4937 eo
1466 4884 1607 4953 quod
1652 4883 1803 4951 quasi
1841 4891 2023 4952 portas

440 4991 675 5034 matrum
705 4978 866 5041 natis,
895 4984 949 5029 et
973 4982 1196 5030 naturas
1215 4974 1418 5043 pandat
1446 4973 1759 5027 nubentium
1792 4973 2019 5026 maritis.

442 5066 551 5121 Sed
571 5068 672 5120 hoc
691 5058 1021 5134 philosophk
1034 5064 1213 5117 Poeta:
1232 5070 1411 5115 autem
1426 5060 1694 5115 Junonem
1708 5060 1854 5115 Jovis
1875 5076 2021 5115 asse-

442 5168 570 5213 runt
594 5171 836 5211 sororem
858 5164 911 5209 et
939 5156 1250 5225 conjugem;
1286 5155 1462 5224 ignem
1490 5162 1545 5209 et
1572 5168 1751 5207 aerem
1787 5152 1972 5207 Jovem
2002 5169 2017 5218 ;

442 5263 638 5318 aquam
675 5255 730 5300 et
764 5258 960 5300 terram
990 5243 1254 5299 lunonem
1301 5245 1747 5313 interpretantur,
1791 5258 2019 5311 quorum

440 5341 668 5395 duorum
698 5338 1049 5408 permistione
1073 5336 1320 5391 universa
1347 5338 1665 5406 gignuntur;
1700 5343 1755 5389 et
1779 5348 2020 5388 sororem

443 5432 651 5494 dicunt,
674 5428 817 5498 quod
849 5427 1032 5481 mundi
1063 5442 1190 5497 pars
1218 5436 1333 5490 cst;
1377 5427 1677 5495 conjugem,
1710 5426 1850 5494 quod
1876 5440 2021 5479 com—

442 5519 605 5574 mista
634 5526 805 5572 coeat.
840 5517 994 5572 Unde
1023 5524 1077 5572 et
1105 5515 1361 5587 Virgilius
1390 5534 1401 5567 :

583 5628 691 5675 rum
719 5636 858 5689 pater
877 5629 1183 5689 omnipotens
1208 5627 1426 5675 fecundis
1450 5626 1685 5675 imbribus
1709 5625 1867 5674 azther

568 5690 799 5751 (lonjugis
823 5691 873 5737 in
896 5691 1135 5751 gremium
1162 5689 1283 5739 laetae
1302 5691 1572 5737 descendit.
1612 5722 1626 5736 .
1666 5721 1678 5735 .
1716 5723 1728 5735 .
1768 5720 1782 5734 .

443 5796 681 5851 Minerva
722 5797 859 5868 apud
904 5796 1120 5857 Grmcos
1164 5801 1372 5856 Athene
1418 5800 1645 5867 dicitur,
1698 5798 1749 5854 id
1787 5805 1903 5867 est,
1948 5796 2025 5854 fe-

2048 4577 2099 4636 D

2129 2006 2212 2052 est
2236 2015 2248 2049 :
2275 1996 2414 2050 unde
2447 2002 2500 2049 et
2532 2002 2679 2048 tanto
2712 1992 3003 2061 proclivius
3032 1991 3130 2045 dea
3156 1991 3359 2045 credita
3386 1998 3493 2053 est,
3517 1997 3728 2058 quanto

2128 2086 2306 2139 minus
2335 2085 2485 2153 origo
2521 2084 2636 2151 ejus
2668 2082 2920 2135 innotuit.
2954 2080 3129 2133 Pallas
3154 2088 3332 2133 autem
3363 2080 3505 2133 dicta
3536 2079 3620 2133 vel
3654 2080 3729 2133 ab

2129 2176 2304 2230 insula
2346 2175 2561 2229 Pallene
2601 2174 2654 2227 in
2696 2173 2945 2234 Thracia,
2989 2172 3040 2225 in
3068 2187 3171 2240 qua
3210 2170 3409 2224 nutrita
3442 2179 3527 2223 est
3573 2188 3585 2222 :
3636 2169 3726 2224 vel

2128 2283 2231 2336 apo
2262 2273 2349 2322 to'u
2400 2265 2592 2334 pallein
2645 2271 2697 2317 to
2746 2262 2902 2326 doru,
2943 2263 2993 2315 id
3024 2271 3125 2326 est,
3160 2261 3227 2314 ab
3269 2261 3439 2314 hastze
3483 2274 3725 2313 concus-

2127 2361 2278 2413 sione
2312 2376 2324 2411 :
2359 2357 2442 2410 vel
2474 2356 2614 2425 quod
2648 2354 2944 2407 Pallantem
2984 2354 3254 2423 gigan'em
3294 2351 3574 2405 occiderit.
3612 2348 3723 2403 Ve-

2126 2462 2310 2503 nerem
2340 2446 2537 2501 exinde
2571 2445 2758 2499 dicunt
2789 2451 3181 2511 nuncupatam,
3216 2441 3357 2509 quod
3391 2440 3508 2493 sine
3540 2440 3591 2492 vi
3639 2437 3724 2493 fe-

2126 2540 2271 2594 mina
2299 2540 2449 2609 virgo
2489 2552 2607 2591 esse
2653 2552 2758 2590 non
2800 2536 3048 2589 desinat:
3085 2534 3229 2608 hanc
3272 2532 3447 2587 Graeci
3496 2530 3727 2586 affrodin

2130 2626 2505 2701 [Aphroditen]
2538 2634 2733 2679 vocant
2763 2632 2981 2694 propter
3024 2638 3267 2692 spumam
3310 2621 3590 2691 sanguinis
3631 2634 3727 2690 ge-

2128 2726 2427 2772 nerantem.
2478 2714 2719 2769 Ail'rodin
2776 2712 3060 2785 [Aphros]
3114 2712 3259 2766 enim
3291 2710 3477 2765 Grtece
3526 2724 3725 2779 spuma

2126 2816 2367 2861 vocatur.
2416 2807 2567 2872 Quod
2612 2815 2791 2860 autem
2832 2805 3040 2874 ﬁngunt
3083 2802 3553 2858 SatnrnumCoelo
3576 2803 3727 2872 patri

2126 2898 2379 2966 genitalia
2422 2896 2736 2959 abscidisse,
2781 2904 2835 2947 et
2876 2895 3191 2964 sanguinem
3226 2894 3423 2948 fudisse
3459 2894 3511 2945 in
3542 2906 3723 2955 mare,

2126 2994 2287 3055 atque
2313 3001 2378 3039 eo
2409 3000 2594 3054 spuma
2624 2985 2788 3052 maris
2809 2993 3061 3037 concreta
3084 2983 3265 3039 Venus
3286 2992 3409 3037 nata
3437 2992 3519 3036 est
3546 2996 3560 3034 :
3588 2980 3724 3035 illud

2127 3075 2308 3138 aiunt,
2340 3073 2485 3141 quod
2515 3072 2687 3126 coitus
2719 3072 2844 3125 salsi
2882 3072 3126 3125 humoris
3166 3070 3463 3124 substantia
3493 3076 3614 3132 est,
3668 3076 3726 3123 ei

2132 3164 2255 3218 inde
2283 3162 2510 3217 ail‘rodin
2540 3161 2919 3234 [Aphroditen]
2946 3160 3207 3216 Venerem
3236 3160 3361 3224 dici,
3383 3162 3511 3230 quia
3541 3160 3725 3213 coitus

1128 3248 1451 3316 signiﬁcant.
1503 3248 1594 3316 (illi
1638 3247 1841 3301 semine
1887 3246 2020 3299 illdi-
2050 3240 2093 3300 C
2127 3269 2312 3323 spuma
2341 3262 2423 3307 est
2453 3254 2746 3323 sanguinis,
2780 3254 2869 3322 qui
2901 3267 2966 3306 ex
3011 3268 3172 3307 succo
3200 3253 3467 3306 viscerum
3512 3250 3727 3325 liquido

2125 3346 2373 3414 salseque
2416 3352 2647 3399 constat.
2694 3344 2816 3397 ideo
2858 3352 3035 3396 autem
3065 3342 3329 3396 Venerem
3371 3340 3595 3393 Vulcani
3638 3339 3724 3393 di-

2124 3446 2254 3491 cunt
2278 3450 2521 3499 uxorem,
2546 3434 2671 3501 quia
2695 3447 2983 3487 venereum
3008 3431 3239 3486 oﬂicium
3265 3446 3369 3483 non
3395 3430 3512 3483 sine
3533 3428 3723 3489 calore

2124 3526 2399 3589 consistit;
2420 3524 2559 3577 unde
2580 3531 2664 3576 est
2691 3541 2701 3574 :
2729 3521 2983 3591 Frigidus
3005 3523 3057 3573 in
3083 3521 3328 3574 Venerem
3354 3521 3549 3571 senior.
3580 3516 3721 3569 Nam

2122 3614 2264 3685 quod
2304 3612 2573 3667 Saturnus
2603 3612 2800 3665 dicitur
2828 3610 2968 3678 patri
2994 3608 3145 3663 Casio
3176 3608 3353 3660 vitilia‘
3384 3614 3720 3676 amputasse.

2123 3724 2241 3777 qua:
2272 3707 2325 3759 in
2360 3720 2510 3758 mare
2540 3702 2785 3757 cadentia
2819 3700 3077 3755 Venerem
3109 3706 3450 3759 creaverunt,
3510 3697 3562 3750 id
3596 3696 3723 3752 ideo

2124 3796 2363 3865 ﬁngitur,
2396 3795 2518 3863 quia
2553 3794 2654 3847 nisi
2686 3794 2879 3846 humor
2908 3792 2972 3845 de
3006 3793 3143 3845 emlo
3170 3792 3221 3843 in
3258 3798 3457 3843 terram
3487 3788 3723 3843 descen—

2124 3888 2294 3951 derit,
2324 3886 2455 3939 nihil
2484 3893 2717 3938 creatur.
2752 3883 3070 3951 Cupidinem
3099 3890 3345 3936 vocatum
3386 3881 3564 3933 fciunt
3590 3896 3723 3948 pro-

2122 3988 2243 4048 pter
2283 3992 2544 4031 amorem.
2594 3976 2689 4029 Est
2732 3976 2877 4028 enim
2924 3974 3132 4027 dtemon
3184 3973 3577 4033 fornicationis,
3620 3972 3720 4041 qui

2124 4070 2243 4123 ideo
2288 4067 2460 4121 alatus
2504 4066 2782 4135 pingitur:
2826 4064 2954 4133 quia
2997 4062 3127 4116 nihil
3177 4062 3479 4115 amantibus
3519 4061 3718 4141 levius,

2124 4158 2258 4213 nihil
2312 4157 2621 4211 mutabilius
2674 4156 2963 4209 invenitur.
3036 4153 3179 4207 Puer
3229 4154 3469 4223 pingitur
3502 4194 3516 4217 ,
3586 4153 3719 4221 quia

2124 4249 2319 4303 stultus
2347 4256 2429 4302 est
2463 4255 2517 4301 et
2544 4245 2928 4299 irrationabilis
2958 4259 3129 4297 amor.
3170 4242 3431 4313 Sagittam
3457 4253 3510 4297 et
3537 4243 3717 4297 facem

2125 4350 2311 4393 tenero
2338 4338 2561 4407 ﬁngitur
2586 4352 2599 4389 :
2629 4337 2878 4406 sagittam
2899 4376 2911 4397 ,
2953 4335 3077 4403 quia
3106 4350 3258 4388 amor
3292 4350 3388 4389 cor
3416 4335 3665 4389 vulnerat
3697 4352 3715 4389 :

2124 4428 2460 4495 facem,quia
2491 4426 2806 4480 inﬂammat.
2843 4426 2950 4478 Pan
2978 4424 3377 4488 dicuutGrznci,
3402 4424 3578 4478 Latini
3609 4423 3721 4478 Sil-

2125 4536 2320 4572 vanum
2357 4520 2515 4571 deum
2559 4518 2907 4579 rusticorum,
2933 4531 3093 4584 quem
3132 4516 3182 4567 in
3218 4522 3423 4567 natura:
3463 4513 3721 4567 similitu-

2126 4608 2303 4661 dinem
2347 4606 2753 4659 formaverunt:
2786 4606 2925 4659 unde
2951 4598 3003 4657 et
3032 4620 3134 4672 pan
3163 4603 3337 4656 dictus
3373 4610 3475 4664 est,
3517 4602 3571 4655 id
3608 4611 3717 4668 est,

2126 4716 2286 4756 omne
2317 4718 2329 4752 :
2359 4699 2572 4769 lingunt
2599 4698 2738 4751 enim
2765 4712 2885 4750 eum
2909 4711 2973 4749 ex
3000 4693 3293 4747 universali
3321 4693 3721 4747 elementorum

2126 4794 2303 4861 specie
2335 4806 2347 4843 :
2379 4790 2543 4843 habet
2576 4788 2716 4841 enim
2748 4802 2948 4841 cornua
2992 4786 3045 4839 in
3081 4784 3489 4839 similitudinem
3530 4783 3719 4838 radio-

2128 4900 2246 4936 rum
2278 4880 2405 4934 solis
2435 4890 2489 4931 et
2524 4878 2660 4931 luna:
2694 4896 2705 4929 :
2743 4878 3048 4931 distinctam
3078 4874 3301 4927 maculis
3332 4874 3495 4928 habet
3519 4873 3720 4943 pellem

2128 4981 2347 5043 propter
2383 4971 2506 5024 eteli
2546 4969 2740 5023 sidera.
2786 4968 2963 5021 Rubet
2988 4966 3130 5020 enim
3169 4964 3336 5020 facies
3363 4963 3431 5017 ad
3461 4963 3722 5017 similitu-

2129 5065 2307 5117 t.inem
2344 5061 2579 5115 :etheris.
2622 5059 2880 5113 Fistulam
2917 5067 3121 5125 septem
3164 5055 3497 5111 calamorum
3538 5061 3723 5123 gestat

2126 5166 2345 5225 propter
2376 5154 2711 5208 harmoniam
2733 5152 2882 5215 cceli,
2906 5152 2958 5205 in
2980 5165 3086 5217 qua
3119 5156 3323 5217 septem
3356 5156 3482 5202 sunt
3514 5147 3633 5203 soni
3662 5154 3725 5202 et

2130 5264 2332 5319 septem
2366 5250 2677 5304 discrimina
2713 5263 2926 5302 vocum.
2963 5246 3197 5301 Villosus
3236 5252 3351 5309 est,
3390 5237 3517 5313 quia
3560 5243 3723 5298 tellus

2130 5340 2424 5394 convestita
2455 5349 2553 5394 est.
2583 5339 2627 5392 Α
2655 5338 2880 5408 genibus
2912 5352 3038 5405 pars
3062 5334 3178 5403 ejus
3211 5334 3434 5389 inferior
3460 5332 3606 5387 ftha
3633 5342 3725 5389 est

2128 5441 2346 5502 propter
2373 5433 2593 5485 arbores
2617 5438 2674 5482 et
2702 5427 2845 5481 feras
2874 5436 2930 5480 et
2957 5427 3209 5495 pecudes.
3250 5424 3513 5492 Caprinas
3543 5438 3725 5492 tinguo

2128 5524 2209 5579 las
2240 5524 2431 5588 habet,
2464 5531 2522 5575 ut
2555 5520 2877 5574 soliditatem
2916 5529 3074 5572 terra:
3106 5517 3374 5572 ostendat.
3418 5514 3591 5581 Quem
3622 5530 3725 5567 vo-

2130 5622 2253 5670 cant
2281 5629 2460 5668 rerum
2492 5620 2545 5666 et
2568 5612 2727 5664 totius
2755 5619 2961 5663 natura:
2988 5609 3178 5662 Deum.
3215 5605 3365 5659 Unde
3397 5620 3526 5673 pan.
3558 5602 3725 5674 quasi

2130 5705 2329 5768 omnia,
2359 5704 2564 5757 dicunt.
2600 5700 2695 5755 isis
2732 5700 2912 5770 lingua
2951 5697 3325 5768 Egyptiorum
3360 5709 3507 5749 terra
3536 5692 3729 5763 appel-

2130 5799 2289 5866 latur,
2322 5813 2482 5867 quam
2510 5796 2633 5853 lsim
2658 5797 2843 5853 volunt
2869 5810 2989 5852 esse
3020 5812 3031 5847 :
3067 5792 3166 5849 fuit
3196 5799 3373 5847 autem
3402 5787 3503 5845 lsis
3532 5784 3730 5856 regina
