3922 6360
234 318 334 377 855

1196 315 1278 371 DE
1317 310 1663 370 UNIVERSO
1698 311 1880 367 LIBRI
1921 311 2083 365 XXll.
2123 340 2193 351 ——
2224 312 2353 366 LIB.
2397 308 2519 366 XV.

3374 309 3480 367 BI

233 428 639 501 Elgyptiorum,
671 425 851 481 Inachi
887 425 1028 497 regis
1076 424 1212 488 ﬁlia,
1243 438 1361 493 quae
1390 426 1455 477 de
1481 423 1689 477 Grzncia
1719 438 1809 475 νε-
1835 425 1885 484 Α
1910 429 2131 491 propter
2153 430 2258 474 tres
2284 422 2525 486 affectus,
2547 436 2667 491 qua:
2696 422 2749 476 in
2779 422 2973 475 animis
2991 422 3269 489 hominum
3290 424 3491 475 multas
3532 478 3537 482 ,

233 520 383 575 ιιὶειιε
413 515 702 587 Egyptios
729 517 934 571 litteras
973 516 1186 579 docuit,
1218 522 1273 568 et
1314 523 1486 568 terras
1511 513 1689 566 colere
1734 512 1813 565 iu-

232 610 431 673 stituit,
466 618 693 677 propter
728 608 870 677 quod
899 616 954 660 et
984 614 1184 659 terram
1226 604 1343 672 ejus
1376 602 1592 656 nomine
1635 601 1815 671 appel-

233 699 495 753 laverunt.
552 698 771 768 Serapis
820 697 1061 751 omnium
1118 696 1385 750 maximus
1440 694 1813 763 Egyptiorum

232 789 388 853 deus,
438 789 553 856 ipse
600 796 684 843 est
727 786 857 856 Apis
903 801 999 840 rex
1048 785 1398 855 Argivorum,
1452 783 1543 852 qui
1589 782 1817 836 navibus

232 886 572 932 transvectus
622 877 676 930 in
727 874 1060 945 Egyptum,
1130 890 1254 929 cum
1322 872 1520 927 ibidem
1571 880 1818 928 mortuus

230 965 435 1030 fuisset,
469 965 692 1034 Serapis
721 964 1020 1032 appellatus
1047 971 1129 1017 est
1152 981 1181 1040 :~
1195 970 1481 1032 propterea
1514 961 1637 1029 quia
1667 976 1814 1026 arca,

232 1056 285 1111 in
317 1072 419 1125 qua
442 1066 692 1110 mortuus
712 1054 947 1124 ponitur,
984 1068 1147 1122 quam
1177 1053 1570 1121 sarcophagum
1603 1059 1815 1117 vocant,

230 1160 378 1202 soros
398 1145 602 1199 dicitur
619 1143 826 1207 Graece,
842 1142 986 1197 velut
1005 1158 1157 1197 soros
1174 1142 1326 1211 Apis,
1348 1149 1402 1193 et
1423 1140 1492 1194 ibi
1515 1155 1636 1194 eum
1659 1154 1819 1193 vene-

232 1235 335 1291 rari
365 1234 639 1304 sepultum
660 1242 961 1302 cmperunt,
981 1234 1293 1302 priusquam
1317 1231 1577 1300 templum
1600 1229 1715 1297 ejus
1735 1244 1821 1283 es-

230 1336 313 1385 set
329 1327 677 1382 instructum.
704 1326 922 1395 Serapis
940 1326 1134 1394 primo,
1153 1323 1347 1380 deinde
1362 1337 1465 1376 una
1480 1322 1657 1375 littera
1672 1335 1819 1373 com-

230 1428 455 1483 mutata,
495 1417 713 1488 Serapis
742 1418 917 1472 dictus
954 1425 1059 1471 est.
1087 1417 1217 1486 Apis
1244 1416 1346 1469 fuit
1369 1415 1510 1484 apud
1539 1413 1821 1484 Egyptios

230 1519 413 1563 taurus
443 1507 637 1576 Serapi
668 1514 1035 1570 consecratus,
1069 1515 1122 1561 et
1159 1508 1231 1561 ab
1268 1521 1333 1560 eo
1369 1506 1442 1559 ita
1474 1504 1821 1575 cognomina-

230 1603 335 1660 tus,
368 1609 533 1664 quem
564 1594 826 1665 Egyptus
854 1596 1025 1649 instar
1056 1596 1294 1649 numinis
1323 1594 1552 1659 colebat,
1587 1609 1652 1648 eo
1681 1594 1821 1663 quod

229 1684 295 1739 de
321 1684 523 1739 futuris
550 1686 703 1744 daret
723 1685 969 1752 quaedam
996 1684 1282 1739 manifesta
1313 1685 1484 1755 signa.
1515 1684 1823 1753 Apparebat

1910 507 2340 580 perturbationes
2378 510 2622 579 gignunt,
2666 520 2720 565 et
2762 509 3029 565 interdum
3080 516 3276 576 cogunt
3319 506 3490 563 delin-

1913 614 2097 670 quere,
2120 606 2181 652 ut
2202 612 2299 652 nec
2322 596 2475 651 fama:
2496 599 2789 667 periculive
2814 605 3115 666 respectum
3146 593 3345 648 habere
3369 606 3491 662 pcr-

1913 690 2150 744 mittant.
2186 686 2268 740 Ira
2290 726 2304 751 ,
2348 701 2466 754 quae
2501 687 2791 741 vindictam
2826 685 2970 754 cupit
3000 698 3014 737 :
3047 683 3340 753 cupiditas,
3373 696 3493 750 qua:

1914 776 2186 831 desiderat
2215 789 2345 843 opes
2376 792 2389 827 :
2422 774 2606 837 libido,
2634 790 2754 842 quae
2780 773 2984 843 appetit
3011 771 3332 839 voluptates.
3361 769 3493 836 Quae

1916 870 2037 925 ideo
2062 868 2237 921 Furia:
2264 865 2615 935 appellantur,
2646 867 2788 933 quod
2834 864 3065 919 stimulis
3106 863 3218 917 suis
3260 870 3494 916 mentem

1918 962 2130 1025 feriant,
2162 969 2217 1014 et
2247 959 2481 1027 quietam
2526 972 2645 1011 esse
2674 972 2780 1011 non
2823 957 3020 1012 sinant.
3068 954 3341 1025 Nymphas
3368 954 3497 1009 deas

1915 1066 2187 1120 aquarum
2211 1057 2400 1118 putant
2430 1048 2599 1102 dictas
2625 1062 2655 1100 a
2688 1046 2918 1102 nubibus
2950 1066 2963 1100 :
3005 1062 3137 1100 nam
3159 1062 3225 1101 ex
3266 1044 3498 1099 nubibus

1916 1156 2092 1209 aquae,
2142 1140 2282 1193 unde
2328 1153 2521 1191 nomen
2564 1137 2902 1201 derivatum;
2934 1135 3195 1207 nymphas
3234 1148 3495 1203 aquarum

1921 1231 2070 1293 deas,
2091 1228 2244 1297 quasi
2268 1227 2484 1280 numina
2509 1226 2859 1296 lympharum.
2876 1226 3024 1295 Ipsas
3046 1234 3223 1281 autem
3244 1225 3428 1280 dicunt
3445 1232 3502 1279 et

1923 1318 2121 1382 Musas,
2152 1332 2287 1385 quas
2313 1325 2367 1370 et
2396 1316 2679 1385 nymphas,
2710 1314 2817 1369 Nec
2841 1316 3111 1370 immerito
3143 1334 3156 1369 :
3191 1321 3313 1369 nam
3344 1328 3502 1384 aqua:

1923 1414 2101 1461 motus
2146 1406 2387 1459 musicen
2430 1404 2613 1459 efficit.
2660 1403 3027 1474 Nympharum
3074 1405 3215 1474 apud
3272 1403 3497 1473 gentiles

1922 1497 2070 1551 varia
2092 1504 2215 1551 sunt
2236 1495 2509 1551 vocabula.
2536 1496 2809 1566 Nymphas
2829 1497 3026 1566 quippe
3051 1496 3312 1551 montium
3335 1495 3502 1550 Orca-

1925 1585 2020 1639 des
2042 1585 2248 1649 dicunt,
2272 1583 2526 1638 silvarum
2554 1585 2811 1655 Dryades,
2839 1599 3149 1653 camporum
3168 1584 3501 1653 Hamadrya-

1925 1678 2039 1741 des,
2059 1675 2283 1730 fontium
2302 1675 2552 1740 Naiades,
2566 1676 2733 1730 maris
2752 1674 3025 1731 Nereides.
3045 1675 3246 1729 Heroas
3266 1676 3503 1728 dicunta

228 1776 369 1829 enim
416 1776 470 1829 in
522 1775 805 1846 Memphis,
852 1790 1011 1844 quem
1058 1786 1276 1857 cengum
1324 1776 1593 1831 anuslﬂes
1635 1791 1819 1844 prose.
1849 1774 1892 1831 Β
1920 1766 2127 1822 lunone
2148 1765 2380 1821 traxisse
2404 1780 2631 1820 nomen:
2659 1764 2843 1820 Grmce
2868 1764 3011 1819 enim
3035 1762 3173 1817 Juno
3198 1763 3300 1817 Ere
3326 1763 3505 1833 appel-

230 1865 560 1933 quebantur,
584 1874 641 1920 et
666 1873 885 1935 repente
916 1864 1059 1919 velut
1087 1865 1397 1935 lymphatici
1427 1866 1810 1936 prrecinebant.

227 1951 394 2022 Hujus
430 1954 630 2023 capitis
673 1955 964 2024 imaginem
1016 1954 1116 2007 sibi
1165 1955 1219 2007 in
1263 1970 1445 2009 eremo
1479 1954 1645 2009 Judaei
1678 1954 1818 2009 fece-

228 2052 370 2099 runt.
400 2044 578 2098 Fauni
612 2060 642 2098 a
673 2043 853 2109 fando,
870 2044 1015 2099 velut
1046 2059 1145 2114 apo
1169 2046 1435 2113 telphanis
1462 2045 1568 2117 [tes
1588 2045 1817 2117 phoncs]

227 2133 385 2194 dicti,
430 2134 583 2203 quod
620 2149 773 2199 voce,
798 2149 923 2188 non
966 2135 1152 2205 signis,
1186 2136 1475 2190 ostendere
1508 2135 1820 2189 viderentur

226 2222 425 2278 futura.
479 2225 540 2279 In
586 2226 724 2280 lucis
754 2226 897 2279 enim
943 2226 1364 2280 consulcbantur
1403 2242 1432 2280 a
1480 2226 1727 2296 paganis,
1765 2233 1819 2279 et

229 2328 483 2383 respoiisa
536 2313 640 2367 illis
679 2329 783 2367 non
828 2314 1017 2383 signis,
1063 2313 1156 2369 sed
1194 2315 1417 2369 vocibus
1457 2314 1675 2367 dabant.
1716 2313 1818 2369 Ge-

228 2401 372 2455 nium
403 2411 587 2455 autem
618 2402 820 2467 dicunt,
848 2403 989 2471 quod
1016 2404 1169 2473 quasi
1202 2406 1310 2457 vim
1339 2404 1538 2458 habeat
1570 2404 1816 2481 omnium

228 2505 406 2545 rerum
435 2493 854 2562 gignendarum,
887 2508 981 2547 seu
1004 2509 1033 2546 a
1056 2493 1336 2565 gignendis
1363 2492 1561 2548 liberis.
1593 2493 1746 2548 Unde
1768 2502 1823 2548 et

227 2581 464 2649 geniales
504 2581 632 2636 lecti
663 2581 982 2636 dicebantur
1012 2598 1041 2635 a
1081 2582 1349 2653 gentibus,
1404 2584 1495 2652 qui
1537 2598 1675 2638 novo
1706 2599 1821 2638 ma-

1922 1857 2095 1922 latur;
2127 1866 2181 1910 et
2203 1856 2321 1910 ideo
2340 1856 2526 1911 nescio
2541 1857 2660 1925 quis
2682 1855 2823 1910 filius
2844 1854 2958 1923 ejus
2980 1856 3271 1910 secundum
3288 1853 3504 1910 Grmco-
3548 1873 3553 1881 ·

1921 1964 2039 2003 rum
2073 1947 2308 2003 fabulam
2337 1947 2481 2001 Eros
2502 1946 2602 2001 fuit
2623 1955 2959 2016 nuncupatus
2981 1964 2998 1999 ε
3024 1946 3124 2000 hoc
3148 1945 3293 2000 velut
3319 1946 3507 2016 mysti-

1921 2054 2043 2092 cum
2074 2037 2408 2109 significante
2437 2036 2640 2101 fabula,
2672 2038 2813 2106 quod
2846 2052 2940 2091 aer
2965 2036 3161 2091 Junoni
3195 2038 3502 2106 deputetur,

1921 2127 2012 2181 ubi
2060 2127 2245 2181 volunt
2284 2127 2477 2182 heroas
2507 2125 2767 2189 habitare,
2818 2142 2925 2197 quo
2975 2127 3190 2182 nomine
3236 2126 3508 2197 appellant

1919 2218 2150 2288 alicujus
2180 2218 2359 2272 meriti
2403 2218 2610 2271 animas
2652 2218 3056 2285 defunctorum,
3099 2220 3250 2288 quasi
3291 2235 3504 2285 acroas,

1921 2308 1974 2363 id
2004 2317 2120 2373 est,
2166 2309 2311 2363 viros
2340 2308 2516 2363 aerios
2552 2316 2607 2362 et
2636 2308 2774 2363 coelo
2814 2309 3004 2379 dignos
3039 2318 3260 2378 propter
3287 2310 3503 2380 sapien-

1922 2399 2053 2452 tiam
2083 2407 2137 2452 et
2176 2398 2565 2453 fortitudinem.
2598 2398 2831 2453 Penates
2861 2400 3087 2470 gentiles
3111 2400 3357 2454 dicebant
3384 2415 3505 2455 om-

1922 2504 2020 2544 nes
2045 2489 2193 2552 deos,
2220 2504 2356 2560 quos
2377 2490 2518 2543 domi
2551 2488 2797 2544 colebant
2825 2508 2837 2543 :
2864 2484 2917 2545 et
2948 2501 3169 2559 penates
3189 2490 3339 2556 dicti,
3362 2492 3507 2561 quod

1923 2588 2107 2635 essent
2148 2580 2199 2634 in
2238 2580 2631 2650 penetralibus,
2682 2581 2735 2634 id
2778 2588 2876 2644 est,
2926 2581 2978 2635 in
3027 2582 3268 2645 secretis.
3318 2580 3382 2636 Ili
3432 2582 3509 2637 dii

230 2668 334 2722 rito
362 2672 771 2725 sternebantur.
806 2671 932 2726 Ilzec
964 2681 1019 2727 et
1054 2673 1157 2727 alia
1197 2684 1324 2728 sunt
1358 2675 1635 2744 gentilium
1667 2658 2193 2772 fabu-gquomodo
2237 2671 2587 2734 vocabamur,
2634 2671 2718 2725 vel
2767 2686 2886 2741 (ιιιτε
2930 2672 3147 2725 uomitu!
3197 2671 3505 2737 habuerint.

229 2755 338 2812 lusa
358 2758 641 2828 figmenta,
656 2776 776 2829 qua:
797 2762 1150 2832 interpretata
1167 2763 1242 2817 sic
1266 2764 1553 2829 habentur,
1568 2774 1626 2819 ut
1639 2781 1701 2819 ea
1718 2781 1822 2820 non

229 2848 495 2905 intellecta
528 2851 918 2906 'damnabiliter
941 2852 1117 2907 tamen
1150 2856 1463 2909 adorentur.
1491 2856 1683 2909 Fatum
1723 2872 1822 2911 au—

230 2946 334 2993 tem
367 2939 562 2993 dicunt
584 2956 741 3005 esse,
772 2943 1031 3010 quidquid
1060 2944 1132 2998 dii
1165 2943 1366 3007 fantur,
1397 2945 1656 3014 quidquid
1676 2944 1825 3014 Jupi-

1925 2759 2221 2829 ignoratur.
2272 2758 2455 2813 Manes
2504 2760 2630 2814 deos
2661 2769 2993 2814 mortuorum
3025 2761 3240 2824 dicunt,
3271 2776 3503 2829 quorum

1924 2858 2247 2919 potestatem
2292 2850 2432 2904 inter
2467 2850 2647 2904 lunam
2683 2858 2736 2904 et
2767 2859 2965 2905 terram
3000 2860 3248 2905 asserunt
3281 2866 3295 2903 :
3328 2867 3358 2904 a
3386 2852 3509 2921 qni-

1924 2942 2026 2995 bus
2046 2948 2101 2994 et
2128 2956 2285 2994 mane
2312 2942 2512 3010 dictum
2542 2942 2871 3005 existimant,
2890 2956 3024 3009 quos
3050 2948 3238 3010 putant
3264 2940 3330 2994 ab
3358 2955 3505 3005 aere,

227 3036 309 3082 ter
346 3028 515 3083 fatur.
554 3030 592 3082 A
628 3029 789 3085 fando
814 3034 977 3104 igitur
1002 3034 1168 3089 fatum
1198 3001 1429 3099 dicunt;
1450 3036 1502 3090 id
1528 3001 1633 3101 isi,
1679 3052 1709 3090 ει
1749 3001 1828 3092 lo.
1927 3032 2019 3100 qui
2042 3046 2251 3096 manus,
2279 3030 2330 3085 id
2359 3001 2634 3098 est,rarus
2665 3041 2747 3086 est
2776 3050 2788 3085 ε
2826 3046 3011 3085 manes
3040 3032 3359 3094 dictos,sive
3381 3032 3509 3101 quia

226 3119 461 3187 quendo,
502 3119 597 3186 qui
637 3120 740 3173 nisi
786 3121 886 3175 hoc
928 3138 1121 3177 nomen
1148 3123 1259 3193 jam
1292 3125 1343 3178 in
1380 3124 1483 3178 alia
1527 3142 1585 3181 re
1623 3126 1822 3181 soleret
1852 3114 1894 3175 C
1927 3122 2033 3177 late
2063 3130 2283 3176 manant
2308 3136 2407 3191 per
2449 3137 2629 3185 auras,
2662 3123 2773 3177 sive
2802 3123 2926 3191 quia
2960 3122 3117 3175 mites
3147 3132 3271 3175 sunt
3309 3121 3507 3174 innua-

227 3204 472 3274 intelligi,
504 3222 615 3275 quo
642 3206 805 3262 corda
838 3210 1112 3263 hominum
1145 3211 1395 3267 nolumus
1420 3212 1702 3277 inclinare,
1732 3228 1821 3266 ra-

228 3292 563 3351 tionabiliter
588 3311 869 3364 possemus
896 3314 926 3351 a
962 3298 1123 3353 fando
1160 3298 1330 3354 fatum
1372 3302 1679 3370 appellare:
1714 3318 1821 3357 non

227 3383 368 3435 enim
424 3383 670 3439 abnuere
711 3401 996 3453 possumus
1042 3402 1162 3443 esse
1206 3390 1465 3459 scriptum
1515 3392 1570 3445 in
1626 3392 1822 3447 litteris

230 3472 431 3526 sanctis
456 3490 469 3525 :
498 3473 677 3527 Semel
702 3473 905 3530 locutus
933 3486 1007 3530 est
1029 3477 1195 3541 Deus,
1222 3480 1327 3532 duo
1352 3480 1463 3533 haec
1488 3481 1686 3545 audivi,
1712 3491 1816 3536 etc.

230 3557 399 3630 (Psal.
424 3562 560 3631 LXI).
595 3562 747 3628 Quod
773 3566 914 3619 enim
939 3565 1139 3621 dictum
1161 3575 1265 3631 est,
1306 3569 1462 3622 semel
1486 3568 1687 3623 locutus
1708 3579 1781 3623 est
1799 3584 1819 3621 :

229 3648 550 3721 intelligitur
601 3653 971 3718 immobiliter,
1025 3656 1128 3712 hoc
1176 3665 1278 3722 est,
1312 3658 1823 3714 incommutabilitcr

230 3748 311 3793 est
334 3740 576 3807 locutus,
599 3743 741 3797 sicut
768 3745 916 3799 novit
938 3746 1453 3803 incommutabilitcr
1474 3751 1676 3815 omnia,
1703 3767 1823 3821 qua:

231 3828 405 3885 futura
447 3841 599 3897 sunt,
630 3843 688 3888 et
715 3834 828 3903 ipse
881 3835 1120 3891 facturus
1166 3852 1266 3893 est.
1311 3840 1437 3894 Tria
1485 3852 1663 3895 autem
1709 3844 1820 3897 fata

228 3921 435 3993 fingunt
479 3925 536 3978 in
566 3924 686 3980 colo
725 3934 780 3981 et
823 3926 944 3982 fuso
974 3928 1263 3999 digitisque
1309 3930 1395 3985 ﬁla
1433 3947 1501 3986 ex
1545 3931 1668 3986 lana
1710 3942 1819 3987 tor-

228 4015 519 4081 quentibus
549 4026 770 4086 propter
804 4020 907 4072 tria
954 4028 1195 4090 tempora
1229 4035 1244 4075 :
1278 4024 1639 4091 praeteritum,
1674 4024 1818 4093 quod

228 4100 283 4155 in
320 4102 440 4156 fuso
480 4103 599 4170 jam
646 4116 829 4161 nctum
877 4118 1039 4178 atque
1078 4111 1375 4167 involutum
1402 4121 1483 4167 est
1513 4131 1525 4166 :
1556 4128 1817 4184 praesens,

228 4193 367 4260 quod
401 4194 548 4247 inter
573 4196 769 4266 digitos
800 4200 979 4254 nentis
1011 4202 1242 4255 trahitur
1272 4221 1284 4255 :
1318 4201 1557 4257 futurum
1589 4204 1641 4257 in
1674 4204 1817 4270 lana,

227 4294 343 4350 qua:
390 4283 514 4337 colo
555 4285 828 4353 implicata
871 4297 973 4354 est,
1018 4299 1073 4344 et
1110 4292 1253 4360 quod
1296 4293 1471 4348 adhuc
1500 4310 1598 4363 per
1626 4294 1819 4364 digitos

227 4373 405 4425 nentis
455 4373 526 4426 ad
558 4373 771 4440 fusum,
816 4385 1069 4446 tanquam
1100 4395 1337 4447 praesens
1365 4383 1431 4435 ad
1460 4383 1813 4452 praeteritum,

1921 3214 2100 3277 nibus,
2122 3214 2390 3268 contrario
2435 3213 2653 3267 nomine
2696 3214 2798 3267 hoc
2826 3212 3196 3283 appellantur.
3249 3211 3508 3281 Apuleius

1923 3314 2099 3360 autem
2131 3304 2207 3359 ait
2232 3321 2325 3360 eos
2353 3314 2469 3359 cata
2493 3305 2829 3374 antiphrasin
2854 3306 2959 3360 dici
2990 3319 3195 3368 manes,
3240 3304 3341 3359 hoc
3382 3312 3503 3367 est,

1922 3396 2080 3450 mites
2120 3410 2183 3450 ac
2212 3395 2498 3459 modestos,
2530 3410 2650 3449 eum
2692 3397 2799 3450 sint
2840 3395 3106 3450 terribiles
3128 3404 3182 3450 et
3222 3396 3503 3457 immanes,

1922 3499 1981 3544 ut
2001 3489 2222 3554 Parcas,
2245 3500 2303 3543 ut
2326 3490 2665 3544 Eumenides.
2689 3489 2891 3543 Larvas
2914 3503 2976 3541 ex
3006 3488 3312 3543 hominibus
3334 3486 3506 3542 factos

1920 3580 2192 3635 daemones
2221 3580 2389 3642 aiunt,
2407 3580 2549 3648 quod
2572 3580 2749 3633 meriti
2780 3579 2903 3632 mali
2926 3578 3145 3643 fuerint,
3162 3593 3389 3648 quarum
3409 3592 3508 3632 na-

1923 3676 2042 3722 tura
2072 3669 2269 3723 dicitur
2299 3678 2503 3723 terrere
2548 3669 2820 3746 parvulos,
2862 3676 2916 3722 ct
2958 3669 3011 3721 in
3057 3667 3266 3738 angulis
3293 3668 3505 3737 garrire

1922 3760 2237 3813 tenebrosis.
2257 3759 2489 3821 Lamias,
2512 3774 2644 3826 quas
2668 3757 2860 3812 fabula:
2888 3758 3102 3812 tradunt
3128 3757 3357 3812 infantes
3384 3773 3507 3813 cor-

1920 3847 2099 3914 ripere
2118 3862 2180 3901 ac
2204 3847 2405 3899 laniare
2427 3847 2631 3910 solitas,
2654 3862 2682 3899 a
2710 3846 2961 3900 laniando
2981 3846 3287 3915 specialiter
3308 3847 3501 3903 dictas.

1920 3935 2213 4005 Pilosi,qui
2243 3934 2428 3991 Graece
2457 3936 2677 3997 Panitte,
2714 3935 2901 3990 Latine
2925 3936 3111 3991 Incubi
3142 3935 3500 4006 appellantur,

1921 4026 2033 4079 sive
2080 4026 2192 4079 Invi
2223 4027 2291 4080 ab
2321 4026 2555 4081 ineundo
2596 4026 2796 4095 passim
2827 4040 2947 4079 cum
2988 4026 3327 4089 animalibus,
3359 4027 3503 4082 unde

1920 4124 1977 4169 et
2018 4114 2200 4170 Incubi
2231 4117 2485 4189 dicuntur
2524 4115 2592 4169 ab
2643 4116 3019 4181 incumbendo,
3070 4118 3173 4171 hoc
3217 4126 3339 4183 est,
3390 4128 3504 4173 stu-

1921 4206 2126 4273 prando
2154 4224 2166 4258 :
2201 4221 2340 4275 saepe
2369 4207 2515 4260 enim
2547 4206 2773 4275 improbi
2805 4208 3046 4262 existunt
3075 4209 3236 4263 etiam
3263 4209 3506 4263 mulieri-

1920 4296 2021 4350 bus
2049 4304 2103 4348 et
2127 4310 2312 4349 earum
2353 4304 2615 4364 peragunt
2654 4297 3033 4362 concubitum,
3073 4312 3207 4365 quos
3236 4298 3505 4353 daemones

1920 4384 2056 4439 Galli
2073 4385 2266 4439 Dusios
2292 4396 2622 4455 nuncupant,
2640 4386 2781 4455 quod
2812 4388 3026 4443 assidue
3053 4390 3193 4443 hanc
3220 4388 3506 4443 immundi-

230 4459 609 4528 trajiciendum
635 4472 738 4517 est.
770 4464 970 4519 Parcas
992 4466 1179 4520 dicunt
1213 4477 1334 4523 cata
1361 4470 1694 4539 antiphrasin
1723 4488 1817 4541 ap—
1845 4458 1895 4517 D
1926 4475 2051 4529 tiam
2081 4486 2364 4547 peragunt.
2417 4477 2587 4544 Quem
2633 4486 2809 4531 autem
2855 4480 3017 4548 vulgo
3062 4479 3387 4534 Incubonem
3416 4490 3507 4534 vo-

227 4552 470 4621 pellatas,
504 4556 649 4623 quod
676 4558 898 4611 minime
927 4567 1171 4625 parcant,
1200 4576 1336 4629 quas
1367 4569 1476 4617 tres
1498 4578 1617 4617 esse
1639 4564 1817 4619 volue-

228 4653 349 4699 runt
382 4664 395 4699 :
432 4662 621 4711 unam,
654 4664 774 4716 qua:
801 4649 965 4701 vitam
994 4651 1227 4705 hominis
1256 4654 1531 4720 ordiatur;
1565 4656 1811 4723 alteram,

226 4748 342 4804 quae
363 4745 650 4802 contexat;
678 4738 916 4802 tertiam,
937 4754 1055 4806 qua:
1080 4751 1309 4811 rumpat.
1334 4742 1621 4814 lncipimus
1646 4747 1812 4811 enim,

227 4837 346 4879 cum
377 4827 691 4881 nascimur:
717 4843 924 4892 sumus,
948 4845 1071 4883 cum
1100 4832 1329 4887 vivimus
1354 4853 1365 4886 :
1394 4835 1667 4901 desumus,
1693 4852 1812 4893 cum

225 4913 533 4971 interimus.
583 4917 877 4973 Fortunam
915 4935 946 4974 a
992 4920 1227 4977 fortuitis
1267 4939 1459 4979 nomen
1504 4927 1705 4982 habere
1734 4929 1799 4982 di.

229 5007 547 5071 eunt,quasi
578 5008 731 5061 deam
762 5010 1046 5077 quamdam
1079 5027 1165 5065 res
1195 5012 1457 5068 humanas
1486 5017 1651 5072 variis
1680 5018 1816 5072 casi-

228 5089 325 5147 bus
349 5101 404 5146 et
432 5092 675 5150 fortuitis
703 5097 1033 5155 illudentem.
1065 5101 1215 5155 Unde
1242 5112 1295 5156 et.
1317 5120 1514 5157 caecam
1546 5106 1814 5175 appellant

229 5191 292 5234 eo
315 5182 456 5249 quod
482 5184 686 5251 passim
718 5186 772 5238 in
802 5189 1069 5255 quoslibet
1097 5191 1377 5247 incurrens
1408 5194 1525 5248 sine
1553 5196 1659 5250 ullo
1688 5214 1813 5251 exa-

231 5270 372 5325 mine
400 5274 720 5327 tneritorum
753 5283 807 5329 et
835 5278 899 5329 ad
945 5278 1114 5333 bonos
1141 5289 1194 5333 et
1223 5281 1287 5333 ad
1318 5283 1485 5335 malos
1514 5285 1677 5337 venit.
1710 5285 1811 5337 Fa-

235 5364 341 5410 tum
370 5369 555 5415 autem
586 5377 616 5415 a
644 5362 877 5418 Fortuna
909 5380 1176 5434 separant,
1229 5379 1283 5425 et
1312 5371 1624 5438 Fortunam,
1656 5376 1810 5443 quasi

232 5443 301 5497 sit
324 5445 377 5500 in
427 5450 514 5503 his
545 5466 667 5519 quae
693 5451 916 5508 fortuito
950 5457 1192 5521 veniunt,
1235 5461 1379 5513 nulla
1419 5462 1592 5530 palam
1625 5478 1809 5529 causa,

231 5530 417 5590 Fatum
459 5555 596 5595 vero
641 5544 941 5612 appositum
986 5545 1207 5615 singulis
1237 5557 1291 5603 et
1334 5558 1592 5603 statutum
1635 5552 1805 5605 aiunt.

233 5622 390 5681 Aiunt
439 5638 495 5683 et
554 5640 664 5688 tres
696 5633 886 5690 Furias
937 5634 1161 5691 feminas
1205 5639 1423 5694 crinitas
1471 5642 1809 5711 serpentibus

1923 4575 2068 4632 cant,
2120 4568 2264 4622 hunc
2309 4568 2536 4622 Romani
2583 4568 2825 4622 Faunum
2872 4568 3112 4624 ficarium
3160 4570 3365 4625 dicunt.
3420 4569 3505 4627 Ad

1920 4670 2083 4726 quem
2110 4656 2365 4713 Horatius
2393 4659 2522 4714 dicit
2554 4676 2567 4713 :

2104 4777 2289 4843 Faune,
2316 4778 2648 4843 Nympharum
2674 4780 2943 4841 fugientum
2969 4788 3169 4843 amator,

2108 4838 2203 4887 I’er
2225 4838 2370 4889 meos
2387 4838 2508 4889 tin‘es
2528 4850 2579 4891 et
2601 4838 2762 4902 aprica
2791 4858 2900 4893 rura

2295 4902 2445 4950 Lenis
2480 4903 2677 4951 incedas

1922 5011 2026 5067 Sed
2057 5012 2204 5067 falsis
2230 5015 2330 5068 diis
2358 5025 2414 5069 et
2442 5016 2711 5086 ﬁgmentis
2741 5019 3014 5074 hominum
3046 5023 3262 5091 spretis,
3295 5024 3359 5077 de
3383 5027 3503 5093 qui-

1919 5103 2019 5156 hus
2050 5104 2332 5159 Psalmista
2361 5107 2434 5159 ait
2460 5125 2470 5158 :
2500 5107 2690 5162 Omnes
2717 5110 2793 5162 dii
2814 5112 3040 5179 gentium
3069 5112 3363 5180 damtonia,‘
3392 5115 3499 5169 Do-

1918 5193 2089 5245 minus
2117 5203 2290 5247 autem
2322 5194 2471 5249 cazlos
2498 5197 2616 5264 fecit
2652 5198 2822 5267 (Psal.
2853 5204 3003 5271 xcv);
3036 5202 3390 5257 differentiam
3419 5204 3498 5273 ip-

1916 5280 2027 5333 sius
2052 5282 2284 5336 nominis
2314 5285 2717 5351 patefaciamus.
2767 5288 2849 5341 Dii
2880 5305 3007 5359 ergo
3032 5294 3269 5359 gentium
3297 5291 3497 5348 dazmo-

1917 5372 2002 5424 nia
2036 5383 2182 5439 sunt,
2221 5390 2341 5443 quae
2381 5376 2507 5431 nulli
2548 5388 2845 5446 prmstant:
2881 5382 2971 5435 sed
3018 5383 3070 5436 in
3115 5399 3174 5438 se
3213 5386 3495 5441 credentes

1917 5476 2128 5531 semper
2169 5464 2470 5534 decipiunt,
2521 5483 2733 5537 semper
2778 5471 3021 5526 illudnnt.
3074 5472 3205 5528 Nam
3247 5476 3493 5544 quamvis

1917 5552 2187 5609 daemones
2216 5556 2405 5612 Latine
2448 5560 2661 5613 scientes
2712 5572 2989 5630 vocentur,
3022 5567 3174 5635 quasi
3203 5568 3493 5623 daemonas

1919 5642 2262 5716 [daimonias]
2289 5666 2300 5700 :
2330 5650 2562 5704 lunnano
2594 5659 2772 5707 tamen
2796 5670 3044 5711 sermone
3064 5656 3363 5712 convicium
3382 5668 3484 5715 est.
