3922 6356
407 345 434 395 -ί
447 339 511 392 53

405 443 556 498 Unde
599 449 669 496 ita
709 446 956 502 dieilnus,
981 455 1114 509 quos
1145 441 1516 512 exsecratione
1549 443 1737 510 dignos
1769 439 1977 508 judica-

405 547 522 580 tnus
554 549 564 579 :
601 546 703 580 non
739 531 1026 592 immerito,
1069 530 1323 596 quoniam
1355 530 1411 583 in
1455 530 1559 584 illis
1587 547 1716 586 vera
1757 533 1980 586 scientia

400 632 506 669 non
539 624 651 678 est,
695 617 785 684 qui
829 617 1102 672 Creatoris
1132 619 1214 671 sui
1247 634 1352 672 non
1384 621 1681 674 secundant
1708 621 1936 676 arbitrio
1967 639 1982 677 :

402 706 480 758 sie
507 713 559 758 et
583 706 854 774 sapientes
883 705 1230 774 philosophos
1262 707 1510 761 dicimus.
1541 708 1648 762 Sed
1677 709 1775 764 hos
1801 725 1984 780 perse-

399 797 584 866 quitur
631 795 916 864 Apostolus
961 795 1232 848 deﬁnitiva
1276 797 1572 860 sententia,
1624 798 1853 853 dicens:
1888 797 1984 852 Sa—

397 884 594 952 picutia
633 883 791 950 hujus
826 883 1006 938 mundi
1036 882 1259 937 stultitia
1298 893 1372 937 est
1411 885 1550 954 apud
1580 885 1748 940 Deum
1781 885 1832 956 (Ι
1858 887 1977 942 Cor.

399 977 503 1043 Ill).
533 974 683 1030 Unde
710 991 934 1031 necesse
962 985 1046 1032 est
1085 984 1144 1030 ut
1181 978 1283 1031 hoc
1311 977 1544 1032 scientes
1569 993 1668 1046 pro
1693 993 1795 1030 non
1828 977 1984 1031 intel-

397 1065 687 1134 ligentibus
719 1081 814 1120 eos
856 1066 1164 1121 habeamus.
1215 1067 1432 1121 Daemon
1473 1067 1635 1138 igitur
1671 1075 1754 1122 est
1797 1083 1828 1122 a
1873 1067 1984 1120 Deo

398 1156 666 1225 qua‘dam,
724 1157 864 1210 sicut
908 1165 962 1210 et
1004 1159 1268 1210 bonorum
1322 1155 1656 1226 angelorum,
1713 1154 1983 1210 excellens

397 1248 619 1301 (.m'mino
651 1257 834 1302 creata
861 1248 1184 1312 substantia,
1228 1263 1348 1316 qua:
1389 1246 1605 1316 propria
1636 1246 1864 1301 faciente
1894 1261 1984 1300 su-

393 1335 582 1405 perbia
610 1350 676 1390 eo
701 1351 873 1404 usque
905 1337 1170 1406 pervenit,
1209 1343 1286 1401 ut,
1331 1336 1562 1390 naturali
1603 1336 1985 1406 dignitate-de-

391 1426 591 1496 posita,
625 1426 782 1482 malis
810 1426 1063 1496 operibus
1095 1441 1306 1495 semper
1353 1427 1584 1481 insistat.
1618 1425 1819 1480 Tamen
1855 1423 1982 1478 alibi

392 1517 658 1586 scriptum
697 1525 822 1572 est:
863 1519 1003 1572 Deus
1045 1521 1184 1572 stetit
1231 1521 1283 1571 in
1326 1535 1590 1588 synagoga
1633 1517 1880 1580 deorum,
1928 1517 1982 1570 in

392 1608 566 1662 medio
593 1619 766 1662 autem
792 1609 915 1662 deos
941 1609 1187 1662 discernit
1221 1605 1392 1680 (Psal.
1427 1606 1629 1670 LXXXI).
1671 1605 1789 1659 Uno
1817 1603 1982 1657 verbo

389 1696 550 1752 Jesus
578 1699 825 1754 Christus
867 1699 1100 1752 mira-bili
1149 1699 1303 1752 nobis
1350 1698 1614 1750 brevitate
1655 1694 1976 1749 declaratur.

388 1788 510 1858 Ipse
559 1789 703 1866 enim
753 1789 894 1844 Deus
941 1790 1089 1843 stetit
1143 1789 1194 1842 in
1246 1802 1535 1858 synagoga,
1587 1787 1680 1856 qui
1727 1785 1866 1840 sedit
1913 1784 1980 1838 ad
2008 1820 2056 1880 Β

359 1875 666 1928 dexteram
714 1876 910 1932 Patris.
961 1877 1109 1931 Situs
1156 1877 1298 1932 enim
1347 1877 1436 1932 isti
1476 1875 1784 1944 corporales
1830 1883 1973 1928 sunt.

388 1962 527 2017 Nam
569 1964 614 2019 si
663 1965 1000 2036 majestatem
1050 1967 1166 2037 ejus
1219 1965 1498 2030 intendas,
1547 1967 1760 2034 ubique'
1796 1973 1976 2030 totus,

387 2053 592 2122 ubique
631 2054 820 2123 plenus
857 2063 960 2110 est.
1003 2055 1114 2111 Nec
1151 2064 1330 2124 potest
1377 2055 1482 2110 dici
1529 2063 1720 2108 natura
1764 2053 1978 2108 deitatis

386 2151 534 2196 stare
564 2143 646 2198 vel
672 2146 883 2208 sedere,
909 2147 1032 2214 quia
1067 2146 1208 2200 nulla
1240 2146 1341 2201 loci
1373 2146 1825 2200 determinatione
1848 2158 1979 2198 con-

388 2232 643 2287 cluditur.
674 2233 765 2290 Sic
792 2236 936 2290 enim
964 2237 1030 2290 de
1057 2237 1172 2304 ipso
1197 2243 1252 2290 et
1278 2235 1514 2290 Joannes
1539 2235 1780 2302 Baptista
1807 2232 1937 2287 dicit
1961 2246 1976 2284 :

389 2318 598 2376 Medius
653 2333 828 2378 autem
879 2335 1106 2380 vestrum
1153 2333 1290 2392 stat,
1344 2342 1498 2396 quem
1546 2340 1632 2378 vos
1683 2339 1786 2378 non
1835 2323 1978 2378 scitis

1088 333 1148 386 Β.
1190 329 1440 384 llABANl
1483 329 1700 386 MAURI
1735 331 2054 386 ARCHIEP.
2097 333 2404 390 MOGUNT.
2429 335 2710 391 OPERUM
2751 333 2928 388 PARS
2967 333 3034 388 ll.

2009 490 2060 549 Λ

3551 331 3665 390 456

2084 440 2264 511 (Joan.
2294 440 2365 510 ι).“
2393 441 2555 496 Addit
2589 451 2674 508 et,
2707 443 2954 507 deorum,
2985 449 3044 495 ut
3069 442 3368 497 evidentius
3393 442 3458 498 de
3483 442 3669 497 homi-

2085 531 2244 584 nibus
2268 530 2469 584 dictum
2495 531 2822 594 adverteres,
2855 531 2994 584 inter
3018 545 3152 599 quos
3181 532 3533 600 corporaliter
3562 532 3665 587 ha-

2081 621 2280 674 bitasse
2321 621 2663 689 cognoscitur
2697 621 2943 675 Christus
2987 639 2999 674 :
3042 620 3182 674 sicut
3225 620 3488 676 Jeremias
3531 635 3665 690 pro-

2081 710 2243 780 pheta
2274 709 2521 779 prtedixit
2553 728 2564 764 :
2599 709 2726 762 Post
2770 711 2881 764 haec
2925 711 2980 763 in
3021 710 3172 763 terris
3200 709 3337 764 visus
3366 721 3439 764 est
3470 721 3516 764 et
3544 725 3668 763 cum

2083 801 2376 854 hominibus
2399 811 2726 854 conversatus
2752 809 2827 853 est
2859 799 3010 870 (Bar.
3033 799 3138 869 ιιι).
3169 799 3304 853 Nam
3333 800 3438 854 hoc
3461 799 3666 854 dictum

2085 889 2150 943 de
2177 889 2485 943 hominibus
2513 889 2708 958 smpius
2738 889 3069 959 invenimus,
3087 887 3240 943 Unde
3263 895 3318 942 et
3346 887 3412 942 ad
3443 886 3666 956 Moysen

2083 977 2256 1032 dicit:
2290 976 2550 1031 Constitui
2584 987 2632 1032 te
2668 978 2837 1031 Deum
2878 977 3149 1030 Pharaoni
3191 977 3387 1047 (Exod.
3429 974 3560 1048 vn);
3611 983 3670 1029 ct

2085 1067 2308 1122 inferius
2346 1069 2587 1138 psalmus
2629 1069 2744 1138 ipse
2785 1069 3028 1123 dicturus
3065 1075 3149 1122 est
3181 1085 3196 1122 :
3230 1067 3340 1136 Ego
3381 1067 3494 1120 dixi
3521 1082 3540 1120 :
3577 1065 3670 1118 Dii

2082 1158 2204 1211 estis
2229 1167 2276 1212 et
2303 1157 2405 1226 ﬁlii
2435 1155 2645 1210 Επειεὶ
2673 1174 2850 1212 omnes
2883 1155 3054 1226 (Psat.
3089 1156 3294 1226 Lxxm).
3324 1157 3414 1211 Sic
3441 1156 3586 1210 enim
3611 1163 3669 1209 et

2083 1249 2222 1303 ﬁlios
2267 1249 2362 1302 Dei
2409 1249 2657 1304 homines
2695 1261 2968 1302 vocamus.
3017 1246 3168 1312 Quod
3217 1247 3261 1301 si
3302 1247 3371 1301 ad
3413 1253 3666 1299 naturam

2083 1339 2300 1392 deitatis
2341 1335 2566 1402 referas,
2609 1352 2776 1391 unum
2806 1345 2890 1392 cst
2915 1333 3178 1400 Verbum,
3216 1334 3358 1404 quod
3398 1335 3670 1390 veraciter

2083 1441 2148 1480 ac
2183 1426 2397 1496 proprie
2440 1426 2526 1479 sic:
2561 1427 2752 1480 debeat
2791 1425 3107 1493 nuncupari.
3141 1423 3380 1492 Dicimus
3419 1437 3670 1477 nonnun-

2082 1533 2243 1586 quam
2293 1519 2514 1572 abusive
2543 1519 2672 1574 deos
2717 1527 2772 1574 et
2803 1533 3025 1586 superas
3049 1526 3366 1586 potestates,
3409 1519 3550 1572 sicut
3575 1516 3674 1574 ait

2081 1610 2370 1680 Apostolus
2399 1629 2412 1664 ε
2446 1607 2514 1663 Ει
2542 1612 2586 1664 si
2626 1611 2752 1674 sint,
2795 1611 2884 1682 qui
2921 1611 3167 1663 dicantur
3200 1609 3300 1672 dii,
3327 1610 3433 1662 sive
3459 1610 3513 1661 in
3541 1607 3671 1661 creto

2081 1703 2186 1756 sive
2210 1703 2262 1755 in
2287 1711 2448 1755 terra.
2475 1701 2642 1756 Nobis
2665 1712 2838 1755 autem
2863 1717 2997 1754 unus
3018 1710 3092 1754 est
3119 1699 3258 1753 Deus
3280 1697 3442 1754 Pater
3467 1699 3520 1769 (Ι
3541 1696 3667 1752 Cor.

2083 1791 2224 1862 vnt).
2255 1790 2547 1860 Sequitur:
2576 1790 2642 1844 In
2667 1790 2835 1843 medio
2856 1799 3030 1842 autem
3057 1789 3195 1842 Deus
3222 1789 3468 1842 discernit
3493 1785 3670 1858 (Psal.

2086 1881 2295 1953 Lxxxt),
2323 1882 2376 1935 id
2402 1890 2503 1944 est,
2538 1879 2808 1950 apostolos
2835 1887 2997 1946 atque
3024 1876 3219 1944 justos,
3248 1877 3340 1947 qui
3371 1877 3676 1946 majestatis

2081 1971 2198 2040 ejus
2238 1968 2440 2024 monita
2469 1968 2736 2036 ﬁdemque
2775 1967 2945 2022 secuti
2987 1975 3128 2021 sunt.
3177 1966 3498 2020 Discernere
3527 1963 3674 2018 enim

2083 2060 2148 2114 ad
2186 2059 2588 2128 pnescientiam
2631 2057 2885 2126 pertinet,
2925 2056 3362 2123 intellectumque
3405 2053 3668 2114 divinum,

2080 2149 2172 2218 qui
2203 2163 2301 2202 nos
2325 2148 2392 2202 de
2415 2161 2592 2202 massa
2619 2146 2826 2215 peccati
2852 2145 3014 2214 eripit
3037 2151 3092 2198 ct
3122 2145 3187 2196 ad
3215 2143 3476 2198 calorum
3507 2155 3674 2208 regna

2079 2235 2347 2308 perducit.
2397 2235 2549 2290 Unde
2594 2243 2648 2290 et
2687 2233 2976 2302 Apostolus
3022 2232 3153 2288 dicit
3198 2249 3212 2286 :
3263 2229 3394 2296 Quis
3441 2230 3580 2284 enim
3625 2238 3676 2282 te

2080 2322 2371 2378 discernit?
2396 2320 2448 2392 (Ι
2475 2321 2600 2376 Cor.
2631 2320 2732 2392 Iv.)

399 2485 3668 2517 MM

1355 2633 1654 2711 LIBER
1756 2629 2148 2710 SEXTUS
2209 2628 2688 2708 DECIMUS.

1848 2807 2206 2830 ﬂ

820 2955 1118 3015 CAPUT
1175 2954 1562 3013 PRIMUM.

889 3047 968 3102 De
998 3047 1191 3116 linguis
1226 3047 1478 3115 gentium.

458 3141 791 3213 Linguarum
837 3139 1124 3194 diversitas
1165 3145 1355 3193 exorta
1399 3144 1481 3192 est
1524 3137 1580 3192 in
1625 3137 1978 3195 mdificatione

389 3233 559 3288 turris
587 3239 707 3302 post
730 3229 1007 3286 diluvium.
1038 3228 1172 3283 Nam
1193 3229 1507 3299 priusquam
1533 3229 1782 3298 superbia
1813 3229 1980 3284 turris

389 3323 535 3377 illius
561 3323 614 3376 in
643 3323 888 3375 diversos
912 3320 1186 3389 signorum
1214 3333 1375 3372 sonos
1399 3319 1690 3372 humanam
1719 3317 1983 3372 divideret

387 3411 706 3466 societatem
727 3452 740 3473 ,
773 3424 877 3462 una
906 3409 1146 3463 oumium
1177 3407 1456 3461 nationum
1485 3405 1664 3476 lingua
1703 3406 1833 3471 fuit,
1862 3421 1982 3476 qua:

391 3501 620 3558 llt'elirzca
651 3509 904 3564 vocatur,
951 3514 1054 3568 qua
1104 3497 1424 3567 patriarchae
1473 3503 1527 3550 et
1577 3498 1851 3568 propheta:
1897 3495 1980 3550 usi

389 3601 540 3656 sunt,
568 3607 676 3645 non
705 3590 880 3646 solum
911 3589 964 3643 in
993 3585 1331 3644 sermonibus
1361 3585 1491 3650 suis,
1519 3599 1708 3641 verum
1733 3561 1898 3639 etiam
1927 3581 1982 3636 in

387 3681 588 3734 litteris
615 3680 804 3734 sacris.
851 3680 1010 3734 lnilio
1040 3685 1222 3733 autem
1253 3685 1383 3746 quot
1426 3685 1634 3746 gentes,
1665 3683 1746 3730 tot
1787 3675 1983 3744 linguae

390 3771 630 3826 fuerunt.
681 3771 884 3826 Deinde
912 3770 1094 3838 plures
1129 3779 1336 3839 gentes,
1378 3782 1542 3836 quam
1581 3766 1776 3835 lingua:
1809 3781 1822 3816 :
1856 3763 1982 3832 quia

392 3877 460 3915 ex
505 3876 610 3913 una
651 3861 830 3931 lingua
877 3859 1058 3913 multa:
1107 3865 1232 3911 sunt
1274 3863 1460 3927 gentes
1499 3863 1720 3909 exorta}.
1765 3852 1984 3922 Linguae

392 3961 574 4007 autem
601 3953 757 4005 dictae
785 3951 836 4005 in
869 3953 973 4004 hoc
999 3949 1120 4002 loco
1145 3961 1242 4016 pro
1269 3944 1467 4010 verbis,
1488 3959 1606 4014 qum
1630 3958 1728 4014 per
1749 3941 1982 4012 linguam

393 4043 549 4106 ﬁunt,
582 4055 776 4110 genere
801 4039 1086 4094 locutionis
1116 4039 1223 4101 illo,
1257 4053 1362 4104 quo
1390 4037 1453 4100 is,
1483 4036 1573 4102 qui
1601 4032 1764 4088 etlicit
1789 4048 1884 4101 per
1909 4033 1981 4098 id,

347 4193 354 4206 ι
395 4132 538 4198 quod
569 4130 816 4192 clliritur,
849 4129 1176 4190 nominatur,
1207 4127 1346 4180 sicut
1366 4140 1428 4179 os
1447 4123 1554 4178 dici
1585 4123 1720 4178 solet
1746 4137 1844 4191 pro
1865 4136 1986 4176 ver—

395 4221 500 4280 bis,
534 4218 672 4272 sicut
701 4233 891 4270 manus
917 4233 1014 4284 pro
1039 4215 1252 4270 litteris.
1278 4215 1411 4266 Tres
1439 4219 1563 4266 sunt
1585 4219 1764 4265 autem
1791 4210 1986 4280 lingua:

397 4323 564 4362 sacrae
607 4327 617 4359 :
662 4307 920 4372 llcbrma,
967 4305 1173 4368 Graeca,
1227 4303 1410 4356 Latina
1463 4320 1474 4354 :
1524 4316 1644 4370 quae
1699 4308 1806 4354 toto
1853 4299 1986 4352 orbe

2089 2947 2466 3008 observatiOne
2497 2949 2700 3004 Grrecze
2743 2947 2942 3017 linguae
2971 2944 3236 3015 eiusmodi
3281 2954 3434 3000 certa
3476 2945 3677 3000 discri-

2007 3063 2052 3127 ρ
2083 3045 2249 3099 mina.
2298 3041 2492 3096 Sermo
2539 3039 2684 3094 enim
2726 3052 2915 3092 eorum
2949 3037 3022 3090 ita
3072 3043 3156 3090 est
3191 3035 3528 3105 dispertitus.
3553 3033 3678 3088 La-

2083 3138 2226 3192 tinas
2253 3143 2435 3190 autem
2481 3133 2693 3202 linguas
2727 3135 2960 3199 quatuor
2985 3139 3103 3182 esse
3131 3125 3348 3193 quidam
3397 3123 3676 3186 dixerunt,

2081 3227 2136 3282 id
2161 3233 2262 3290 est,
2286 3225 2540 3294 priscam,
2571 3221 2838 3282 Latinam,
2866 3217 3192 3293 Romanam,
3215 3214 3452 3268 mistam.
3488 3211 3680 3265 Prisca

2081 3324 2185 3382 est,
2213 3329 2318 3383 qua
2347 3311 2700 3368 vetustissimi
2727 3307 2894 3364 Italiae
2923 3305 3022 3360 sub
3041 3303 3177 3358 Jano
3203 3311 3256 3359 et
3283 3303 3522 3358 Saturno
3549 3309 3683 3356 sunt.

2081 3406 2198 3472 usi,
2241 3403 2539 3468 incondita,
2567 3409 2628 3454 ut
2659 3415 2719 3455 se
2745 3398 2947 3453 habent
2973 3396 3216 3450 carmina
3245 3393 3539 3447 Saliorum.
3573 3390 3684 3446 La-

2083 3496 2215 3560 tina,
2263 3509 2426 3563 quam
2475 3493 2576 3548 sub
2613 3489 2752 3545 Jano
2785 3495 2840 3543 et
2883 3487 3099 3556 regibus
3141 3483 3369 3546 Tusciae,
3411 3482 3593 3538 caeteri
3623 3483 3680 3536 in

2081 3587 2235 3643 Latio
2264 3595 2390 3642 sunt
2433 3583 2618 3648 locuti,
2649 3597 2717 3637 ex
2747 3595 2851 3650 qua
2892 3578 3112 3632 fuerunt
3154 3575 3439 3630 duodecim
3481 3573 3682 3628 tabula:

2083 3677 2318 3746 scriptae.
2356 3675 2619 3740 Romana,
2659 3685 2779 3741 qua:
2807 3675 2931 3738 post
2970 3681 3124 3737 reges
3155 3675 3375 3720 exactos
3408 3679 3438 3717 a
3469 3663 3678 3732 populo

2085 3767 2326 3820 Romano
2353 3773 2502 3836 gesta
2528 3771 2630 3826 est,
2660 3775 2824 3831 quam
2857 3757 3092 3820 Nrevius,
3121 3755 3365 3820 Plautus,
3392 3754 3680 3823 Virgilius,

2083 3864 2273 3926 pectre,
2307 3863 2361 3910 et
2385 3869 2452 3908 ex
2497 3853 2808 3908 oratoribus
2836 3850 3117 3906 Gracchus
3151 3857 3206 3903 et
3228 3847 3364 3903 Cato
3395 3855 3450 3901 et
3479 3845 3683 3901 Cicero

2083 3948 2168 4003 vel
2209 3947 2394 4002 caeteri
2439 3943 2762 4000 effuderunt.
2817 3939 2995 4004 Mista,
3043 3954 3162 4008 qua:
3213 3945 3336 4008 post
3385 3935 3683 4005 imperium

2084 4031 2247 4095 latius
2293 4044 2596 4108 promotum
2636 4032 2798 4088 simul
2833 4047 2956 4086 cum
2987 4030 3229 4084 moribus
3257 4035 3311 4082 et
3359 4027 3686 4081 hominibus

2087 4129 2140 4184 in
2190 4129 2486 4182 Romanam
2529 4123 2804 4180 civitatem
2847 4119 3064 4190 irrupit,
3108 4117 3471 4188 integritatem
3519 4116 3682 4170 verbi

2084 4234 2182 4288 per
2226 4217 2562 4272 soloecismos
2592 4221 2646 4269 et
2672 4211 3041 4268 barbarismos
3069 4221 3441 4276 corrumpens.
3469 4205 3684 4260 Omnes

2087 4317 2268 4361 autem
2299 4306 2535 4361 Orientis
2563 4309 2749 4372 gentes
2795 4300 2849 4353 in
2885 4307 3101 4368 gutture
3132 4296 3370 4365 linguam
3411 4303 3464 4348 et
3507 4295 3680 4348 verba

395 4398 634 4451 maxime
675 4395 961 4448 excellunt.
1021 4393 1116 4446 llis
1173 4395 1315 4446 enim
1367 4391 1538 4445 tribus
1587 4390 1782 4458 linguis
1823 4397 2382 4460 super-Dconidum,
2432 4395 2574 4449 sicut
2619 4389 2828 4446 Ι-Ιυυτωῑ
2877 4397 2931 4442 οι
2981 4387 3125 4458 syri,
3167 4387 3368 4440 Omnes
3417 4385 3680 4438 mediter.

398 4504 614 4543 crucem
679 4487 887 4540 Domini
938 4503 967 4538 ιι
1023 4485 1192 4538 Pilato
1238 4499 1400 4538 causa
1449 4480 1582 4548 ejus.
1615 4479 1714 4534 fuit
1759 4481 1980 4550 scripta.

401 4579 551 4632 L'udc
581 4589 654 4638 et,
689 4585 908 4645 propter
937 4575 1320 4627 obscuritatem
1351 4581 1658 4623 sanctarum
1682 4567 1984 4636 Scriptura—

397 4685 538 4730 rum,
591 4669 780 4719 harum
829 4667 992 4717 trium
1042 4663 1342 4730 linguarum
1396 4660 1629 4729 cognitio
1681 4659 1982 4738 necessaria

397 4769 510 4822 est,
551 4767 610 4810 ut
656 4759 720 4810 ad
763 4757 986 4810 alteram
1036 4763 1368 4816 recurvatur,
1414 4752 1458 4804 si
1497 4753 1726 4820 aliquam
1776 4735 1984 4805 dubita-

401 4849 598 4900 tionem
653 4846 884 4899 nomiuis
945 4845 1027 4898 vel
1085 4833 1542 4912 interpretationis
1595 4855 1773 4894 sermo
1829 4839 1983 4890 unius

400 4941 592 5005 lingua:
643 4936 898 4989 attulerit.
957 4933 1142 4986 Gncca
1187 4941 1364 4984 autem
1413 4929 1590 4998 lingua
1641 4929 1780 4980 inter
1826 4935 1983 4980 cane—

399 5043 486 5080 ras
535 5027 770 5094 gentium
819 5024 1015 5076 clarior
1065 5023 1309 5075 habetur.
1363 5021 1459 5074 Est
1512 5020 1652 5070 enim
1697 5025 1750 5071 et
1777 5016 1982 5070 Latinis

399 5129 452 5172 et
513 5117 760 5170 munilnts
811 5115 1009 5184 linguis
1061 5113 1356 5166 sonantior.
1419 5109 1582 5178 Cujus
1635 5109 1868 5160 varietas
1929 5109 1980 5158 in

398 5215 632 5282 quinque
661 5211 906 5280 partibus
952 5205 1296 5266 discernitur,
1325 5217 1553 5270 ("piarum
1587 5203 1758 5270 prima
1787 5201 1982 5254 dicitur

397 5304 586 5364 Coine,
633 5303 685 5355 id
737 5309 844 5362 cst,
893 5299 1050 5352 mista
1102 5297 1214 5353 sive
1259 5294 1581 5356 communis,
1634 5307 1738 5360 qua
1791 5305 1980 5362 omnes

397 5403 640 5446 utuntur.
677 5391 925 5447 Secunda
957 5391 1154 5450 Attica,
1197 5387 1447 5440 videlicet
1477 5385 1840 5448 Atheniensis,
1874 5399 1978 5452 qua

402 5485 482 5534 usi
545 5492 671 5536 sunt.
717 5497 908 5536 OlllthS
957 5480 1178 5536 Gut-ciae
1227 5485 1492 5530 auctores.
1543 5475 1723 5527 Tertia
1767 5472 1976 5532 Dorica,

401 5591 560 5642 quam
625 5574 824 5626 habent
872 5571 1108 5642 .Egyplii
1176 5581 1224 5622 ct
1273 5567 1458 5620 Siruli.
1502 5565 1726 5630 .Quarla
1775 5563 1976 5616 Ionica.

402 5667 595 5732 ρ.;ζ.ιι;ι
637 5664 861 5728 ,ἶεῖιιῐὶιτςῃ
905 5681 1005 5732 qua
1047 5673 1164 5715 ~2uut
1217 5661 1346 5714 .l'lti.
1373 5681 1395 5702 ι.
1435 5658 1613 5720 Ῐειιίιιὶ,
1649 5664 1700 5710 et
1749 5662 1868 5708 sunt
1927 5653 1976 5706 in

2087 4503 2264 4545 raucae
2292 4495 2477 4556 gentes
2500 4485 2553 4537 in
2577 4483 2756 4552 palato
2783 4494 3062 4535 sermones
3086 4477 3305 4541 feriunt,
3331 4477 3469 4530 sicut
3493 4473 3680 4528 δι’ωεὶ

2084 4588 2138 4632 et
2183 4575 2387 4630 Asiani.
2431 4573 2630 4628 Omnes
2674 4569 2980 4624 Occidentis
3023 4576 3208 4635 gentes
3247 4564 3408 4618 verba
3457 4565 3510 4616 in
3540 4565 3684 4618 den-

2087 4669 2229 4722 tibus
2263 4665 2532 4733 l'rangunt,
2562 4663 2702 4716 sicut
2735 4659 2852 4712 ltali
2879 4666 2934 4710 et
2960 4655 3204 4724 Hispani.
3241 4653 3410 4722 Syrus
3437 4663 3490 4704 ct
3513 4651 3682 4706 Chal-

2085 4759 2231 4810 daeus
2277 4757 2486 4810 vicinus
2519 4751 2745 4806 Hebraeo
2775 4755 2856 4801 est
2885 4747 2936 4799 in
2969 4759 3238 4807 sermone,
3271 4756 3572 4800 consonans
3617 4742 3678 4793 in

2083 4847 2376 4914 plerisque,
2417 4851 2470 4896 et
2513 4841 2816 4894 litterarum
2846 4849 2998 4890 sono.
3030 4831 3258 4898 Quidam
3306 4839 3488 4882 autem
3527 4830 3680 4882 arbi-

2083 4943 2293 4987 trantur
2335 4933 2570 5000 linguam
2612 4927 2894 4980 llcbraram
2941 4923 3111 4989 ipsam
3147 4934 3266 4974 esse
3319 4917 3626 4972 Chaldazam
3659 4959 3676 4982 ,

2083 5023 2205 5090 quia
2223 5021 2494 5075 Abraham
2521 5018 2588 5071 de
2614 5013 2878 5069 Chaldaeis
2899 5011 3018 5063 fuit.
3037 5008 3189 5074 Quod
3205 5009 3249 5061 si
3265 5007 3368 5061 hoc
3387 5001 3674 5074 recipitur,

2081 5109 2349 5178 quomodo
2393 5109 2446 5161 in
2493 5105 2712 5158 Daniele
2749 5099 2955 5155 llebraai
3001 5097 3152 5166 pueri
3195 5096 3460 5162 linguam,
3505 5109 3676 5160 quam

2083 5205 2366 5258 noverant,
2405 5195 2584 5249 doceri
2627 5189 2918 5260 jubentur?
2948 5184 3174 5238 Omnem
3207 5191 3384 5236 autem
3430 5179 3676 5248 linguam

2081 5288 2448 5356 unusquisque
2493 5284 2788 5340 hominum,
2829 5279 2940 5332 sive
2969 5277 3234 5338 Griecam,
3262 5274 3374 5326 sive
3395 5269 3676 5332 Latinam,

2081 5379 2194 5431 sive
2233 5385 2550 5430 ceterarum
2600 5370 2868 5440 gentium,
2919 5376 3012 5420 aut
3047 5364 3312 5418 audiendo
3353 5367 3532 5428 potest
3579 5369 3672 5414 te-

2081 5483 2233 5531 nere,
2261 5479 2352 5521 aut
2395 5463 2619 5534 legendo
2647 5475 2710 5514 ex
2743 5465 3072 5527 praeceptore
3101 5453 3366 5520 accipere.
3401 5449 3539 5502 Cum
3572 5463 3676 5500 au-

2085 5569 2189 5612 tem
2234 5557 2472 5610 omnium
2520 5553 2820 5620 linguarum
2880 5547 3104 5601 scientia
3149 5540 3379 5596 dillicilis
3427 5538 3499 5592 sit
3547 5535 3674 5590 cui-

2081 5665 2274 5718 quam,
2320 5661 2474 5700 nemo
2525 5651 2698 5695 huuen
2739 5640 2809 5691 ita
2856 5635 3153 5691 desidiosus
3203 5635 3316 5692 est,
3363 5633 3416 5678 ut
3469 5626 3521 5678 in
3571 5637 3674 5676 sua
