3922 6330
224 323 309 417 tsi
1170 362 1255 418 DE
1296 361 1637 418 uxnvenso
1676 359 1851 414 metu
1892 358 2055 413 xxu.
2096 388 2165 399 -
2198 357 2326 413 LIB.
2370 354 2508 411 xvr.

3361 350 3465 405 1:38

234 482 376 545 gente
422 474 665 542 positus,
713 487 822 527 suae
871 474 1043 543 gentis
1093 474 1327 544 linguam
1384 476 1609 529 nesciat.
1656 473 1790 527 Nam
1818 473 2037 533 Anunc
2089 479 2343 539 corrupto
2391 468 2607 523 nomine
2651 466 2970 533 Sarraceni,
3012 466 3166 535 quasi
3216 481 3244 517 a
3277 464 3461 522 Sarra.

233 562 350 632 quid
380 561 523 615 aliud
552 562 823 630 putandus
856 570 956 626 est,
990 562 1091 616 nisi
1133 563 1452 618 animalibus
1498 564 1794 618 hrutis’de—

234 652 421 707 terior?
449 651 538 705 illa
564 652 709 706 enim
732 653 959 722 propria:
973 654 1116 708 vocis
1142 655 1429 708 clamorem
1453 655 1789 723 exprimunt:

231 740 323 793 iste
356 739 612 804 deterior,
652 741 741 809 qui
788 742 1013 811 propriae
1041 736 1187 796 caret
1222 744 1411 814 linguae
1439 745 1645 797 notitia.
1690 744 1794 799 Cu—

226 826 449 896 jusuiodi
478 837 658 881 autem
701 829 879 897 lingua
922 828 1127 884 loeutus
1172 832 1239 885 sit
1273 832 1410 885 Deus
1442 832 1495 884 in
1530 831 1791 901 principio

228 916 438 979 mundi,
483 916 609 970 dum
653 917 853 971 diceret
894 934 907 969 :
954 916 1075 971 Fiat
1118 918 1210 972 lux
1256 918 1406 990 (Gen.
1436 921 1515 991 i);
1558 921 1795 976 invenire

226 1003 433 1057 d-iﬁicile
476 1013 593 1067 est,
626 1004 860 1057 nondum
906 1006 1047 1059 enim
1091 1015 1247 1060 erant
1292 1007 1501 1072 linguas.
1532 1008 1659 1060 item
1688 1022 1791 1076 qua

228 1092 399 1162 lingua
435 1092 674 1146 insonuit
702 1103 886 1162 postea
923 1094 1281 1149 exterioribus
1329 1095 1607 1148 hominum
1646 1095 1791 1148 auri-

228 1184 352 1247 bus,
395 1184 635 1237 maxime
662 1184 727 1238 ad
760 1184 991 1253 primum
1021 1177 1291 1239 hominem
1337 1185 1581 1253 loquens,
1614 1183 1693 1237 vel
1726 1186 1791 1237 ad

226 1276 537 1345 prophetas,
566 1274 651 1328 vel
681 1276 808 1327 dum
841 1274 1193 1342 corporaliter
1220 1275 1398 1329 sonuit
1433 1290 1531 1327 vox
1566 1274 1792 1327 dicentis

225 1368 353 1423 Dei:
396 1368 475 1420 Tu
509 1385 562 1421 es
606 1367 750 1447 ﬁlius.
787 1384 930 1420 meus
979 1367 1235 1432 dilectus;
1267 1369 1355 1420 ubi
1400 1383 1429 1420 a
1473 1368 1792 1435 quibusdam

223 1458 457 1512 creditur
475 1458 559 1511 illa
578 1458 756 1525 lingua
778 1474 881 1511 una
903 1465 957 1511 et
981 1458 1112 1522 sola,
1135 1473 1253 1527 quae
1276 1456 1375 1511 fuit
1399 1466 1686 1528 antequam
1708 1473 1793 1512 es-

221 1558 299 1604 set
325 1550 629 1619 linguarum
654 1548 955 1603 diversitas.
982 1548 1038 1602 in
1068 1548 1293 1603 diversis
1324 1550 1517 1619 quippe
1546 1548 1795 1619 gentibus

220 1638 478 1702 creditur,
504 1638 645 1708 quod
674 1638 858 1691 eadem
887 1636 1065 1706 lingua
1090 1638 1195 1692 illis
1230 1637 1369 1692 Deus
1397 1638 1659 1708 loquatur,
1687 1653 1791 1707 qua

220 1727 318 1797 ipsi
348 1727 599 1782 homines
635 1736 879 1791 utuntur,
912 1736 977 1782 ut.
1011 1729 1079 1783 ab
1115 1730 1196 1787 eis
1230 1728 1595 1798 intelligatur:
1625 1727 1794 1802 loqui-

1893 570 1947 615 et
1974 560 2203 629 Agarcni
2252 560 2318 611 ab
2363 558 2525 628 Agar.
2573 556 2836 611 Nabaioth
2885 555 3023 610 ﬁlius
3060 553 3269 618 ismaei,
3300 569 3465 623 aquo

1892 649 2168 704 Nabathaei
2189 688 2202 711 ,
2226 648 2316 717 qui
2345 647 2408 701 ab
2430 647 2699 717 Euphrate
2722 647 2774 699 in
2810 660 2958 700 mare
2990 644 3229 699 Rubrum
3257 644 3467 699 inhabi-

1893 747 2026 794 tant.
2064 737 2218 791 Moab
2237 745 2293 790 et
2314 736 2540 789 Ammon
2564 736 2656 789 lilii
2687 735 2841 798 Loth,
2873 749 2903 786 a
2924 733 3116 803 quibus
3146 733 3387 788 Moabitte
3415 741 3469 788 et

1890 828 2230 883 Amtnonitte.
2278 826 2445 881 Edom
2499 825 2636 879 ﬁlius
2686 825 2849 889 Esau,
2899 840 2927 877 a
2962 837 3068 893 quo
3096 822 3333 876 ldummi.
3373 823 3473 875 “LP.

1891 924 2095 987 gentes,
2131 932 2248 984 qure
2277 916 2341 969 de
2392 914 2517 969 Sem
2555 914 2743 983 stirpe.
2787 913 3018 983 Agareni
3064 913 3131 966 ab
3168 913 3333 981 Agar,
3376 914 3467 981 qui

1892 1008 1976 1079 (ut
2014 1008 2266 1075 diximus)
2308 1020 2562 1073 perverso
2611 1005 2824 1057 nomine
2853 1002 3138 1058 Sarraceni
3186 1010 3468 1063 vocantur,

1892 1098 2015 1168 quia
2062 1113 2129 1151 ex
2191 1096 2353 1150 Sarra
2401 1112 2458 1150 se
2515 1095 2723 1163 genitos
2791 1094 3109 1163 gloriantur.
3153 1090 3468 1153 lsmaelitaa,

1892 1189 2181 1243 obedientes
2201 1188 2318 1248 sibi,
2345 1187 2789 1256 interpretantur,
2815 1184 2863 1237 id
2892 1191 2975 1238 est
3002 1190 3333 1251 peccatores,
3376 1182 3469 1249 qui

1892 1278 2034 1346 quod
2081 1276 2467 1345 concupiscunt
2524 1276 2745 1329 faciunt.
2802 1272 2952 1328 Unde
2989 1271 3185 1341 legitur
3228 1271 3279 1325 in
3328 1270 3471 1337 psal-

1893 1384 2021 1421 mo:
2064 1367 2423 1421 Tabernacula
2478 1366 2828 1420 Iduinteorum
2867 1374 2912 1417 et
2960 1362 3245 1417 Ismaelita'
3289 1360 3470 1431 (Psal.

1894 1456 2122 1527 Lxxxu).

1940 1548 2194 1618 'Agareui
2234 1548 2656 1616 interpretantur
2703 1547 2967 1615 proselgti,
2999 1546 3099 1600 hoc
3136 1552 3239 1608 est,
3284 1560 3474 1625 perea-

1895 1644 2038 1691 tores
2068 1651 2097 1689 a
2126 1645 2391 1691 conventu
2423 1635 2673 1689 Ecclesiae
2700 1636 2875 1688 alieni.
2910 1635 3057 1690 Unde
3095 1636 3353 1703 scriptum
3393 1644 3472 1688 cst

1894 1726 1950 1780 in
1994 1726 2197 1795 psalmo
2243 1743 2255 1779 :
2307 1724 2464 1778 Moab
2512 1736 2560 1779 et
2610 1726 2856 1795 Agareni,
2912 1724 3074 1779 Gebal
3120 1734 3166 1776 et
3216 1726 3471 1785 Ammon,

223 1825 306 1871 tur
330 1826 515 1872 autem
545 1817 684 1872 Deus
712 1816 1018 1871 hominibus
1052 1832 1157 1871 non
1186 1832 1284 1886 per
1322 1817 1676 1872 substantiam
1707 1817 1791 1870 in-
1823 1825 1869 1884 Β
1898 1814 2138 1867 Amalech
2160 1814 2521 1881 etalienigence
2542 1829 2657 1866 cum
2680 1813 3033 1867 habitantibus
3047 1812 3243 1880 Tyrum
3264 1809 3475 1881 (Ibid)

220 1908 509 1973 visibilem,
544 1908 636 1963 sed
661 1922 759 1977 per
780 1915 1083 1962 creaturam
1111 1907 1469 1977 corporalem,
1510 1923 1606 1976 per
1635 1922 1795 1976 quam

220 1996 366 2049 enim
409 1994 626 2065 [etiam]
668 2003 721 2048 et
750 1995 1056 2049 hominibus
1105 2010 1366 2065 apparere
1393 1996 1560 2050 voluit
1582 1997 1796 2065 quando

220 2083 426 2139 locutus
464 2092 569 2138 est.
603 2083 914 2138 Dieit'enim
948 2083 1273 2152 Apostolus:
1305 2084 1365 2140 Si
1394 2085 1586 2154 linguis
1630 2086 1799 2137 homi-

218 2189 338 2227 num
364 2172 557 2243 loquar
582 2181 630 2226 et
660 2170 961 2241 angelorum
985 2171 1035 2242 (I
1063 2172 1184 2227 Cor.
1232 2174 1386 2243 xm);
1419 2172 1509 2228 ubi
1538 2172 1799 2242 quaeritur

219 2278 321 2332 qua
360 2263 547 2333 lingua
591 2262 766 2333 angeli
795 2262 1103 2332 loquantur.
1148 2264 1262 2319 Non
1311 2264 1453 2334 quod
1484 2264 1795 2333 angelorum

217 2353 408 2423 aliqua:
438 2354 638 2422 lingua:
660 2354 787 2420 sint,
821 2355 916 2409 sed
946 2369 1044 2423 per
1068 2356 1547 2426 exaggerationem,
1577 2356 1793 2411 dicitur.

217 2443 345 2498 item
381 2442 671 2511 quaeritur
701 2459 806 2513 qua
848 2443 1028 2514 lingua
1066 2446 1120 2498 in
1167 2445 1404 2499 futurum
1435 2446 1679 2500 homines
1724 2445 1799 2501 lo-

216 2541 472 2602 quantur,
504 2532 646 2601 quod
690 2545 954 2602 nusquam
988 2534 1272 2603 reperitur.
1305 2522 1440 2587 Nam
1478 2533 1609 2587 dicit
1651 2533 1791 2603 Apo-

218 2621 428 2676 stolus:
475 2621 603 2676 Sive
649 2621 843 2691 lingua:
882 2624 1151 2677 cessabunt
1192 2622 1399 2694 (Ibid.).
1451 2622 1575 2677 Ideo
1617 2631 1796 2679 autem

216 2713 365 2781 prius
396 2712 466 2767 de
512 2712 727 2781 linguis,
761 2726 827 2766 ac
869 2713 1060 2769 deinde
1102 2714 1168 2768 de
1209 2716 1456 2783 gentibus
1497 2717 1794 2782 posuimus,

216 2802 339 2869 quia
360 2816 427 2856 ex
451 2801 651 2873 linguis
674 2809 878 2871 gentes,
902 2817 1007 2856 non
1030 2818 1094 2859 ex
1118 2804 1364 2873 gentibus
1383 2802 1575 2874 linguae
1597 2812 1797 2859 exorta:

214 2900 356 2945 sunt.

853 2982 1081 3038 CAPUT
1118 2983 1181 3037 li.

689 3068 764 3123 De
799 3072 1025 3140 gentium
1065 3069 1358 3125 vocabulis.”

1900 1905 2087 1969 Edom,
2121 1919 2149 1957 a
2176 1919 2283 1973 quo
2311 1902 2545 1966 ldumtei,
2578 1902 2785 1966 rubens,
2815 1902 2928 1955 sive
2961 1900 3276 1970 sanguineus
3307 1899 3474 1953 inter-

1898 2003 2176 2064 pretatur:
2218 1990 2483 2061 signiﬁcat
2526 1992 2778 2060 populum
2822 1990 3126 2044 Iudaeorum
3174 1990 3242 2043 oh
3285 2004 3472 2044 necem

1898 2082 2098 2137 Christi
2142 2091 2193 2136 et
2240 2080 2621 2151 prophetarum
2680 2078 3146 2148 sanguinolentum
3182 2098 3192 2130 :
3232 2079 3374 2132 unde
3422 2077 3473 2130 iu

1896 2172 2068 2237 Abdia
2109 2172 2366 2240 scriptum
2397 2178 2477 2224 est
2515 2211 2525 2221 .
2562 2168 2677 2222 Hoc
2706 2170 2831 2222 dicit
2873 2170 3127 2222 Dominus
3156 2168 3225 2220 ad
3260 2167 3428 2220 Edoni
3460 2179 3477 2218 ξ

1899 2260 2033 2315 Ecce
2058 2260 2328 2330 parvulum
2359 2260 2478 2313 dedi
2509 2272 2558 2313 te
2598 2259 2650 2311 in
2686 2258 2939 2329 gentibus,
2988 2258 3384 2327 contemptibilis
3419 2267 3473 2309 tu

1897 2370 1949 2408 es
1992 2353 2194 2408 valde:
2238 2353 2476 2422 superbia
2530 2352 2700 2404 cordis
2752 2352 2828 2403 tui
2892 2350 3100 2403 exstulit
3155 2361 3202 2404 te
3267 2349 3471 2419 (Abd.,

1899 2458 1944 2496 ιν.
1974 2442 2051 2511 2).
2077 2442 2329 2509 idumtei,
2373 2442 2645 2509 sanguinei
2690 2441 2804 2495 sive
2847 2450 2985 2495 terra
3028 2442 3471 2509 interpretantur;

1899 2532 1952 2586 id
1996 2540 2078 2587 est
2114 2531 2383 2586 daemones
2428 2531 2542 2585 sive
2583 2540 2918 2599 peccatores,
2962 2540 3019 2585 ut
3059 2532 3110 2585 in
3164 2530 3370 2600 psalmo
3401 2531 3475 2584 le-

1899 2622 2085 2692 gitur:
2134 2620 2456 2685 Memorare,
2494 2621 2745 2684 Domine,
2782 2621 3015 2687 ﬁliorum
3073 2620 3242 2673 Edoni
3294 2621 3346 2675 in
3395 2622 3478 2674 (lie

1897 2710 2222 2773 Jerusalem,
2260 2711 2349 2779 qui
2391 2711 2569 2763 dicunt
2611 2724 2629 2761 :
2672 2709 2972 2775 Exinanite,
3013 2712 3275 2765 exinanita
3316 2729 3478 2781 usque

1898 2800 1968 2851 ad
2019 2800 2413 2868 fundamentum
2464 2800 2516 2852 in
2560 2816 2619 2852 ea
2670 2800 2840 2869 (Psal.
2880 2802 3131 2867 cxxxvr).
3177 2802 3305 2855 item
3354 2801 3477 2854 Itiu-

1898 2904 2065 2944 ttsteus
2111 2888 2337 2958 populus
2362 2897 2443 2943 est
2492 2890 2728 2958 gentium
2765 2908 2777 2942 :
2809 2890 2948 2943 unde
2979 2890 3032 2942 in
3066 2890 3478 2944 Deutcronomio

1898 2980 2156 3048 scriptum
2196 2990 2279 3033 est
2318 2997 2330 3031 :
2386 2978 2506 3033 Non
2559 2980 2935 3033 abominaveris
2985 2980 3315 3044 Numicum,
3354 2983 3477 3050 quia

1899 3069 2065 3139 frater
2085 3079 2205 3123 tuus
2231 3079 2335 3133 est;
2376 3086 2468 3123 nec
2498 3069 2803 3139 Egyptian,
2846 3071 2970 3139 quia
3010 3071 3208 3123 advena
3237 3071 3384 3138 fuisti
3422 3072 3477 3123 in

279 3156 428 3211 Gens
454 3165 542 3210 est
578 3157 863 3211 multitudo
885 3158 953 3211 ab
982 3174 1088 3213 uno
1133 3159 1395 3229 principio
1420 3168 1557 3224 orta,
1586 3159 1698 3215 sive
1727 3161 1795 3216 ab
1821 3148 1869 3211 C
1899 3168 2039 3213 terra
2069 3159 2182 3228 ejus
2210 3177 2228 3212 .·
2260 3160 2347 3229 qui
2378 3160 2489 3213 nati
2528 3161 2722 3227 fuerint
2748 3176 2812 3213 ex
2846 3161 2940 3221 eis,
2972 3160 3123 3212 tertia
3146 3162 3475 3229 generatione

214 3244 315 3299 alia
363 3246 591 3299 natione
640 3248 931 3301 secundum
978 3250 1249 3316 propriam
1291 3248 1661 3304 collectionem
1685 3250 1794 3306 dis-

214 3335 377 3388 tincta
403 3376 418 3399 ,
464 3345 529 3389 ut
569 3333 812 3400 Graecia,
855 3336 983 3391 Asia
1034 3350 1049 3389 :
1090 3337 1213 3391 hinc
1256 3337 1528 3405 gentilitas
1577 3338 1789 3393 dicitur.

212 3420 356 3477 Gens
390 3431 578 3477 autem
609 3423 872 3493 appellata
907 3433 1125 3493 propter
1168 3426 1539 3495 generationes
1567 3426 1793 3482 familia-

213 3526 365 3576 rum,
411 3514 466 3567 id
513 3521 621 3576 est,
654 3527 686 3565 a
727 3513 1011 3583 gignendo,
1058 3514 1199 3568 sicut
1243 3514 1387 3568 natio
1430 3530 1460 3568 a
1501 3518 1788 3570 nascendo.

213 3598 431 3663 Gentes,
452 3616 484 3653 a
517 3601 713 3668 quibus
738 3601 904 3655 divisa
926 3610 1008 3656 est
1041 3610 1207 3667 terra,
1243 3618 1408 3657 Lxxm
1442 3620 1454 3655 :
1487 3604 1792 3673 quindecim

212 3702 335 3746 sunt
374 3693 443 3747 de
472 3691 694 3771 Japhet,
734 3707 861 3745 xxxt
908 3693 973 3747 de
997 3692 1186 3759 Cham,
1222 3711 1369 3749 xxvu
1394 3696 1459 3749 de
1492 3694 1637 3759 Sent,
1676 3710 1795 3763 quae

214 3781 345 3835 ﬁunt
411 3798 623 3847 tum,
672 3782 753 3837 vel
800 3784 1010 3853 potius,
1061 3792 1121 3838 ut
1173 3786 1309 3841 ratio
1360 3785 1625 3850 declarat,
1692 3802 1799 3841 Lxx

214 3872 349 3937 dum,
384 3873 723 3941 totidemque
763 3872 955 3941 lingure
992 3889 1090 3942 per
1131 3883 1302 3929 terras
1334 3889 1453 3929 esse
1491 3868 1790 3943 cceperunt,

214 3964 674 4029 quaeucrescendo
712 3964 1015 4033 provincias
1055 3974 1110 4019 et
1163 3966 1365 4020 insulas
1418 3964 1789 4032 impleverunt.

279 4052 399 4106 Filii
454 4054 588 4107 Sem
641 4056 875 4123 quinque
928 4055 1271 4125 singulariter
1321 4066 1509 4125 gentes
1556 4056 1797 4126 singulas

210 4150 659 4209 procreaverunt.
696 4142 931 4210 Quorum
979 4146 1184 4213 primus
1226 4146 1405 4208 Elam,
1451 4161 1481 4199 a
1524 4162 1630 4216 quo
1672 4146 1793 4201 Elav

211 4230 353 4285 Inita:
389 4232 670 4301 principes
694 4232 949 4306 Persidis.
983 4231 1260 4288 Secundus
1283 4234 1472 4298 Assur,
1513 4250 1542 4287 a
1570 4250 1678 4304 quo
1704 4234 1797 4288 As-

210 4318 479 4386 syriorum
528 4319 812 4387 pullulavit
846 4321 1146 4389 imperium.
1174 4320 1387 4375 Tertius
1414 4322 1687 4390 Arphaxat
1708 4361 1722 4385 ,
1766 4337 1795 4375 a

210 4419 313 4473 quo
352 4420 487 4475 gens
540 4407 673 4461 Chal
697 4408 913 4462 imorum
962 4392 1150 4463 exorta
1184 4417 1284 4461 est.
1331 4393 1564 4473 Quartus
1593 4406 1735 4472 Lud,
1766 4424 1793 4461 a

1896 3248 2163 3304 intrabunt
2209 3246 2498 3301 Ecclesium
2543 3248 2753 3301 Domini
2795 3248 2971 3319 (Deut.
3018 3248 3205 3317 χχιιι),
3256 3250 3305 3303 id
3357 3261 3473 3313 est,

1895 3351 1993 3405 per
2045 3335 2204 3389 ﬁdem
2253 3335 2533 3389 Trinitatis
2597 3345 2652 3391 et
2700 3336 2972 3390 lavacrum
3026 3337 3470 3405 regenerationis.

1967 3422 2106 3487 Seir,
2146 3423 2236 3492 qui
2281 3423 2515 3492 hispidus
2544 3424 2625 3479 vel
2654 3426 2884 3479 hirsutus
2924 3426 3333 3494 interpretatur,
3378 3441 3475 3492 po-

1894 3513 2075 3584 pulum
2104 3512 2410 3567 Judamrum
2438 3514 2724 3583 signiﬁcat.
2758 3516 2908 3570 Unde
2956 3516 3009 3569 in
3040 3515 3250 3569 cantico
3281 3514 3476 3569 Dente-

1894 3601 2125 3656 ronomii
2159 3600 2387 3671 legitur:
2428 3600 2680 3655 Dominus
2710 3603 2774 3657 de
2802 3604 2934 3658 Sina
2971 3606 3156 3666 veniet,
3186 3614 3232 3657 et
3260 3606 3323 3657 de
3357 3604 3479 3660 Seir

1896 3698 2039 3742 ortus
2062 3698 2135 3741 est
2164 3687 2307 3741 nobis
2330 3686 2508 3757 (Deut.
2533 3692 2747 3759 χχχιιι).

1964 3777 2219 3832 Amalech
2252 3778 2654 3848 interpretatur,
2697 3779 2949 3845 lambens,
2996 3780 3049 3834 id
3079 3788 3182 3844 est,
3210 3781 3471 3836 diabolm.

1898 3866 2049 3921 Unde
2075 3865 2267 3936 legitur
2292 3868 2346 3921 in
2387 3868 2608 3923 Exodo:
2644 3868 2711 3921 In
2743 3886 2902 3923 manu
2942 3870 3243 3923 abscondita
3274 3871 3350 3924 vel
3385 3889 3475 3924 va-

1894 3954 2003 4006 lida
2037 3964 2296 4023 expugnat
2322 3955 2579 4009 Dominus
2608 3956 2853 4011 Amalech
2877 3976 2907 4011 a
2937 3960 3266 4028 generatione
3301 3962 3354 4013 in
3389 3978 3473 4029 ge:

1897 4043 2218 4097 nerationem
2249 4042 2445 4111 (Exod.
2470 4043 2624 4115 xvu).

1965 4129 2272 4183 Amaleeitze
2341 4130 2761 4199 interpretantur
2834 4135 3053 4204 populus
3117 4136 3378 4201 lambens,
3422 4140 3471 4193 id

1897 4227 2006 4282 est,
2039 4228 2348 4288 peccatores
2398 4230 2607 4274 terrena
2652 4223 2966 4278 ambientes.
3017 4224 3166 4280 Unde
3212 4227 3470 4295 scriptum

1897 4318 1981 4364 est
2011 4310 2062 4364 in
2086 4310 2288 4379 psalmo
2314 4329 2325 4363 :
2359 4308 2519 4365 Gebal
2547 4322 2593 4365 et
2619 4312 2837 4366 Ammon
2858 4324 2905 4367 et
2931 4315 3175 4368 Amalech
3209 4327 3254 4370 et
3285 4317 3469 4370 ulieni-

1897 4414 2038 4467 gena:
2075 4414 2193 4451 cum
2237 4398 2590 4453 habitantibus
2632 4388 2825 4469 Tyrum
2867 4402 3037 4472 (Psal.
3066 4404 3301 4473 Lxxxu).
3347 4405 3471 4459 Phi-

208 4510 312 4561 qno
337 4482 517 4566 Lydii,
547 4496 778 4559 Quintus
800 4497 983 4559 Aram,
1007 4511 1037 4549 a
1064 4511 1170 4565 quo
1197 4495 1315 4565 Syri
1346 4512 1575 4564 quorum
1602 4504 1797 4553 metro.
1824 4480 1875 4538 D
1900 4488 2091 4543 listhrei
2136 4488 2235 4557 ipsi
2277 4497 2402 4542 sunt
2433 4488 2725 4553 Palmstini,
2759 4491 2882 4557 quia
2935 4508 2968 4559 ρ
3007 4492 3241 4545 litteram
3291 4509 3365 4547 SC:
3386 4510 3469 4547 ".10

208 4585 343 4653 polis
372 4585 472 4637 fuit
505 4585 821 4637 Damascus.

276 4673 397 4725 Filii
431 4672 633 4735 Aram,
666 4682 887 4739 nepotes
925 4672 1048 4726 Sem
1096 4682 1365 4742 quatuor:
1408 4675 1541 4741 lius,
1586 4682 1641 4730 et
1670 4674 1789 4737 liul,

208 4767 262 4811 et
300 4753 543 4821 Gether,
594 4767 650 4812 et
700 4759 861 4813 Mesa.
916 4760 1024 4814 ilus
1073 4760 1469 4817 Trachonitidis
1524 4762 1791 4825 conditor,

208 4863 325 4914 qurc
359 4848 508 4900 inter
538 4836 878 4899 Dalmstinam
907 4856 959 4901 et
994 4848 1340 4918 leesyriam
1382 4850 1551 4902 tenuit
1593 4849 1793 4917 princi-

210 4946 393 5003 patum
422 4956 433 4988 :
464 4934 611 4989 unde
642 4934 738 4987 fuit
764 4934 880 4997 Job,
910 4937 1199 4990 secundum
1224 4938 1367 5005 quod
1396 4938 1654 5006 scriptum
1678 4946 1789 4991 est:

224 5022 310 5075 Vir
332 5034 448 5076 erat
481 5026 539 5074 in
571 5031 710 5073 terra
752 5021 866 5074 llus
897 5022 1037 5092 (Job.
1067 5024 1126 5091 ι).
1164 5022 1441 5078 Secundus
1473 5025 1595 5090 Hui,
1626 5042 1654 5079 ξι
1686 5042 1795 5095 quo

210 5110 473 5163 Armenii.
509 5108 730 5162 Tertius
750 5109 968 5175 Gether,
990 5127 1019 5163 a
1038 5127 1143 5181 quo
1162 5111 1450 5165 Arcauanii
1470 5114 1581 5167 sive
1597 5114 1790 5169 Curize.

212 5199 447 5264 Quartus
486 5197 662 5259 Mesa,
690 5212 720 5249 a
745 5213 849 5266 quo
879 5209 1003 5253 sunt
1049 5202 1100 5254 hi
1130 5203 1219 5269 qui
1266 5212 1527 5257 vocantur
1556 5204 1793 5260 Meones.

214 5287 511 5341 Posteritas
542 5288 821 5354 Arpiiaxat
855 5289 947 5344 ﬁlii
994 5292 1137 5345 Scm.
1174 5293 1348 5347 [leber
1378 5309 1543 5361 nepos
1583 5295 1791 5363 Arpha-

214 5386 333 5440 xat,
364 5392 394 5429 a
426 5392 540 5445 quo
589 5375 795 5428 ilehrtei
827 5394 837 5427 :
869 5375 1051 5431 Jectan
1097 5381 1235 5434 ﬁlius
1275 5381 1466 5445 Heber,
1501 5398 1531 5435 a
1563 5400 1669 5451 quo
1710 5385 1793 5437 ln-

216 5468 402 5520 dorum
434 5478 558 5521 orta
592 5475 677 5519 est
715 5483 871 5534 gens;
904 5469 1025 5521 Sale
1072 5472 1208 5525 ﬁlius
1241 5471 1448 5537 Jeetau,
1482 5490 1510 5527 a
1555 5491 1660 5542 quo
1694 5477 1795 5530 Ba-

216 5556 436 5618 ctriani,
493 5557 626 5610 licet
654 5572 749 5610 eos
791 5558 875 5609 alii
910 5559 1227 5627 Scytharum
1256 5564 1469 5617 exsules
1513 5566 1789 5633 suspicen-

218 5653 320 5700 tur.
368 5646 566 5699 [aulaei
624 5646 765 5699 ﬁlius
820 5648 1083 5702 Abraham
1131 5667 1158 5702 a
1205 5667 1311 5719 quo
1360 5654 1665 5721 lsmaelittr,
1701 5660 1789 5725 qui

1896 4578 2153 4634 ilehrteus
2200 4596 2305 4635 non
2356 4579 2546 4643 habet;
2581 4582 2672 4634 sed
2716 4596 2813 4649 pro
2849 4597 2913 4635 eo
2940 4583 3004 4649 ph
3050 4583 3235 4636 Graece
3281 4585 3469 4649 utitur,

1898 4671 2018 4724 inde
2058 4671 2348 4726 Philisthaei
2388 4688 2484 4741 pro
2530 4673 2828 4727 Palaestinis
2872 4676 3138 4739 dicuntur,
3178 4692 3206 4729 a
3252 4677 3471 4732 civitate
3562 4732 3567 4737 ,

1896 4760 2080 4828 utique
2136 4775 2271 4824 sua;
2318 4761 2474 4814 iidem
2528 4770 2581 4815 et
2620 4762 2908 4832 Ailophyli,
2968 4764 3126 4818 iidem
3175 4775 3226 4819 et
3281 4767 3472 4821 alieni-

1895 4865 2043 4920 genm
2072 4850 2141 4904 ob
2172 4852 2292 4911 hoc.
2323 4852 2445 4919 quia
2477 4868 2688 4922 semper
2734 4853 2931 4907 iuerint
2973 4856 3172 4909 inimici
3201 4858 3384 4919 lsrael,
3417 4869 3469 4911 et

1905 4939 2059 5007 longe
2098 4942 2164 4993 ab
2211 4956 2395 4994 eorum
2432 4957 2624 5010 genere
2661 4958 2721 4995 ac
2752 4945 3006 4997 societate
3048 4947 3296 5013 separati.
3347 4947 3469 4999 Phi-

1903 5028 2091 5083 iislhaei
2146 5032 2565 5099 interpretantur
2611 5034 2851 5086 cadentes
2891 5036 3100 5101 poculo,
3134 5036 3185 5089 id
3220 5046 3320 5098 est,
3370 5038 3469 5089 iui-

1903 5119 2025 5171 mici
2056 5119 2328 5183 Ecclesiae,
2358 5122 2423 5173 de
2454 5136 2547 5174 sua
2593 5138 2649 5176 se
2680 5124 2998 5178 extollentes
3039 5124 3281 5177 scientia.
3316 5125 3468 5179 Unde

1902 5208 2093 5277 legitur
2118 5209 2169 5260 in
2197 5208 2462 5278 Propheta
2491 5229 2501 5263 :
2541 5210 2728 5265 Verum
2751 5214 2874 5281 quid
2902 5215 3023 5264 mihi
3053 5224 3097 5265 et
3134 5216 3270 5268 vobis
3303 5215 3469 5284 Tyrus

1900 5309 1948 5351 et
1988 5298 2149 5353 Sidon
2194 5311 2239 5353 et
2285 5302 2451 5353 omnis
2492 5303 2739 5355 terminus
2778 5302 3203 5355 Palwstinorum.
3235 5303 3347 5356 Cito
3382 5321 3463 5357 re-

1898 5388 2076 5440 lociter
2122 5390 2333 5442 reddant
2376 5392 2775 5444 vicissitudinem
2820 5393 2957 5446 vobis
2996 5410 3148 5457 super
3186 5404 3340 5458 caput
3390 5412 3472 5446 re-

1896 5492 2055 5531 strum
2080 5480 2236 5548 (.loel.
2264 5482 2366 5551 ιιι).
2391 5482 2518 5535 item
2548 5482 2599 5534 in
2626 5483 2815 5536 bonum
2844 5492 3046 5551 partem
3076 5484 3465 5553 intelliguntur.

1900 5569 2047 5623 Unde
2092 5568 2283 5637 legitur
2314 5572 2365 5623 in
2414 5572 2617 5639 psalmo
2663 5590 2673 5622 :
2718 5570 2784 5623 lli
2815 5571 3069 5639 .lllophgli
3112 5574 3300 5625 subditi
3348 5586 3463 5625 sunt

1896 5658 2064 5726 (l’sul.
2097 5662 2220 5726 th).
