3922 6358
391 342 501 404 439

1038 343 1100 397 Β.
1142 341 1399 400 RABANI
1437 341 1659 400 MAURI
1693 341 2011 400 ARCHIEP.
2048 343 2360 403 MOGUNT.
2399 338 2685 400 OPERUM
2715 341 2894 398 PARS
2929 341 2994 398 II.

3563 341 3673 399 440

460 457 752 514 Chananzei
790 454 1041 526 appellati
1082 454 1148 509 de
1176 442 1431 508 Chanaan
1473 453 1584 510 ﬁlio
1615 455 1808 522 Cham,
1853 471 1982 525 quo-
2007 460 2060 520 Α
2085 458 2200 527 ejus
2248 456 2404 521 Tros,
2447 470 2479 509 a
2521 470 2628 525 quo
2677 454 2895 524 Trojani
2940 454 3234 524 nuncupati
3279 462 3424 510 sunt.
3465 453 3676 512 Galata

389 565 515 607 rum
568 557 768 603 terram
819 545 988 602 Judzei
1033 546 1413 616 possederunt.
1464 545 1629 615 Cujus
1674 563 1741 602 ex
1771 548 1979 618 origine

389 638 494 696 fuit
522 638 690 695 Emor
709 637 879 692 frater
901 635 1140 701 Sichem,
1168 651 1198 690 a
1225 650 1334 705 quo
1357 636 1658 694 Amorrhaei
1689 647 1814 694 sunt
1844 656 1982 694 nun-

389 730 592 800 cupati.
634 727 926 784 Chananaei
979 727 1404 796 interpretantur
1433 729 1701 783 instabiles
1741 729 1854 783 sive
1882 730 1980 783 ἕως

389 819 626 885 mobiles,
657 827 711 873 et
758 817 1067 888 signiﬁcant
1113 827 1426 886 peccatores
1471 817 1881 872 fundamentum
1921 817 1982 872 ﬁ-

390 910 476 964 dei
505 924 613 964 non
660 909 939 964 habentes.
981 907 1135 962 Unde
1171 906 1368 977 legitur
1412 907 1467 961 in
1519 909 1734 964 cantico
1765 908 1933 964 Exodi
1965 927 1977 962 :

391 998 696 1053 Tabuerant
772 1013 953 1052 omnes
1018 997 1371 1052 inhabitantes
1447 997 1702 1052 Chanaan
1772 996 1978 1068 (Exod.

390 1090 508 1159 xv).

460 1178 703 1251 Egyptii
749 1178 817 1234 ab
849 1178 1085 1251 IEgypto
1127 1181 1364 1251 quodam
1409 1195 1539 1251 rege
1588 1179 1770 1235 vocati
1814 1187 1978 1234 sunt:

387 1288 516 1328 nam
561 1281 685 1326 ante
739 1271 883 1326 aerei
931 1271 1270 1326 dicebantur.
1319 1272 1756 1342 Interpretantur
1801 1261 1982 1323 autem

387 1363 572 1432 lingua
600 1361 869 1416 Hebraica
901 1361 1160 1434 Egyptii,
1189 1363 1493 1433 aﬂligentes,
1513 1376 1578 1416 eo
1608 1363 1753 1431 quod
1786 1359 1982 1413 amitte-

386 1459 515 1506 runt
543 1451 654 1520 Dei
685 1450 959 1527 populum,
1003 1452 1318 1521 priusquam
1350 1452 1531 1506 divino
1559 1452 1760 1505 auxilio
1787 1451 1982 1504 libera-

386 1551 596 1596 rentur.
642 1540 883 1612 IEgyptii
928 1543 1375 1612 interpretantur,
1422 1543 1726 1613 a/ﬂigentes,
1769 1543 1822 1596 id
1866 1547 1979 1607 est,

385 1633 540 1702 impii
582 1632 667 1686 vel
718 1634 991 1688 dznmones
1041 1633 1298 1688 Ecclesia:
1343 1633 1528 1688 ﬁdeles
1573 1633 1978 1701 opprimentes:

384 1723 529 1778 unde
565 1722 765 1792 legitur
793 1723 848 1776 in
875 1723 1061 1778 Exodo
1087 1738 1100 1776 :
1132 1723 1433 1794 Amigebant
1461 1721 1702 1793 ZEgyptii
1740 1723 1981 1792 operibus

386 1814 536 1868 duris
567 1813 766 1884 (Exod.
793 1814 855 1886 t).

456 1905 747 1959 Armenius
777 1919 844 1959 ex
895 1905 1173 1960 Thessalia
1219 1921 1360 1960 unus
1407 1905 1475 1960 de
1515 1920 1746 1961 numero
1778 1906 1977 1962 ducum

383 1995 632 2060 Jasonis,
671 1995 765 2064 qui
810 1995 878 2049 ad
924 1995 1156 2050 Colchos
1198 1996 1430 2065 profecti
1483 2006 1642 2062 sunt,
1693 1997 1979 2053 recollecta

384 2086 758 2151 multitudine,
787 2102 907 2156 quae
942 2086 1144 2140 amisso
1184 2101 1309 2156 rege
1355 2086 1553 2142 Jasone
1589 2088 1790 2157 passim
1819 2103 1982 2158 vaga-

383 2179 582 2234 batur:
611 2176 928 2232 Armeniam
957 2177 1226 2240 condidit,
1277 2179 1536 2247 gentique
1581 2193 1649 2232 ex
1690 2193 1788 2232 suo
1820 2192 1980 2232 voca-

383 2270 513 2326 bulo
557 2283 754 2324 nomen
785 2268 949 2323 dedit.
995 2267 1178 2321 Limes
1201 2276 1284 2320 est
1312 2268 1586 2332 Persicus,
1619 2268 1712 2336 qui
1749 2267 1982 2337 Scythas

384 2363 454 2416 ab
481 2363 560 2417 eis
609 2361 817 2416 dividit.
874 2359 1074 2429 Scytha
1117 2359 1552 2428 cognominatus,
1585 2373 1616 2411 a
1660 2373 1767 2428 quo
1813 2358 1984 2412 limite

386 2452 604 2522 Scythae
630 2467 660 2504 a
701 2449 1023 2519 quibusdam
1055 2448 1412 2517 perhibentur
1451 2449 1651 2512 vocati,
1683 2464 1814 2516 gens
1845 2448 1984 2502 anti-

388 2536 648 2606 quissima
707 2549 920 2604 semper
975 2534 1177 2588 habita.
1237 2532 1302 2586 lli
1358 2533 1589 2589 Parthos
1641 2533 1982 2588 Bactrianos-

389 2643 516 2696 que,
546 2625 760 2680 femina:
801 2625 967 2678 etiam
1003 2638 1192 2677 eorum
1229 2622 1567 2678 Amazonum
1603 2638 1767 2694 regna
1800 2624 1982 2680 condi-

390 2719 607 2772 derunt.

464 2809 781 2880 Massagetae
825 2822 892 2862 ex
938 2806 1521 2879 Scytharum’origine
1567 2814 1726 2870 sunt,
1758 2814 1814 2859 et
1855 2804 1984 2858 dicti

390 2899 728 2969 Massagetae,
755 2898 907 2966 quasi
940 2912 1152 2968 graves,
1173 2897 1223 2950 id
1253 2905 1354 2960 est,
1381 2895 1519 2949 forte
1542 2893 1709 2949 Getzn.
1744 2893 1880 2947 Nam
1909 2893 1987 2947 sic

392 2991 892 3060 Livius'argentum
916 3003 1081 3058 grave
1123 2988 1277 3051 dicit,
1302 2985 1354 3040 id
1380 2995 1484 3052 est,
1515 3000 1741 3040 massas.
1767 2985 1835 3038 Hi
1862 2991 1987 3040 sunt

394 3081 487 3151 qui
528 3081 668 3133 inter
713 3078 944 3148 Scythas
985 3085 1148 3146 atque
1189 3075 1427 3131 Albanos
1455 3073 1988 3144 septentrionalibus

396 3171 532 3226 locis
561 3168 889 3224 inhabitant.

476 3263 786 3315 Amazones
833 3257 991 3312 dicta:
1030 3265 1185 3321 sunt,
1233 3271 1328 3312 seu
1359 3257 1501 3325 quod
1545 3256 1706 3310 simul
1747 3255 1991 3309 viverent

400 3353 522 3408 sine
552 3352 704 3414 viris,
733 3350 886 3419 quasi
917 3349 1223 3413 amazosai;
1265 3347 1378 3402 sive
1403 3347 1544 3416 quod
1574 3347 1780 3401 adustis
1809 3347 1992 3401 dexte-

401 3444 638 3500 rioribus
666 3441 919 3496 mammis
958 3448 1158 3502 essent,
1201 3454 1269 3492 ne
1315 3439 1638 3509 sagittarum
1678 3438 1857 3508 jactus
1887 3437 1992 3490 im-

408 3535 715 3605 pediretur,
773 3531 928 3599 quasi
973 3545 1112 3584 aneu
1164 3543 1358 3583 mazou
1405 3547 1418 3581 :
1478 3527 1758 3582 nudabant
1809 3525 1989 3589 enim,

405 3642 571 3696 quam
602 3627 941 3686 adusserant,
971 3636 1286 3675 mammam.
1315 3619 1423 3674 Has
1457 3619 1704 3673 Titianus
1729 3618 1994 3672 unimam-

407 3733 524 3771 mas
551 3717 701 3770 dicit.
735 3714 868 3768 Nam
906 3715 1007 3768 hoc
1038 3723 1118 3767 est
1149 3727 1397 3776 amazon,
1427 3712 1581 3780 quasi
1613 3725 1751 3764 aneu
1779 3722 1990 3773 mazou,

411 3808 464 3861 id
495 3815 598 3869 est,
624 3806 741 3859 sine
772 3819 1026 3858 mamma.
1055 3801 1289 3869 IIasjam
1311 3817 1420 3855 non
1448 3816 1570 3855 esse
1593 3809 1827 3866 constat,
1849 3801 1995 3870 quod

407 3912 598 3950 carum
645 3895 846 3964 partim
887 3893 954 3946 al)
987 3891 1236 3956 Hercule,
1285 3893 1482 3961 partim
1529 3892 1596 3945 ab
1638 3891 1864 3956 Achille,
1909 3891 1995 3946 vel

409 3984 721 4039 Alexandro
754 3997 923 4051 usque
947 3983 1013 4036 ad
1054 3980 1483 4035 internecionem
1514 3979 1703 4060 deleta:
1729 3989 1874 4036 sunt.
1904 3980 1996 4034 Al—

406 4076 535 4130 bani
567 4083 692 4130 sunt
732 4083 917 4143 partes
942 4074 1082 4126 Asiae
1116 4082 1169 4126 et
1206 4073 1457 4127 Asiaticae
1501 4075 1695 4142 gentis,
1743 4089 1862 4142 quae
1901 4089 1998 4144 po-

409 4177 587 4221 steros
629 4180 688 4220 se
716 4163 930 4217 Jasonis
972 4161 1219 4225 credunt,
1246 4162 1367 4216 albo
1413 4162 1562 4215 crine
1594 4171 1889 4214 nascuntur
1928 4163 1997 4215 ab

409 4255 642 4310 assiduis
687 4254 920 4315 nivibus,
951 4260 1007 4305 et
1037 4252 1204 4319 ipsius
1234 4251 1414 4319 capilli
1443 4251 1590 4304 color
1619 4251 1763 4321 genti
1801 4265 1995 4305 nomen

409 4348 579 4412 dedit,
606 4355 660 4400 et
681 4344 805 4398 inde
832 4344 1084 4397 dicuntur
1108 4341 1331 4405 Albani;
1366 4341 1558 4394 horum
1592 4339 1778 4410 glauca
1804 4341 1995 4405 oculis,

2079 549 2213 605 Galli
2249 563 2369 603 esse
2399 557 2717 614 noscuntur,
2760 547 2853 618 qui
2882 546 2939 602 in
2965 545 3224 600 auxilium
3259 561 3292 600 a
3327 559 3454 617 rege
3482 545 3674 618 Bithy-

2080 641 2184 696 niae.
2233 639 2458 704 evocati,
2495 653 2721 709 regnum
2765 653 2888 692 cum
2927 650 3022 700 eo,
3049 644 3206 705 parta
3237 636 3486 700 victoria,
3534 635 3675 690 divi-

2080 737 2304 786 serunt:
2338 730 2416 784 sic
2462 728 2680 798 quidem
2711 727 2918 782 Graecis
2947 725 3163 780 admisti
3205 726 3436 796 primum
3483 723 3674 780 Galli)-

2081 821 2270 892 graaci,
2316 837 2458 876 nunc
2500 835 2569 875 ex
2615 819 2838 888 antiquo
2879 817 3158 874 Gallorum
3200 818 3419 873 nomine
3463 817 3676 873 Galatae.

2080 922 2470 982 nuncupanttn'.

2149 1002 2347 1068 Graeci,
2373 1011 2498 1056 ante
2527 1000 2772 1056 Thessali
2806 1015 2837 1054 a
2875 998 3156 1064 Thessalo,
3189 1009 3378 1070 postea
3418 1013 3450 1052 a
3478 997 3676 1053 Graeco

2081 1109 2208 1165 rege
2261 1092 2436 1148 Graeci
2494 1099 2620 1146 sunt
2675 1090 2991 1160 nuncupati.
3040 1088 3176 1144 Nam
3227 1088 3401 1145 Gneci
3453 1087 3677 1159 proprie

2082 1185 2329 1241 Thessali
2359 1192 2505 1239 sont.

2122 1301 2124 1303 -
2150 1275 2409 1344 Lapithas
2429 1281 2609 1327 autem
2627 1280 2840 1343 gentem
2863 1271 3156 1327 Thessalia:
3177 1270 3342 1326 fuisse
3357 1271 3510 1325 aiunt
3528 1269 3680 1325 circa

2082 1365 2320 1421 Peneum
2351 1357 2564 1419 amnem
2588 1365 2717 1418 olim
2745 1364 3160 1430 inhabitantem,
3187 1377 3219 1416 a
3257 1347 3678 1432 LapithaApol-

2083 1456 2207 1510 linis
2239 1455 2346 1509 ﬁlia
2373 1463 2728 1524 nuncupatos.

2156 1545 2416 1616 Sicyonii,
2445 1545 2620 1600 Graeci
2661 1554 2806 1610 sunt,
2852 1543 3147 1613 nuncupati
3177 1559 3207 1598 a
3241 1542 3497 1613 Sicyonio
3528 1555 3678 1611 rege.

2085 1637 2150 1691 Ili
2198 1637 2429 1706 primum
2454 1635 2684 1706 [Egialei
2715 1636 3051 1690 vocabantur
3075 1649 3105 1688 a
3137 1648 3261 1702 rege
3284 1632 3553 1703 Egialeo,
3586 1630 3682 1700 qui

2085 1729 2292 1798 primus
2322 1726 2591 1796 Sicyoniis
2620 1726 2927 1795 imperavit,
2953 1739 2983 1777 a
3010 1737 3117 1793 quo
3145 1721 3463 1792 etZEgialea
3486 1721 3685 1776 civitas

2005 1803 2054 1863 Β
2082 1827 2390 1888 nuncupata
2418 1827 2522 1884 est,
2551 1834 2672 1887 quae
2696 1833 2842 1872 nunc
2879 1815 3246 1884 Peloponesus
3271 1823 3493 1869 vocatur
3517 1827 3550 1866 a
3580 1811 3684 1868 Pe-

2079 1911 2199 1980 lope
2231 1924 2355 1980 rege
2380 1924 2480 1964 suo
2523 1927 2535 1962 :
2573 1908 2676 1979 ipsi
2706 1915 2831 1963 sunt
2855 1915 2911 1961 et
2938 1905 3180 1960 Arcades
3207 1905 3275 1959 ab
3303 1902 3514 1958 Arcade
3553 1915 3686 1974 rege

2079 2000 2225 2056 Jovis
2257 2005 2311 2053 et
2332 1998 2638 2068 Calystonis
2663 1996 2775 2051 ﬁlio
2797 1995 2950 2051 dicti.
3389 2053 3405 2064 ,

2150 2089 2319 2143 Danai
2351 2104 2382 2142 a
2415 2090 2600 2143 Danao
2649 2103 2776 2157 rege
2813 2085 2992 2142 vocati
3028 2104 3040 2139 :
3082 2084 3244 2139 iidem
3275 2092 3331 2138 et
3375 2082 3559 2151 Argivi
3611 2081 3684 2135 ab

2081 2181 2225 2250 Argo
2251 2179 2532 2234 conditore
2588 2177 2975 2248 cognominati.
3019 2175 3313 2244 Postquam
3363 2182 3545 2226 autem
3589 2185 3688 2226 rex

2083 2270 2396 2324 Graecorum
2426 2269 2556 2342 Apis
2586 2275 2835 2322 mortuus
2859 2273 2964 2333 est,
2991 2265 3116 2320 huic
3161 2263 3305 2316 ﬁlius
3350 2262 3529 2331 Argus
3563 2275 3688 2315 suc-

2083 2361 2245 2416 cessit
2275 2361 2330 2414 in
2363 2375 2609 2430 regnum,
2637 2367 2693 2414 et
2719 2373 2783 2414 ex
2814 2373 2879 2414 eo
2912 2357 3096 2428 Argivi
3128 2355 3382 2426 appellati
3413 2362 3561 2417 sunt,
3593 2352 3688 2420 qui

2083 2453 2246 2507 etiam
2277 2453 2345 2508 ab
2374 2452 2454 2507 eis
2479 2460 2602 2521 post
2636 2452 2843 2506 obitum
2869 2450 3012 2504 Deus
3041 2448 3232 2504 haberi
3264 2447 3450 2516 C(Bpit,
3481 2444 3688 2515 templo

2086 2552 2142 2596 et
2174 2542 2450 2598 sacriﬁcio
2481 2543 2799 2596 honoratus.

2154 2635 2363 2700 Achzei,
2401 2635 2493 2703 qui
2536 2641 2591 2688 et
2617 2633 2810 2688 Achivi
2848 2632 2917 2686 ab
2953 2630 3153 2684 Achzeo
3197 2627 3310 2682 ﬁlio
3339 2627 3488 2681 Jovis
3529 2625 3688 2689 dicti,

2085 2727 2296 2797 Pelasgi
2326 2727 2610 2795 nominati,
2633 2726 2767 2794 quia
2797 2739 2920 2778 cum
2957 2722 3092 2776 velis
3129 2720 3306 2791 passis
3354 2734 3525 2773 verno
3557 2727 3693 2772 tem-

2086 2831 2217 2887 pore
2261 2815 2547 2870 advenisse
2585 2814 2796 2868 Italiam
2843 2811 2946 2866 visi
2995 2817 3152 2875 sunt,
3201 2806 3454 2863 ut'aves.
3505 2807 3692 2861 Primo

2087 2907 2232 2962 enim
2289 2922 2382 2961 eos
2441 2907 2615 2960 Varro
2677 2905 2886 2959 Italiam
2932 2901 3205 2971 appulisse
3249 2908 3688 2954 commemorat:

2089 2999 2264 3055 Graeci
2294 3011 2419 3052 vero
2447 2996 2703 3066 Pelasgos
2732 3010 2762 3048 a
2786 2993 3017 3060 Pelasgo
3048 2990 3198 3045 Jovis
3222 2998 3276 3044 et
3295 2989 3527 3044 Larissa:
3552 2989 3695 3043 ﬁlios

2091 3090 2376 3162 perhibent
2405 3087 2597 3142 dictos.

2109 3189 2120 3199 ‘
2163 3179 2525 3252 Myrmidones
2552 3177 2772 3231 fuerunt
2814 3172 3038 3228 Achillis
3087 3171 3240 3235 socii,
3280 3168 3695 3244 Dolopes‘Pyr-

2093 3270 2178 3324 rbi
2205 3288 2217 3322 :
2249 3267 2376 3323 dicti
2404 3274 2528 3320 sunt
2554 3273 2734 3318 autem
2760 3261 3126 3332 Myrmidones
3149 3268 3376 3329 propter
3409 3259 3693 3322 astutiam,

2093 3361 2244 3431 quasi
2271 3372 2591 3430 myrmeces,
2613 3357 2666 3412 id
2683 3363 2786 3419 est,
2809 3354 3069 3410 formicae.
3098 3335 3490 3408 Eratosthenes
3511 3361 3698 3406 autem

2093 3451 2223 3505 dicit
2249 3449 2423 3503 dictos
2463 3446 2827 3518 Myrmidones
2849 3459 2879 3496 a
2909 3442 3246 3512 Myrmidone
3273 3442 3430 3505 duce,
3455 3439 3608 3494 Jovis
3642 3449 3700 3494 et

2093 3539 2466 3594 Eurimedusae
2508 3537 2637 3590 ﬁlio.
2686 3533 2911 3601 Cecropi
2954 3530 3365 3584 Atheniensium
3412 3531 3525 3598 regi
3566 3544 3696 3584 suc-

2093 3630 2258 3685 cessit
2295 3627 2558 3689 Cranaus,
2588 3621 2742 3694 cujus
2785 3621 2895 3675 ﬁlia
2922 3620 3064 3674 Attis
3086 3633 3283 3673 nomen
3317 3628 3372 3673 et
3399 3619 3612 3688 regioni
3643 3626 3701 3674 et

2095 3717 2239 3787 genti
2270 3715 2446 3778 dedit,
2477 3722 2532 3767 et
2570 3727 2638 3767 ex
2677 3725 2743 3766 ea
2783 3709 2949 3765 Attici
2990 3707 3390 3778 cognominati,
3435 3707 3529 3776 qui
3571 3714 3701 3762 sunt

2094 3804 2474 3860 Athenienses.

2165 3897 2256 3951 Ion
2289 3896 2370 3948 vir
2413 3892 2569 3947 fortis
2595 3907 2662 3946 ex
2698 3904 2796 3945 suo
2825 3887 3044 3944 nomine
3086 3885 3302 3941 eosdem
3331 3883 3698 3939 Athenienses

2099 3989 2312 4046 vocavit
2337 3987 2513 4042 Iones.

2168 4080 2489 4134 Macedones
2517 4092 2547 4130 a
2573 4075 2790 4129 nomine
2812 4069 3150 4126 Emathionis
3181 4069 3322 4139 regis
3348 4077 3506 4122 antea
3536 4069 3700 4123 Ema-

2098 4170 2196 4224 thii
2222 4167 2513 4236 nuncupati
2545 4174 2691 4229 sunt,
2719 4171 2905 4233 postea
2933 4161 3251 4215 Macedones
3283 4159 3432 4213 dicti.
3462 4159 3702 4226 Epirota:

2097 4276 2128 4315 a
2156 4258 2366 4330 Pyrrho
2393 4254 2615 4308 Achillis
2648 4253 2778 4318 ﬁlio,
2807 4252 2957 4321 prius
2987 4249 3264 4318 Pyrrhidae
3289 4265 3301 4299 :
3346 4256 3534 4315 postea
3568 4259 3702 4301 vero

2098 4365 2222 4407 cum
2255 4347 2466 4418 Pyrrho
2504 4359 2629 4415 rege
2653 4343 2789 4398 duce
2817 4341 2886 4396 ad
2909 4339 3117 4395 Italiam
3162 4337 3394 4390 transire
3436 4349 3704 4404 prwsum-

410 4442 466 4496 id
495 4449 611 4501 est,
645 4439 786 4506 picta
836 4436 977 4489 inest
1013 4434 1235 4504 pupilla,
1268 4435 1402 4489 adeo
1438 4445 1495 4487 ut
1526 4442 1682 4487 nocte
1710 4432 1994 4502 plusquam
2031 4466 2078 4525 Β
2105 4447 2348 4512 pseruni.

411 4529 500 4582 die
561 4532 806 4581 cernant.
887 4523 1083 4577 Albani
1153 4531 1335 4575 autem
1408 4521 1571 4575 vieini
1635 4521 2001 4574 Amazonibus

413 4623 654 4674 fuerunt.

489 4710 670 4778 Ugnos
703 4715 859 4760 antea
889 4706 1111 4759 IIunnos
1134 4713 1371 4767 vocatos,
1401 4712 1675 4772 postremo
1697 4718 1727 4756 a
1753 4719 1879 4774 rege
1908 4720 2005 4758 suo

414 4804 620 4855 Avares
643 4798 938 4868 appellatos
961 4797 1169 4859 dicunt,
1196 4796 1285 4863 qui
1310 4795 1459 4863 prius
1481 4795 1533 4846 in
1555 4794 1741 4847 ultima
1763 4793 2006 4848 Maeotide

416 4896 558 4948 inter
579 4891 859 4962 glacialem
884 4889 1108 4943 Tanaim
1124 4897 1178 4941 et
1200 4886 1618 4956 Massagetarum
1638 4885 1899 4939 immanes
1913 4899 2007 4952 p0-

416 4985 571 5055 pulos
595 4983 994 5035 habitaverunt.
1030 4980 1233 5034 Deinde
1264 4978 1573 5047 pernicibus
1602 4977 1753 5044 equis
1782 4977 2007 5031 Caucasi

420 5073 668 5141 mpibus,
686 5072 777 5123 ubi
801 5070 943 5122 feras
962 5078 1146 5137 gentes
1167 5068 1459 5122 Alexandri
1482 5068 1715 5121 claustra
1733 5067 2005 5132 cohibent,

421 5169 739 5230 eruperunt,
783 5168 838 5212 et
871 5157 1148 5212 Orientem
1174 5158 1361 5226 viginti
1406 5157 1560 5209 annis
1591 5163 1879 5210 tenuerunt
1918 5171 2010 5210 ca-

420 5251 656 5320 ptivum,
673 5257 728 5301 et
747 5247 814 5300 ab
833 5246 1102 5317 rEgyptiis
1125 5255 1284 5311 atque
1302 5245 1648 5314 IEthiopibus
1669 5261 1904 5300 annuum
1925 5262 2010 5300 ve-

423 5341 584 5409 ctigal
615 5347 930 5407 exegerunt.
959 5337 1314 5405 Trojanorum
1344 5352 1474 5406 gens
1497 5347 1654 5391 antea
1697 5337 1944 5392 Dardana
1976 5353 2006 5391 a

423 5429 672 5485 Dardano
713 5429 1007 5482 nominata.
1039 5427 1169 5479 Nam
1211 5427 1491 5479 Dardanus
1516 5435 1570 5479 et
1608 5425 1784 5481 Jasius
1815 5427 2010 5483 fratres

427 5537 458 5576 e
487 5520 695 5574 Grmcia
729 5519 951 5587 profecti
985 5529 1128 5572 sunt.
1155 5519 1230 5574 Ex
1260 5519 1343 5573 his
1382 5519 1560 5573 Jasius
1600 5519 1665 5572 ad
1700 5519 2007 5584 Thraciam,

427 5613 709 5666 Dardanus
741 5611 806 5663 ad
844 5611 1129 5680 Phrygiam
1176 5612 1438 5681 pervenit,
1485 5611 1664 5678 ibique
1695 5612 1899 5679 primus
1929 5625 2012 5664 rc-

432 5706 613 5774 gnavit
641 5723 649 5757 :
677 5714 799 5778 post
822 5719 982 5775 quem
1007 5702 1274 5775 ﬁliuscjus
1293 5702 1824 5773 Erictmtius,dciudc
1847 5718 2011 5772 nepos

2178 4533 2350 4585 Dorus
2385 4525 2618 4595 Neptuni
2665 4532 2719 4577 et
2764 4521 2964 4591 Ellepis
3013 4517 3156 4573 ﬁlius
3203 4515 3338 4579 fuit,
3380 4513 3522 4569 unde
3567 4513 3704 4570 Dori

2107 4625 2372 4692 originem
2401 4628 2454 4673 et
2481 4632 2678 4672 nomen
2726 4615 2945 4668 ducunt.
2987 4611 3126 4664 Sunt
3169 4615 3350 4660 autem
3393 4621 3522 4675 pars
3551 4605 3706 4660 Gra-

2109 4715 2206 4768 ciae
2245 4709 2440 4780 gentis,
2474 4722 2541 4760 ex
2580 4705 2775 4773 quibus
2798 4703 2961 4755 etiam
2993 4697 3372 4768 cognominata
3413 4705 3496 4750 est
3534 4695 3705 4753 tertia

2110 4805 2290 4873 lingua
2327 4800 2661 4859 Graecorum,
2699 4808 2820 4862 qua:
2858 4790 3050 4845 Dorica
3095 4784 3416 4856 appellatur.
3445 4781 3708 4873 Laceda-

2110 4871 2296 4945 mones
2337 4903 2367 4940 a
2412 4885 2796 4939 Lacedaemone
2845 4878 3072 4934 Semelae
3125 4876 3234 4930 ﬁlio
3283 4874 3431 4928 dicti.
3481 4871 3547 4926 Hi
3604 4872 3706 4939 dju

2109 4983 2518 5048 perseverantes
2563 4973 2616 5026 in
2648 4971 2790 5025 bello
2835 4976 3026 5023 contra
3071 4964 3363 5018 Messenios
3391 4961 3580 5023 veriti,
3628 4976 3707 5016 ne

2111 5066 2463 5122 diuturnitate
2509 5060 2676 5130 praelii
2725 5073 2874 5126 spem
2904 5055 3070 5124 prolis
3097 5054 3440 5116 amitterent,
3488 5065 3704 5119 praece-

2112 5164 2324 5227 perunt,
2365 5162 2424 5205 ut
2452 5152 2687 5220 virgines
2721 5161 2909 5202 eorum
2952 5160 3075 5198 cum
3108 5142 3401 5212 juvenibus
3435 5138 3580 5192 domi
3614 5153 3710 5193 re.

2113 5249 2255 5302 lictis
2316 5243 2739 5300 concumberent
2786 5259 2797 5291 :
2851 5239 3036 5305 sicque
3091 5249 3157 5288 ex
3215 5233 3524 5302 promiscuo
3580 5231 3708 5285 vir-

2115 5340 2296 5411 ginum
2335 5345 2391 5388 et
2433 5333 2751 5387 maritorum
2791 5327 3076 5382 concubitu
3111 5325 3339 5394 juvenes
3377 5322 3444 5374 de
3474 5321 3711 5376 incertis

2114 5408 2427 5498 parentibus
2466 5422 2609 5483 nati,
2649 5434 2713 5472 ex
2758 5427 2884 5471 nota
2913 5414 3142 5471 materni
3170 5410 3388 5482 pudoris
3418 5408 3710 5463 Parthenii

2116 5519 2290 5574 vocati
2320 5524 2460 5571 sunt.
2496 5513 2629 5567 Nam
2666 5513 2810 5580 ipsos
2845 5523 2964 5564 csse
2995 5506 3312 5572 Spartanos,
3345 5515 3481 5568 quos
3506 5508 3560 5554 et
3591 5501 3708 5566 La;

2119 5613 2468 5666 cedaemones.

2193 5701 2426 5756 Thraces
2481 5713 2544 5752 ex
2599 5697 2706 5752 ﬁlio
2755 5693 2978 5764 Japhct,
3029 5689 3120 5760 qui
3166 5695 3386 5744 vocatus
3434 5693 3518 5740 est
3572 5680 3708 5739 Thi-
